  <div class='ocr_page' id='page_1' title='image "/cluster/home/n/w/nwhite01/storage/ocr_20150623/150/umn.31951002477443u/532.png"; bbox 0 0 3964 6354; ppageno 0'>
   <div class='ocr_carea' id='block_1_1' title="bbox 146 317 253 378">
    <p class='ocr_par' dir='ltr' id='par_1_1' title="bbox 146 317 253 378">
     <span class='ocr_line' id='line_1_1' title="bbox 146 317 253 378; baseline 0.028 -3"><span class='ocrx_word' id='word_1_1' title='bbox 146 317 253 378; x_wconf 76' lang='grc'>913</span> 
     </span>
    </p>
   </div>
   <div class='ocr_carea' id='block_1_2' title="bbox 1672 330 1863 389">
    <p class='ocr_par' dir='ltr' id='par_1_2' title="bbox 1672 330 1863 389">
     <span class='ocr_line' id='line_1_2' title="bbox 1672 330 1863 389; baseline 0.021 -4"><span class='ocrx_word' id='word_1_2' title='bbox 1672 330 1863 389; x_wconf 80' lang='lat' dir='ltr'>VITA.</span> 
     </span>
    </p>
   </div>
   <div class='ocr_carea' id='block_1_3' title="bbox 3319 330 3431 391">
    <p class='ocr_par' dir='ltr' id='par_1_3' title="bbox 3319 330 3431 391">
     <span class='ocr_line' id='line_1_3' title="bbox 3319 330 3431 391; baseline 0.018 -2"><span class='ocrx_word' id='word_1_3' title='bbox 3319 330 3431 391; x_wconf 76' lang='grc'>914</span> 
     </span>
    </p>
   </div>
   <div class='ocr_carea' id='block_1_4' title="bbox 147 420 3431 529">
    <p class='ocr_par' dir='ltr' id='par_1_4' title="bbox 147 420 3431 529">
     <span class='ocr_line' id='line_1_4' title="bbox 147 420 3431 529; baseline 0.003 -28"><span class='ocrx_word' id='word_1_4' title='bbox 147 447 395 503; x_wconf 83' lang='lat' dir='ltr'>fratrum</span> <span class='ocrx_word' id='word_1_5' title='bbox 423 453 700 509; x_wconf 89' lang='lat' dir='ltr'>conventu</span> <span class='ocrx_word' id='word_1_6' title='bbox 719 453 966 526; x_wconf 84' lang='lat' dir='ltr'>psalmos</span> <span class='ocrx_word' id='word_1_7' title='bbox 980 458 1039 509; x_wconf 91' lang='lat' dir='ltr'>et</span> <span class='ocrx_word' id='word_1_8' title='bbox 1058 420 1474 510; x_wconf 85' lang='lat' dir='ltr'>benedictiones</span> <span class='ocrx_word' id='word_1_9' title='bbox 1501 454 1822 517; x_wconf 80' lang='lat' dir='ltr'>recitavitA</span> <span class='ocrx_word' id='word_1_10' title='bbox 1837 454 2214 529; x_wconf 83' lang='lat' dir='ltr'>praesentavit,</span> <span class='ocrx_word' id='word_1_11' title='bbox 2248 459 2308 511; x_wconf 91' lang='lat' dir='ltr'>et</span> <span class='ocrx_word' id='word_1_12' title='bbox 2329 470 2507 511; x_wconf 88' lang='lat' dir='ltr'>unum</span> <span class='ocrx_word' id='word_1_13' title='bbox 2541 450 2848 526; x_wconf 86' lang='lat' dir='ltr'>quemlibet</span> <span class='ocrx_word' id='word_1_14' title='bbox 2873 465 2940 510; x_wconf 80' lang='lat' dir='ltr'>ex</span> <span class='ocrx_word' id='word_1_15' title='bbox 2965 450 3184 511; x_wconf 77' lang='lat' dir='ltr'>duobus</span> <span class='ocrx_word' id='word_1_16' title='bbox 3209 453 3431 528; x_wconf 79' lang='lat' dir='ltr'>episco-</span> 
     </span>
    </p>
   </div>
   <div class='ocr_carea' id='block_1_5' title="bbox 148 538 1756 616">
    <p class='ocr_par' dir='ltr' id='par_1_5' title="bbox 148 538 1756 616">
     <span class='ocr_line' id='line_1_5' title="bbox 148 538 1756 616; baseline 0.006 -27"><span class='ocrx_word' id='word_1_17' title='bbox 148 551 325 607; x_wconf 89' lang='lat' dir='ltr'>super</span> <span class='ocrx_word' id='word_1_18' title='bbox 342 538 491 603; x_wconf 89' lang='lat' dir='ltr'>illos,</span> <span class='ocrx_word' id='word_1_19' title='bbox 518 547 618 596; x_wconf 91' lang='lat' dir='ltr'>aut</span> <span class='ocrx_word' id='word_1_20' title='bbox 645 560 772 597; x_wconf 89' lang='lat' dir='ltr'>cum</span> <span class='ocrx_word' id='word_1_21' title='bbox 806 543 1140 614; x_wconf 86' lang='lat' dir='ltr'>quibusdam</span> <span class='ocrx_word' id='word_1_22' title='bbox 1185 544 1471 609; x_wconf 79' lang='lat' dir='ltr'>fratribus,</span> <span class='ocrx_word' id='word_1_23' title='bbox 1497 562 1620 616; x_wconf 74' lang='lat' dir='ltr'>quae</span> <span class='ocrx_word' id='word_1_24' title='bbox 1653 544 1756 599; x_wconf 88' lang='lat' dir='ltr'>tali</span> 
     </span>
    </p>
   </div>
   <div class='ocr_carea' id='block_1_6' title="bbox 149 626 1755 702">
    <p class='ocr_par' dir='ltr' id='par_1_6' title="bbox 149 626 1755 702">
     <span class='ocr_line' id='line_1_6' title="bbox 149 626 1755 702; baseline 0.008 -27"><span class='ocrx_word' id='word_1_25' title='bbox 149 626 380 695; x_wconf 81' lang='lat' dir='ltr'>negotio</span> <span class='ocrx_word' id='word_1_26' title='bbox 410 630 797 698; x_wconf 84' lang='lat' dir='ltr'>congruebant</span> <span class='ocrx_word' id='word_1_27' title='bbox 823 632 1093 702; x_wconf 82' lang='lat' dir='ltr'>explevit:</span> <span class='ocrx_word' id='word_1_28' title='bbox 1130 638 1207 694; x_wconf 86' lang='lat' dir='ltr'>et,</span> <span class='ocrx_word' id='word_1_29' title='bbox 1230 632 1616 687; x_wconf 81' lang='lat' dir='ltr'>misericordia</span> <span class='ocrx_word' id='word_1_30' title='bbox 1642 634 1755 688; x_wconf 85' lang='lat' dir='ltr'>Do-</span> 
     </span>
    </p>
   </div>
   <div class='ocr_carea' id='block_1_7' title="bbox 150 712 1757 793">
    <p class='ocr_par' dir='ltr' id='par_1_7' title="bbox 150 712 1757 793">
     <span class='ocr_line' id='line_1_7' title="bbox 150 712 1757 793; baseline 0.007 -29"><span class='ocrx_word' id='word_1_31' title='bbox 150 712 291 766; x_wconf 87' lang='lat' dir='ltr'><strong>mini</strong></span> <span class='ocrx_word' id='word_1_32' title='bbox 324 714 705 787; x_wconf 87' lang='lat' dir='ltr'>subsequente</span> <span class='ocrx_word' id='word_1_33' title='bbox 756 736 884 773; x_wconf 90' lang='lat' dir='ltr'>cum</span> <span class='ocrx_word' id='word_1_34' title='bbox 916 720 1156 774; x_wconf 86' lang='lat' dir='ltr'>sanitate</span> <span class='ocrx_word' id='word_1_35' title='bbox 1185 721 1390 775; x_wconf 91' lang='lat' dir='ltr'>mentis</span> <span class='ocrx_word' id='word_1_36' title='bbox 1425 727 1481 775; x_wconf 90' lang='lat' dir='ltr'>et</span> <span class='ocrx_word' id='word_1_37' title='bbox 1509 721 1757 793; x_wconf 89' lang='lat' dir='ltr'>corporis</span> 
     </span>
    </p>
   </div>
   <div class='ocr_carea' id='block_1_8' title="bbox 148 800 953 877">
    <p class='ocr_par' dir='ltr' id='par_1_8' title="bbox 148 800 953 877">
     <span class='ocr_line' id='line_1_8' title="bbox 148 800 953 877; baseline 0.012 -23"><span class='ocrx_word' id='word_1_38' title='bbox 148 800 263 856; x_wconf 73' lang='lat' dir='ltr'>lzeti</span> <span class='ocrx_word' id='word_1_39' title='bbox 293 803 367 857; x_wconf 84' lang='lat' dir='ltr'>ad</span> <span class='ocrx_word' id='word_1_40' title='bbox 393 806 627 877; x_wconf 91' lang='lat' dir='ltr'>propria</span> <span class='ocrx_word' id='word_1_41' title='bbox 644 808 953 864; x_wconf 90' lang='lat' dir='ltr'>redierunt.</span> 
     </span>
    </p>
   </div>
   <div class='ocr_carea' id='block_1_9' title="bbox 218 888 1756 970">
    <p class='ocr_par' dir='ltr' id='par_1_9' title="bbox 218 888 1756 970">
     <span class='ocr_line' id='line_1_9' title="bbox 218 888 1756 970; baseline 0.004 -23"><span class='ocrx_word' id='word_1_42' title='bbox 218 888 314 948; x_wconf 79' lang='lat' dir='ltr'>2i.</span> <span class='ocrx_word' id='word_1_43' title='bbox 344 892 567 964; x_wconf 83' lang='lat' dir='ltr'>Religio</span> <span class='ocrx_word' id='word_1_44' title='bbox 597 912 818 968; x_wconf 91' lang='lat' dir='ltr'>quoque</span> <span class='ocrx_word' id='word_1_45' title='bbox 848 899 1177 963; x_wconf 90' lang='lat' dir='ltr'>monastica,</span> <span class='ocrx_word' id='word_1_46' title='bbox 1211 916 1334 970; x_wconf 69' lang='lat' dir='ltr'>quae</span> <span class='ocrx_word' id='word_1_47' title='bbox 1381 915 1525 970; x_wconf 90' lang='lat' dir='ltr'>pene</span> <span class='ocrx_word' id='word_1_48' title='bbox 1551 898 1609 953; x_wconf 92' lang='lat' dir='ltr'>in</span> <span class='ocrx_word' id='word_1_49' title='bbox 1630 915 1756 970; x_wconf 88' lang='lat' dir='ltr'>pro-</span> 
     </span>
    </p>
   </div>
   <div class='ocr_carea' id='block_1_10' title="bbox 147 978 1753 1059">
    <p class='ocr_par' dir='ltr' id='par_1_10' title="bbox 147 978 1753 1059">
     <span class='ocr_line' id='line_1_10' title="bbox 147 978 1753 1059; baseline 0.006 -27"><span class='ocrx_word' id='word_1_50' title='bbox 147 978 350 1035; x_wconf 90' lang='lat' dir='ltr'>vinciis</span> <span class='ocrx_word' id='word_1_51' title='bbox 379 982 701 1040; x_wconf 84' lang='lat' dir='ltr'>Teutonicis</span> <span class='ocrx_word' id='word_1_52' title='bbox 729 986 1023 1041; x_wconf 80' lang='lat' dir='ltr'>refrixerat</span> <span class='ocrx_word' id='word_1_53' title='bbox 1050 987 1108 1042; x_wconf 91' lang='lat' dir='ltr'>in</span> <span class='ocrx_word' id='word_1_54' title='bbox 1138 988 1219 1041; x_wconf 89' lang='lat' dir='ltr'>eis</span> <span class='ocrx_word' id='word_1_55' title='bbox 1248 988 1606 1059; x_wconf 81' lang='lat' dir='ltr'>quihabitum</span> <span class='ocrx_word' id='word_1_56' title='bbox 1619 989 1753 1042; x_wconf 84' lang='lat' dir='ltr'>reli-</span> 
     </span>
    </p>
   </div>
   <div class='ocr_carea' id='block_1_11' title="bbox 147 1067 1754 1147">
    <p class='ocr_par' dir='ltr' id='par_1_11' title="bbox 147 1067 1754 1147">
     <span class='ocr_line' id='line_1_11' title="bbox 147 1067 1754 1147; baseline 0.004 -22"><span class='ocrx_word' id='word_1_57' title='bbox 147 1067 337 1138; x_wconf 82' lang='lat' dir='ltr'>gionis</span> <span class='ocrx_word' id='word_1_58' title='bbox 357 1073 976 1146; x_wconf 72' lang='lat' dir='ltr'>praetendebant.hujus</span> <span class='ocrx_word' id='word_1_59' title='bbox 999 1076 1150 1130; x_wconf 85' lang='lat' dir='ltr'>beati</span> <span class='ocrx_word' id='word_1_60' title='bbox 1181 1076 1366 1131; x_wconf 84' lang='lat' dir='ltr'>Patris</span> <span class='ocrx_word' id='word_1_61' title='bbox 1391 1077 1576 1131; x_wconf 91' lang='lat' dir='ltr'>studio</span> <span class='ocrx_word' id='word_1_62' title='bbox 1586 1076 1754 1147; x_wconf 71' lang='lat' dir='ltr'>coepit</span> 
     </span>
    </p>
   </div>
   <div class='ocr_carea' id='block_1_12' title="bbox 149 1158 1752 1235">
    <p class='ocr_par' dir='ltr' id='par_1_12' title="bbox 149 1158 1752 1235">
     <span class='ocr_line' id='line_1_12' title="bbox 149 1158 1752 1235; baseline 0.006 -25"><span class='ocrx_word' id='word_1_63' title='bbox 149 1158 501 1215; x_wconf 85' lang='lat' dir='ltr'>recalescere</span> <span class='ocrx_word' id='word_1_64' title='bbox 531 1167 588 1217; x_wconf 92' lang='lat' dir='ltr'>et</span> <span class='ocrx_word' id='word_1_65' title='bbox 614 1165 951 1235; x_wconf 80' lang='lat' dir='ltr'>recuperari.</span> <span class='ocrx_word' id='word_1_66' title='bbox 985 1167 1110 1221; x_wconf 90' lang='lat' dir='ltr'>Non</span> <span class='ocrx_word' id='word_1_67' title='bbox 1136 1166 1316 1219; x_wconf 83' lang='lat' dir='ltr'>solum</span> <span class='ocrx_word' id='word_1_68' title='bbox 1336 1172 1523 1220; x_wconf 85' lang='lat' dir='ltr'>autem</span> <span class='ocrx_word' id='word_1_69' title='bbox 1554 1182 1752 1220; x_wconf 88' lang='lat' dir='ltr'>mona-</span> 
     </span>
    </p>
   </div>
   <div class='ocr_carea' id='block_1_13' title="bbox 152 1246 1754 1325">
    <p class='ocr_par' dir='ltr' id='par_1_13' title="bbox 152 1246 1754 1325">
     <span class='ocr_line' id='line_1_13' title="bbox 152 1246 1754 1325; baseline 0.006 -26"><span class='ocrx_word' id='word_1_70' title='bbox 152 1246 294 1300; x_wconf 87' lang='lat' dir='ltr'>stica</span> <span class='ocrx_word' id='word_1_71' title='bbox 316 1248 602 1305; x_wconf 87' lang='lat' dir='ltr'>institutio</span> <span class='ocrx_word' id='word_1_72' title='bbox 618 1253 740 1322; x_wconf 89' lang='lat' dir='ltr'>ejus</span> <span class='ocrx_word' id='word_1_73' title='bbox 753 1254 1109 1309; x_wconf 70' lang='lat' dir='ltr'>aemulatione</span> <span class='ocrx_word' id='word_1_74' title='bbox 1138 1255 1390 1325; x_wconf 88' lang='lat' dir='ltr'>profecit,</span> <span class='ocrx_word' id='word_1_75' title='bbox 1424 1255 1522 1308; x_wconf 89' lang='lat' dir='ltr'>sed</span> <span class='ocrx_word' id='word_1_76' title='bbox 1553 1260 1612 1308; x_wconf 90' lang='lat' dir='ltr'>et</span> <span class='ocrx_word' id='word_1_77' title='bbox 1636 1255 1754 1309; x_wconf 89' lang='lat' dir='ltr'>sin-</span> 
     </span>
    </p>
   </div>
   <div class='ocr_carea' id='block_1_14' title="bbox 150 1336 1753 1416">
    <p class='ocr_par' dir='ltr' id='par_1_14' title="bbox 150 1336 1753 1416">
     <span class='ocr_line' id='line_1_14' title="bbox 150 1336 1753 1416; baseline 0.007 -28"><span class='ocrx_word' id='word_1_78' title='bbox 150 1336 272 1404; x_wconf 90' lang='lat' dir='ltr'>guli</span> <span class='ocrx_word' id='word_1_79' title='bbox 299 1339 515 1407; x_wconf 89' lang='lat' dir='ltr'>gradus</span> <span class='ocrx_word' id='word_1_80' title='bbox 546 1343 905 1397; x_wconf 83' lang='lat' dir='ltr'>ecclesiastici</span> <span class='ocrx_word' id='word_1_81' title='bbox 929 1344 1319 1399; x_wconf 89' lang='lat' dir='ltr'>Ordinisillius</span> <span class='ocrx_word' id='word_1_82' title='bbox 1333 1345 1598 1416; x_wconf 86' lang='lat' dir='ltr'>exemplis</span> <span class='ocrx_word' id='word_1_83' title='bbox 1622 1361 1753 1399; x_wconf 89' lang='lat' dir='ltr'>eru-</span> 
     </span>
    </p>
   </div>
   <div class='ocr_carea' id='block_1_15' title="bbox 151 1424 1753 1502">
    <p class='ocr_par' dir='ltr' id='par_1_15' title="bbox 151 1424 1753 1502">
     <span class='ocr_line' id='line_1_15' title="bbox 151 1424 1753 1502; baseline 0.006 -24"><span class='ocrx_word' id='word_1_84' title='bbox 151 1424 477 1484; x_wconf 87' lang='lat' dir='ltr'>diebantur.</span> <span class='ocrx_word' id='word_1_85' title='bbox 505 1429 805 1485; x_wconf 86' lang='lat' dir='ltr'>Monachos</span> <span class='ocrx_word' id='word_1_86' title='bbox 833 1448 1077 1502; x_wconf 85' lang='lat' dir='ltr'>namque</span> <span class='ocrx_word' id='word_1_87' title='bbox 1105 1433 1440 1500; x_wconf 85' lang='lat' dir='ltr'>humilitate,</span> <span class='ocrx_word' id='word_1_88' title='bbox 1458 1433 1753 1500; x_wconf 85' lang='lat' dir='ltr'>charitate,</span> 
     </span>
    </p>
   </div>
   <div class='ocr_carea' id='block_1_16' title="bbox 151 1511 1754 1594">
    <p class='ocr_par' dir='ltr' id='par_1_16' title="bbox 151 1511 1754 1594">
     <span class='ocr_line' id='line_1_16' title="bbox 151 1511 1754 1594; baseline 0.006 -29"><span class='ocrx_word' id='word_1_89' title='bbox 151 1511 393 1581; x_wconf 80' lang='lat' dir='ltr'>fervore,</span> <span class='ocrx_word' id='word_1_90' title='bbox 427 1521 485 1569; x_wconf 92' lang='lat' dir='ltr'>et</span> <span class='ocrx_word' id='word_1_91' title='bbox 508 1518 776 1587; x_wconf 77' lang='lat' dir='ltr'>religione</span> <span class='ocrx_word' id='word_1_92' title='bbox 808 1520 1160 1587; x_wconf 88' lang='lat' dir='ltr'>instruebat;</span> <span class='ocrx_word' id='word_1_93' title='bbox 1184 1523 1492 1593; x_wconf 90' lang='lat' dir='ltr'>episcopos,</span> <span class='ocrx_word' id='word_1_94' title='bbox 1522 1522 1754 1594; x_wconf 80' lang='lat' dir='ltr'>presby-</span> 
     </span>
    </p>
   </div>
   <div class='ocr_carea' id='block_1_17' title="bbox 148 1605 1754 1675">
    <p class='ocr_par' dir='ltr' id='par_1_17' title="bbox 148 1605 1754 1675">
     <span class='ocr_line' id='line_1_17' title="bbox 148 1605 1754 1675; baseline 0.007 -21"><span class='ocrx_word' id='word_1_95' title='bbox 148 1605 323 1667; x_wconf 78' lang='lat' dir='ltr'>teros,</span> <span class='ocrx_word' id='word_1_96' title='bbox 355 1620 456 1658; x_wconf 91' lang='lat' dir='ltr'>seu</span> <span class='ocrx_word' id='word_1_97' title='bbox 483 1607 763 1675; x_wconf 90' lang='lat' dir='ltr'>quoslibet</span> <span class='ocrx_word' id='word_1_98' title='bbox 788 1610 1018 1663; x_wconf 87' lang='lat' dir='ltr'>clericos</span> <span class='ocrx_word' id='word_1_99' title='bbox 1046 1611 1300 1665; x_wconf 82' lang='lat' dir='ltr'>doctrina</span> <span class='ocrx_word' id='word_1_100' title='bbox 1337 1616 1394 1665; x_wconf 93' lang='lat' dir='ltr'>et</span> <span class='ocrx_word' id='word_1_101' title='bbox 1419 1611 1754 1666; x_wconf 85' lang='lat' dir='ltr'>auctoritate</span> 
     </span>
    </p>
   </div>
   <div class='ocr_carea' id='block_1_18' title="bbox 150 1691 1751 1769">
    <p class='ocr_par' dir='ltr' id='par_1_18' title="bbox 150 1691 1751 1769">
     <span class='ocr_line' id='line_1_18' title="bbox 150 1691 1751 1769; baseline 0.007 -27"><span class='ocrx_word' id='word_1_102' title='bbox 150 1691 523 1760; x_wconf 88' lang='lat' dir='ltr'>promovebat</span> <span class='ocrx_word' id='word_1_103' title='bbox 548 1712 562 1760; x_wconf 94' lang='lat'>;</span> <span class='ocrx_word' id='word_1_104' title='bbox 607 1695 778 1749; x_wconf 91' lang='lat' dir='ltr'>laicos</span> <span class='ocrx_word' id='word_1_105' title='bbox 808 1698 1167 1752; x_wconf 84' lang='lat' dir='ltr'>conversione</span> <span class='ocrx_word' id='word_1_106' title='bbox 1206 1703 1264 1752; x_wconf 91' lang='lat' dir='ltr'>et</span> <span class='ocrx_word' id='word_1_107' title='bbox 1286 1699 1629 1769; x_wconf 89' lang='lat' dir='ltr'>subjectione</span> <span class='ocrx_word' id='word_1_108' title='bbox 1651 1698 1751 1753; x_wconf 91' lang='lat' dir='ltr'>do-</span> 
     </span>
    </p>
   </div>
   <div class='ocr_carea' id='block_1_19' title="bbox 1837 543 3430 617">
    <p class='ocr_par' dir='ltr' id='par_1_19' title="bbox 1837 543 3430 617">
     <span class='ocr_line' id='line_1_19' title="bbox 1837 543 3430 617; baseline 0.001 -17"><span class='ocrx_word' id='word_1_109' title='bbox 1837 562 1971 617; x_wconf 90' lang='lat' dir='ltr'>pum</span> <span class='ocrx_word' id='word_1_110' title='bbox 1993 544 2101 600; x_wconf 86' lang='lat' dir='ltr'>sibi</span> <span class='ocrx_word' id='word_1_111' title='bbox 2117 545 2367 600; x_wconf 89' lang='lat' dir='ltr'>ordinari</span> <span class='ocrx_word' id='word_1_112' title='bbox 2378 543 2676 615; x_wconf 88' lang='lat' dir='ltr'>petiit.Sed</span> <span class='ocrx_word' id='word_1_113' title='bbox 2692 560 2840 615; x_wconf 90' lang='lat' dir='ltr'>papa</span> <span class='ocrx_word' id='word_1_114' title='bbox 2858 558 3035 599; x_wconf 89' lang='lat' dir='ltr'>unum</span> <span class='ocrx_word' id='word_1_115' title='bbox 3057 560 3125 599; x_wconf 77' lang='lat' dir='ltr'>ex</span> <span class='ocrx_word' id='word_1_116' title='bbox 3140 543 3229 599; x_wconf 85' lang='lat' dir='ltr'>his</span> <span class='ocrx_word' id='word_1_117' title='bbox 3245 544 3430 601; x_wconf 86' lang='lat' dir='ltr'>sciens</span> 
     </span>
    </p>
   </div>
   <div class='ocr_carea' id='block_1_20' title="bbox 1838 632 3432 703">
    <p class='ocr_par' dir='ltr' id='par_1_20' title="bbox 1838 632 3432 703">
     <span class='ocr_line' id='line_1_20' title="bbox 1838 632 3432 703; baseline 0 -15"><span class='ocrx_word' id='word_1_118' title='bbox 1838 651 1961 688; x_wconf 88' lang='lat' dir='ltr'>esse</span> <span class='ocrx_word' id='word_1_119' title='bbox 1980 634 2188 688; x_wconf 90' lang='lat' dir='ltr'>bonum</span> <span class='ocrx_word' id='word_1_120' title='bbox 2220 634 2527 697; x_wconf 81' lang='lat' dir='ltr'>doctorem,</span> <span class='ocrx_word' id='word_1_121' title='bbox 2567 649 2670 687; x_wconf 88' lang='lat' dir='ltr'>nec</span> <span class='ocrx_word' id='word_1_122' title='bbox 2695 637 2888 687; x_wconf 89' lang='lat' dir='ltr'>tamen</span> <span class='ocrx_word' id='word_1_123' title='bbox 2912 632 3259 703; x_wconf 86' lang='lat' dir='ltr'>religiosum,</span> <span class='ocrx_word' id='word_1_124' title='bbox 3293 632 3432 688; x_wconf 61' lang='lat' dir='ltr'>alte4</span> 
     </span>
    </p>
   </div>
   <div class='ocr_carea' id='block_1_21' title="bbox 1836 720 3432 793">
    <p class='ocr_par' dir='ltr' id='par_1_21' title="bbox 1836 720 3432 793">
     <span class='ocr_line' id='line_1_21' title="bbox 1836 720 3432 793; baseline -0.001 -15"><span class='ocrx_word' id='word_1_125' title='bbox 1836 740 1964 778; x_wconf 90' lang='lat' dir='ltr'>rum</span> <span class='ocrx_word' id='word_1_126' title='bbox 1993 740 2023 776; x_wconf 90' lang='lat' dir='ltr'>e</span> <span class='ocrx_word' id='word_1_127' title='bbox 2052 722 2334 777; x_wconf 89' lang='lat' dir='ltr'>contrario</span> <span class='ocrx_word' id='word_1_128' title='bbox 2362 721 2712 793; x_wconf 89' lang='lat' dir='ltr'>religiosum,</span> <span class='ocrx_word' id='word_1_129' title='bbox 2738 737 2842 776; x_wconf 90' lang='lat' dir='ltr'>nec</span> <span class='ocrx_word' id='word_1_130' title='bbox 2860 726 3052 776; x_wconf 87' lang='lat' dir='ltr'>tamen</span> <span class='ocrx_word' id='word_1_131' title='bbox 3103 720 3432 777; x_wconf 66' lang='lat' dir='ltr'>necessaria:</span> 
     </span>
    </p>
   </div>
   <div class='ocr_carea' id='block_1_22' title="bbox 1837 809 3432 883">
    <p class='ocr_par' dir='ltr' id='par_1_22' title="bbox 1837 809 3432 883">
     <span class='ocr_line' id='line_1_22' title="bbox 1837 809 3432 883; baseline -0.001 -16"><span class='ocrx_word' id='word_1_132' title='bbox 1837 811 2170 867; x_wconf 87' lang='lat' dir='ltr'>eruditionis</span> <span class='ocrx_word' id='word_1_133' title='bbox 2200 810 2462 882; x_wconf 89' lang='lat' dir='ltr'>peritum,</span> <span class='ocrx_word' id='word_1_134' title='bbox 2500 822 2668 883; x_wconf 85' lang='lat' dir='ltr'>quem</span> <span class='ocrx_word' id='word_1_135' title='bbox 2697 826 2764 865; x_wconf 86' lang='lat' dir='ltr'>ex</span> <span class='ocrx_word' id='word_1_136' title='bbox 2815 809 3033 865; x_wconf 89' lang='lat' dir='ltr'>duobus</span> <span class='ocrx_word' id='word_1_137' title='bbox 3061 809 3432 882; x_wconf 83' lang='lat' dir='ltr'>praeeligeret,</span> 
     </span>
    </p>
   </div>
   <div class='ocr_carea' id='block_1_23' title="bbox 1837 898 3434 970">
    <p class='ocr_par' dir='ltr' id='par_1_23' title="bbox 1837 898 3434 970">
     <span class='ocr_line' id='line_1_23' title="bbox 1837 898 3434 970; baseline -0.001 -16"><span class='ocrx_word' id='word_1_138' title='bbox 1837 899 2132 960; x_wconf 84' lang='lat' dir='ltr'>dubitavit,</span> <span class='ocrx_word' id='word_1_139' title='bbox 2146 904 2316 970; x_wconf 89' lang='lat' dir='ltr'>atque</span> <span class='ocrx_word' id='word_1_140' title='bbox 2327 898 2385 953; x_wconf 91' lang='lat' dir='ltr'>id</span> <span class='ocrx_word' id='word_1_141' title='bbox 2403 898 2672 953; x_wconf 89' lang='lat' dir='ltr'>divinitus</span> <span class='ocrx_word' id='word_1_142' title='bbox 2710 898 2819 953; x_wconf 89' lang='lat' dir='ltr'>sibi</span> <span class='ocrx_word' id='word_1_143' title='bbox 2846 898 3204 953; x_wconf 89' lang='lat' dir='ltr'>manifestari</span> <span class='ocrx_word' id='word_1_144' title='bbox 3227 898 3434 953; x_wconf 77' lang='lat' dir='ltr'>oratio-</span> 
     </span>
    </p>
   </div>
   <div class='ocr_carea' id='block_1_24' title="bbox 1834 986 3431 1059">
    <p class='ocr_par' dir='ltr' id='par_1_24' title="bbox 1834 986 3431 1059">
     <span class='ocr_line' id='line_1_24' title="bbox 1834 986 3431 1059; baseline 0.002 -16"><span class='ocrx_word' id='word_1_145' title='bbox 1834 988 2000 1043; x_wconf 88' lang='lat' dir='ltr'>nibus</span> <span class='ocrx_word' id='word_1_146' title='bbox 2012 988 2309 1057; x_wconf 89' lang='lat' dir='ltr'>cujusdam</span> <span class='ocrx_word' id='word_1_147' title='bbox 2323 987 2470 1041; x_wconf 86' lang='lat' dir='ltr'>servi</span> <span class='ocrx_word' id='word_1_148' title='bbox 2486 988 2603 1042; x_wconf 90' lang='lat' dir='ltr'>Deo</span> <span class='ocrx_word' id='word_1_149' title='bbox 2622 987 2728 1041; x_wconf 92' lang='lat' dir='ltr'>hoc</span> <span class='ocrx_word' id='word_1_150' title='bbox 2748 987 2915 1042; x_wconf 90' lang='lat' dir='ltr'>modo</span> <span class='ocrx_word' id='word_1_151' title='bbox 2927 986 3268 1059; x_wconf 87' lang='lat' dir='ltr'>impetravit.</span> <span class='ocrx_word' id='word_1_152' title='bbox 3280 988 3431 1046; x_wconf 85' lang='lat' dir='ltr'>Nam</span> 
     </span>
    </p>
   </div>
   <div class='ocr_carea' id='block_1_25' title="bbox 1838 1074 3431 1148">
    <p class='ocr_par' dir='ltr' id='par_1_25' title="bbox 1838 1074 3431 1148">
     <span class='ocr_line' id='line_1_25' title="bbox 1838 1074 3431 1148; baseline 0 -16"><span class='ocrx_word' id='word_1_153' title='bbox 1838 1078 1986 1132; x_wconf 88' lang='lat' dir='ltr'>idem</span> <span class='ocrx_word' id='word_1_154' title='bbox 2005 1077 2091 1131; x_wconf 89' lang='lat' dir='ltr'>vir</span> <span class='ocrx_word' id='word_1_155' title='bbox 2117 1075 2426 1148; x_wconf 91' lang='lat' dir='ltr'>spiritualis</span> <span class='ocrx_word' id='word_1_156' title='bbox 2454 1092 2581 1131; x_wconf 91' lang='lat' dir='ltr'>cum</span> <span class='ocrx_word' id='word_1_157' title='bbox 2608 1076 2714 1131; x_wconf 90' lang='lat' dir='ltr'>hoc</span> <span class='ocrx_word' id='word_1_158' title='bbox 2741 1074 2847 1131; x_wconf 88' lang='lat' dir='ltr'>sibi</span> <span class='ocrx_word' id='word_1_159' title='bbox 2875 1092 2910 1131; x_wconf 93' lang='lat' dir='ltr'>a</span> <span class='ocrx_word' id='word_1_160' title='bbox 2938 1093 3085 1148; x_wconf 89' lang='lat' dir='ltr'>papa</span> <span class='ocrx_word' id='word_1_161' title='bbox 3112 1076 3431 1147; x_wconf 83' lang='lat' dir='ltr'>injunctum</span> 
     </span>
    </p>
   </div>
   <div class='ocr_carea' id='block_1_26' title="bbox 1835 1164 3430 1237">
    <p class='ocr_par' dir='ltr' id='par_1_26' title="bbox 1835 1164 3430 1237">
     <span class='ocr_line' id='line_1_26' title="bbox 1835 1164 3430 1237; baseline 0.002 -17"><span class='ocrx_word' id='word_1_162' title='bbox 1835 1167 2136 1237; x_wconf 84' lang='lat' dir='ltr'>vigilanter</span> <span class='ocrx_word' id='word_1_163' title='bbox 2181 1166 2297 1220; x_wconf 90' lang='lat' dir='ltr'>Deo</span> <span class='ocrx_word' id='word_1_164' title='bbox 2344 1165 2786 1235; x_wconf 88' lang='lat' dir='ltr'>commendaret,</span> <span class='ocrx_word' id='word_1_165' title='bbox 2808 1170 2868 1220; x_wconf 92' lang='lat' dir='ltr'>et</span> <span class='ocrx_word' id='word_1_166' title='bbox 2894 1181 2995 1237; x_wconf 88' lang='lat' dir='ltr'>per</span> <span class='ocrx_word' id='word_1_167' title='bbox 3045 1164 3430 1223; x_wconf 86' lang='lat' dir='ltr'>interventum</span> 
     </span>
    </p>
   </div>
   <div class='ocr_carea' id='block_1_27' title="bbox 1836 1252 3430 1320">
    <p class='ocr_par' dir='ltr' id='par_1_27' title="bbox 1836 1252 3430 1320">
     <span class='ocr_line' id='line_1_27' title="bbox 1836 1252 3430 1320; baseline 0 -11"><span class='ocrx_word' id='word_1_168' title='bbox 1836 1260 2043 1309; x_wconf 76' lang='lat' dir='ltr'>sanctae</span> <span class='ocrx_word' id='word_1_169' title='bbox 2071 1254 2172 1308; x_wconf 92' lang='lat' dir='ltr'>Dei</span> <span class='ocrx_word' id='word_1_170' title='bbox 2202 1253 2502 1308; x_wconf 90' lang='lat' dir='ltr'>Genitricis</span> <span class='ocrx_word' id='word_1_171' title='bbox 2548 1252 2761 1320; x_wconf 58' lang='lat' dir='ltr'>Maria,</span> <span class='ocrx_word' id='word_1_172' title='bbox 2795 1253 2901 1307; x_wconf 90' lang='lat' dir='ltr'>sibi</span> <span class='ocrx_word' id='word_1_173' title='bbox 2949 1253 3295 1309; x_wconf 82' lang='lat' dir='ltr'>voluntatem</span> <span class='ocrx_word' id='word_1_174' title='bbox 3324 1254 3430 1309; x_wconf 85' lang='lat' dir='ltr'>Dei</span> 
     </span>
    </p>
   </div>
   <div class='ocr_carea' id='block_1_28' title="bbox 1836 1341 3431 1414">
    <p class='ocr_par' dir='ltr' id='par_1_28' title="bbox 1836 1341 3431 1414">
     <span class='ocr_line' id='line_1_28' title="bbox 1836 1341 3431 1414; baseline -0.001 -16"><span class='ocrx_word' id='word_1_175' title='bbox 1836 1344 2074 1398; x_wconf 88' lang='lat' dir='ltr'>revelari</span> <span class='ocrx_word' id='word_1_176' title='bbox 2104 1343 2319 1397; x_wconf 90' lang='lat' dir='ltr'>intente</span> <span class='ocrx_word' id='word_1_177' title='bbox 2340 1341 2699 1414; x_wconf 86' lang='lat' dir='ltr'>supplicaret,</span> <span class='ocrx_word' id='word_1_178' title='bbox 2718 1359 2818 1414; x_wconf 92' lang='lat' dir='ltr'>per</span> <span class='ocrx_word' id='word_1_179' title='bbox 2846 1342 3027 1397; x_wconf 90' lang='lat' dir='ltr'>visum</span> <span class='ocrx_word' id='word_1_180' title='bbox 3047 1342 3101 1397; x_wconf 90' lang='lat' dir='ltr'>ei</span> <span class='ocrx_word' id='word_1_181' title='bbox 3130 1342 3296 1397; x_wconf 87' lang='lat' dir='ltr'>beata</span> <span class='ocrx_word' id='word_1_182' title='bbox 3311 1341 3431 1397; x_wconf 86' lang='lat' dir='ltr'>Ma-</span> 
     </span>
    </p>
   </div>
   <div class='ocr_carea' id='block_1_29' title="bbox 1837 1430 3431 1503">
    <p class='ocr_par' dir='ltr' id='par_1_29' title="bbox 1837 1430 3431 1503">
     <span class='ocr_line' id='line_1_29' title="bbox 1837 1430 3431 1503; baseline 0 -16"><span class='ocrx_word' id='word_1_183' title='bbox 1837 1433 1925 1487; x_wconf 89' lang='lat' dir='ltr'>ria</span> <span class='ocrx_word' id='word_1_184' title='bbox 1952 1432 2110 1503; x_wconf 87' lang='lat' dir='ltr'>virgo</span> <span class='ocrx_word' id='word_1_185' title='bbox 2136 1430 2416 1503; x_wconf 88' lang='lat' dir='ltr'>apparuit,</span> <span class='ocrx_word' id='word_1_186' title='bbox 2450 1430 2703 1502; x_wconf 91' lang='lat' dir='ltr'>duosque</span> <span class='ocrx_word' id='word_1_187' title='bbox 2730 1431 2990 1494; x_wconf 83' lang='lat' dir='ltr'>annulos.</span> <span class='ocrx_word' id='word_1_188' title='bbox 3012 1447 3251 1502; x_wconf 87' lang='lat' dir='ltr'>quorum</span> <span class='ocrx_word' id='word_1_189' title='bbox 3281 1447 3431 1487; x_wconf 87' lang='lat' dir='ltr'>unus</span> 
     </span>
    </p>
   </div>
   <div class='ocr_carea' id='block_1_30' title="bbox 1836 1520 3429 1593">
    <p class='ocr_par' dir='ltr' id='par_1_30' title="bbox 1836 1520 3429 1593">
     <span class='ocr_line' id='line_1_30' title="bbox 1836 1520 3429 1593; baseline 0.001 -18"><span class='ocrx_word' id='word_1_190' title='bbox 1836 1538 2043 1593; x_wconf 91' lang='lat' dir='ltr'>purum</span> <span class='ocrx_word' id='word_1_191' title='bbox 2072 1537 2293 1587; x_wconf 89' lang='lat' dir='ltr'>aurum,</span> <span class='ocrx_word' id='word_1_192' title='bbox 2326 1522 2470 1576; x_wconf 90' lang='lat' dir='ltr'>alter</span> <span class='ocrx_word' id='word_1_193' title='bbox 2496 1521 2785 1593; x_wconf 89' lang='lat' dir='ltr'>perlucida</span> <span class='ocrx_word' id='word_1_194' title='bbox 2810 1536 3175 1592; x_wconf 88' lang='lat' dir='ltr'>gemmaesse</span> <span class='ocrx_word' id='word_1_195' title='bbox 3199 1520 3429 1576; x_wconf 78' lang='lat' dir='ltr'>videba-</span> 
     </span>
    </p>
   </div>
   <div class='ocr_carea' id='block_1_31' title="bbox 1834 1609 3432 1682">
    <p class='ocr_par' dir='ltr' id='par_1_31' title="bbox 1834 1609 3432 1682">
     <span class='ocr_line' id='line_1_31' title="bbox 1834 1609 3432 1682; baseline 0 -18"><span class='ocrx_word' id='word_1_196' title='bbox 1834 1616 1946 1676; x_wconf 89' lang='lat' dir='ltr'>tur,</span> <span class='ocrx_word' id='word_1_197' title='bbox 1972 1610 2255 1678; x_wconf 85' lang='lat' dir='ltr'>ostendit;</span> <span class='ocrx_word' id='word_1_198' title='bbox 2289 1611 2451 1682; x_wconf 90' lang='lat' dir='ltr'>eique</span> <span class='ocrx_word' id='word_1_199' title='bbox 2500 1610 2892 1681; x_wconf 82' lang='lat' dir='ltr'>interroganti,</span> <span class='ocrx_word' id='word_1_200' title='bbox 2923 1626 3089 1681; x_wconf 86' lang='lat' dir='ltr'>quem</span> <span class='ocrx_word' id='word_1_201' title='bbox 3115 1625 3183 1665; x_wconf 82' lang='lat' dir='ltr'>ex</span> <span class='ocrx_word' id='word_1_202' title='bbox 3210 1609 3432 1665; x_wconf 84' lang='lat' dir='ltr'>duobus</span> 
     </span>
    </p>
   </div>
   <div class='ocr_carea' id='block_1_32' title="bbox 1836 1698 3432 1771">
    <p class='ocr_par' dir='ltr' id='par_1_32' title="bbox 1836 1698 3432 1771">
     <span class='ocr_line' id='line_1_32' title="bbox 1836 1698 3432 1771; baseline 0.001 -18"><span class='ocrx_word' id='word_1_203' title='bbox 1836 1700 2088 1770; x_wconf 87' lang='lat' dir='ltr'>eligeret,</span> <span class='ocrx_word' id='word_1_204' title='bbox 2139 1700 2455 1767; x_wconf 72' lang='lat' dir='ltr'>Geminam,</span> <span class='ocrx_word' id='word_1_205' title='bbox 2504 1698 2710 1771; x_wconf 89' lang='lat' dir='ltr'>inquit.</span> <span class='ocrx_word' id='word_1_206' title='bbox 2759 1699 2868 1764; x_wconf 86' lang='lat' dir='ltr'>Qui</span> <span class='ocrx_word' id='word_1_207' title='bbox 2923 1700 3217 1770; x_wconf 87' lang='lat' dir='ltr'>evigilans,</span> <span class='ocrx_word' id='word_1_208' title='bbox 3271 1715 3432 1771; x_wconf 66' lang='lat' dir='ltr'>papa</span> 
     </span>
    </p>
   </div>
   <div class='ocr_carea' id='block_1_33' title="bbox 151 1769 3431 1860">
    <p class='ocr_par' dir='ltr' id='par_1_33' title="bbox 151 1769 3431 1860">
     <span class='ocr_line' id='line_1_33' title="bbox 151 1769 3431 1860; baseline 0.004 -31"><span class='ocrx_word' id='word_1_209' title='bbox 151 1777 349 1846; x_wconf 89' lang='lat' dir='ltr'>cebat;</span> <span class='ocrx_word' id='word_1_210' title='bbox 382 1780 648 1850; x_wconf 83' lang='lat' dir='ltr'>virgines,</span> <span class='ocrx_word' id='word_1_211' title='bbox 680 1784 874 1839; x_wconf 85' lang='lat' dir='ltr'>viduas</span> <span class='ocrx_word' id='word_1_212' title='bbox 898 1802 961 1840; x_wconf 87' lang='lat' dir='ltr'>ac</span> <span class='ocrx_word' id='word_1_213' title='bbox 990 1787 1252 1840; x_wconf 89' lang='lat' dir='ltr'>mulieres</span> <span class='ocrx_word' id='word_1_214' title='bbox 1275 1787 1554 1841; x_wconf 86' lang='lat' dir='ltr'>munditia</span> <span class='ocrx_word' id='word_1_215' title='bbox 1566 1793 1625 1842; x_wconf 90' lang='lat' dir='ltr'>et</span> <span class='ocrx_word' id='word_1_216' title='bbox 1640 1769 1817 1841; x_wconf 81' lang='lat' dir='ltr'>cas-B</span> <span class='ocrx_word' id='word_1_217' title='bbox 1838 1769 2018 1842; x_wconf 82' lang='lat' dir='ltr'>visum</span> <span class='ocrx_word' id='word_1_218' title='bbox 2050 1805 2214 1843; x_wconf 91' lang='lat' dir='ltr'>suum</span> <span class='ocrx_word' id='word_1_219' title='bbox 2236 1788 2504 1855; x_wconf 88' lang='lat' dir='ltr'>narravit,</span> <span class='ocrx_word' id='word_1_220' title='bbox 2537 1788 2786 1843; x_wconf 90' lang='lat' dir='ltr'>incertus</span> <span class='ocrx_word' id='word_1_221' title='bbox 2816 1792 3009 1843; x_wconf 89' lang='lat' dir='ltr'>tamen</span> <span class='ocrx_word' id='word_1_222' title='bbox 3038 1787 3173 1860; x_wconf 89' lang='lat' dir='ltr'>quid</span> <span class='ocrx_word' id='word_1_223' title='bbox 3204 1787 3276 1842; x_wconf 87' lang='lat' dir='ltr'>ad</span> <span class='ocrx_word' id='word_1_224' title='bbox 3295 1804 3431 1843; x_wconf 88' lang='lat' dir='ltr'>cau-</span> 
     </span>
    </p>
   </div>
   <div class='ocr_carea' id='block_1_34' title="bbox 151 1866 1756 1947">
    <p class='ocr_par' dir='ltr' id='par_1_34' title="bbox 151 1866 1756 1947">
     <span class='ocr_line' id='line_1_34' title="bbox 151 1866 1756 1947; baseline 0.007 -28"><span class='ocrx_word' id='word_1_225' title='bbox 151 1866 318 1921; x_wconf 88' lang='lat' dir='ltr'>titate</span> <span class='ocrx_word' id='word_1_226' title='bbox 347 1868 718 1940; x_wconf 87' lang='lat' dir='ltr'>informabat;</span> <span class='ocrx_word' id='word_1_227' title='bbox 751 1891 1028 1945; x_wconf 85' lang='lat' dir='ltr'>pauperes</span> <span class='ocrx_word' id='word_1_228' title='bbox 1059 1876 1268 1929; x_wconf 88' lang='lat' dir='ltr'>Christi</span> <span class='ocrx_word' id='word_1_229' title='bbox 1318 1881 1375 1930; x_wconf 93' lang='lat' dir='ltr'>et</span> <span class='ocrx_word' id='word_1_230' title='bbox 1427 1876 1756 1947; x_wconf 88' lang='lat' dir='ltr'>peregrinos</span> 
     </span>
    </p>
   </div>
   <div class='ocr_carea' id='block_1_35' title="bbox 152 1964 1755 2036">
    <p class='ocr_par' dir='ltr' id='par_1_35' title="bbox 152 1964 1755 2036">
     <span class='ocr_line' id='line_1_35' title="bbox 152 1964 1755 2036; baseline 0.005 -26"><span class='ocrx_word' id='word_1_231' title='bbox 152 1972 327 2026; x_wconf 88' lang='lat' dir='ltr'>parvo</span> <span class='ocrx_word' id='word_1_232' title='bbox 349 1965 643 2015; x_wconf 90' lang='lat' dir='ltr'>contentos</span> <span class='ocrx_word' id='word_1_233' title='bbox 673 1979 819 2025; x_wconf 90' lang='lat' dir='ltr'>esse,</span> <span class='ocrx_word' id='word_1_234' title='bbox 843 1979 908 2016; x_wconf 89' lang='lat' dir='ltr'>ac</span> <span class='ocrx_word' id='word_1_235' title='bbox 936 1965 1210 2018; x_wconf 89' lang='lat' dir='ltr'>mundum</span> <span class='ocrx_word' id='word_1_236' title='bbox 1240 1964 1343 2019; x_wconf 88' lang='lat' dir='ltr'>sub</span> <span class='ocrx_word' id='word_1_237' title='bbox 1390 1964 1624 2036; x_wconf 90' lang='lat' dir='ltr'>pedibus</span> <span class='ocrx_word' id='word_1_238' title='bbox 1651 1965 1755 2018; x_wconf 89' lang='lat' dir='ltr'>ha-</span> 
     </span>
    </p>
   </div>
   <div class='ocr_carea' id='block_1_36' title="bbox 150 2046 1755 2126">
    <p class='ocr_par' dir='ltr' id='par_1_36' title="bbox 150 2046 1755 2126">
     <span class='ocr_line' id='line_1_36' title="bbox 150 2046 1755 2126; baseline 0.006 -26"><span class='ocrx_word' id='word_1_239' title='bbox 150 2046 305 2110; x_wconf 86' lang='lat' dir='ltr'>bere,</span> <span class='ocrx_word' id='word_1_240' title='bbox 339 2055 398 2102; x_wconf 90' lang='lat' dir='ltr'>et</span> <span class='ocrx_word' id='word_1_241' title='bbox 427 2065 651 2104; x_wconf 90' lang='lat' dir='ltr'>omnem</span> <span class='ocrx_word' id='word_1_242' title='bbox 707 2053 828 2122; x_wconf 90' lang='lat' dir='ltr'>ejus</span> <span class='ocrx_word' id='word_1_243' title='bbox 879 2053 1136 2122; x_wconf 85' lang='lat' dir='ltr'>gloriam,</span> <span class='ocrx_word' id='word_1_244' title='bbox 1170 2053 1352 2107; x_wconf 81' lang='lat' dir='ltr'>verbis</span> <span class='ocrx_word' id='word_1_245' title='bbox 1398 2061 1456 2108; x_wconf 87' lang='lat' dir='ltr'>et</span> <span class='ocrx_word' id='word_1_246' title='bbox 1493 2055 1755 2126; x_wconf 88' lang='lat' dir='ltr'>operibus</span> 
     </span>
    </p>
   </div>
   <div class='ocr_carea' id='block_1_37' title="bbox 149 2135 1753 2215">
    <p class='ocr_par' dir='ltr' id='par_1_37' title="bbox 149 2135 1753 2215">
     <span class='ocr_line' id='line_1_37' title="bbox 149 2135 1753 2215; baseline 0.006 -26"><span class='ocrx_word' id='word_1_247' title='bbox 149 2135 538 2193; x_wconf 89' lang='lat' dir='ltr'>dissuadebat.</span> <span class='ocrx_word' id='word_1_248' title='bbox 574 2140 790 2210; x_wconf 85' lang='lat' dir='ltr'>Singuli</span> <span class='ocrx_word' id='word_1_249' title='bbox 821 2143 959 2195; x_wconf 81' lang='lat' dir='ltr'>fides</span> <span class='ocrx_word' id='word_1_250' title='bbox 986 2143 1191 2197; x_wconf 88' lang='lat' dir='ltr'>Christi</span> <span class='ocrx_word' id='word_1_251' title='bbox 1212 2143 1282 2197; x_wconf 91' lang='lat' dir='ltr'>ad</span> <span class='ocrx_word' id='word_1_252' title='bbox 1303 2144 1462 2197; x_wconf 91' lang='lat' dir='ltr'>illum</span> <span class='ocrx_word' id='word_1_253' title='bbox 1493 2146 1652 2215; x_wconf 90' lang='lat' dir='ltr'>quasi</span> <span class='ocrx_word' id='word_1_254' title='bbox 1682 2145 1753 2199; x_wconf 88' lang='lat' dir='ltr'>ad</span> 
     </span>
    </p>
   </div>
   <div class='ocr_carea' id='block_1_38' title="bbox 150 2226 1752 2304">
    <p class='ocr_par' dir='ltr' id='par_1_38' title="bbox 150 2226 1752 2304">
     <span class='ocr_line' id='line_1_38' title="bbox 150 2226 1752 2304; baseline 0.007 -26"><span class='ocrx_word' id='word_1_255' title='bbox 150 2226 340 2280; x_wconf 90' lang='lat' dir='ltr'>sinum</span> <span class='ocrx_word' id='word_1_256' title='bbox 363 2228 565 2282; x_wconf 90' lang='lat' dir='ltr'>matris</span> <span class='ocrx_word' id='word_1_257' title='bbox 594 2230 1011 2300; x_wconf 85' lang='lat' dir='ltr'>confugiebant,</span> <span class='ocrx_word' id='word_1_258' title='bbox 1044 2232 1395 2303; x_wconf 89' lang='lat' dir='ltr'>multumque</span> <span class='ocrx_word' id='word_1_259' title='bbox 1424 2249 1525 2304; x_wconf 88' lang='lat' dir='ltr'>per</span> <span class='ocrx_word' id='word_1_260' title='bbox 1553 2235 1752 2289; x_wconf 91' lang='lat' dir='ltr'>eumin</span> 
     </span>
    </p>
   </div>
   <div class='ocr_carea' id='block_1_39' title="bbox 151 2314 689 2386">
    <p class='ocr_par' dir='ltr' id='par_1_39' title="bbox 151 2314 689 2386">
     <span class='ocr_line' id='line_1_39' title="bbox 151 2314 689 2386; baseline 0.007 -18"><span class='ocrx_word' id='word_1_261' title='bbox 151 2314 269 2368; x_wconf 92' lang='lat' dir='ltr'>Deo</span> <span class='ocrx_word' id='word_1_262' title='bbox 302 2316 689 2386; x_wconf 80' lang='lat' dir='ltr'>proficiebant.</span> 
     </span>
    </p>
   </div>
   <div class='ocr_carea' id='block_1_40' title="bbox 218 2402 1753 2484">
    <p class='ocr_par' dir='ltr' id='par_1_40' title="bbox 218 2402 1753 2484">
     <span class='ocr_line' id='line_1_40' title="bbox 218 2402 1753 2484; baseline 0.005 -25"><span class='ocrx_word' id='word_1_263' title='bbox 218 2402 313 2460; x_wconf 72' lang='grc'>22.</span> <span class='ocrx_word' id='word_1_264' title='bbox 344 2406 510 2460; x_wconf 87' lang='lat' dir='ltr'>Nunc</span> <span class='ocrx_word' id='word_1_265' title='bbox 532 2407 760 2462; x_wconf 89' lang='lat' dir='ltr'>tandem</span> <span class='ocrx_word' id='word_1_266' title='bbox 788 2410 1010 2463; x_wconf 87' lang='lat' dir='ltr'>veniam</span> <span class='ocrx_word' id='word_1_267' title='bbox 1031 2410 1101 2464; x_wconf 87' lang='lat' dir='ltr'>ad</span> <span class='ocrx_word' id='word_1_268' title='bbox 1128 2411 1503 2466; x_wconf 88' lang='lat' dir='ltr'>enarrandum</span> <span class='ocrx_word' id='word_1_269' title='bbox 1531 2413 1587 2466; x_wconf 90' lang='lat' dir='ltr'>id</span> <span class='ocrx_word' id='word_1_270' title='bbox 1605 2413 1753 2484; x_wconf 92' lang='lat' dir='ltr'>quod</span> 
     </span>
    </p>
   </div>
   <div class='ocr_carea' id='block_1_41' title="bbox 152 2493 1752 2572">
    <p class='ocr_par' dir='ltr' id='par_1_41' title="bbox 152 2493 1752 2572">
     <span class='ocr_line' id='line_1_41' title="bbox 152 2493 1752 2572; baseline 0.007 -27"><span class='ocrx_word' id='word_1_271' title='bbox 152 2498 275 2546; x_wconf 87' lang='lat' dir='ltr'>erat</span> <span class='ocrx_word' id='word_1_272' title='bbox 301 2493 454 2548; x_wconf 89' lang='lat' dir='ltr'>inter</span> <span class='ocrx_word' id='word_1_273' title='bbox 480 2497 671 2550; x_wconf 91' lang='lat' dir='ltr'>omnia</span> <span class='ocrx_word' id='word_1_274' title='bbox 700 2515 870 2569; x_wconf 86' lang='lat' dir='ltr'>opera</span> <span class='ocrx_word' id='word_1_275' title='bbox 902 2516 1004 2553; x_wconf 90' lang='lat' dir='ltr'>sua</span> <span class='ocrx_word' id='word_1_276' title='bbox 1031 2500 1458 2570; x_wconf 65' lang='lat' dir='ltr'>praecipuum,et</span> <span class='ocrx_word' id='word_1_277' title='bbox 1475 2518 1655 2572; x_wconf 91' lang='lat' dir='ltr'>usque</span> <span class='ocrx_word' id='word_1_278' title='bbox 1681 2502 1752 2556; x_wconf 88' lang='lat' dir='ltr'>ad</span> 
     </span>
    </p>
   </div>
   <div class='ocr_carea' id='block_1_42' title="bbox 152 2582 1750 2659">
    <p class='ocr_par' dir='ltr' id='par_1_42' title="bbox 152 2582 1750 2659">
     <span class='ocr_line' id='line_1_42' title="bbox 152 2582 1750 2659; baseline 0.006 -25"><span class='ocrx_word' id='word_1_279' title='bbox 152 2582 326 2635; x_wconf 78' lang='lat' dir='ltr'>finem</span> <span class='ocrx_word' id='word_1_280' title='bbox 357 2584 549 2638; x_wconf 65' lang='lat' dir='ltr'>saeculi</span> <span class='ocrx_word' id='word_1_281' title='bbox 577 2586 884 2640; x_wconf 90' lang='lat' dir='ltr'>multorum</span> <span class='ocrx_word' id='word_1_282' title='bbox 924 2587 1219 2641; x_wconf 82' lang='lat' dir='ltr'>animabus</span> <span class='ocrx_word' id='word_1_283' title='bbox 1255 2605 1359 2659; x_wconf 90' lang='lat' dir='ltr'>per</span> <span class='ocrx_word' id='word_1_284' title='bbox 1384 2589 1750 2644; x_wconf 76' lang='lat' dir='ltr'>ccenobialem</span> 
     </span>
    </p>
   </div>
   <div class='ocr_carea' id='block_1_43' title="bbox 150 2671 1759 2745">
    <p class='ocr_par' dir='ltr' id='par_1_43' title="bbox 150 2671 1759 2745">
     <span class='ocr_line' id='line_1_43' title="bbox 150 2671 1759 2745; baseline 0.005 -21"><span class='ocrx_word' id='word_1_285' title='bbox 150 2671 326 2725; x_wconf 81' lang='lat' dir='ltr'>vitam</span> <span class='ocrx_word' id='word_1_286' title='bbox 358 2672 641 2728; x_wconf 88' lang='lat' dir='ltr'>salvandis</span> <span class='ocrx_word' id='word_1_287' title='bbox 671 2674 1047 2745; x_wconf 89' lang='lat' dir='ltr'>profuturum.</span> <span class='ocrx_word' id='word_1_288' title='bbox 1073 2676 1213 2731; x_wconf 89' lang='lat' dir='ltr'>Erat</span> <span class='ocrx_word' id='word_1_289' title='bbox 1240 2678 1389 2730; x_wconf 92' lang='lat' dir='ltr'>enim</span> <span class='ocrx_word' id='word_1_290' title='bbox 1422 2678 1759 2732; x_wconf 87' lang='lat' dir='ltr'>studiosissi-</span> 
     </span>
    </p>
   </div>
   <div class='ocr_carea' id='block_1_44' title="bbox 153 2762 1755 2828">
    <p class='ocr_par' dir='ltr' id='par_1_44' title="bbox 153 2762 1755 2828">
     <span class='ocr_line' id='line_1_44' title="bbox 153 2762 1755 2828; baseline 0.004 -14"><span class='ocrx_word' id='word_1_291' title='bbox 153 2777 281 2815; x_wconf 89' lang='lat' dir='ltr'>mus</span> <span class='ocrx_word' id='word_1_292' title='bbox 312 2762 697 2818; x_wconf 67' lang='lat' dir='ltr'>caenobiorum</span> <span class='ocrx_word' id='word_1_293' title='bbox 749 2781 1019 2819; x_wconf 90' lang='lat' dir='ltr'>novorum</span> <span class='ocrx_word' id='word_1_294' title='bbox 1076 2765 1359 2828; x_wconf 85' lang='lat' dir='ltr'>fundator,</span> <span class='ocrx_word' id='word_1_295' title='bbox 1388 2783 1451 2820; x_wconf 91' lang='lat' dir='ltr'>ac</span> <span class='ocrx_word' id='word_1_296' title='bbox 1508 2772 1755 2822; x_wconf 89' lang='lat' dir='ltr'>veterum</span> 
     </span>
    </p>
   </div>
   <div class='ocr_carea' id='block_1_45' title="bbox 154 2850 1757 2927">
    <p class='ocr_par' dir='ltr' id='par_1_45' title="bbox 154 2850 1757 2927">
     <span class='ocr_line' id='line_1_45' title="bbox 154 2850 1757 2927; baseline 0.005 -23"><span class='ocrx_word' id='word_1_297' title='bbox 154 2850 525 2906; x_wconf 88' lang='lat' dir='ltr'>instaurator.</span> <span class='ocrx_word' id='word_1_298' title='bbox 580 2852 833 2924; x_wconf 86' lang='lat' dir='ltr'>Denique</span> <span class='ocrx_word' id='word_1_299' title='bbox 864 2860 1078 2925; x_wconf 88' lang='lat' dir='ltr'>septem</span> <span class='ocrx_word' id='word_1_300' title='bbox 1115 2855 1367 2909; x_wconf 76' lang='lat' dir='ltr'>ccenobia</span> <span class='ocrx_word' id='word_1_301' title='bbox 1414 2860 1531 2909; x_wconf 87' lang='lat' dir='ltr'>tam</span> <span class='ocrx_word' id='word_1_302' title='bbox 1561 2873 1662 2927; x_wconf 91' lang='lat' dir='ltr'>per</span> <span class='ocrx_word' id='word_1_303' title='bbox 1696 2873 1757 2912; x_wconf 87' lang='lat' dir='ltr'>se</span> 
     </span>
    </p>
   </div>
   <div class='ocr_carea' id='block_1_46' title="bbox 155 2942 1752 3013">
    <p class='ocr_par' dir='ltr' id='par_1_46' title="bbox 155 2942 1752 3013">
     <span class='ocr_line' id='line_1_46' title="bbox 155 2942 1752 3013; baseline 0.004 -20"><span class='ocrx_word' id='word_1_304' title='bbox 155 2956 326 3010; x_wconf 90' lang='lat' dir='ltr'>quam</span> <span class='ocrx_word' id='word_1_305' title='bbox 360 2957 463 3012; x_wconf 91' lang='lat' dir='ltr'>per</span> <span class='ocrx_word' id='word_1_306' title='bbox 490 2957 623 2995; x_wconf 88' lang='lat' dir='ltr'>suos</span> <span class='ocrx_word' id='word_1_307' title='bbox 650 2942 954 3013; x_wconf 91' lang='lat' dir='ltr'>discipulos</span> <span class='ocrx_word' id='word_1_308' title='bbox 978 2943 1145 2997; x_wconf 90' lang='lat' dir='ltr'>variis</span> <span class='ocrx_word' id='word_1_309' title='bbox 1186 2944 1243 2997; x_wconf 94' lang='lat' dir='ltr'>in</span> <span class='ocrx_word' id='word_1_310' title='bbox 1286 2944 1422 2998; x_wconf 91' lang='lat' dir='ltr'>locis</span> <span class='ocrx_word' id='word_1_311' title='bbox 1461 2961 1495 2998; x_wconf 89' lang='lat' dir='ltr'>a</span> <span class='ocrx_word' id='word_1_312' title='bbox 1545 2945 1752 2999; x_wconf 88' lang='lat' dir='ltr'>funda-</span> 
     </span>
    </p>
   </div>
   <div class='ocr_carea' id='block_1_47' title="bbox 155 3029 1751 3103">
    <p class='ocr_par' dir='ltr' id='par_1_47' title="bbox 155 3029 1751 3103">
     <span class='ocr_line' id='line_1_47' title="bbox 155 3029 1751 3103; baseline 0.004 -21"><span class='ocrx_word' id='word_1_313' title='bbox 155 3029 364 3083; x_wconf 89' lang='lat' dir='ltr'>mentis</span> <span class='ocrx_word' id='word_1_314' title='bbox 388 3031 717 3084; x_wconf 73' lang='lat' dir='ltr'>construxit.</span> <span class='ocrx_word' id='word_1_315' title='bbox 734 3033 982 3095; x_wconf 82' lang='lat' dir='ltr'>Quorum</span> <span class='ocrx_word' id='word_1_316' title='bbox 1006 3032 1247 3103; x_wconf 90' lang='lat' dir='ltr'>primum</span> <span class='ocrx_word' id='word_1_317' title='bbox 1261 3033 1369 3087; x_wconf 92' lang='lat' dir='ltr'>fuit</span> <span class='ocrx_word' id='word_1_318' title='bbox 1395 3034 1537 3088; x_wconf 89' lang='lat' dir='ltr'>cella</span> <span class='ocrx_word' id='word_1_319' title='bbox 1561 3035 1751 3089; x_wconf 89' lang='lat' dir='ltr'>Sancti</span> 
     </span>
    </p>
   </div>
   <div class='ocr_carea' id='block_1_48' title="bbox 156 3116 1754 3194">
    <p class='ocr_par' dir='ltr' id='par_1_48' title="bbox 156 3116 1754 3194">
     <span class='ocr_line' id='line_1_48' title="bbox 156 3116 1754 3194; baseline 0.004 -21"><span class='ocrx_word' id='word_1_320' title='bbox 156 3119 438 3189; x_wconf 86' lang='lat' dir='ltr'>Gregorii,</span> <span class='ocrx_word' id='word_1_321' title='bbox 469 3136 594 3189; x_wconf 65' lang='lat' dir='ltr'>qua;</span> <span class='ocrx_word' id='word_1_322' title='bbox 624 3121 849 3191; x_wconf 90' lang='lat' dir='ltr'>proprie</span> <span class='ocrx_word' id='word_1_323' title='bbox 878 3122 947 3175; x_wconf 90' lang='lat' dir='ltr'>ad</span> <span class='ocrx_word' id='word_1_324' title='bbox 982 3116 1339 3193; x_wconf 84' lang='lat' dir='ltr'>Hirsaugiam</span> <span class='ocrx_word' id='word_1_325' title='bbox 1366 3123 1630 3194; x_wconf 89' lang='lat' dir='ltr'>pertinet.</span> <span class='ocrx_word' id='word_1_326' title='bbox 1660 3125 1754 3180; x_wconf 87' lang='lat' dir='ltr'>Se-</span> 
     </span>
    </p>
   </div>
   <div class='ocr_carea' id='block_1_49' title="bbox 153 3208 1755 3283">
    <p class='ocr_par' dir='ltr' id='par_1_49' title="bbox 153 3208 1755 3283">
     <span class='ocr_line' id='line_1_49' title="bbox 153 3208 1755 3283; baseline 0.004 -22"><span class='ocrx_word' id='word_1_327' title='bbox 153 3208 401 3262; x_wconf 88' lang='lat' dir='ltr'>cundum</span> <span class='ocrx_word' id='word_1_328' title='bbox 432 3208 611 3263; x_wconf 85' lang='lat' dir='ltr'>sancti</span> <span class='ocrx_word' id='word_1_329' title='bbox 651 3209 878 3279; x_wconf 79' lang='lat' dir='ltr'>Georgii</span> <span class='ocrx_word' id='word_1_330' title='bbox 907 3212 1207 3281; x_wconf 85' lang='lat' dir='ltr'>martyris;</span> <span class='ocrx_word' id='word_1_331' title='bbox 1239 3218 1543 3283; x_wconf 90' lang='lat' dir='ltr'>utrumque</span> <span class='ocrx_word' id='word_1_332' title='bbox 1575 3212 1634 3267; x_wconf 88' lang='lat' dir='ltr'>in</span> <span class='ocrx_word' id='word_1_333' title='bbox 1658 3213 1755 3267; x_wconf 87' lang='lat' dir='ltr'>Ni-</span> 
     </span>
    </p>
   </div>
   <div class='ocr_carea' id='block_1_50' title="bbox 150 3298 1752 3368">
    <p class='ocr_par' dir='ltr' id='par_1_50' title="bbox 150 3298 1752 3368">
     <span class='ocr_line' id='line_1_50' title="bbox 150 3298 1752 3368; baseline 0.002 -15"><span class='ocrx_word' id='word_1_334' title='bbox 150 3298 453 3368; x_wconf 86' lang='lat' dir='ltr'>gra-Silva.</span> <span class='ocrx_word' id='word_1_335' title='bbox 507 3299 760 3354; x_wconf 87' lang='lat' dir='ltr'>Tertium</span> <span class='ocrx_word' id='word_1_336' title='bbox 808 3300 867 3353; x_wconf 92' lang='lat' dir='ltr'>in</span> <span class='ocrx_word' id='word_1_337' title='bbox 924 3300 1159 3354; x_wconf 89' lang='lat' dir='ltr'>Bavaria</span> <span class='ocrx_word' id='word_1_338' title='bbox 1209 3299 1268 3353; x_wconf 92' lang='lat' dir='ltr'>in</span> <span class='ocrx_word' id='word_1_339' title='bbox 1305 3301 1518 3354; x_wconf 92' lang='lat' dir='ltr'>honore</span> <span class='ocrx_word' id='word_1_340' title='bbox 1573 3302 1752 3356; x_wconf 89' lang='lat' dir='ltr'>sancti</span> 
     </span>
    </p>
   </div>
   <div class='ocr_carea' id='block_1_51' title="bbox 153 3385 1754 3460">
    <p class='ocr_par' dir='ltr' id='par_1_51' title="bbox 153 3385 1754 3460">
     <span class='ocr_line' id='line_1_51' title="bbox 153 3385 1754 3460; baseline 0.003 -20"><span class='ocrx_word' id='word_1_341' title='bbox 153 3385 390 3441; x_wconf 88' lang='lat' dir='ltr'>Martini</span> <span class='ocrx_word' id='word_1_342' title='bbox 432 3388 706 3451; x_wconf 88' lang='lat' dir='ltr'>Quartum</span> <span class='ocrx_word' id='word_1_343' title='bbox 730 3388 789 3442; x_wconf 91' lang='lat' dir='ltr'>in</span> <span class='ocrx_word' id='word_1_344' title='bbox 808 3389 1137 3459; x_wconf 86' lang='lat' dir='ltr'>Thuringia.</span> <span class='ocrx_word' id='word_1_345' title='bbox 1162 3389 1311 3460; x_wconf 90' lang='lat' dir='ltr'>quod</span> <span class='ocrx_word' id='word_1_346' title='bbox 1332 3389 1539 3444; x_wconf 90' lang='lat' dir='ltr'>dicitur</span> <span class='ocrx_word' id='word_1_347' title='bbox 1552 3391 1754 3459; x_wconf 82' lang='lat' dir='ltr'>Erphe-</span> 
     </span>
    </p>
   </div>
   <div class='ocr_carea' id='block_1_52' title="bbox 153 3477 1750 3549">
    <p class='ocr_par' dir='ltr' id='par_1_52' title="bbox 153 3477 1750 3549">
     <span class='ocr_line' id='line_1_52' title="bbox 153 3477 1750 3549; baseline 0.003 -21"><span class='ocrx_word' id='word_1_348' title='bbox 153 3478 321 3542; x_wconf 84' lang='lat' dir='ltr'>furch</span> <span class='ocrx_word' id='word_1_349' title='bbox 354 3477 674 3547; x_wconf 80' lang='lat' dir='ltr'>[Erphord].</span> <span class='ocrx_word' id='word_1_350' title='bbox 708 3478 978 3541; x_wconf 88' lang='lat' dir='ltr'>Quintum</span> <span class='ocrx_word' id='word_1_351' title='bbox 1011 3478 1081 3531; x_wconf 94' lang='lat' dir='ltr'>ad</span> <span class='ocrx_word' id='word_1_352' title='bbox 1130 3479 1420 3549; x_wconf 90' lang='lat' dir='ltr'>Duplicem</span> <span class='ocrx_word' id='word_1_353' title='bbox 1442 3480 1661 3549; x_wconf 81' lang='lat' dir='ltr'>Aquam</span> <span class='ocrx_word' id='word_1_354' title='bbox 1691 3479 1750 3533; x_wconf 92' lang='lat' dir='ltr'>in</span> 
     </span>
    </p>
   </div>
   <div class='ocr_carea' id='block_1_53' title="bbox 153 3563 1743 3634">
    <p class='ocr_par' dir='ltr' id='par_1_53' title="bbox 153 3563 1743 3634">
     <span class='ocr_line' id='line_1_53' title="bbox 153 3563 1743 3634; baseline 0.003 -17"><span class='ocrx_word' id='word_1_355' title='bbox 153 3563 370 3619; x_wconf 88' lang='lat' dir='ltr'>honore</span> <span class='ocrx_word' id='word_1_356' title='bbox 398 3571 606 3620; x_wconf 67' lang='lat' dir='ltr'>sanctae</span> <span class='ocrx_word' id='word_1_357' title='bbox 635 3566 844 3621; x_wconf 63' lang='lat' dir='ltr'>Mariis.</span> <span class='ocrx_word' id='word_1_358' title='bbox 897 3567 1131 3621; x_wconf 83' lang='lat' dir='ltr'>Sextum</span> <span class='ocrx_word' id='word_1_359' title='bbox 1187 3568 1245 3620; x_wconf 92' lang='lat' dir='ltr'>in</span> <span class='ocrx_word' id='word_1_360' title='bbox 1294 3567 1427 3621; x_wconf 90' lang='lat' dir='ltr'>villa</span> <span class='ocrx_word' id='word_1_361' title='bbox 1474 3569 1743 3634; x_wconf 79' lang='lat' dir='ltr'>Wilheim,</span> 
     </span>
    </p>
   </div>
   <div class='ocr_carea' id='block_1_54' title="bbox 154 3654 1745 3725">
    <p class='ocr_par' dir='ltr' id='par_1_54' title="bbox 154 3654 1745 3725">
     <span class='ocr_line' id='line_1_54' title="bbox 154 3654 1745 3725; baseline 0.001 -18"><span class='ocrx_word' id='word_1_362' title='bbox 154 3654 303 3724; x_wconf 91' lang='lat' dir='ltr'>quod</span> <span class='ocrx_word' id='word_1_363' title='bbox 332 3660 529 3725; x_wconf 89' lang='lat' dir='ltr'>postea</span> <span class='ocrx_word' id='word_1_364' title='bbox 561 3661 844 3710; x_wconf 89' lang='lat' dir='ltr'>mutatum</span> <span class='ocrx_word' id='word_1_365' title='bbox 874 3661 960 3709; x_wconf 92' lang='lat' dir='ltr'>est</span> <span class='ocrx_word' id='word_1_366' title='bbox 982 3656 1040 3709; x_wconf 91' lang='lat' dir='ltr'>in</span> <span class='ocrx_word' id='word_1_367' title='bbox 1070 3662 1317 3710; x_wconf 89' lang='lat' dir='ltr'>montem</span> <span class='ocrx_word' id='word_1_368' title='bbox 1353 3656 1542 3710; x_wconf 86' lang='lat' dir='ltr'>Sancti</span> <span class='ocrx_word' id='word_1_369' title='bbox 1571 3656 1745 3710; x_wconf 91' lang='lat' dir='ltr'>Petri.</span> 
     </span>
    </p>
   </div>
   <div class='ocr_carea' id='block_1_55' title="bbox 154 3742 1749 3815">
    <p class='ocr_par' dir='ltr' id='par_1_55' title="bbox 154 3742 1749 3815">
     <span class='ocr_line' id='line_1_55' title="bbox 154 3742 1749 3815; baseline 0.001 -18"><span class='ocrx_word' id='word_1_370' title='bbox 154 3742 472 3813; x_wconf 87' lang='lat' dir='ltr'>Septimum</span> <span class='ocrx_word' id='word_1_371' title='bbox 501 3744 560 3798; x_wconf 93' lang='lat' dir='ltr'>in</span> <span class='ocrx_word' id='word_1_372' title='bbox 615 3745 902 3815; x_wconf 88' lang='lat' dir='ltr'>provincia</span> <span class='ocrx_word' id='word_1_373' title='bbox 938 3745 1432 3800; x_wconf 91' lang='lat' dir='ltr'>Charentinorum.</span> <span class='ocrx_word' id='word_1_374' title='bbox 1465 3745 1592 3800; x_wconf 86' lang='lat' dir='ltr'>Alia</span> <span class='ocrx_word' id='word_1_375' title='bbox 1621 3762 1749 3799; x_wconf 92' lang='lat' dir='ltr'>vero</span> 
     </span>
    </p>
   </div>
   <div class='ocr_carea' id='block_1_56' title="bbox 151 3832 1744 3903">
    <p class='ocr_par' dir='ltr' id='par_1_56' title="bbox 151 3832 1744 3903">
     <span class='ocr_line' id='line_1_56' title="bbox 151 3832 1744 3903; baseline 0.003 -19"><span class='ocrx_word' id='word_1_376' title='bbox 151 3832 278 3895; x_wconf 87' lang='lat' dir='ltr'>tria,</span> <span class='ocrx_word' id='word_1_377' title='bbox 311 3832 368 3885; x_wconf 87' lang='lat' dir='ltr'>id</span> <span class='ocrx_word' id='word_1_378' title='bbox 391 3839 479 3887; x_wconf 91' lang='lat' dir='ltr'>est</span> <span class='ocrx_word' id='word_1_379' title='bbox 498 3834 887 3901; x_wconf 73' lang='lat' dir='ltr'>Scha/Ihusem,</span> <span class='ocrx_word' id='word_1_380' title='bbox 922 3837 1288 3901; x_wconf 75' lang='lat' dir='ltr'>Petrz&#39;shusen,</span> <span class='ocrx_word' id='word_1_381' title='bbox 1334 3835 1744 3903; x_wconf 72' lang='lat' dir='ltr'>Campergensr,</span> 
     </span>
    </p>
   </div>
   <div class='ocr_carea' id='block_1_57' title="bbox 148 3922 1745 3993">
    <p class='ocr_par' dir='ltr' id='par_1_57' title="bbox 148 3922 1745 3993">
     <span class='ocr_line' id='line_1_57' title="bbox 148 3922 1745 3993; baseline 0.002 -19"><span class='ocrx_word' id='word_1_382' title='bbox 148 3936 292 3990; x_wconf 90' lang='lat' dir='ltr'>pene</span> <span class='ocrx_word' id='word_1_383' title='bbox 306 3922 424 3991; x_wconf 90' lang='lat' dir='ltr'>jam</span> <span class='ocrx_word' id='word_1_384' title='bbox 448 3922 732 3976; x_wconf 86' lang='lat' dir='ltr'>destructa</span> <span class='ocrx_word' id='word_1_385' title='bbox 744 3922 1172 3977; x_wconf 77' lang='lat' dir='ltr'>restauravitJn</span> <span class='ocrx_word' id='word_1_386' title='bbox 1204 3939 1440 3993; x_wconf 90' lang='lat' dir='ltr'>quorum</span> <span class='ocrx_word' id='word_1_387' title='bbox 1461 3922 1745 3993; x_wconf 90' lang='lat' dir='ltr'>guberna-</span> 
     </span>
    </p>
   </div>
   <div class='ocr_carea' id='block_1_58' title="bbox 149 4009 1746 4082">
    <p class='ocr_par' dir='ltr' id='par_1_58' title="bbox 149 4009 1746 4082">
     <span class='ocr_line' id='line_1_58' title="bbox 149 4009 1746 4082; baseline 0.003 -20"><span class='ocrx_word' id='word_1_388' title='bbox 149 4009 302 4063; x_wconf 88' lang='lat' dir='ltr'>tione</span> <span class='ocrx_word' id='word_1_389' title='bbox 319 4011 438 4064; x_wconf 75' lang='lat' dir='ltr'>haec</span> <span class='ocrx_word' id='word_1_390' title='bbox 458 4017 580 4065; x_wconf 90' lang='lat' dir='ltr'>erat</span> <span class='ocrx_word' id='word_1_391' title='bbox 595 4011 666 4076; x_wconf 93' lang='lat' dir='ltr'>ei,</span> <span class='ocrx_word' id='word_1_392' title='bbox 700 4028 825 4065; x_wconf 91' lang='lat' dir='ltr'>cum</span> <span class='ocrx_word' id='word_1_393' title='bbox 858 4011 1231 4065; x_wconf 84' lang='lat' dir='ltr'>sollicitudine</span> <span class='ocrx_word' id='word_1_394' title='bbox 1258 4011 1602 4082; x_wconf 84' lang='lat' dir='ltr'>quotidiana,</span> <span class='ocrx_word' id='word_1_395' title='bbox 1634 4029 1746 4066; x_wconf 93' lang='lat' dir='ltr'>non</span> 
     </span>
    </p>
   </div>
   <div class='ocr_carea' id='block_1_59' title="bbox 148 4099 1745 4171">
    <p class='ocr_par' dir='ltr' id='par_1_59' title="bbox 148 4099 1745 4171">
     <span class='ocr_line' id='line_1_59' title="bbox 148 4099 1745 4171; baseline 0.003 -21"><span class='ocrx_word' id='word_1_396' title='bbox 148 4114 321 4168; x_wconf 89' lang='lat' dir='ltr'>parva</span> <span class='ocrx_word' id='word_1_397' title='bbox 374 4099 694 4166; x_wconf 77' lang='lat' dir='ltr'>difficultas,</span> <span class='ocrx_word' id='word_1_398' title='bbox 746 4101 887 4154; x_wconf 87' lang='lat' dir='ltr'>tales</span> <span class='ocrx_word' id='word_1_399' title='bbox 917 4100 1177 4153; x_wconf 89' lang='lat' dir='ltr'>videlicet</span> <span class='ocrx_word' id='word_1_400' title='bbox 1202 4100 1260 4154; x_wconf 92' lang='lat' dir='ltr'>in</span> <span class='ocrx_word' id='word_1_401' title='bbox 1311 4101 1745 4171; x_wconf 90' lang='lat' dir='ltr'>congregatione</span> 
     </span>
    </p>
   </div>
   <div class='ocr_carea' id='block_1_60' title="bbox 147 4186 1748 4261">
    <p class='ocr_par' dir='ltr' id='par_1_60' title="bbox 147 4186 1748 4261">
     <span class='ocr_line' id='line_1_60' title="bbox 147 4186 1748 4261; baseline 0.002 -21"><span class='ocrx_word' id='word_1_402' title='bbox 147 4186 386 4241; x_wconf 86' lang='lat' dir='ltr'>fratrum</span> <span class='ocrx_word' id='word_1_403' title='bbox 409 4188 657 4242; x_wconf 87' lang='lat' dir='ltr'>invenire</span> <span class='ocrx_word' id='word_1_404' title='bbox 699 4206 986 4261; x_wconf 87' lang='lat' dir='ltr'>personas,</span> <span class='ocrx_word' id='word_1_405' title='bbox 1010 4206 1133 4260; x_wconf 68' lang='lat' dir='ltr'>qua:</span> <span class='ocrx_word' id='word_1_406' title='bbox 1148 4194 1335 4243; x_wconf 82' lang='lat' dir='ltr'>essent</span> <span class='ocrx_word' id='word_1_407' title='bbox 1354 4190 1519 4243; x_wconf 89' lang='lat' dir='ltr'>utiles</span> <span class='ocrx_word' id='word_1_408' title='bbox 1549 4196 1606 4244; x_wconf 91' lang='lat' dir='ltr'>et</span> <span class='ocrx_word' id='word_1_409' title='bbox 1631 4191 1748 4244; x_wconf 91' lang='lat' dir='ltr'>ido-</span> 
     </span>
    </p>
   </div>
   <div class='ocr_carea' id='block_1_61' title="bbox 147 4278 1746 4335">
    <p class='ocr_par' dir='ltr' id='par_1_61' title="bbox 147 4278 1746 4335">
     <span class='ocr_line' id='line_1_61' title="bbox 147 4278 1746 4335; baseline 0.002 -4"><span class='ocrx_word' id='word_1_410' title='bbox 147 4294 269 4332; x_wconf 60' lang='lat' dir='ltr'>nea</span> <span class='ocrx_word' id='word_1_411' title='bbox 297 4278 368 4331; x_wconf 92' lang='lat' dir='ltr'>ad</span> <span class='ocrx_word' id='word_1_412' title='bbox 391 4278 690 4333; x_wconf 89' lang='lat' dir='ltr'>lucrandas</span> <span class='ocrx_word' id='word_1_413' title='bbox 713 4279 952 4333; x_wconf 88' lang='lat' dir='ltr'>animas.</span> <span class='ocrx_word' id='word_1_414' title='bbox 984 4280 1128 4335; x_wconf 88' lang='lat' dir='ltr'>Nam</span> <span class='ocrx_word' id='word_1_415' title='bbox 1154 4280 1461 4333; x_wconf 91' lang='lat' dir='ltr'>secundum</span> <span class='ocrx_word' id='word_1_416' title='bbox 1494 4280 1746 4334; x_wconf 91' lang='lat' dir='ltr'>Domini-</span> 
     </span>
    </p>
   </div>
   <div class='ocr_carea' id='block_1_62' title="bbox 147 4371 1743 4437">
    <p class='ocr_par' dir='ltr' id='par_1_62' title="bbox 147 4371 1743 4437">
     <span class='ocr_line' id='line_1_62' title="bbox 147 4371 1743 4437; baseline 0.002 -17"><span class='ocrx_word' id='word_1_417' title='bbox 147 4383 275 4420; x_wconf 90' lang='lat' dir='ltr'>cum</span> <span class='ocrx_word' id='word_1_418' title='bbox 292 4384 609 4422; x_wconf 89' lang='lat' dir='ltr'>sermonem</span> <span class='ocrx_word' id='word_1_419' title='bbox 619 4408 631 4434; x_wconf 91' lang='lat'>,</span> <span class='ocrx_word' id='word_1_420' title='bbox 643 4371 695 4422; x_wconf 87' lang='grc' dir='ltr'><em></em></span> <span class='ocrx_word' id='word_1_421' title='bbox 700 4372 826 4422; x_wconf 77' lang='lat' dir='ltr'>essis</span> <span class='ocrx_word' id='word_1_422' title='bbox 838 4371 1058 4437; x_wconf 79' lang='lat' dir='ltr'>quidem</span> <span class='ocrx_word' id='word_1_423' title='bbox 1070 4372 1274 4437; x_wconf 79' lang='lat' dir='ltr'>multa,</span> <span class='ocrx_word' id='word_1_424' title='bbox 1291 4372 1539 4437; x_wconf 68' lang='lat' dir='ltr'>operarii</span> <span class='ocrx_word' id='word_1_425' title='bbox 1556 4374 1743 4423; x_wconf 80' lang='lat' dir='ltr'>autem</span> 
     </span>
    </p>
   </div>
   <div class='ocr_carea' id='block_1_63' title="bbox 1839 1876 3430 1948">
    <p class='ocr_par' dir='ltr' id='par_1_63' title="bbox 1839 1876 3430 1948">
     <span class='ocr_line' id='line_1_63' title="bbox 1839 1876 3430 1948; baseline 0.001 -17"><span class='ocrx_word' id='word_1_426' title='bbox 1839 1893 1959 1931; x_wconf 91' lang='lat' dir='ltr'>sam</span> <span class='ocrx_word' id='word_1_427' title='bbox 1990 1883 2354 1948; x_wconf 73' lang='lat' dir='ltr'>praetaxatam</span> <span class='ocrx_word' id='word_1_428' title='bbox 2384 1878 2471 1932; x_wconf 89' lang='lat' dir='ltr'>vel</span> <span class='ocrx_word' id='word_1_429' title='bbox 2500 1893 2702 1932; x_wconf 90' lang='lat' dir='ltr'>aurum</span> <span class='ocrx_word' id='word_1_430' title='bbox 2750 1877 2836 1931; x_wconf 90' lang='lat' dir='ltr'>vel</span> <span class='ocrx_word' id='word_1_431' title='bbox 2873 1893 3103 1947; x_wconf 87' lang='lat' dir='ltr'>gemma</span> <span class='ocrx_word' id='word_1_432' title='bbox 3146 1876 3430 1933; x_wconf 85' lang='lat' dir='ltr'>innueret.</span> 
     </span>
    </p>
   </div>
   <div class='ocr_carea' id='block_1_64' title="bbox 1837 1964 3433 2038">
    <p class='ocr_par' dir='ltr' id='par_1_64' title="bbox 1837 1964 3433 2038">
     <span class='ocr_line' id='line_1_64' title="bbox 1837 1964 3433 2038; baseline 0 -17"><span class='ocrx_word' id='word_1_433' title='bbox 1837 1964 2141 2021; x_wconf 89' lang='lat' dir='ltr'>Confestim</span> <span class='ocrx_word' id='word_1_434' title='bbox 2159 1983 2321 2037; x_wconf 89' lang='lat' dir='ltr'>papa,</span> <span class='ocrx_word' id='word_1_435' title='bbox 2340 1966 2573 2037; x_wconf 88' lang='lat' dir='ltr'>quierat</span> <span class='ocrx_word' id='word_1_436' title='bbox 2598 1965 2933 2038; x_wconf 90' lang='lat' dir='ltr'>perspicacis</span> <span class='ocrx_word' id='word_1_437' title='bbox 2966 1964 3211 2036; x_wconf 83' lang='lat' dir='ltr'>ingenii:</span> <span class='ocrx_word' id='word_1_438' title='bbox 3249 1985 3273 2017; x_wconf 73' lang='grc' dir='ltr'></span> <span class='ocrx_word' id='word_1_439' title='bbox 3306 1966 3433 2021; x_wconf 87' lang='lat' dir='ltr'>Non</span> 
     </span>
    </p>
   </div>
   <div class='ocr_carea' id='block_1_65' title="bbox 1837 2053 3433 2125">
    <p class='ocr_par' dir='ltr' id='par_1_65' title="bbox 1837 2053 3433 2125">
     <span class='ocr_line' id='line_1_65' title="bbox 1837 2053 3433 2125; baseline 0.001 -18"><span class='ocrx_word' id='word_1_440' title='bbox 1837 2053 2069 2108; x_wconf 91' lang='lat' dir='ltr'>dubium</span> <span class='ocrx_word' id='word_1_441' title='bbox 2097 2059 2201 2116; x_wconf 90' lang='lat' dir='ltr'>est,</span> <span class='ocrx_word' id='word_1_442' title='bbox 2232 2053 2435 2124; x_wconf 90' lang='lat' dir='ltr'>inquit,</span> <span class='ocrx_word' id='word_1_443' title='bbox 2468 2054 2636 2125; x_wconf 92' lang='lat' dir='ltr'>quod,</span> <span class='ocrx_word' id='word_1_444' title='bbox 2676 2057 2923 2108; x_wconf 88' lang='lat' dir='ltr'>testante</span> <span class='ocrx_word' id='word_1_445' title='bbox 2975 2069 3133 2108; x_wconf 90' lang='lat' dir='ltr'>sacro</span> <span class='ocrx_word' id='word_1_446' title='bbox 3184 2053 3433 2125; x_wconf 87' lang='lat' dir='ltr'>eloquio,</span> 
     </span>
    </p>
   </div>
   <div class='ocr_carea' id='block_1_66' title="bbox 1835 2141 3436 2214">
    <p class='ocr_par' dir='ltr' id='par_1_66' title="bbox 1835 2141 3436 2214">
     <span class='ocr_line' id='line_1_66' title="bbox 1835 2141 3436 2214; baseline 0.001 -18"><span class='ocrx_word' id='word_1_447' title='bbox 1835 2159 1936 2213; x_wconf 88' lang='lat' dir='ltr'>per</span> <span class='ocrx_word' id='word_1_448' title='bbox 1963 2158 2168 2196; x_wconf 91' lang='lat' dir='ltr'>aurum</span> <span class='ocrx_word' id='word_1_449' title='bbox 2193 2142 2490 2214; x_wconf 88' lang='lat' dir='ltr'>sapientia,</span> <span class='ocrx_word' id='word_1_450' title='bbox 2520 2158 2621 2213; x_wconf 90' lang='lat' dir='ltr'>per</span> <span class='ocrx_word' id='word_1_451' title='bbox 2643 2157 2925 2212; x_wconf 89' lang='lat' dir='ltr'>gemmam</span> <span class='ocrx_word' id='word_1_452' title='bbox 2958 2158 3091 2197; x_wconf 92' lang='lat' dir='ltr'>vero</span> <span class='ocrx_word' id='word_1_453' title='bbox 3112 2141 3345 2213; x_wconf 88' lang='lat' dir='ltr'>simplex</span> <span class='ocrx_word' id='word_1_454' title='bbox 3374 2147 3436 2197; x_wconf 85' lang='lat' dir='ltr'>et</span> 
     </span>
    </p>
   </div>
   <div class='ocr_carea' id='block_1_67' title="bbox 1834 2230 3432 2303">
    <p class='ocr_par' dir='ltr' id='par_1_67' title="bbox 1834 2230 3432 2303">
     <span class='ocr_line' id='line_1_67' title="bbox 1834 2230 3432 2303; baseline 0 -18"><span class='ocrx_word' id='word_1_455' title='bbox 1834 2247 1978 2303; x_wconf 90' lang='lat' dir='ltr'>pura</span> <span class='ocrx_word' id='word_1_456' title='bbox 2002 2230 2115 2285; x_wconf 89' lang='lat' dir='ltr'>vita</span> <span class='ocrx_word' id='word_1_457' title='bbox 2144 2231 2387 2286; x_wconf 89' lang='lat' dir='ltr'>hominis</span> <span class='ocrx_word' id='word_1_458' title='bbox 2414 2231 2693 2301; x_wconf 89' lang='lat' dir='ltr'>signatur.</span> <span class='ocrx_word' id='word_1_459' title='bbox 2726 2231 2990 2301; x_wconf 87' lang='lat' dir='ltr'>Ideoque,</span> <span class='ocrx_word' id='word_1_460' title='bbox 3033 2247 3099 2285; x_wconf 90' lang='lat' dir='ltr'>ex</span> <span class='ocrx_word' id='word_1_461' title='bbox 3122 2230 3244 2302; x_wconf 90' lang='lat' dir='ltr'>ipso</span> <span class='ocrx_word' id='word_1_462' title='bbox 3274 2230 3432 2302; x_wconf 71' lang='lat' dir='ltr'>judio</span> 
     </span>
    </p>
   </div>
   <div class='ocr_carea' id='block_1_68' title="bbox 1835 2319 3436 2392">
    <p class='ocr_par' dir='ltr' id='par_1_68' title="bbox 1835 2319 3436 2392">
     <span class='ocr_line' id='line_1_68' title="bbox 1835 2319 3436 2392; baseline 0.001 -17"><span class='ocrx_word' id='word_1_463' title='bbox 1835 2321 1920 2375; x_wconf 89' lang='lat' dir='ltr'>cio</span> <span class='ocrx_word' id='word_1_464' title='bbox 1942 2320 2372 2375; x_wconf 64' lang='lat' dir='ltr'>castissimeDei</span> <span class='ocrx_word' id='word_1_465' title='bbox 2387 2320 2687 2375; x_wconf 89' lang='lat' dir='ltr'>Genitricis</span> <span class='ocrx_word' id='word_1_466' title='bbox 2706 2336 3040 2392; x_wconf 88' lang='lat' dir='ltr'>semperque</span> <span class='ocrx_word' id='word_1_467' title='bbox 3056 2319 3291 2391; x_wconf 87' lang='lat' dir='ltr'>virginis</span> <span class='ocrx_word' id='word_1_468' title='bbox 3310 2320 3436 2376; x_wconf 83' lang='lat' dir='ltr'>Ma-</span> 
     </span>
    </p>
   </div>
   <div class='ocr_carea' id='block_1_69' title="bbox 1836 2408 3437 2481">
    <p class='ocr_par' dir='ltr' id='par_1_69' title="bbox 1836 2408 3437 2481">
     <span class='ocr_line' id='line_1_69' title="bbox 1836 2408 3437 2481; baseline 0.001 -18"><span class='ocrx_word' id='word_1_469' title='bbox 1836 2410 1952 2473; x_wconf 69' lang='lat' dir='ltr'>riae,</span> <span class='ocrx_word' id='word_1_470' title='bbox 1977 2409 2071 2463; x_wconf 91' lang='lat' dir='ltr'>ille</span> <span class='ocrx_word' id='word_1_471' title='bbox 2101 2409 2196 2481; x_wconf 88' lang='lat' dir='ltr'>qui</span> <span class='ocrx_word' id='word_1_472' title='bbox 2224 2414 2397 2474; x_wconf 76' lang='lat' dir='ltr'>caste,</span> <span class='ocrx_word' id='word_1_473' title='bbox 2422 2410 2595 2480; x_wconf 88' lang='lat' dir='ltr'>juste,</span> <span class='ocrx_word' id='word_1_474' title='bbox 2610 2409 2700 2481; x_wconf 89' lang='lat' dir='ltr'>pie</span> <span class='ocrx_word' id='word_1_475' title='bbox 2723 2409 2873 2472; x_wconf 89' lang='lat' dir='ltr'>vivit,</span> <span class='ocrx_word' id='word_1_476' title='bbox 2898 2408 3120 2464; x_wconf 87' lang='lat' dir='ltr'>etiamsi</span> <span class='ocrx_word' id='word_1_477' title='bbox 3149 2409 3202 2464; x_wconf 90' lang='lat' dir='ltr'>ei</span> <span class='ocrx_word' id='word_1_478' title='bbox 3230 2425 3437 2465; x_wconf 86' lang='lat' dir='ltr'>aurum</span> 
     </span>
    </p>
   </div>
   <div class='ocr_carea' id='block_1_70' title="bbox 1835 2497 3436 2570">
    <p class='ocr_par' dir='ltr' id='par_1_70' title="bbox 1835 2497 3436 2570">
     <span class='ocr_line' id='line_1_70' title="bbox 1835 2497 3436 2570; baseline 0.001 -18"><span class='ocrx_word' id='word_1_479' title='bbox 1835 2499 2124 2569; x_wconf 84' lang='lat' dir='ltr'>sapientiae</span> <span class='ocrx_word' id='word_1_480' title='bbox 2153 2499 2238 2553; x_wconf 92' lang='lat' dir='ltr'>vel</span> <span class='ocrx_word' id='word_1_481' title='bbox 2267 2498 2599 2570; x_wconf 67' lang='lat' dir='ltr'>eloquentiae</span> <span class='ocrx_word' id='word_1_482' title='bbox 2628 2497 2790 2565; x_wconf 89' lang='lat' dir='ltr'>desit,</span> <span class='ocrx_word' id='word_1_483' title='bbox 2830 2499 2902 2553; x_wconf 88' lang='lat' dir='ltr'>ad</span> <span class='ocrx_word' id='word_1_484' title='bbox 2939 2498 3257 2570; x_wconf 86' lang='lat' dir='ltr'>exemplum</span> <span class='ocrx_word' id='word_1_485' title='bbox 3292 2497 3436 2554; x_wconf 89' lang='lat' dir='ltr'>bene</span> 
     </span>
    </p>
   </div>
   <div class='ocr_carea' id='block_1_71' title="bbox 1835 2587 3434 2659">
    <p class='ocr_par' dir='ltr' id='par_1_71' title="bbox 1835 2587 3434 2659">
     <span class='ocr_line' id='line_1_71' title="bbox 1835 2587 3434 2659; baseline 0.001 -19"><span class='ocrx_word' id='word_1_486' title='bbox 1835 2588 2053 2641; x_wconf 90' lang='lat' dir='ltr'>vivendi</span> <span class='ocrx_word' id='word_1_487' title='bbox 2094 2587 2316 2659; x_wconf 90' lang='lat' dir='ltr'>populis</span> <span class='ocrx_word' id='word_1_488' title='bbox 2368 2604 2607 2659; x_wconf 80' lang='lat' dir='ltr'>praeesse</span> <span class='ocrx_word' id='word_1_489' title='bbox 2635 2593 2920 2656; x_wconf 88' lang='lat' dir='ltr'>meretur;</span> <span class='ocrx_word' id='word_1_490' title='bbox 2952 2588 3123 2658; x_wconf 89' lang='lat' dir='ltr'>hujus</span> <span class='ocrx_word' id='word_1_491' title='bbox 3148 2587 3298 2642; x_wconf 88' lang='lat' dir='ltr'>enim</span> <span class='ocrx_word' id='word_1_492' title='bbox 3326 2587 3434 2642; x_wconf 84' lang='lat' dir='ltr'>etsi</span> 
     </span>
    </p>
   </div>
   <div class='ocr_carea' id='block_1_72' title="bbox 1838 2675 3435 2748">
    <p class='ocr_par' dir='ltr' id='par_1_72' title="bbox 1838 2675 3435 2748">
     <span class='ocr_line' id='line_1_72' title="bbox 1838 2675 3435 2748; baseline 0.001 -19"><span class='ocrx_word' id='word_1_493' title='bbox 1838 2676 2032 2747; x_wconf 89' lang='lat' dir='ltr'>lingua</span> <span class='ocrx_word' id='word_1_494' title='bbox 2086 2683 2254 2739; x_wconf 89' lang='lat' dir='ltr'>tacet,</span> <span class='ocrx_word' id='word_1_495' title='bbox 2305 2676 2417 2730; x_wconf 89' lang='lat' dir='ltr'>vita</span> <span class='ocrx_word' id='word_1_496' title='bbox 2470 2677 2651 2731; x_wconf 90' lang='lat' dir='ltr'>docet.</span> <span class='ocrx_word' id='word_1_497' title='bbox 2713 2676 2950 2748; x_wconf 86' lang='lat' dir='ltr'>Oportet</span> <span class='ocrx_word' id='word_1_498' title='bbox 2994 2676 3054 2730; x_wconf 91' lang='lat' dir='ltr'>in</span> <span class='ocrx_word' id='word_1_499' title='bbox 3108 2675 3435 2747; x_wconf 83' lang='lat' dir='ltr'>hujusmodi</span> 
     </span>
    </p>
   </div>
   <div class='ocr_carea' id='block_1_73' title="bbox 1838 2764 3434 2836">
    <p class='ocr_par' dir='ltr' id='par_1_73' title="bbox 1838 2764 3434 2836">
     <span class='ocr_line' id='line_1_73' title="bbox 1838 2764 3434 2836; baseline 0 -17"><span class='ocrx_word' id='word_1_500' title='bbox 1838 2765 2110 2819; x_wconf 84' lang='lat' dir='ltr'>electione</span> <span class='ocrx_word' id='word_1_501' title='bbox 2132 2781 2490 2836; x_wconf 88' lang='lat' dir='ltr'>summopere</span> <span class='ocrx_word' id='word_1_502' title='bbox 2511 2781 2791 2819; x_wconf 91' lang='lat' dir='ltr'>canonum</span> <span class='ocrx_word' id='word_1_503' title='bbox 2829 2764 3146 2819; x_wconf 89' lang='lat' dir='ltr'>sanctiones</span> <span class='ocrx_word' id='word_1_504' title='bbox 3167 2764 3434 2819; x_wconf 79' lang='lat' dir='ltr'>observa-</span> 
     </span>
    </p>
   </div>
   <div class='ocr_carea' id='block_1_74' title="bbox 1836 2851 3436 2926">
    <p class='ocr_par' dir='ltr' id='par_1_74' title="bbox 1836 2851 3436 2926">
     <span class='ocr_line' id='line_1_74' title="bbox 1836 2851 3436 2926; baseline 0.001 -19"><span class='ocrx_word' id='word_1_505' title='bbox 1836 2854 1904 2921; x_wconf 91' lang='lat' dir='ltr'>ri,</span> <span class='ocrx_word' id='word_1_506' title='bbox 1937 2870 2270 2925; x_wconf 89' lang='lat' dir='ltr'>semperque</span> <span class='ocrx_word' id='word_1_507' title='bbox 2293 2854 2365 2907; x_wconf 89' lang='lat' dir='ltr'>ad</span> <span class='ocrx_word' id='word_1_508' title='bbox 2393 2854 2644 2924; x_wconf 87' lang='lat' dir='ltr'>regimen</span> <span class='ocrx_word' id='word_1_509' title='bbox 2669 2854 3008 2915; x_wconf 88' lang='lat' dir='ltr'>animarum.</span> <span class='ocrx_word' id='word_1_510' title='bbox 3032 2869 3146 2908; x_wconf 89' lang='lat' dir='ltr'>non</span> <span class='ocrx_word' id='word_1_511' title='bbox 3156 2851 3436 2926; x_wconf 84' lang='lat' dir='ltr'>quoslibet</span> 
     </span>
    </p>
   </div>
   <div class='ocr_carea' id='block_1_75' title="bbox 1834 2942 3434 3015">
    <p class='ocr_par' dir='ltr' id='par_1_75' title="bbox 1834 2942 3434 3015">
     <span class='ocr_line' id='line_1_75' title="bbox 1834 2942 3434 3015; baseline 0.002 -19"><span class='ocrx_word' id='word_1_512' title='bbox 1834 2943 2152 3013; x_wconf 89' lang='lat' dir='ltr'>populares,</span> <span class='ocrx_word' id='word_1_513' title='bbox 2186 2943 2284 2997; x_wconf 89' lang='lat' dir='ltr'>sed</span> <span class='ocrx_word' id='word_1_514' title='bbox 2296 2942 2585 3013; x_wconf 86' lang='lat' dir='ltr'>regulares</span> <span class='ocrx_word' id='word_1_515' title='bbox 2613 2942 2889 2997; x_wconf 78' lang='lat' dir='ltr'>duntaxat</span> <span class='ocrx_word' id='word_1_516' title='bbox 2916 2957 3188 3014; x_wconf 85' lang='lat' dir='ltr'>personas</span> <span class='ocrx_word' id='word_1_517' title='bbox 3202 2958 3434 3015; x_wconf 78' lang='lat' dir='ltr'>promo-</span> 
     </span>
    </p>
   </div>
   <div class='ocr_carea' id='block_1_76' title="bbox 1834 3047 2029 3085">
    <p class='ocr_par' dir='ltr' id='par_1_76' title="bbox 1834 3047 2029 3085">
     <span class='ocr_line' id='line_1_76' title="bbox 1834 3047 2029 3085; baseline 0.01 -3"><span class='ocrx_word' id='word_1_518' title='bbox 1834 3047 1970 3085; x_wconf 80' lang='lat' dir='ltr'>veri.</span> <span class='ocrx_word' id='word_1_519' title='bbox 2001 3049 2029 3084; x_wconf 70' lang='grc'><strong>1</strong></span> 
     </span>
    </p>
   </div>
   <div class='ocr_carea' id='block_1_77' title="bbox 1904 3118 3433 3193">
    <p class='ocr_par' dir='ltr' id='par_1_77' title="bbox 1904 3118 3433 3193">
     <span class='ocr_line' id='line_1_77' title="bbox 1904 3118 3433 3193; baseline 0 -16"><span class='ocrx_word' id='word_1_520' title='bbox 1904 3118 1995 3177; x_wconf 78' lang='lat'>23.</span> <span class='ocrx_word' id='word_1_521' title='bbox 2028 3121 2148 3175; x_wconf 91' lang='lat' dir='ltr'>Hoc</span> <span class='ocrx_word' id='word_1_522' title='bbox 2177 3136 2310 3191; x_wconf 91' lang='lat' dir='ltr'>ergo</span> <span class='ocrx_word' id='word_1_523' title='bbox 2338 3120 2674 3176; x_wconf 85' lang='lat' dir='ltr'>informatus</span> <span class='ocrx_word' id='word_1_524' title='bbox 2693 3120 2976 3193; x_wconf 72' lang='lat' dir='ltr'>[exemplo</span> <span class='ocrx_word' id='word_1_525' title='bbox 3004 3120 3189 3176; x_wconf 79' lang='lat' dir='ltr'>fidelis</span> <span class='ocrx_word' id='word_1_526' title='bbox 3236 3136 3433 3177; x_wconf 86' lang='lat' dir='ltr'>servus</span> 
     </span>
    </p>
   </div>
   <div class='ocr_carea' id='block_1_78' title="bbox 1834 3209 3432 3282">
    <p class='ocr_par' dir='ltr' id='par_1_78' title="bbox 1834 3209 3432 3282">
     <span class='ocr_line' id='line_1_78' title="bbox 1834 3209 3432 3282; baseline 0.001 -18"><span class='ocrx_word' id='word_1_527' title='bbox 1834 3210 2058 3264; x_wconf 91' lang='lat' dir='ltr'>Domini</span> <span class='ocrx_word' id='word_1_528' title='bbox 2087 3215 2146 3264; x_wconf 92' lang='lat' dir='ltr'>et</span> <span class='ocrx_word' id='word_1_529' title='bbox 2167 3210 2435 3281; x_wconf 89' lang='lat' dir='ltr'>prudens.</span> <span class='ocrx_word' id='word_1_530' title='bbox 2467 3210 2527 3264; x_wconf 87' lang='lat' dir='ltr'>in</span> <span class='ocrx_word' id='word_1_531' title='bbox 2558 3209 2892 3282; x_wconf 89' lang='lat' dir='ltr'>quibusdam</span> <span class='ocrx_word' id='word_1_532' title='bbox 2909 3227 2975 3266; x_wconf 87' lang='lat' dir='ltr'>ex</span> <span class='ocrx_word' id='word_1_533' title='bbox 3018 3209 3432 3282; x_wconf 59' lang='lat' dir='ltr'>praedictisqu-</span> 
     </span>
    </p>
   </div>
   <div class='ocr_carea' id='block_1_79' title="bbox 1832 3297 3431 3372">
    <p class='ocr_par' dir='ltr' id='par_1_79' title="bbox 1832 3297 3431 3372">
     <span class='ocr_line' id='line_1_79' title="bbox 1832 3297 3431 3372; baseline 0.002 -20"><span class='ocrx_word' id='word_1_534' title='bbox 1832 3299 2015 3353; x_wconf 90' lang='lat' dir='ltr'>nobiis</span> <span class='ocrx_word' id='word_1_535' title='bbox 2043 3300 2271 3353; x_wconf 87' lang='lat' dir='ltr'>statutis</span> <span class='ocrx_word' id='word_1_536' title='bbox 2299 3297 2615 3365; x_wconf 88' lang='lat' dir='ltr'>abbatibus,</span> <span class='ocrx_word' id='word_1_537' title='bbox 2646 3299 2705 3354; x_wconf 90' lang='lat' dir='ltr'>in</span> <span class='ocrx_word' id='word_1_538' title='bbox 2734 3298 3069 3371; x_wconf 87' lang='lat' dir='ltr'>quibusdam</span> <span class='ocrx_word' id='word_1_539' title='bbox 3114 3298 3431 3372; x_wconf 87' lang='lat' dir='ltr'>prioribus;</span> 
     </span>
    </p>
   </div>
   <div class='ocr_carea' id='block_1_80' title="bbox 1834 3388 3430 3459">
    <p class='ocr_par' dir='ltr' id='par_1_80' title="bbox 1834 3388 3430 3459">
     <span class='ocr_line' id='line_1_80' title="bbox 1834 3388 3430 3459; baseline 0.003 -18"><span class='ocrx_word' id='word_1_540' title='bbox 1834 3388 2125 3459; x_wconf 89' lang='lat' dir='ltr'>religiosos</span> <span class='ocrx_word' id='word_1_541' title='bbox 2153 3388 2455 3443; x_wconf 89' lang='lat' dir='ltr'>monachos</span> <span class='ocrx_word' id='word_1_542' title='bbox 2474 3388 2644 3443; x_wconf 91' lang='lat' dir='ltr'>simul</span> <span class='ocrx_word' id='word_1_543' title='bbox 2680 3405 2808 3443; x_wconf 90' lang='lat' dir='ltr'>cum</span> <span class='ocrx_word' id='word_1_544' title='bbox 2837 3389 3120 3444; x_wconf 88' lang='lat' dir='ltr'>conversis</span> <span class='ocrx_word' id='word_1_545' title='bbox 3148 3389 3306 3445; x_wconf 87' lang='lat' dir='ltr'>laicis</span> <span class='ocrx_word' id='word_1_546' title='bbox 3327 3388 3430 3445; x_wconf 79' lang='lat' dir='ltr'>de-</span> 
     </span>
    </p>
   </div>
   <div class='ocr_carea' id='block_1_81' title="bbox 1832 3477 3432 3550">
    <p class='ocr_par' dir='ltr' id='par_1_81' title="bbox 1832 3477 3432 3550">
     <span class='ocr_line' id='line_1_81' title="bbox 1832 3477 3432 3550; baseline 0.003 -18"><span class='ocrx_word' id='word_1_547' title='bbox 1832 3477 2067 3548; x_wconf 86' lang='lat' dir='ltr'>putavit.</span> <span class='ocrx_word' id='word_1_548' title='bbox 2102 3477 2397 3532; x_wconf 89' lang='lat' dir='ltr'>Enimvero</span> <span class='ocrx_word' id='word_1_549' title='bbox 2426 3477 2686 3533; x_wconf 88' lang='lat' dir='ltr'>amabilis</span> <span class='ocrx_word' id='word_1_550' title='bbox 2733 3483 2913 3550; x_wconf 89' lang='lat' dir='ltr'>pater,</span> <span class='ocrx_word' id='word_1_551' title='bbox 2940 3478 3058 3534; x_wconf 81' lang='lat' dir='ltr'>zelo</span> <span class='ocrx_word' id='word_1_552' title='bbox 3080 3478 3432 3545; x_wconf 65' lang='lat' dir='ltr'>{animarum</span> 
     </span>
    </p>
   </div>
   <div class='ocr_carea' id='block_1_82' title="bbox 1831 3566 3431 3639">
    <p class='ocr_par' dir='ltr' id='par_1_82' title="bbox 1831 3566 3431 3639">
     <span class='ocr_line' id='line_1_82' title="bbox 1831 3566 3431 3639; baseline 0.002 -19"><span class='ocrx_word' id='word_1_553' title='bbox 1831 3567 2071 3631; x_wconf 89' lang='lat' dir='ltr'>fervens,</span> <span class='ocrx_word' id='word_1_554' title='bbox 2103 3566 2318 3637; x_wconf 91' lang='lat' dir='ltr'>primus</span> <span class='ocrx_word' id='word_1_555' title='bbox 2340 3566 2607 3639; x_wconf 82' lang='lat' dir='ltr'>instituit,</span> <span class='ocrx_word' id='word_1_556' title='bbox 2638 3573 2703 3622; x_wconf 89' lang='lat' dir='ltr'>ut</span> <span class='ocrx_word' id='word_1_557' title='bbox 2727 3568 2989 3623; x_wconf 88' lang='lat' dir='ltr'>monachi</span> <span class='ocrx_word' id='word_1_558' title='bbox 3028 3567 3340 3624; x_wconf 89' lang='lat' dir='ltr'>ministerio</span> <span class='ocrx_word' id='word_1_559' title='bbox 3367 3568 3431 3623; x_wconf 80' lang='lat' dir='ltr'>-</span> 
     </span>
    </p>
   </div>
   <div class='ocr_carea' id='block_1_83' title="bbox 1829 3653 3430 3712">
    <p class='ocr_par' dir='ltr' id='par_1_83' title="bbox 1829 3653 3430 3712">
     <span class='ocr_line' id='line_1_83' title="bbox 1829 3653 3430 3712; baseline 0.004 -6"><span class='ocrx_word' id='word_1_560' title='bbox 1829 3653 1941 3707; x_wconf 92' lang='lat' dir='ltr'>deli</span> <span class='ocrx_word' id='word_1_561' title='bbox 1970 3654 2242 3709; x_wconf 91' lang='lat' dir='ltr'>laicorum</span> <span class='ocrx_word' id='word_1_562' title='bbox 2262 3671 2659 3711; x_wconf 90' lang='lat' dir='ltr'>conversorum</span> <span class='ocrx_word' id='word_1_563' title='bbox 2685 3656 2747 3710; x_wconf 91' lang='lat' dir='ltr'>in</span> <span class='ocrx_word' id='word_1_564' title='bbox 2776 3655 3146 3712; x_wconf 79' lang='lat' dir='ltr'>exterioribus</span> <span class='ocrx_word' id='word_1_565' title='bbox 3192 3655 3430 3712; x_wconf 87' lang='lat' dir='ltr'>admini-</span> 
     </span>
    </p>
   </div>
   <div class='ocr_carea' id='block_1_84' title="bbox 1831 3743 3430 3812">
    <p class='ocr_par' dir='ltr' id='par_1_84' title="bbox 1831 3743 3430 3812">
     <span class='ocr_line' id='line_1_84' title="bbox 1831 3743 3430 3812; baseline 0.004 -17"><span class='ocrx_word' id='word_1_566' title='bbox 1831 3743 2077 3797; x_wconf 88' lang='lat' dir='ltr'>strandis</span> <span class='ocrx_word' id='word_1_567' title='bbox 2114 3749 2429 3812; x_wconf 89' lang='lat' dir='ltr'>uterentur,</span> <span class='ocrx_word' id='word_1_568' title='bbox 2452 3751 2510 3799; x_wconf 90' lang='lat' dir='ltr'>et</span> <span class='ocrx_word' id='word_1_569' title='bbox 2537 3761 2699 3799; x_wconf 89' lang='lat' dir='ltr'>versa</span> <span class='ocrx_word' id='word_1_570' title='bbox 2725 3745 2843 3799; x_wconf 89' lang='lat' dir='ltr'>vice</span> <span class='ocrx_word' id='word_1_571' title='bbox 2888 3745 3062 3799; x_wconf 88' lang='lat' dir='ltr'>iidem</span> <span class='ocrx_word' id='word_1_572' title='bbox 3089 3745 3219 3800; x_wconf 90' lang='lat' dir='ltr'>laici</span> <span class='ocrx_word' id='word_1_573' title='bbox 3246 3763 3282 3799; x_wconf 88' lang='lat' dir='ltr'>a</span> <span class='ocrx_word' id='word_1_574' title='bbox 3311 3761 3430 3801; x_wconf 81' lang='lat' dir='ltr'>mo-</span> 
     </span>
    </p>
   </div>
   <div class='ocr_carea' id='block_1_85' title="bbox 1830 3832 3427 3906">
    <p class='ocr_par' dir='ltr' id='par_1_85' title="bbox 1830 3832 3427 3906">
     <span class='ocr_line' id='line_1_85' title="bbox 1830 3832 3427 3906; baseline 0.003 -20"><span class='ocrx_word' id='word_1_575' title='bbox 1830 3832 2025 3886; x_wconf 90' lang='lat' dir='ltr'>nachis</span> <span class='ocrx_word' id='word_1_576' title='bbox 2038 3833 2185 3904; x_wconf 90' lang='lat' dir='ltr'>quod</span> <span class='ocrx_word' id='word_1_577' title='bbox 2209 3834 2281 3887; x_wconf 90' lang='lat' dir='ltr'>ad</span> <span class='ocrx_word' id='word_1_578' title='bbox 2302 3850 2492 3888; x_wconf 89' lang='lat' dir='ltr'>curam</span> <span class='ocrx_word' id='word_1_579' title='bbox 2522 3834 2837 3889; x_wconf 89' lang='lat' dir='ltr'>animarum</span> <span class='ocrx_word' id='word_1_580' title='bbox 2852 3834 3100 3905; x_wconf 88' lang='lat' dir='ltr'>pertinet</span> <span class='ocrx_word' id='word_1_581' title='bbox 3117 3850 3427 3906; x_wconf 62' lang='lat' dir='ltr'>conseque.</span> 
     </span>
    </p>
   </div>
   <div class='ocr_carea' id='block_1_86' title="bbox 1826 3921 3426 3996">
    <p class='ocr_par' dir='ltr' id='par_1_86' title="bbox 1826 3921 3426 3996">
     <span class='ocr_line' id='line_1_86' title="bbox 1826 3921 3426 3996; baseline 0.004 -22"><span class='ocrx_word' id='word_1_582' title='bbox 1826 3928 2044 3987; x_wconf 88' lang='lat' dir='ltr'>rentur,</span> <span class='ocrx_word' id='word_1_583' title='bbox 2071 3938 2378 3993; x_wconf 90' lang='lat' dir='ltr'>eorumque</span> <span class='ocrx_word' id='word_1_584' title='bbox 2396 3922 2753 3976; x_wconf 88' lang='lat' dir='ltr'>claustralem</span> <span class='ocrx_word' id='word_1_585' title='bbox 2769 3921 3118 3993; x_wconf 76' lang='lat' dir='ltr'>disciplinam</span> <span class='ocrx_word' id='word_1_586' title='bbox 3140 3939 3242 3994; x_wconf 88' lang='lat' dir='ltr'>pro</span> <span class='ocrx_word' id='word_1_587' title='bbox 3260 3940 3426 3996; x_wconf 83' lang='lat' dir='ltr'>posse</span> 
     </span>
    </p>
   </div>
   <div class='ocr_carea' id='block_1_87' title="bbox 1829 4010 3428 4080">
    <p class='ocr_par' dir='ltr' id='par_1_87' title="bbox 1829 4010 3428 4080">
     <span class='ocr_line' id='line_1_87' title="bbox 1829 4010 3428 4080; baseline 0.004 -18"><span class='ocrx_word' id='word_1_588' title='bbox 1829 4025 1954 4063; x_wconf 90' lang='lat' dir='ltr'>suo.</span> <span class='ocrx_word' id='word_1_589' title='bbox 1988 4016 2145 4063; x_wconf 86' lang='lat' dir='ltr'>extra</span> <span class='ocrx_word' id='word_1_590' title='bbox 2170 4011 2501 4077; x_wconf 89' lang='lat' dir='ltr'>claustrum,</span> <span class='ocrx_word' id='word_1_591' title='bbox 2532 4010 2591 4064; x_wconf 92' lang='lat' dir='ltr'>in</span> <span class='ocrx_word' id='word_1_592' title='bbox 2629 4010 2977 4080; x_wconf 87' lang='lat' dir='ltr'>corrigendis</span> <span class='ocrx_word' id='word_1_593' title='bbox 3024 4010 3275 4066; x_wconf 88' lang='lat' dir='ltr'>moribus</span> <span class='ocrx_word' id='word_1_594' title='bbox 3301 4012 3428 4068; x_wconf 87' lang='lat' dir='ltr'>imi-</span> 
     </span>
    </p>
   </div>
   <div class='ocr_carea' id='block_1_88' title="bbox 1827 4097 3423 4168">
    <p class='ocr_par' dir='ltr' id='par_1_88' title="bbox 1827 4097 3423 4168">
     <span class='ocr_line' id='line_1_88' title="bbox 1827 4097 3423 4168; baseline 0.004 -20"><span class='ocrx_word' id='word_1_595' title='bbox 1827 4102 2127 4151; x_wconf 87' lang='lat' dir='ltr'>tarentur:</span> <span class='ocrx_word' id='word_1_596' title='bbox 2178 4098 2248 4152; x_wconf 91' lang='lat' dir='ltr'>de</span> <span class='ocrx_word' id='word_1_597' title='bbox 2314 4114 2551 4168; x_wconf 85' lang='lat' dir='ltr'>quorum</span> <span class='ocrx_word' id='word_1_598' title='bbox 2612 4097 3055 4167; x_wconf 87' lang='lat' dir='ltr'>conversatione,</span> <span class='ocrx_word' id='word_1_599' title='bbox 3111 4099 3423 4155; x_wconf 87' lang='lat' dir='ltr'>secundum</span> 
     </span>
    </p>
   </div>
   <div class='ocr_carea' id='block_1_89' title="bbox 1830 4186 3420 4258">
    <p class='ocr_par' dir='ltr' id='par_1_89' title="bbox 1830 4186 3420 4258">
     <span class='ocr_line' id='line_1_89' title="bbox 1830 4186 3420 4258; baseline 0.002 -18"><span class='ocrx_word' id='word_1_600' title='bbox 1830 4187 1977 4256; x_wconf 91' lang='lat' dir='ltr'>quod</span> <span class='ocrx_word' id='word_1_601' title='bbox 2010 4204 2157 4257; x_wconf 81' lang='lat' dir='ltr'>saepe</span> <span class='ocrx_word' id='word_1_602' title='bbox 2181 4187 2364 4242; x_wconf 87' lang='lat' dir='ltr'>dictus</span> <span class='ocrx_word' id='word_1_603' title='bbox 2400 4187 2570 4241; x_wconf 91' lang='lat' dir='ltr'>Pater</span> <span class='ocrx_word' id='word_1_604' title='bbox 2603 4188 2718 4242; x_wconf 92' lang='lat' dir='ltr'>Deo</span> <span class='ocrx_word' id='word_1_605' title='bbox 2757 4186 3071 4257; x_wconf 82' lang='lat' dir='ltr'>inspirante</span> <span class='ocrx_word' id='word_1_606' title='bbox 3120 4187 3420 4258; x_wconf 85' lang='lat' dir='ltr'>ordinavit,</span> 
     </span>
    </p>
   </div>
   <div class='ocr_carea' id='block_1_90' title="bbox 1829 4276 3421 4351">
    <p class='ocr_par' dir='ltr' id='par_1_90' title="bbox 1829 4276 3421 4351">
     <span class='ocr_line' id='line_1_90' title="bbox 1829 4276 3421 4351; baseline 0.004 -22"><span class='ocrx_word' id='word_1_607' title='bbox 1829 4292 2010 4345; x_wconf 75' lang='lat' dir='ltr'>operae</span> <span class='ocrx_word' id='word_1_608' title='bbox 2031 4276 2273 4347; x_wconf 90' lang='lat' dir='ltr'>pretium</span> <span class='ocrx_word' id='word_1_609' title='bbox 2303 4282 2391 4330; x_wconf 92' lang='lat' dir='ltr'>est</span> <span class='ocrx_word' id='word_1_610' title='bbox 2408 4276 2600 4347; x_wconf 90' lang='lat' dir='ltr'>aliqua</span> <span class='ocrx_word' id='word_1_611' title='bbox 2627 4292 3088 4343; x_wconf 89' lang='lat' dir='ltr'>commemorare,</span> <span class='ocrx_word' id='word_1_612' title='bbox 3108 4277 3180 4332; x_wconf 89' lang='lat' dir='ltr'>de</span> <span class='ocrx_word' id='word_1_613' title='bbox 3216 4279 3421 4351; x_wconf 85' lang='lat' dir='ltr'>quibus</span> 
     </span>
    </p>
   </div>
   <div class='ocr_carea' id='block_1_91' title="bbox 1829 4364 3423 4438">
    <p class='ocr_par' dir='ltr' id='par_1_91' title="bbox 1829 4364 3423 4438">
     <span class='ocr_line' id='line_1_91' title="bbox 1829 4364 3423 4438; baseline 0.004 -20"><span class='ocrx_word' id='word_1_614' title='bbox 1829 4365 1966 4418; x_wconf 88' lang='lat' dir='ltr'>certi</span> <span class='ocrx_word' id='word_1_615' title='bbox 1993 4381 2188 4419; x_wconf 91' lang='lat' dir='ltr'>sumus</span> <span class='ocrx_word' id='word_1_616' title='bbox 2217 4364 2362 4419; x_wconf 90' lang='lat' dir='ltr'>sicut</span> <span class='ocrx_word' id='word_1_617' title='bbox 2388 4365 2447 4419; x_wconf 92' lang='lat' dir='ltr'>in</span> <span class='ocrx_word' id='word_1_618' title='bbox 2477 4364 2738 4436; x_wconf 81' lang='lat' dir='ltr'>praesenti</span> <span class='ocrx_word' id='word_1_619' title='bbox 2765 4370 3044 4438; x_wconf 89' lang='lat' dir='ltr'>tempore,</span> <span class='ocrx_word' id='word_1_620' title='bbox 3076 4367 3161 4422; x_wconf 86' lang='lat' dir='ltr'>ita</span> <span class='ocrx_word' id='word_1_621' title='bbox 3177 4368 3310 4424; x_wconf 88' lang='lat' dir='ltr'>etin</span> <span class='ocrx_word' id='word_1_622' title='bbox 3339 4370 3423 4426; x_wconf 77' lang='lat' dir='ltr'>fu-</span> 
     </span>
    </p>
   </div>
   <div class='ocr_carea' id='block_1_92' title="bbox 142 4453 3421 4529">
    <p class='ocr_par' dir='ltr' id='par_1_92' title="bbox 142 4453 3421 4529">
     <span class='ocr_line' id='line_1_92' title="bbox 142 4453 3421 4529; baseline 0.002 -21"><span class='ocrx_word' id='word_1_623' title='bbox 142 4459 332 4525; x_wconf 80' lang='lat' dir='ltr'>pauci,</span> <span class='ocrx_word' id='word_1_624' title='bbox 356 4455 490 4510; x_wconf 89' lang='lat' dir='ltr'>dum</span> <span class='ocrx_word' id='word_1_625' title='bbox 512 4473 607 4510; x_wconf 90' lang='lat' dir='ltr'>eos</span> <span class='ocrx_word' id='word_1_626' title='bbox 633 4458 728 4527; x_wconf 91' lang='lat' dir='ltr'>qui</span> <span class='ocrx_word' id='word_1_627' title='bbox 759 4457 883 4511; x_wconf 90' lang='lat' dir='ltr'>aliis</span> <span class='ocrx_word' id='word_1_628' title='bbox 902 4457 1108 4511; x_wconf 91' lang='lat' dir='ltr'>debent</span> <span class='ocrx_word' id='word_1_629' title='bbox 1124 4474 1380 4528; x_wconf 84' lang='lat' dir='ltr'>praeesse,</span> <span class='ocrx_word' id='word_1_630' title='bbox 1413 4464 1471 4512; x_wconf 92' lang='lat' dir='ltr'>et</span> <span class='ocrx_word' id='word_1_631' title='bbox 1488 4474 1656 4528; x_wconf 90' lang='lat' dir='ltr'>opere</span> <span class='ocrx_word' id='word_1_632' title='bbox 1686 4453 1805 4512; x_wconf 91' lang='lat' dir='ltr'>etD</span> <span class='ocrx_word' id='word_1_633' title='bbox 1828 4461 1955 4508; x_wconf 91' lang='lat' dir='ltr'>turo</span> <span class='ocrx_word' id='word_1_634' title='bbox 1984 4456 2191 4509; x_wconf 86' lang='lat' dir='ltr'>multos</span> <span class='ocrx_word' id='word_1_635' title='bbox 2219 4471 2380 4526; x_wconf 90' lang='lat' dir='ltr'>posse</span> <span class='ocrx_word' id='word_1_636' title='bbox 2417 4456 2707 4527; x_wconf 85' lang='lat' dir='ltr'>procere.</span> <span class='ocrx_word' id='word_1_637' title='bbox 2736 4454 2822 4510; x_wconf 86' lang='lat' dir='ltr'>Ad</span> <span class='ocrx_word' id='word_1_638' title='bbox 2868 4460 3173 4512; x_wconf 87' lang='lat' dir='ltr'>nocturnas</span> <span class='ocrx_word' id='word_1_639' title='bbox 3200 4457 3421 4529; x_wconf 83' lang='lat' dir='ltr'>vigilias</span> 
     </span>
    </p>
   </div>
   <div class='ocr_carea' id='block_1_93' title="bbox 145 4545 1745 4617">
    <p class='ocr_par' dir='ltr' id='par_1_93' title="bbox 145 4545 1745 4617">
     <span class='ocr_line' id='line_1_93' title="bbox 145 4545 1745 4617; baseline 0.002 -19"><span class='ocrx_word' id='word_1_640' title='bbox 145 4551 638 4615; x_wconf 82' lang='lat' dir='ltr'>sermoneOportet</span> <span class='ocrx_word' id='word_1_641' title='bbox 658 4563 777 4600; x_wconf 90' lang='lat' dir='ltr'>esse</span> <span class='ocrx_word' id='word_1_642' title='bbox 808 4545 1089 4617; x_wconf 91' lang='lat' dir='ltr'>probatos,</span> <span class='ocrx_word' id='word_1_643' title='bbox 1127 4562 1192 4600; x_wconf 90' lang='lat' dir='ltr'>ac</span> <span class='ocrx_word' id='word_1_644' title='bbox 1222 4563 1330 4600; x_wconf 92' lang='lat' dir='ltr'>non</span> <span class='ocrx_word' id='word_1_645' title='bbox 1362 4548 1548 4601; x_wconf 92' lang='lat' dir='ltr'>minus</span> <span class='ocrx_word' id='word_1_646' title='bbox 1571 4563 1745 4601; x_wconf 67' lang='lat' dir='ltr'>saecu-</span> 
     </span>
    </p>
   </div>
   <div class='ocr_carea' id='block_1_94' title="bbox 146 4633 1743 4707">
    <p class='ocr_par' dir='ltr' id='par_1_94' title="bbox 146 4633 1743 4707">
     <span class='ocr_line' id='line_1_94' title="bbox 146 4633 1743 4707; baseline 0.002 -21"><span class='ocrx_word' id='word_1_647' title='bbox 146 4633 253 4686; x_wconf 90' lang='lat' dir='ltr'>lari</span> <span class='ocrx_word' id='word_1_648' title='bbox 281 4634 514 4688; x_wconf 84' lang='lat' dir='ltr'>scientia</span> <span class='ocrx_word' id='word_1_649' title='bbox 546 4652 713 4705; x_wconf 90' lang='lat' dir='ltr'>quam</span> <span class='ocrx_word' id='word_1_650' title='bbox 745 4635 1023 4706; x_wconf 85' lang='lat' dir='ltr'>spirituali</span> <span class='ocrx_word' id='word_1_651' title='bbox 1050 4635 1427 4690; x_wconf 90' lang='lat' dir='ltr'>cruditos.Sed</span> <span class='ocrx_word' id='word_1_652' title='bbox 1455 4636 1584 4707; x_wconf 86' lang='lat' dir='ltr'>quia</span> <span class='ocrx_word' id='word_1_653' title='bbox 1602 4652 1743 4706; x_wconf 90' lang='lat' dir='ltr'>pau-</span> 
     </span>
    </p>
   </div>
   <div class='ocr_carea' id='block_1_95' title="bbox 143 4721 1742 4796">
    <p class='ocr_par' dir='ltr' id='par_1_95' title="bbox 143 4721 1742 4796">
     <span class='ocr_line' id='line_1_95' title="bbox 143 4721 1742 4796; baseline 0.003 -22"><span class='ocrx_word' id='word_1_654' title='bbox 143 4721 357 4775; x_wconf 88' lang='lat' dir='ltr'>cissimi</span> <span class='ocrx_word' id='word_1_655' title='bbox 403 4723 772 4776; x_wconf 89' lang='lat' dir='ltr'>inveniuntur</span> <span class='ocrx_word' id='word_1_656' title='bbox 826 4723 921 4794; x_wconf 90' lang='lat' dir='ltr'>qui</span> <span class='ocrx_word' id='word_1_657' title='bbox 972 4730 1211 4794; x_wconf 88' lang='lat' dir='ltr'>utroque</span> <span class='ocrx_word' id='word_1_658' title='bbox 1242 4724 1511 4794; x_wconf 84' lang='lat' dir='ltr'>polleant,</span> <span class='ocrx_word' id='word_1_659' title='bbox 1551 4727 1742 4796; x_wconf 88' lang='lat' dir='ltr'>plures</span> 
     </span>
    </p>
   </div>
   <div class='ocr_carea' id='block_1_96' title="bbox 142 4811 1744 4883">
    <p class='ocr_par' dir='ltr' id='par_1_96' title="bbox 142 4811 1744 4883">
     <span class='ocr_line' id='line_1_96' title="bbox 142 4811 1744 4883; baseline 0.003 -20"><span class='ocrx_word' id='word_1_660' title='bbox 142 4816 339 4864; x_wconf 88' lang='lat' dir='ltr'>tamen</span> <span class='ocrx_word' id='word_1_661' title='bbox 358 4817 493 4864; x_wconf 90' lang='lat' dir='ltr'>sunt</span> <span class='ocrx_word' id='word_1_662' title='bbox 517 4811 611 4881; x_wconf 92' lang='lat' dir='ltr'>qui</span> <span class='ocrx_word' id='word_1_663' title='bbox 642 4828 816 4867; x_wconf 89' lang='lat' dir='ltr'>unum</span> <span class='ocrx_word' id='word_1_664' title='bbox 853 4812 975 4865; x_wconf 91' lang='lat' dir='ltr'>sine</span> <span class='ocrx_word' id='word_1_665' title='bbox 1005 4813 1183 4866; x_wconf 88' lang='lat' dir='ltr'>altero</span> <span class='ocrx_word' id='word_1_666' title='bbox 1212 4813 1553 4883; x_wconf 83' lang='lat' dir='ltr'>possideant,</span> <span class='ocrx_word' id='word_1_667' title='bbox 1572 4814 1627 4867; x_wconf 93' lang='lat' dir='ltr'>id</span> <span class='ocrx_word' id='word_1_668' title='bbox 1658 4820 1744 4868; x_wconf 90' lang='lat' dir='ltr'>est</span> 
     </span>
    </p>
   </div>
   <div class='ocr_carea' id='block_1_97' title="bbox 144 4899 1743 4973">
    <p class='ocr_par' dir='ltr' id='par_1_97' title="bbox 144 4899 1743 4973">
     <span class='ocr_line' id='line_1_97' title="bbox 144 4899 1743 4973; baseline 0.003 -21"><span class='ocrx_word' id='word_1_669' title='bbox 144 4904 245 4953; x_wconf 88' lang='lat' dir='ltr'>aut</span> <span class='ocrx_word' id='word_1_670' title='bbox 265 4899 438 4953; x_wconf 87' lang='lat' dir='ltr'>vitam</span> <span class='ocrx_word' id='word_1_671' title='bbox 468 4899 670 4955; x_wconf 88' lang='lat' dir='ltr'>bonam</span> <span class='ocrx_word' id='word_1_672' title='bbox 691 4900 810 4954; x_wconf 91' lang='lat' dir='ltr'>sine</span> <span class='ocrx_word' id='word_1_673' title='bbox 823 4900 1057 4955; x_wconf 89' lang='lat' dir='ltr'>scientia</span> <span class='ocrx_word' id='word_1_674' title='bbox 1078 4903 1163 4954; x_wconf 83' lang='lat' dir='ltr'>vel</span> <span class='ocrx_word' id='word_1_675' title='bbox 1184 4903 1505 4973; x_wconf 89' lang='lat' dir='ltr'>eloquentia</span> <span class='ocrx_word' id='word_1_676' title='bbox 1541 4903 1743 4957; x_wconf 89' lang='lat' dir='ltr'>doctri-</span> 
     </span>
    </p>
   </div>
   <div class='ocr_carea' id='block_1_98' title="bbox 142 4988 1741 5060">
    <p class='ocr_par' dir='ltr' id='par_1_98' title="bbox 142 4988 1741 5060">
     <span class='ocr_line' id='line_1_98' title="bbox 142 4988 1741 5060; baseline 0.003 -19"><span class='ocrx_word' id='word_1_677' title='bbox 142 5004 251 5045; x_wconf 64' lang='lat' dir='ltr'>nm.</span> <span class='ocrx_word' id='word_1_678' title='bbox 282 4994 383 5042; x_wconf 90' lang='lat' dir='ltr'>aut</span> <span class='ocrx_word' id='word_1_679' title='bbox 399 4988 631 5043; x_wconf 88' lang='lat' dir='ltr'>verbum</span> <span class='ocrx_word' id='word_1_680' title='bbox 652 4990 917 5043; x_wconf 63' lang='lat' dir='ltr'>doctrinae</span> <span class='ocrx_word' id='word_1_681' title='bbox 937 4990 1057 5044; x_wconf 90' lang='lat' dir='ltr'>sine</span> <span class='ocrx_word' id='word_1_682' title='bbox 1082 4991 1341 5060; x_wconf 77' lang='lat' dir='ltr'>religiosa</span> <span class='ocrx_word' id='word_1_683' title='bbox 1365 4993 1741 5047; x_wconf 90' lang='lat' dir='ltr'>conversatio-</span> 
     </span>
    </p>
   </div>
   <div class='ocr_carea' id='block_1_99' title="bbox 143 5076 1743 5151">
    <p class='ocr_par' dir='ltr' id='par_1_99' title="bbox 143 5076 1743 5151">
     <span class='ocr_line' id='line_1_99' title="bbox 143 5076 1743 5151; baseline 0.003 -20"><span class='ocrx_word' id='word_1_684' title='bbox 143 5094 235 5132; x_wconf 92' lang='lat' dir='ltr'>ne.</span> <span class='ocrx_word' id='word_1_685' title='bbox 264 5078 373 5132; x_wconf 90' lang='lat' dir='ltr'>Eos</span> <span class='ocrx_word' id='word_1_686' title='bbox 401 5076 496 5131; x_wconf 91' lang='lat' dir='ltr'>ille</span> <span class='ocrx_word' id='word_1_687' title='bbox 526 5078 747 5149; x_wconf 87' lang='lat' dir='ltr'>sapiens</span> <span class='ocrx_word' id='word_1_688' title='bbox 793 5078 1130 5133; x_wconf 88' lang='lat' dir='ltr'>architectus</span> <span class='ocrx_word' id='word_1_689' title='bbox 1176 5080 1394 5135; x_wconf 89' lang='lat' dir='ltr'>studuit</span> <span class='ocrx_word' id='word_1_690' title='bbox 1421 5081 1581 5151; x_wconf 87' lang='lat' dir='ltr'>quasi</span> <span class='ocrx_word' id='word_1_691' title='bbox 1608 5098 1743 5151; x_wconf 89' lang='lat' dir='ltr'>qua-</span> 
     </span>
    </p>
   </div>
   <div class='ocr_carea' id='block_1_100' title="bbox 143 5166 1743 5240">
    <p class='ocr_par' dir='ltr' id='par_1_100' title="bbox 143 5166 1743 5240">
     <span class='ocr_line' id='line_1_100' title="bbox 143 5166 1743 5240; baseline 0.002 -20"><span class='ocrx_word' id='word_1_692' title='bbox 143 5167 337 5221; x_wconf 90' lang='lat' dir='ltr'>dratos</span> <span class='ocrx_word' id='word_1_693' title='bbox 368 5166 604 5237; x_wconf 88' lang='lat' dir='ltr'>lapides,</span> <span class='ocrx_word' id='word_1_694' title='bbox 639 5166 735 5220; x_wconf 91' lang='lat' dir='ltr'>ubi</span> <span class='ocrx_word' id='word_1_695' title='bbox 783 5174 1140 5239; x_wconf 89' lang='lat' dir='ltr'>apparerent,</span> <span class='ocrx_word' id='word_1_696' title='bbox 1194 5170 1250 5222; x_wconf 92' lang='lat' dir='ltr'>in</span> <span class='ocrx_word' id='word_1_697' title='bbox 1306 5169 1539 5223; x_wconf 61' lang='lat' dir='ltr'>aedicio</span> <span class='ocrx_word' id='word_1_698' title='bbox 1570 5171 1743 5240; x_wconf 83' lang='lat' dir='ltr'>spiri-</span> 
     </span>
    </p>
   </div>
   <div class='ocr_carea' id='block_1_101' title="bbox 140 5255 1740 5327">
    <p class='ocr_par' dir='ltr' id='par_1_101' title="bbox 140 5255 1740 5327">
     <span class='ocr_line' id='line_1_101' title="bbox 140 5255 1740 5327; baseline 0.002 -18"><span class='ocrx_word' id='word_1_699' title='bbox 140 5255 281 5309; x_wconf 89' lang='lat' dir='ltr'>tuali</span> <span class='ocrx_word' id='word_1_700' title='bbox 312 5270 662 5326; x_wconf 87' lang='lat' dir='ltr'>promovere,</span> <span class='ocrx_word' id='word_1_701' title='bbox 695 5273 834 5326; x_wconf 84' lang='lat' dir='ltr'>quos</span> <span class='ocrx_word' id='word_1_702' title='bbox 860 5256 1014 5310; x_wconf 90' lang='lat' dir='ltr'>novit</span> <span class='ocrx_word' id='word_1_703' title='bbox 1039 5258 1295 5327; x_wconf 84' lang='lat' dir='ltr'>expolitis</span> <span class='ocrx_word' id='word_1_704' title='bbox 1338 5258 1588 5312; x_wconf 89' lang='lat' dir='ltr'>moribus</span> <span class='ocrx_word' id='word_1_705' title='bbox 1620 5259 1740 5313; x_wconf 85' lang='lat' dir='ltr'>lau-</span> 
     </span>
    </p>
   </div>
   <div class='ocr_carea' id='block_1_102' title="bbox 142 5343 1739 5410">
    <p class='ocr_par' dir='ltr' id='par_1_102' title="bbox 142 5343 1739 5410">
     <span class='ocr_line' id='line_1_102' title="bbox 142 5343 1739 5410; baseline 0.003 -13"><span class='ocrx_word' id='word_1_706' title='bbox 142 5344 407 5398; x_wconf 86' lang='lat' dir='ltr'>dabiliter</span> <span class='ocrx_word' id='word_1_707' title='bbox 431 5343 635 5410; x_wconf 88' lang='lat' dir='ltr'>vivere,</span> <span class='ocrx_word' id='word_1_708' title='bbox 667 5344 888 5398; x_wconf 89' lang='lat' dir='ltr'>etiamsi</span> <span class='ocrx_word' id='word_1_709' title='bbox 932 5352 1136 5400; x_wconf 70' lang='lat' dir='ltr'>caetera</span> <span class='ocrx_word' id='word_1_710' title='bbox 1190 5347 1504 5400; x_wconf 89' lang='lat' dir='ltr'>necessaria</span> <span class='ocrx_word' id='word_1_711' title='bbox 1553 5348 1739 5401; x_wconf 89' lang='lat' dir='ltr'>minus</span> 
     </span>
    </p>
   </div>
   <div class='ocr_carea' id='block_1_103' title="bbox 142 5432 1738 5504">
    <p class='ocr_par' dir='ltr' id='par_1_103' title="bbox 142 5432 1738 5504">
     <span class='ocr_line' id='line_1_103' title="bbox 142 5432 1738 5504; baseline 0.002 -17"><span class='ocrx_word' id='word_1_712' title='bbox 142 5439 540 5504; x_wconf 86' lang='lat' dir='ltr'>suppeterent;</span> <span class='ocrx_word' id='word_1_713' title='bbox 573 5432 631 5486; x_wconf 91' lang='lat' dir='ltr'>in</span> <span class='ocrx_word' id='word_1_714' title='bbox 678 5433 783 5487; x_wconf 85' lang='lat' dir='ltr'>hoc</span> <span class='ocrx_word' id='word_1_715' title='bbox 828 5451 1071 5504; x_wconf 88' lang='lat' dir='ltr'>sequens</span> <span class='ocrx_word' id='word_1_716' title='bbox 1121 5435 1483 5489; x_wconf 87' lang='lat' dir='ltr'>memorabile</span> <span class='ocrx_word' id='word_1_717' title='bbox 1529 5435 1738 5490; x_wconf 88' lang='lat' dir='ltr'>factum</span> 
     </span>
    </p>
   </div>
   <div class='ocr_carea' id='block_1_104' title="bbox 144 5520 1741 5593">
    <p class='ocr_par' dir='ltr' id='par_1_104' title="bbox 144 5520 1741 5593">
     <span class='ocr_line' id='line_1_104' title="bbox 144 5520 1741 5593; baseline 0.001 -17"><span class='ocrx_word' id='word_1_718' title='bbox 144 5520 402 5592; x_wconf 89' lang='lat' dir='ltr'>Gregorii</span> <span class='ocrx_word' id='word_1_719' title='bbox 432 5537 591 5591; x_wconf 64' lang='lat' dir='ltr'>papae</span> <span class='ocrx_word' id='word_1_720' title='bbox 616 5521 862 5591; x_wconf 89' lang='lat' dir='ltr'>septimi.</span> <span class='ocrx_word' id='word_1_721' title='bbox 894 5521 1036 5577; x_wconf 88' lang='lat' dir='ltr'>Huic</span> <span class='ocrx_word' id='word_1_722' title='bbox 1083 5523 1232 5576; x_wconf 91' lang='lat' dir='ltr'>enim</span> <span class='ocrx_word' id='word_1_723' title='bbox 1258 5525 1549 5593; x_wconf 88' lang='lat' dir='ltr'>cujusdam</span> <span class='ocrx_word' id='word_1_724' title='bbox 1573 5526 1741 5579; x_wconf 87' lang='lat' dir='ltr'>eccle-</span> 
     </span>
    </p>
   </div>
   <div class='ocr_carea' id='block_1_105' title="bbox 145 5610 1741 5683">
    <p class='ocr_par' dir='ltr' id='par_1_105' title="bbox 145 5610 1741 5683">
     <span class='ocr_line' id='line_1_105' title="bbox 145 5610 1741 5683; baseline 0.002 -18"><span class='ocrx_word' id='word_1_725' title='bbox 145 5612 237 5665; x_wconf 72' lang='lat' dir='ltr'>sia:</span> <span class='ocrx_word' id='word_1_726' title='bbox 265 5611 451 5665; x_wconf 87' lang='lat' dir='ltr'>clerus</span> <span class='ocrx_word' id='word_1_727' title='bbox 481 5616 539 5663; x_wconf 91' lang='lat' dir='ltr'>et</span> <span class='ocrx_word' id='word_1_728' title='bbox 565 5611 806 5681; x_wconf 89' lang='lat' dir='ltr'>populus</span> <span class='ocrx_word' id='word_1_729' title='bbox 853 5610 994 5664; x_wconf 91' lang='lat' dir='ltr'>duos</span> <span class='ocrx_word' id='word_1_730' title='bbox 1023 5612 1227 5667; x_wconf 88' lang='lat' dir='ltr'>electos</span> <span class='ocrx_word' id='word_1_731' title='bbox 1258 5612 1328 5666; x_wconf 89' lang='lat' dir='ltr'>ad</span> <span class='ocrx_word' id='word_1_732' title='bbox 1357 5613 1741 5683; x_wconf 84' lang='lat' dir='ltr'>episcopatum</span> 
     </span>
    </p>
   </div>
   <div class='ocr_carea' id='block_1_106' title="bbox 1824 4544 3425 4620">
    <p class='ocr_par' dir='ltr' id='par_1_106' title="bbox 1824 4544 3425 4620">
     <span class='ocr_line' id='line_1_106' title="bbox 1824 4544 3425 4620; baseline 0.004 -23"><span class='ocrx_word' id='word_1_733' title='bbox 1824 4545 2085 4597; x_wconf 90' lang='lat' dir='ltr'>omnesin</span> <span class='ocrx_word' id='word_1_734' title='bbox 2099 4544 2389 4598; x_wconf 88' lang='lat' dir='ltr'>ecclesiam</span> <span class='ocrx_word' id='word_1_735' title='bbox 2412 4544 2769 4611; x_wconf 86' lang='lat' dir='ltr'>conveniunt,</span> <span class='ocrx_word' id='word_1_736' title='bbox 2814 4545 3018 4617; x_wconf 90' lang='lat' dir='ltr'>quibus</span> <span class='ocrx_word' id='word_1_737' title='bbox 3036 4552 3227 4602; x_wconf 89' lang='lat' dir='ltr'>tamen</span> <span class='ocrx_word' id='word_1_738' title='bbox 3258 4564 3425 4620; x_wconf 88' lang='lat' dir='ltr'>prop-</span> 
     </span>
    </p>
   </div>
   <div class='ocr_carea' id='block_1_107' title="bbox 1824 4632 3423 4706">
    <p class='ocr_par' dir='ltr' id='par_1_107' title="bbox 1824 4632 3423 4706">
     <span class='ocr_line' id='line_1_107' title="bbox 1824 4632 3423 4706; baseline 0.005 -20"><span class='ocrx_word' id='word_1_739' title='bbox 1824 4638 1913 4686; x_wconf 90' lang='lat' dir='ltr'>ter</span> <span class='ocrx_word' id='word_1_740' title='bbox 1965 4632 2232 4687; x_wconf 92' lang='lat' dir='ltr'>diurnum</span> <span class='ocrx_word' id='word_1_741' title='bbox 2274 4632 2589 4704; x_wconf 90' lang='lat' dir='ltr'>injunctum</span> <span class='ocrx_word' id='word_1_742' title='bbox 2644 4633 2829 4706; x_wconf 91' lang='lat' dir='ltr'>operis</span> <span class='ocrx_word' id='word_1_743' title='bbox 2884 4634 3137 4691; x_wconf 89' lang='lat' dir='ltr'>laborem</span> <span class='ocrx_word' id='word_1_744' title='bbox 3178 4636 3423 4694; x_wconf 85' lang='lat' dir='ltr'>breviter</span> 
     </span>
    </p>
   </div>
   <div class='ocr_carea' id='block_1_108' title="bbox 1824 4722 3420 4794">
    <p class='ocr_par' dir='ltr' id='par_1_108' title="bbox 1824 4722 3420 4794">
     <span class='ocr_line' id='line_1_108' title="bbox 1824 4722 3420 4794; baseline 0.003 -17"><span class='ocrx_word' id='word_1_745' title='bbox 1824 4722 2088 4777; x_wconf 88' lang='lat' dir='ltr'>Matutini</span> <span class='ocrx_word' id='word_1_746' title='bbox 2119 4722 2508 4777; x_wconf 88' lang='lat' dir='ltr'>decantantur.</span> <span class='ocrx_word' id='word_1_747' title='bbox 2543 4723 2747 4777; x_wconf 89' lang='lat' dir='ltr'>Postea</span> <span class='ocrx_word' id='word_1_748' title='bbox 2778 4723 2874 4794; x_wconf 88' lang='lat' dir='ltr'>qui</span> <span class='ocrx_word' id='word_1_749' title='bbox 2910 4724 3107 4780; x_wconf 89' lang='lat' dir='ltr'>volunt</span> <span class='ocrx_word' id='word_1_750' title='bbox 3146 4725 3218 4780; x_wconf 88' lang='lat' dir='ltr'>ad</span> <span class='ocrx_word' id='word_1_751' title='bbox 3246 4724 3420 4782; x_wconf 82' lang='lat' dir='ltr'>lectos</span> 
     </span>
    </p>
   </div>
   <div class='ocr_carea' id='block_1_109' title="bbox 1823 4811 3422 4883">
    <p class='ocr_par' dir='ltr' id='par_1_109' title="bbox 1823 4811 3422 4883">
     <span class='ocr_line' id='line_1_109' title="bbox 1823 4811 3422 4883; baseline 0.004 -18"><span class='ocrx_word' id='word_1_752' title='bbox 1823 4817 2198 4877; x_wconf 90' lang='lat' dir='ltr'>revertuntur,</span> <span class='ocrx_word' id='word_1_753' title='bbox 2265 4811 2363 4865; x_wconf 90' lang='lat' dir='ltr'>alii</span> <span class='ocrx_word' id='word_1_754' title='bbox 2423 4811 2481 4865; x_wconf 91' lang='lat' dir='ltr'>in</span> <span class='ocrx_word' id='word_1_755' title='bbox 2535 4812 2767 4866; x_wconf 90' lang='lat' dir='ltr'>ecclesia</span> <span class='ocrx_word' id='word_1_756' title='bbox 2821 4824 3198 4883; x_wconf 82' lang='lat' dir='ltr'>perseverant,</span> <span class='ocrx_word' id='word_1_757' title='bbox 3241 4814 3422 4871; x_wconf 89' lang='lat' dir='ltr'>donec</span> 
     </span>
    </p>
   </div>
   <div class='ocr_carea' id='block_1_110' title="bbox 1823 4900 3420 4959">
    <p class='ocr_par' dir='ltr' id='par_1_110' title="bbox 1823 4900 3420 4959">
     <span class='ocr_line' id='line_1_110' title="bbox 1823 4900 3420 4959; baseline 0.003 -4"><span class='ocrx_word' id='word_1_758' title='bbox 1823 4900 2083 4955; x_wconf 89' lang='lat' dir='ltr'>nocturni</span> <span class='ocrx_word' id='word_1_759' title='bbox 2102 4916 2134 4954; x_wconf 92' lang='lat' dir='ltr'>a</span> <span class='ocrx_word' id='word_1_760' title='bbox 2148 4900 2435 4954; x_wconf 90' lang='lat' dir='ltr'>monachis</span> <span class='ocrx_word' id='word_1_761' title='bbox 2450 4900 2978 4955; x_wconf 83' lang='lat' dir='ltr'>niantur.Summo</span> <span class='ocrx_word' id='word_1_762' title='bbox 2998 4919 3165 4958; x_wconf 88' lang='lat' dir='ltr'>mane</span> <span class='ocrx_word' id='word_1_763' title='bbox 3186 4903 3420 4959; x_wconf 88' lang='lat' dir='ltr'>missam</span> 
     </span>
    </p>
   </div>
   <div class='ocr_carea' id='block_1_111' title="bbox 1823 4988 3419 5063">
    <p class='ocr_par' dir='ltr' id='par_1_111' title="bbox 1823 4988 3419 5063">
     <span class='ocr_line' id='line_1_111' title="bbox 1823 4988 3419 5063; baseline 0.003 -19"><span class='ocrx_word' id='word_1_764' title='bbox 1823 4990 2088 5057; x_wconf 91' lang='lat' dir='ltr'>audiunt;</span> <span class='ocrx_word' id='word_1_765' title='bbox 2121 4988 2322 5043; x_wconf 91' lang='lat' dir='ltr'>deinde</span> <span class='ocrx_word' id='word_1_766' title='bbox 2352 4988 2423 5042; x_wconf 92' lang='lat' dir='ltr'>ad</span> <span class='ocrx_word' id='word_1_767' title='bbox 2451 4988 2760 5059; x_wconf 89' lang='lat' dir='ltr'>capitulum</span> <span class='ocrx_word' id='word_1_768' title='bbox 2804 4990 3161 5057; x_wconf 90' lang='lat' dir='ltr'>conveniunt,</span> <span class='ocrx_word' id='word_1_769' title='bbox 3207 4991 3287 5046; x_wconf 92' lang='lat' dir='ltr'>ibi</span> <span class='ocrx_word' id='word_1_770' title='bbox 3316 5008 3419 5063; x_wconf 88' lang='lat' dir='ltr'>pro</span> 
     </span>
    </p>
   </div>
   <div class='ocr_carea' id='block_1_112' title="bbox 1823 5076 3420 5151">
    <p class='ocr_par' dir='ltr' id='par_1_112' title="bbox 1823 5076 3420 5151">
     <span class='ocr_line' id='line_1_112' title="bbox 1823 5076 3420 5151; baseline 0.002 -18"><span class='ocrx_word' id='word_1_771' title='bbox 1823 5078 2054 5133; x_wconf 90' lang='lat' dir='ltr'>diversis</span> <span class='ocrx_word' id='word_1_772' title='bbox 2083 5076 2398 5132; x_wconf 80' lang='lat' dir='ltr'>excessibus</span> <span class='ocrx_word' id='word_1_773' title='bbox 2422 5076 2642 5131; x_wconf 84' lang='lat' dir='ltr'>veniam</span> <span class='ocrx_word' id='word_1_774' title='bbox 2690 5083 2911 5149; x_wconf 89' lang='lat' dir='ltr'>petunt,</span> <span class='ocrx_word' id='word_1_775' title='bbox 2941 5084 2999 5134; x_wconf 88' lang='lat' dir='ltr'>et</span> <span class='ocrx_word' id='word_1_776' title='bbox 3043 5096 3351 5151; x_wconf 86' lang='lat' dir='ltr'>congruam</span> <span class='ocrx_word' id='word_1_777' title='bbox 3384 5097 3420 5136; x_wconf 87' lang='lat' dir='ltr'>a</span> 
     </span>
    </p>
   </div>
   <div class='ocr_carea' id='block_1_113' title="bbox 1822 5165 3423 5240">
    <p class='ocr_par' dir='ltr' id='par_1_113' title="bbox 1822 5165 3423 5240">
     <span class='ocr_line' id='line_1_113' title="bbox 1822 5165 3423 5240; baseline 0.001 -17"><span class='ocrx_word' id='word_1_778' title='bbox 1822 5168 2092 5239; x_wconf 89' lang='lat' dir='ltr'>Magistro</span> <span class='ocrx_word' id='word_1_779' title='bbox 2149 5166 2501 5237; x_wconf 85' lang='lat' dir='ltr'>disciplinam</span> <span class='ocrx_word' id='word_1_780' title='bbox 2540 5165 2837 5237; x_wconf 88' lang='lat' dir='ltr'>accipiunt.</span> <span class='ocrx_word' id='word_1_781' title='bbox 2897 5167 3021 5231; x_wconf 87' lang='lat' dir='ltr'>Quo</span> <span class='ocrx_word' id='word_1_782' title='bbox 3074 5174 3322 5240; x_wconf 85' lang='lat' dir='ltr'>peracto,</span> <span class='ocrx_word' id='word_1_783' title='bbox 3363 5176 3423 5226; x_wconf 86' lang='lat' dir='ltr'>et</span> 
     </span>
    </p>
   </div>
   <div class='ocr_carea' id='block_1_114' title="bbox 1823 5254 3421 5327">
    <p class='ocr_par' dir='ltr' id='par_1_114' title="bbox 1823 5254 3421 5327">
     <span class='ocr_line' id='line_1_114' title="bbox 1823 5254 3421 5327; baseline 0.001 -16"><span class='ocrx_word' id='word_1_784' title='bbox 1823 5254 2426 5327; x_wconf 83' lang='lat' dir='ltr'>subsequente,quibus</span> <span class='ocrx_word' id='word_1_785' title='bbox 2443 5269 2666 5308; x_wconf 89' lang='lat' dir='ltr'>necesse</span> <span class='ocrx_word' id='word_1_786' title='bbox 2690 5261 2795 5321; x_wconf 89' lang='lat' dir='ltr'>est,</span> <span class='ocrx_word' id='word_1_787' title='bbox 2819 5261 3177 5326; x_wconf 89' lang='lat' dir='ltr'>peccatorum</span> <span class='ocrx_word' id='word_1_788' title='bbox 3207 5257 3421 5313; x_wconf 87' lang='lat' dir='ltr'>confes-</span> 
     </span>
    </p>
   </div>
   <div class='ocr_carea' id='block_1_115' title="bbox 1823 5342 3419 5415">
    <p class='ocr_par' dir='ltr' id='par_1_115' title="bbox 1823 5342 3419 5415">
     <span class='ocr_line' id='line_1_115' title="bbox 1823 5342 3419 5415; baseline 0.003 -17"><span class='ocrx_word' id='word_1_789' title='bbox 1823 5345 1980 5399; x_wconf 91' lang='lat' dir='ltr'>sione</span> <span class='ocrx_word' id='word_1_790' title='bbox 2015 5344 2400 5415; x_wconf 88' lang='lat' dir='ltr'>unusquisque</span> <span class='ocrx_word' id='word_1_791' title='bbox 2419 5342 2490 5397; x_wconf 88' lang='lat' dir='ltr'>ad</span> <span class='ocrx_word' id='word_1_792' title='bbox 2528 5359 2668 5415; x_wconf 93' lang='lat' dir='ltr'>opus</span> <span class='ocrx_word' id='word_1_793' title='bbox 2695 5344 2801 5398; x_wconf 91' lang='lat' dir='ltr'>sibi</span> <span class='ocrx_word' id='word_1_794' title='bbox 2828 5345 3142 5415; x_wconf 87' lang='lat' dir='ltr'>injunctum</span> <span class='ocrx_word' id='word_1_795' title='bbox 3172 5346 3419 5403; x_wconf 89' lang='lat' dir='ltr'>divertit.</span> 
     </span>
    </p>
   </div>
   <div class='ocr_carea' id='block_1_116' title="bbox 1822 5433 3423 5505">
    <p class='ocr_par' dir='ltr' id='par_1_116' title="bbox 1822 5433 3423 5505">
     <span class='ocr_line' id='line_1_116' title="bbox 1822 5433 3423 5505; baseline 0.001 -16"><span class='ocrx_word' id='word_1_796' title='bbox 1822 5436 1965 5489; x_wconf 85' lang='lat' dir='ltr'>Nam</span> <span class='ocrx_word' id='word_1_797' title='bbox 1997 5434 2106 5487; x_wconf 89' lang='lat' dir='ltr'>illis</span> <span class='ocrx_word' id='word_1_798' title='bbox 2127 5434 2379 5503; x_wconf 89' lang='lat' dir='ltr'>injuncta</span> <span class='ocrx_word' id='word_1_799' title='bbox 2393 5438 2526 5487; x_wconf 92' lang='lat' dir='ltr'>sunt</span> <span class='ocrx_word' id='word_1_800' title='bbox 2543 5433 2767 5503; x_wconf 91' lang='lat' dir='ltr'>singula</span> <span class='ocrx_word' id='word_1_801' title='bbox 2797 5450 3031 5505; x_wconf 65' lang='lat' dir='ltr'>quaeque</span> <span class='ocrx_word' id='word_1_802' title='bbox 3059 5434 3244 5491; x_wconf 82' lang='lat' dir='ltr'>ofcia</span> <span class='ocrx_word' id='word_1_803' title='bbox 3270 5436 3423 5491; x_wconf 89' lang='lat' dir='ltr'>intra</span> 
     </span>
    </p>
   </div>
   <div class='ocr_carea' id='block_1_117' title="bbox 1826 5521 3421 5592">
    <p class='ocr_par' dir='ltr' id='par_1_117' title="bbox 1826 5521 3421 5592">
     <span class='ocr_line' id='line_1_117' title="bbox 1826 5521 3421 5592; baseline 0.003 -18"><span class='ocrx_word' id='word_1_804' title='bbox 1826 5524 1907 5576; x_wconf 87' lang='lat' dir='ltr'>vel</span> <span class='ocrx_word' id='word_1_805' title='bbox 1939 5529 2097 5576; x_wconf 85' lang='lat' dir='ltr'>extra</span> <span class='ocrx_word' id='word_1_806' title='bbox 2116 5521 2313 5575; x_wconf 89' lang='lat' dir='ltr'>cellam</span> <span class='ocrx_word' id='word_1_807' title='bbox 2342 5521 2609 5590; x_wconf 88' lang='lat' dir='ltr'>gerenda,</span> <span class='ocrx_word' id='word_1_808' title='bbox 2626 5537 2748 5592; x_wconf 70' lang='lat' dir='ltr'>quae</span> <span class='ocrx_word' id='word_1_809' title='bbox 2761 5528 2876 5575; x_wconf 90' lang='lat' dir='ltr'>tam</span> <span class='ocrx_word' id='word_1_810' title='bbox 2903 5521 3161 5588; x_wconf 77' lang='lat' dir='ltr'>fideliter,</span> <span class='ocrx_word' id='word_1_811' title='bbox 3186 5523 3421 5578; x_wconf 87' lang='lat' dir='ltr'>honeste</span> 
     </span>
    </p>
   </div>
   <div class='ocr_carea' id='block_1_118' title="bbox 1826 5611 3421 5693">
    <p class='ocr_par' dir='ltr' id='par_1_118' title="bbox 1826 5611 3421 5693">
     <span class='ocr_line' id='line_1_118' title="bbox 1826 5611 3421 5693; baseline 0.001 -24"><span class='ocrx_word' id='word_1_812' title='bbox 1826 5630 1891 5672; x_wconf 85' lang='lat' dir='ltr'>ac</span> <span class='ocrx_word' id='word_1_813' title='bbox 1914 5612 2217 5693; x_wconf 80' lang='lat' dir='ltr'>diligenter</span> <span class='ocrx_word' id='word_1_814' title='bbox 2245 5616 2491 5665; x_wconf 89' lang='lat' dir='ltr'>tractant</span> <span class='ocrx_word' id='word_1_815' title='bbox 2518 5617 2575 5666; x_wconf 91' lang='lat' dir='ltr'>et</span> <span class='ocrx_word' id='word_1_816' title='bbox 2593 5611 3011 5681; x_wconf 84' lang='lat' dir='ltr'>administrant,</span> <span class='ocrx_word' id='word_1_817' title='bbox 3050 5628 3117 5667; x_wconf 86' lang='lat' dir='ltr'>ac</span> <span class='ocrx_word' id='word_1_818' title='bbox 3170 5613 3277 5670; x_wconf 89' lang='lat' dir='ltr'>sia</span> <span class='ocrx_word' id='word_1_819' title='bbox 3303 5613 3421 5670; x_wconf 85' lang='lat' dir='ltr'>Deo</span> 
     </span>
    </p>
   </div>
  </div>
