3964 6360
504 327 609 387 919

1526 329 1582 387 S.
1626 331 2017 389 GUlLLELMI
2056 331 2362 390 ABBATIS
2399 332 2741 391 HIRSAUG.

3673 324 3783 384 (ΒΞ)

505 454 654 509 tians
677 454 1108 522 saeculo,sanctai
1129 457 1569 512 conversationis
1582 457 1837 513 habitum
1858 460 2099 530 sumpsit
2115 468 2167 527 Α
2185 459 2368 524 niunt,
2397 476 2453 512 1n
2484 458 2650 512 domo
2675 469 2986 527 pauperum
3016 452 3120 508 sub
3156 451 3341 507 laicali
3371 451 3569 507 habitu
3610 451 3783 506 servi-

504 544 612 599 sub
639 544 840 598 abbate
860 545 1182 611 Wilhelmo,
1207 562 1272 599 ac
1289 546 1359 600 de
1373 547 1614 617 propriis
1635 547 1799 601 rebus
1824 548 2103 618 quoddam

506 632 779 702 praedium
806 632 862 686 in
893 634 1159 704 praedicta
1182 635 1314 688 villa
1340 635 1533 700 situm,
1565 636 1636 689 ad
1667 652 1832 690 usum
1861 637 2099 691 fratrum

502 720 990 792 Hirsaugiensmm
1017 722 1266 792 legitima
1295 723 1596 777 donatione
1622 724 1916 794 delegavit.
1951 726 2103 780 Post-

509 824 682 879 quam
709 816 898 864 autem
929 817 1186 882 uterque,
1228 811 1437 865 scilicet
1462 811 1634 866 abbas
1663 812 2021 877 Wilhelmus,
2045 819 2103 868 et

508 897 594 951 vir
609 898 911 969 praedictus
940 916 1006 952 ex
1037 899 1142 953 hac
1172 899 1282 952 vita
1302 899 1584 969 migravit,
1624 901 1846 971 juvenis
1873 902 2101 971 quidam

509 986 835 1056 praedictum
865 987 1138 1058 praedium
1174 1004 1314 1041 ausu
1338 988 1658 1050 temerario,
1684 990 1843 1060 quasi
1874 991 2105 1045 haeredi-

509 1074 656 1128 tario
675 1075 805 1144 jure
832 1075 903 1129 ad
951 1092 1011 1129 se
1039 1075 1453 1141 transmissum,
1503 1078 1814 1148 usurpavit.
1849 1080 2102 1150 Cumque

509 1178 623 1216 una
642 1162 734 1217 die
761 1164 902 1218 duas
930 1165 1192 1218 carradas
1220 1164 1354 1225 vini.
1398 1170 1455 1218 et
1501 1166 1613 1219 alia
1639 1167 1963 1235 hujusmodi
1993 1168 2104 1222 vio-

508 1251 694 1305 lenter
743 1252 814 1306 de
858 1252 1054 1306 eadem
1109 1254 1460 1323 possessione
1499 1254 1820 1319 abduceret,
1871 1255 1928 1309 in
1979 1256 2100 1326 ipso

503 1339 708 1394 itinere
737 1357 835 1410 pes
862 1357 1009 1395 unus
1028 1341 1199 1395 boum
1237 1343 1333 1413 qui
1361 1342 1614 1413 rapinam
1640 1343 1943 1398 trahebant
1968 1362 2099 1399 con-

505 1427 716 1484 fractus
746 1434 848 1483 est.
881 1430 1008 1501 Ipse
1037 1430 1207 1484 etiam
1241 1431 1464 1500 juvenis
1484 1432 1554 1485 de
1583 1449 1726 1503 equo
1755 1434 1843 1488 cui
1872 1433 2099 1496 insedit,

507 1517 670 1588 quasi
719 1518 1037 1588 lethargum
1087 1519 1306 1589 patiens
1351 1537 1594 1591 praeceps
1649 1522 1881 1587 corruit,
1932 1529 2101 1593 atque

505 1619 703 1657 amens
755 1604 953 1670 factus,
1004 1605 1177 1659 etiam
1234 1622 1398 1661 usum
1437 1607 1701 1678 loquendi
1750 1609 2012 1679 perdidit,
2042 1610 2102 1664 in

507 1691 708 1746 alienis
738 1692 997 1747 manibus
1025 1693 1281 1749 sublatus
1313 1710 1325 1749 :
1372 1695 1470 1749 sed
1523 1713 1788 1767 processu
1835 1699 2102 1769 temporis

2187 554 2332 610 rent,
2354 553 2411 601 et
2435 554 2625 601 tamen
2656 562 2767 599 non
2795 545 2865 597 de
2884 544 3257 613 eleemosyna.
3281 543 3380 596 sed
3402 543 3473 595 de
3493 541 3782 595 communi

2183 636 2419 690 fratrum
2444 637 2588 688 victu
2630 639 2687 687 et
2713 633 2916 686 vestitu
2954 635 3434 688 sustentarentur.
3474 631 3632 684 Hanc
3649 646 3780 683 con-

2183 724 2535 779 suetudinem
2567 738 2854 776 successor
2904 722 3026 790 ejus
3058 720 3139 774 ita
3174 719 3514 786 immutavit,
3550 723 3616 773 ut
3641 735 3783 789 pm-

2180 810 2313 865 dicti
2342 809 2543 862 fratres
2570 809 2639 861 de
2667 808 3023 876 eleemosyna
3066 820 3237 876 quam
3282 804 3780 869 administrabant,

2181 899 2429 969 corporis
2449 896 2763 951 necessaria
2784 913 2851 950 ex
2876 900 2996 949 toto
3031 897 3529 964 consequerentur.
3560 892 3639 946 Ex
3668 908 3785 963 qua

2185 987 2477 1042 occasione
2506 985 2743 1055 contigit
2775 1001 2864 1038 res
2896 984 3136 1037 multum
3159 982 3420 1047 dolenda,
3444 987 3509 1036 ut
3527 981 3783 1052 peregri-

2183 1076 2272 1130 nis
2302 1081 2355 1129 et
2381 1075 2506 1128 aliis
2531 1073 2872 1144 pauperibus
2892 1072 3058 1126 solita
3085 1070 3470 1125 misericordia
3487 1069 3783 1124 subtrahe-

2183 1170 2357 1230 retur,
2375 1164 2434 1218 in
2462 1169 2706 1226 tantum,
2736 1167 2798 1215 ut
2828 1161 3099 1231 egeniper
3112 1159 3329 1229 gelidas
3359 1164 3550 1213 noctes
3576 1158 3781 1212 hiemis

2183 1251 2411 1313 exclusi,
2466 1268 2577 1320 prae
2623 1249 2770 1303 fame
2799 1254 2855 1302 et
2878 1248 3087 1317 frigore
3112 1246 3417 1300 miserabili
3441 1247 3689 1299 clamore
3718 1245 3780 1298 in

2184 1341 2370 1412 platea
2390 1343 2827 1411 perstreperent,
2847 1337 2927 1391 ita
2944 1342 3007 1390 ut
3029 1336 3232 1407 saepius
3246 1336 3594 1406 quiescentes
3608 1340 3781 1387 noctu

2182 1429 2384 1481 fratres
2412 1428 2811 1498 inquietarent.
2846 1427 3025 1496 Super
3055 1441 3166 1495 qua
3197 1423 3451 1477 molestia
3467 1422 3639 1476 abbas
3658 1422 3782 1475 fre-

2183 1522 2420 1587 quenter
2445 1533 2480 1569 a
2506 1515 2773 1569 fratribus
2791 1513 3183 1577 commonitus,
3206 1528 3333 1566 cum
3352 1511 3651 1566 emendare
3673 1526 3781 1563 ne-

2180 1605 2423 1675 gligeret
2440 1605 2555 1658 haec
2584 1610 2640 1657 et
2659 1603 2771 1657 alia
2789 1604 2962 1656 multa
2985 1601 3326 1672 hujusmodi,
3350 1606 3511 1653 nocte
3531 1598 3782 1669 quadam

2183 1693 2243 1746 in
2275 1710 2388 1764 qua
2400 1691 2972 1747 Domi'nicaAscensio
2999 1689 3406 1757 celebrabatur,
3427 1704 3575 1741 unus
3589 1686 3785 1741 senior

505 1780 780 1852 paulatim
800 1783 1144 1853 recuperatis
1175 1782 1381 1837 viribus
1419 1785 1624 1839 mentis
1649 1791 1708 1840 et
1748 1788 1998 1858 corporis
2027 1788 2097 1842 ad
2119 1778 2163 1838 B
2181 1782 2250 1836 de
2281 1782 2477 1836 eodem
2508 1780 2867 1844 monasterio,
2888 1780 3001 1834 vita
3030 1787 3088 1834 et
3116 1779 3362 1833 moribus
3382 1777 3785 1849 Ρνοὺιιιιιετρθν

507 1885 568 1924 se
587 1886 865 1935 reversus,
878 1871 1047 1942 caa'pit
1070 1888 1258 1926 secum
1279 1873 1635 1928 considerare
1654 1875 1766 1929 tale
1788 1877 2093 1946 ﬂagellum,

507 1959 674 2029 quale
689 1974 977 2029 nunquam
996 1965 1163 2014 antea
1184 1966 1447 2032 expertus
1463 1968 1566 2027 est,
1585 1980 1644 2017 se
1664 1980 1776 2017 non
1797 1964 1919 2018 sine
1944 1966 2097 2034 justo

499 2045 710 2116 judicio
735 2046 836 2101 Dei
852 2048 1140 2115 tolerasse,
1164 2048 1466 2121 habitaque
1483 2067 1674 2105 secum
1694 2052 2098 2108 deliberatione

504 2134 576 2189 ad
603 2137 1008 2190 monasterium
1050 2136 1454 2209 Hirsaugiense
1482 2156 1542 2193 se
1572 2140 1780 2194 deferri
1809 2141 1962 2208 fecit,
1997 2142 2101 2197 ibi-

505 2216 612 2294 que
631 2230 815 2279 mutat
832 2225 1000 2280 simul
1027 2242 1154 2280 cum
1179 2235 1367 2282 mente
1387 2228 1637 2287 saculari
1665 2230 1951 2298 habitum;
1982 2232 2099 2286 Deo

504 2329 564 2367 se
618 2313 862 2369 ﬁdeliter
907 2315 1262 2387 mancipavit,
1315 2325 1373 2372 et
1417 2325 1545 2389 post
1591 2337 1796 2390 paucos
1834 2338 2010 2376 annos
2038 2322 2099 2376 in

504 2408 699 2456 sancta
727 2405 1146 2459 conversatione
1174 2406 1410 2460 feliciter
1435 2407 1604 2462 vitam
1635 2416 1965 2480 praesentem
1981 2412 2101 2466 fini-

504 2488 606 2542 vit.
649 2490 787 2545 Ecce
806 2508 907 2546 nos
932 2492 1047 2546 haec
1069 2493 1383 2555 audientes,
1412 2502 1469 2548 et
1497 2503 1613 2549 tam
1642 2497 1915 2561 terribile,
1948 2505 2096 2553 tam-

506 2594 617 2648 que
667 2580 1026 2634 tremendum
1078 2581 1180 2635 Dei
1207 2583 1481 2652 judicium
1534 2601 1703 2655 super
1747 2587 1835 2640 his
1883 2587 2100 2643 duobus

505 2667 1214 2741 considerantes,'quorum
1256 2672 1402 2725 alter
1444 2680 1674 2743 repente
1720 2676 2117 2746 praecipitatus

504 2760 593 2810 est
614 2757 674 2811 in
702 2763 961 2824 mortem,
985 2760 1129 2813 alter
1159 2775 1289 2813 vero
1328 2760 1766 2817 misericorditer
1786 2770 2100 2820 reservatus

505 2849 593 2899 est
632 2845 706 2899 ad
733 2846 902 2900 vitam
935 2848 1245 2911 meliorem,
1279 2855 1662 2922 competenter
1689 2869 1815 2906 cum
1848 2854 2100 2908 Psalmo-

502 2934 719 3005 grapho
736 2951 1030 3005 possumus
1041 2937 1309 2992 admirari
1332 2945 1389 2992 et
1407 2939 1591 2994 dicere
1616 2958 1628 2993 :
1648 2943 1823 2995 Venite
1851 2949 1900 2996 et
1928 2946 2104 2998 videte

505 3038 671 3092 opera
698 3025 1119 3094 Domini,quam
1142 3030 1410 3081 terribilis
1426 3031 1488 3082 in
1513 3032 1760 3085 consiliis
1780 3047 1944 3100 super
1958 3036 2102 3100 ﬁlios

2179 1876 2509 1925 nocturnam
2542 1870 2804 1924 visionem
2837 1869 2976 1923 vidit
3002 1885 3062 1923 se
3082 1866 3377 1933 sublevari,
3417 1871 3475 1920 et
3499 1864 3663 1936 quasi
3690 1881 3785 1919 su-

2179 1976 2283 2030 pra
2311 1964 2556 2012 montem
2615 1957 3129 2028 incomparabiliter
3157 1956 3452 2010 sublimem
3489 1952 3781 2019 constitui,
3820 2028 3825 2031 τ

2180 2048 2276 2102 ubi
2317 2048 2507 2101 omnia
2534 2047 2701 2117 plena
2731 2052 2893 2100 erant
2941 2047 3229 2100 immensae
3271 2045 3413 2099 lucis
3458 2043 3777 2115 splendore,

2181 2135 2326 2189 mira
2360 2136 2571 2190 insoliti
2601 2136 2788 2189 odoris
2816 2136 3210 2206 fragrantia,et
3236 2134 3526 2188 beatorum
3558 2131 3632 2185 ibi
3667 2148 3787 2185 ma-

2180 2226 2434 2279 nentium
2465 2232 2738 2281 concentu
2767 2227 3086 2282 dulcissimo
3141 2226 3345 2297 quibus
3386 2225 3507 2295 ipse
3536 2221 3781 2275 nimium

2180 2313 2511 2379 delectatus,
2546 2333 2608 2369 ac
2652 2317 2868 2386 jugiter
2914 2317 3189 2370 interesse
3244 2314 3589 2378 desiderans,
3630 2310 3783 2363 inter

2183 2409 2386 2456 caetera
2397 2420 2520 2474 quae
2539 2403 2617 2456 ibi
2639 2404 2793 2459 vidit.
2815 2403 2983 2457 etiam
3006 2402 3267 2457 abbatem
3277 2401 3646 2455 Wilhelmum
3668 2396 3777 2450 sibi

2183 2491 2315 2544 olim
2340 2491 2850 2545 familiarissimum
2880 2491 3220 2561 recognovit,
3268 2489 3430 2543 niveo
3461 2492 3693 2558 aspectu
3722 2490 3784 2539 et

2181 2579 2377 2633 habitu
2402 2581 2729 2650 fulgentem,
2762 2597 2888 2634 cum
2921 2598 3031 2651 quo
3058 2581 3228 2634 etiam
3257 2579 3398 2632 duos
3424 2577 3571 2630 viros
3601 2574 3784 2646 ponti-

2183 2670 2330 2723 ﬁcali
2362 2669 2557 2723 habitu
2577 2670 2889 2732 decoratos,
2922 2670 3019 2724 sed
3047 2669 3152 2723 sibi
3180 2664 3786 2737 incognitos.Quaesivit

2182 2757 2252 2811 ab
2303 2775 2367 2812 eo
2406 2759 2502 2829 qui
2556 2764 2761 2814 essent.
2812 2759 2882 2813 Et
2921 2759 3136 2813 audivit
3164 2774 3339 2811 unum
3369 2772 3490 2810 esse
3518 2759 3782 2808 sanctum

2182 2847 2502 2901 Udalricum
2532 2849 2639 2914 (14)
2680 2851 3093 2918 Augustensem
3134 2847 3486 2918 pontificem;
3534 2845 3783 2897 alterum

2182 2953 2313 2990 vero
2342 2936 2662 2991 Conradum
2684 2937 3188 3002 Constantiensem,
3231 2952 3388 3006 aeque
3445 2934 3622 2987 virum
3652 2949 3784 2986 san-

2183 3031 2333 3078 ctum
2367 3030 2423 3078 et
2443 3025 2577 3078 olim
2602 3025 2949 3096 episcOpum.
2969 3026 3224 3095 Cumque
3238 3030 3295 3078 et
3313 3024 3382 3077 de
3399 3022 3523 3076 aliis
3543 3021 3621 3075 ibi
3647 3021 3784 3075 visis

507 3111 803 3165 hominum
826 3115 994 3180 (Psal.
1019 3128 1140 3179 va,
1167 3114 1237 3182 5).
1264 3115 1340 3168 Ex
1361 3117 1555 3171 eadem
1580 3118 1752 3172 etiam
1782 3094 2103 3175 considera-
2122 3094 2164 3153 C
2182 3111 2244 3166 in
2261 3113 2487 3183 luii‘enti
2504 3094 2677 3167 abbas
2692 3094 3028 3169 Wilhelmus
3047 3094 3388 3184 respondens
3405 3111 3779 3177 satisfaceret,

506 3199 664 3253 tione
692 3200 946 3270 cogimur
973 3217 1100 3256 cum
1130 3204 1397 3274 Apostolo
1425 3207 1774 3275 proclamare
1821 3211 1992 3275 (Rom.
2026 3226 2098 3276 Χῖ,

510 3286 602 3351 33,
628 3287 715 3353 34)
751 3305 763 3341 :
802 3290 843 3344 0
869 3292 1109 3345 altitudo
1131 3293 1465 3348 divitiarum
1488 3297 1770 3364 sapientiae
1789 3304 1837 3353 et
1863 3303 2101 3354 scientiae

509 3376 610 3430 Dei
616 3415 630 3441 ,
659 3393 830 3446 quam
865 3380 1443 3448 incomprehensibilia
1482 3390 1615 3437 sunt
1631 3387 1853 3454 judicia
1883 3391 2017 3456 ejus,
2050 3393 2100 3441 et

507 3466 914 3537 inuestigabiles
932 3468 1032 3521 viz
1055 3471 1079 3521 i
1085 3469 1250 3522 llius!
1280 3471 1411 3537 Quis
1441 3475 1591 3526 enim
1611 3478 1858 3542 cognovit
1880 3492 2101 3530 sensum

509 3553 741 3607 Domini
770 3558 794 3606 ?
838 3558 939 3607 aut
988 3571 1163 3626 quare
1191 3558 1279 3612 cui
1309 3560 1428 3613 vult
1456 3561 1757 3617 miseretur
1783 3563 1812 3615 ?
1846 3569 1903 3617 et
1928 3581 2102 3635 quare

512 3640 687 3695 alium
739 3640 997 3709 obdurat,
1045 3650 1106 3699 ut
1151 3662 1261 3701 non
1310 3648 1601 3703 salvetur?
1631 3651 1751 3716 Quo
1796 3653 1943 3707 circa
1971 3654 2103 3724 quia

511 3729 820 3784 secundum
851 3730 1167 3788 Salomonis
1210 3735 1494 3807 eloquium
1525 3758 1536 3792 :
1569 3740 1735 3795 Nemo
1766 3745 1869 3795 scit
1906 3748 2104 3797 utrum

510 3819 655 3884 odio,
689 3835 769 3873 an
805 3836 993 3875 amore
1021 3823 1224 3891 dignus
1251 3828 1341 3890 sit,
1394 3829 1487 3881 sed
1514 3832 1706 3883 omnia
1738 3832 1799 3883 in
1838 3833 2103 3898 futurum

509 3913 870 3962 reservantur
906 3908 1102 3981 (Eccle.
1144 3929 1222 3976 1x,
1262 3912 1332 3984 1),
1363 3915 1576 3971 incerta
1594 3917 1844 3973 timendo
1872 3936 2105 3974 venere-

509 4010 658 4062 mur,
690 4002 747 4049 et
793 4000 1112 4053 venerando
1140 4001 1443 4059 timeamus
1484 4007 1700 4060 occulta
1730 4008 1829 4062 Dei
1855 4009 2101 4078 judicia;

506 4081 754 4154 dumque
782 4102 978 4139 sumus
1008 4087 1068 4141 in
1096 4087 1200 4143 hoc
1226 4106 1478 4161 corpore,
1518 4095 1822 4148 secundum
1872 4096 2108 4150 Psalmi-

507 4175 676 4239 stam,
706 4173 1014 4229 serviamus
1043 4177 1281 4232 Domino
1310 4179 1370 4234 in
1397 4181 1620 4248 timore,
1654 4189 1713 4238 et
1761 4184 2102 4241 exsultemus

507 4254 561 4309 ei
587 4271 716 4309 cum
742 4261 989 4311 tremore
1011 4261 1182 4315 (Psat.
1214 4277 1276 4328 ιι,
1316 4263 1414 4323 ll).

576 4341 665 4399 28.
695 4343 995 4412 Quantam,
1022 4353 1087 4400 ut
1114 4349 1374 4418 diximus,
1407 4369 1601 4408 curam
1640 4356 1728 4410 sui
1768 4359 2096 4413 monasterii

504 4436 670 4501 gerat
698 4438 926 4489 sanctus
955 4434 1126 4489 Pater
1152 4415 1487 4495 Wilhelmus
1521 4443 1642 4511 jam
1685 4460 1927 4514 regnans
1973 4415 2169 4501 cumD

504 4519 642 4585 Deo,
667 4537 769 4591 per
787 4522 956 4576 aliam
998 4524 1169 4578 etiam
1202 4526 1471 4582 visionem
1512 4531 1650 4585 satis
1678 4534 1973 4590 manifeste
2019 4553 2106 4591 os-

502 4615 728 4664 tensum
760 4617 859 4665 est.
896 4612 1097 4680 Quam,
1122 4614 1268 4669 sicut
1291 4617 1569 4673 referente
1593 4621 1836 4691 quodam
1858 4625 2099 4692 seniore,

501 4696 800 4752 innocente
828 4704 887 4753 et
904 4700 1145 4772 simplici
1166 4721 1306 4771 vn'o,
1347 4707 1437 4760 cui
1470 4709 1665 4764 eadem
1694 4712 1914 4767 caelitus
1947 4714 2097 4770 facta

504 4791 593 4839 est
619 4785 777 4854 visio,
829 4787 1149 4856 didicimus,
1180 4793 1472 4849 scribendo
1521 4800 1760 4867 posteris
1800 4805 2096 4858 transmit-

500 4878 622 4929 tere
676 4878 1056 4934 necessarium
1102 4881 1381 4948 duximus,
1434 4886 1567 4955 quia
1611 4904 1713 4958 per
1741 4905 1867 4944 eam
1905 4892 2099 4947 admo-

497 4969 707 5019 nentur
762 4967 1214 5037 Hirsaugienses,
1258 4977 1377 5025 tam
1419 4973 1593 5029 futuri
1640 4994 1811 5047 quam
1848 4996 2095 5050 praesen-

495 5055 603 5119 tes,
630 5060 696 5108 ut
723 5059 937 5109 statuta
981 5073 1127 5125 sepe
1153 5057 1290 5112 dicti
1337 5061 1521 5117 Patris
1571 5065 1874 5136 diligenter
1903 5069 2097 5123 obser—

495 5146 650 5211 vent,
676 5143 920 5197 maxime
940 5143 1000 5197 in
1029 5144 1446 5215 dispensatione
1475 5168 1787 5225 pauperum
1826 5163 1885 5210 et
1911 5158 2098 5228 hospi-

495 5233 637 5290 tum.
670 5229 730 5284 in
760 5230 1149 5288 observatione
1191 5236 1507 5294 claustralis
1534 5242 1859 5314 disciplinae.
1909 5246 2098 5300 Statu-

494 5321 617 5372 tum
665 5324 790 5373 erat
833 5319 903 5374 ab
934 5320 1054 5392 ipso
1081 5327 1366 5380 communi
1410 5331 1696 5386 seniorum
1726 5334 1976 5401 consilio,
2031 5343 2097 5390 ut

495 5406 671 5478 aliqui
702 5425 769 5462 ex
811 5409 971 5465 laicis
1010 5412 1281 5469 fratribus
1329 5417 1424 5487 qui
1452 5419 1523 5472 ad
1554 5422 1974 5477 conversionem
2006 5442 2096 5478 ve-

568 5520 675 5605 liti)
713 5521 1040 5605 S.‘Udal_ri_ci
1068 5526 1255 5605 Vitam
1270 5529 1456 5605 habes
1488 5533 1700 5605 Saecula
1722 5537 2081 5605 praecedenti.

496 5588 555 5650 s.
584 5591 876 5656 Comedus
901 5597 1067 5671 obiit,
1092 5604 1236 5656 teste
1264 5599 1552 5671 Bruschio,
1577 5588 1739 5661 anno‘
1755 5588 1882 5664 97‘6.

2183 3202 2254 3255 ad
2284 3202 2545 3257 ultimum
2567 3203 2684 3256 haec
2712 3203 2764 3256 ei
2798 3192 3287 3273 Hirsaugicnsibus
3326 3200 3665 3256 uotificanda
3688 3200 3784 3253 in-

2175 3289 2365 3359 junxit
2399 3308 2411 3343 :
2467 3308 2493 3341 «
2527 3291 2603 3344 Ex
2632 3295 2812 3361 parte,
2866 3290 3144 3362 inquiens,
3184 3306 3417 3344 summae
3463 3287 3784 3359 majestatis

2181 3378 2301 3444 Dei,
2334 3380 2596 3451 praecipio
2622 3380 2723 3433 tibi
2752 3386 2818 3434 ut
2863 3381 3016 3435 dicas
3060 3379 3249 3434 abbati
3299 3386 3356 3433 et
3378 3377 3569 3449 priori,
3612 3382 3782 3431 caste-

2184 3468 2373 3538 risque
2427 3469 2693 3522 fratribus
2743 3470 3074 3540 Hirsaugiae,
3137 3474 3413 3539 quatenus
3468 3466 3784 3520 secundum

2185 3557 2333 3626 quod
2371 3573 2406 3611 a
2432 3557 2598 3612 nobis
2620 3564 2975 3630 acceperunt,
3007 3558 3200 3628 egenis
3227 3563 3285 3610 et
3305 3556 3619 3627 hospitibus
3648 3571 3786 3609 cum

2185 3646 2337 3700 omni
2385 3648 2674 3702 charitatis
2731 3647 2933 3701 affectu
2989 3647 3255 3701 serviant.
3286 3647 3470 3701 Mores
3518 3650 3575 3698 et
3607 3644 3787 3698 vitam

2186 3752 2347 3790 suam
2391 3738 2697 3792 secundum
2749 3738 3021 3807 Regulam
3073 3735 3254 3790 sancti
3299 3735 3614 3801 Benedicti;
3648 3740 3787 3789 ante

2186 3825 2375 3879 omnia
2394 3826 2537 3880 iram
2559 3834 2616 3880 et
2653 3826 3117 3896 indignationem,
3153 3825 3344 3879 odium
3375 3830 3433 3877 et
3474 3824 3784 3878 detractio-

2187 3931 2336 3969 nem.
2369 3915 2570 3986 quibus
2600 3915 2822 3969 assidue
2878 3916 3058 3969 Deum
3104 3914 3415 3976 oﬂ‘endunt,
3457 3929 3585 3967 cum
3622 3913 3787 3967 omni

2188 4004 2406 4057 malitia
2425 4004 2770 4075 abjicientes,
2807 4004 3079 4057 sinceram
3110 4008 3168 4057 et
3187 4003 3511 4056 continuam
3530 4001 3789 4056 dilectio-

2186 4109 2316 4147 nem
2344 4094 2576 4148 invicem
2601 4094 2937 4147 custodiant.
2968 4094 3129 4157 Quod
3167 4093 3274 4147 nisi
3300 4093 3612 4156 observent,
3646 4090 3787 4145 divi-

2185 4198 2317 4236 nam
2343 4183 2534 4254 procul
2561 4183 2731 4238 dubio
2763 4184 3032 4238 ultionem
3061 4200 3123 4238 se
3145 4189 3471 4253 experturos
3505 4181 3703 4234 sciant.
3751 4201 3778 4232 ι

2184 4271 2284 4325 His
2301 4272 2482 4340 dictis,
2513 4274 2707 4347 relicto
2733 4290 2799 4327 eo
2818 4274 2907 4327 cui
2930 4274 3047 4327 haec
3071 4273 3251 4339 dixit,i
3258 4289 3356 4343 pse
3380 4288 3507 4326 cum
3534 4271 3660 4326 aliis
3685 4272 3789 4343 qui

2187 4361 2439 4415 aderant.
2471 4363 2674 4417 altiora
2701 4363 2959 4433 quaedam
3004 4362 3129 4415 οωιί
3182 4367 3398 4415 secreta
3440 4362 3783 4432 penetravit.

2186 4443 2287 4504 Ille
2313 4467 2444 4505 vero
2484 4452 2692 4516 senior,
2743 4453 2833 4506 cui
2886 4453 3003 4506 haec
3049 4452 3296 4505 revelata
3344 4456 3494 4517 sunt,
3522 4467 3650 4504 cum
3681 4466 3789 4520 per

2185 4538 2369 4610 ipsum
2395 4556 2509 4594 non
2538 4541 2790 4606 auderet,
2819 4557 2920 4612 per
2948 4541 3122 4595 alium
3152 4540 3451 4610 quemdam
3495 4539 3785 4593 seniorem

2186 4628 2373 4682 abbati
2406 4635 2607 4684 cuncta
2634 4629 2933 4683 intimavit.
2969 4629 3076 4693 Qui
3103 4629 3400 4700 pristinam
3426 4628 3651 4699 quidem
3683 4626 3785 4681 ab-

2185 4716 2331 4772 batis
2345 4718 2634 4772 Wilhelmi
2653 4719 3111 4773 constitutionem
3127 4719 3196 4772 de
3219 4720 3495 4790 eleemosy
3502 4734 3576 4772 na
3585 4716 3783 4772 obser-

2179 4807 2297 4861 vari
2310 4808 2500 4877 jussnt,
2528 4814 2715 4862 cetera
2733 4813 2925 4862 tamen
2972 4807 3176 4878 quibus
3204 4807 3609 4861 monasterium
3654 4822 3783 4876 per-

2179 4895 2523 4961 turbaverat,
2552 4898 2865 4950 incorrecta
2891 4896 3125 4949 dimisit.
3174 4896 3529 4967 Quapropter
3580 4911 3782 4949 secun-

2179 4985 2313 5040 dum
2334 4985 2657 5055 praedictam
2673 4985 3169 5039 comminationem
3189 4984 3337 5039 beati
3362 4984 3781 5039 PatrisWilhel-

2180 5074 2279 5141 mi,
2307 5074 2423 5129 fere
2467 5074 2545 5128 nil
2582 5089 2909 5146 prosperum
2940 5075 2988 5128 ei
3012 5074 3230 5128 accidit.
3263 5074 3407 5128 Nam
3452 5089 3622 5144 parvo
3656 5080 3785 5143 post

2180 5170 2435 5234 tempore
2463 5164 2793 5218 monasterii
2821 5163 3095 5232 regimine
3128 5168 3346 5227 exutus,
3382 5168 3439 5216 et
3468 5162 3779 5233 pontiﬁcali

2180 5253 2361 5307 infula
2405 5253 2553 5323 apud
2586 5254 2806 5323 Spiram
2836 5252 3085 5316 indutus,
3112 5252 3241 5306 odia
3283 5252 3537 5306 omnium
3574 5251 3779 5304 adver-

2182 5342 2307 5394 sum
2338 5356 2397 5393 se
2426 5340 2631 5410 ineptis
2652 5339 2900 5394 moribus
2921 5340 3234 5402 concitavit,
3261 5340 3355 5393 sed
3385 5355 3535 5393 mors
3561 5346 3782 5393 naturae

2182 5428 2581 5495 interveniens,
2615 5445 2743 5482 eum
2772 5428 2840 5481 de
2866 5428 3051 5481 medio
3078 5429 3390 5498 amputavit
3420 5429 3549 5496 (15).

2242 5537 2354 5604 (15)
2380 5536 2508 5589 Haec
2523 5534 2703 5588 fusius
2722 5536 2893 5589 refert
2914 5535 3255 5589 Trithemius
3276 5535 3348 5588 ad
3383 5551 3596 5588 annum
3614 5535 3777 5605 1105,

2171 5622 2283 5685 quo
2296 5606 2625 5660 Gebhardus
2637 5606 2697 5659 in
2710 5606 3030 5677 Spirensem
3041 5606 3488 5682 episcopum,ads
3494 5613 3650 5662 tante
3661 5624 3781 5662 ma-
