3964 6356
145 296 243 357 921

1699 306 1886 365 VITA.

3315 303 3423 363 922

212 424 307 482 29.
339 426 471 482 Non
515 433 601 483 est
646 432 837 483 autem
876 428 1224 499 negligenter
1266 431 1737 499 praetereundum,
1758 438 1802 496 Α
1828 437 2010 491 adfuit
2026 438 2457 493 Wormatiensis
2479 433 2585 503 (16)
2607 433 3021 506 episc0pus,qui
3040 435 3159 487 tam
3180 430 3424 503 simplici

145 513 242 567 sed
269 514 576 585 diligenter
603 517 1087 581 considerandum,
1112 522 1323 587 quanta
1360 517 1749 573 sanctissimus

146 608 312 672 pater
346 604 682 659 Wilhelmus
720 605 1076 659 veneratione
1123 605 1329 675 dignus
1374 607 1448 659 sit
1476 607 1534 660 in
1561 609 1745 673 terris,

149 692 244 759 qui
273 698 569 748 tantorum
603 695 905 765 pmsulum
936 694 1236 760 consortio,
1267 695 1576 749 secundum
1608 712 1751 766 prte-

150 781 361 834 dictam
405 782 676 837 visionem
719 784 925 837 fruitur
953 783 1011 836 in
1050 782 1220 847 caelis,
1260 800 1499 853 quorum
1542 785 1755 838 scilicet

147 869 458 938 gloriosam
498 872 826 925 memoriam
874 888 1064 925 annua
1109 872 1410 925 devotione
1458 872 1753 927 celebriter

149 967 350 1021 recolit
379 974 588 1023 sanctae
610 968 866 1023 Ecclesiae
893 968 1049 1040 plebs
1071 968 1272 1022 ﬁdelis.
1295 970 1352 1023 Si
1385 970 1511 1041 quis
1537 986 1667 1024 vero
1682 969 1752 1024 ob

149 1055 607 1111 incredulitatem
634 1074 794 1112 suam
824 1057 1089 1111 dubitans
1118 1057 1284 1119 dicat.
1322 1058 1643 1127 hujusmodi
1670 1058 1752 1112 vi-

151 1144 366 1198 sionem
396 1161 510 1199 non
526 1162 646 1200 esse
665 1146 1091 1211 observandam,
1119 1146 1217 1199 sed
1244 1146 1393 1199 inter
1429 1163 1573 1200 vana
1609 1164 1754 1200 som-

150 1233 243 1287 nia
270 1235 671 1305 reputandam,
706 1235 799 1289 hic
843 1236 974 1289 talis
1019 1235 1407 1289 indubitanter
1444 1236 1755 1299 sciat,nus-

152 1338 321 1392 quam
352 1322 410 1376 in
459 1324 856 1394 hagiographis
897 1324 1168 1394 scriptum
1218 1340 1358 1389 esse,
1391 1326 1489 1379 sed
1518 1342 1620 1378 nec
1651 1325 1757 1378 ali-

1832 528 2032 585 animae
2060 545 2285 599 semper
2302 525 2771 581 familiarissimus
2801 528 2943 587 erat,
2975 527 3032 576 et
3060 522 3150 575 cui
3189 522 3425 576 dilectus

1832 618 2057 671 Domini
2080 618 2281 688 saepius
2303 634 2406 671 sua
2426 621 2659 671 secreta.
2676 613 2853 668 nimia
2877 611 3119 683 episc0pi
3139 610 3428 665 familiari-

1832 712 1949 760 tate
1978 714 2229 777 cogente,
2267 705 2565 777 pandebat.
2601 703 2743 758 Huic
2770 704 2961 772 itaque
2987 706 3108 754 tam
3138 699 3430 754 excellenti

1834 802 2002 866 atque
2029 795 2273 866 probata:
2301 796 2358 849 in
2386 793 2629 849 Ecclesia
2656 807 2926 863 personae,
2956 790 3106 844 inter
3133 788 3245 842 alia
3272 788 3434 843 fami-

1835 885 2093 939 liaritatis
2122 884 2400 955 colloquia
2428 882 2735 954 aperiebat,
2769 886 2825 935 et
2863 877 2967 933 sub
2991 877 3164 932 divini
3185 877 3431 932 nominis

1834 974 2195 1028 attestatione
2219 971 2637 1027 conﬁrmabam
2664 971 2803 1024 Cum
2832 966 3432 1037 adhuc,inquit,essem

1835 1065 2152 1118 Ratisbonaa
2179 1065 2238 1117 in
2267 1061 2606 1117 monasterio
2637 1058 2814 1113 sancti
2837 1054 3256 1120 Emmerammi,
3290 1069 3432 1126 qua-

1835 1155 1963 1207 dam
1995 1160 2157 1207 nocte
2180 1152 2443 1224 apparuit
2469 1150 2605 1205 mihi
2635 1149 2718 1202 vir
2743 1148 2922 1219 plenae
2950 1145 3151 1209 aetatis,
3182 1142 3432 1196 miriﬁca;

1836 1243 1985 1296 ultra
2009 1244 2319 1297 humanum
2351 1241 2575 1295 modum
2602 1234 3055 1309 pulchritudinis,
3078 1232 3242 1287 hilari
3273 1231 3431 1285 vultu

1840 1349 1930 1386 me
1958 1332 2319 1403 compellans,
2341 1336 2397 1384 et
2422 1346 2557 1383 uvas
2586 1324 3024 1398 speciosissimas
3052 1338 3220 1375 manu
3240 1320 3432 1392 praefe-

154 1411 380 1480 quando
401 1413 656 1467 auditum
685 1414 877 1475 fuisse,
910 1413 1059 1484 quod
1088 1413 1275 1466 nullus
1303 1430 1553 1484 unquam
1586 1414 1754 1467 homo
1839 1437 1989 1482 rens,
2022 1438 2162 1491 quas
2192 1420 2360 1473 etiam
2392 1416 2529 1471 mihi
2562 1414 2783 1475 obtulit,
2817 1412 3007 1465 dicens
3039 1427 3050 1462 :
3082 1412 3291 1477 Accipe,
3338 1408 3431 1462 di-

152 1498 473 1554 daamonum
493 1502 958 1572 suggestione,vel
978 1502 1271 1572 palam,vel
1291 1503 1505 1556 occulte
1526 1518 1756 1573 praemo-

1846 1512 1966 1563 lecte
1988 1510 2266 1578 mi.Cujus
2287 1506 2536 1561 muneris
2556 1503 2821 1565 novitate,
2855 1505 2913 1553 et
2940 1499 3084 1552 tanti
3109 1497 3214 1550 viri
3242 1494 3433 1551 affabi-

151 1588 304 1642 nitus
320 1589 416 1655 sit,
436 1595 502 1643 ut
519 1590 829 1645 declinaret
854 1608 889 1644 a
913 1592 1077 1654 malo,
1100 1597 1155 1643 et
1175 1591 1383 1644 faceret
1414 1590 1641 1649 bonum,
1659 1591 1758 1643 sic-

1846 1598 1996 1651 litate
2038 1597 2343 1668 perculsus,
2379 1594 2470 1647 diu
2504 1592 2680 1646 fateor
2715 1604 2933 1643 mecum
2971 1585 3257 1640 admirans
3300 1599 3432 1655 per-

150 1682 214 1730 ut
242 1677 335 1731 hic
367 1678 579 1733 factum
618 1686 703 1733 est
741 1697 843 1751 per
879 1678 1343 1749 benignissimum
1377 1685 1591 1750 patrem
1632 1678 1759 1731 Wi-
1782 1749 1817 1757 ﬁ
1841 1687 2021 1740 mansi
2048 1687 2325 1757 stupidus.
2352 1686 2493 1738 Tum
2521 1682 2615 1736 ille
2647 1700 2659 1734 :
2686 1680 2936 1735 Scholam
2957 1678 3248 1729 instituere
3271 1687 3437 1725 cura—

150 1766 443 1822 lhelmum.
479 1769 712 1822 Constat
752 1785 974 1839 quoque
1020 1768 1317 1839 praeclaros
1357 1775 1414 1821 et
1453 1767 1757 1838 praeripuos
1781 1749 1914 1840 Bri,
1939 1778 2089 1828 cuite
2114 1749 2385 1843 pra’ﬁcere
2407 1777 2535 1825 ante
2563 1771 2753 1824 omnia
2783 1769 2980 1819 sarcula
3022 1761 3431 1832 praedestinavi,

152 1853 419 1911 Ecclesiae
441 1857 915 1923 doctores,beatos
933 1856 1264 1927 Gregorium
1283 1864 1340 1910 et
1356 1857 1754 1925 Augustinum,

1846 1881 2003 1933 quam
2028 1866 2078 1916 si
2095 1864 2395 1917 secundum
2414 1863 2681 1929 placitum
2707 1872 2889 1909 meum
2910 1852 3437 1916 rexeris,b0namer-
3514 1861 3525 1867 '

152 1945 430 1999 ηοηῐιιιηει
473 1946 642 1999 Etiam
686 1946 1041 2001 SwCUIal‘ium
1090 1945 1206 1998 Visa
1246 1962 1610 2015 personarum
1641 1944 1758 1998 Silis
1841 1955 1957 2006 cede
1978 1957 2041 2006 in
2061 1958 2327 2005 .eternum
2348 1949 2812 2003 renumeraberis.
2836 1946 2952 2008 Nil,
2978 1946 3171 2006 amice,
3197 1941 3427 2000 dubites,

152 2034 464 2088 inseruisse
496 2036 774 2105 opusculis
804 2035 874 2088 ob
903 2034 1328 2088 aediﬁcationem
1369 2034 1617 2088 ﬁdelium
1639 2034 1761 2104 qui—
1840 2045 1986 2096 mem
2015 2047 2333 2110 cooperator
2360 2044 2458 2109 qui
2487 2044 2535 2092 et
2566 2054 2679 2091 rem
2692 2039 2976 2088 unrrator.
3011 2031 3091 2085 Ad
3126 2032 3243 2083 haec
3266 2028 3436 2081 verba

151 2122 258 2177 bus
277 2129 473 2176 tamen
493 2140 603 2177 non
616 2124 1047 2177 aliudadhibent
1067 2124 1589 2188 testimonium,nisi
1609 2125 1757 2193 quod

154 2212 495 2265 nominatim
520 2213 788 2283 quosdam
820 2212 1010 2266 testati
1036 2218 1168 2265 sunt
1183 2228 1250 2264 ea
1267 2211 1469 2265 vidisse
1492 2229 1591 2282 per
1611 2229 1756 2265 som-

156 2301 342 2357 nium.
385 2301 639 2371 Denique
686 2307 751 2355 ut
787 2301 904 2354 haec
938 2300 1279 2370 omniaquae
1307 2301 1376 2353 de
1415 2305 1609 2354 sancto
1641 2301 1755 2354 viro

158 2389 838 2460 digessimus,purissimae
852 2388 1104 2442 veritatis
1131 2389 1316 2458 sigillo
1338 2389 1755 2456 concludamus,

160 2495 338 2532 unum
373 2478 558 2531 adhuc
570 2479 952 2531 testimonium
977 2477 1343 2548 proferemus,
1365 2494 1472 2547 quo
1492 2494 1618 2531 eum
1640 2495 1762 2549 pro-

162 2566 363 2621 bamus
393 2567 451 2620 in
475 2583 615 2637 opus
638 2566 957 2630 ministerii,
981 2583 1090 2635 quo
1116 2566 1172 2618 in
1202 2566 1369 2618 domo
1402 2566 1622 2619 Domini
1644 2574 1757 2620 tam

163 2656 344 2708 ﬁdelis
375 2672 570 2708 servus
600 2661 655 2709 et
685 2656 929 2725 prudens
966 2655 1255 2716 laboravit,
1291 2653 1478 2708 divina
1515 2656 1759 2709 auctori-

162 2750 279 2798 tate
308 2751 688 2815 assumptum,
723 2751 780 2797 et
812 2761 938 2797 vere
963 2744 1268 2797 secundum
1292 2744 1643 2814 prapositum
1669 2762 1763 2798 vo-

163 2833 281 2887 cari
316 2840 600 2897 sanctum,
627 2834 718 2887 cui
747 2833 1002 2902 diligenti
1031 2833 1207 2886 Deum
1240 2834 1428 2886 omnia
1466 2839 1763 2904 cooperata

165 2928 300 2976 sunt
328 2922 386 2976 in
407 2921 635 2975 bonum.

236 3009 325 3068 30.
370 3012 537 3065 Pater
573 3016 799 3065 sanctus
829 3026 955 3065 cum
984 3010 1141 3080 gravi
1185 3010 1515 3064 inﬁrmitate
1543 3026 1763 3064 vexare-

164 3106 278 3165 tur,
310 3116 379 3154 ea
405 3100 616 3154 scilicet
641 3100 697 3153 in
727 3116 839 3170 qua
869 3100 1003 3153 Ada:
1032 3099 1282 3153 debitum
1306 3098 1533 3153 solvisse
1562 3099 1760 3168 digno-

165 3190 362 3254 scitur,
392 3205 427 3242 a
454 3189 648 3242 multis
669 3188 1220 3259 comprovincialium
1248 3188 1557 3257 majoribus
1578 3205 1763 3258 perso-

164 3279 255 3332 nis
294 3278 573 3345 visitatur,
606 3283 671 3332 ut
719 3284 777 3331 et
813 3278 1093 3332 devotioni
1138 3294 1270 3341 suae,
1306 3293 1417 3347 qua
1455 3277 1631 3331 virum
1664 3277 1766 3330 Dei

168 3375 510 3430 mirabiliter
536 3392 759 3447 semper
785 3374 1252 3429 coluerunt.bono
1279 3376 1389 3428 ﬁne
1411 3391 1766 3445 perseveran-

167 3465 263 3518 tia:
290 3464 696 3529 satisfacerent,
728 3472 785 3518 et
800 3470 919 3518 tam
965 3470 1170 3518 sanctae
1209 3465 1409 3517 animae
1455 3463 1765 3533 egredienti

170 3554 391 3608 animas
442 3569 574 3606 suas
631 3553 1117 3610 commendarent.
1156 3553 1336 3622 Igitur
1378 3552 1526 3605 inter
1555 3552 1765 3622 primos

169 3642 487 3713 praecipuus
506 3647 564 3695 et
581 3642 972 3696 devotissimus
996 3649 1217 3695 amator
1230 3641 1379 3695 beati
1394 3639 1494 3693 viri
1515 3640 1768 3695 visitator

163 3827 278 3881 gno
300 3825 596 3881 procerum
608 3814 883 3864 conventu
910 3828 944 3864 a
968 3809 1258 3864 Ruthardo
1279 3807 1607 3877 Moguntino
1627 3807 1769 3881 epis-

165 3879 316 3952 copo
339 3882 631 3935 ordinatus
667 3889 770 3934 est.
797 3882 982 3936 Unum
1012 3882 1064 3934 ei
1094 3888 1311 3933 tantum
1337 3895 1560 3952 annum
1590 3886 1645 3952 et
1665 3879 1770 3952 ali;

166 3950 307 4023 qu'ot
330 3969 554 4006 menses
584 3952 875 4021 regiminis
904 3952 1050 4005 idem
1074 3951 1419 4023 Trithemius
1448 3950 1767 4023 tribuit,alii

206 4025 381 4077 lures.
417 4024 551 4077 Post
572 4023 784 4076 obitum
817 4024 873 4089 in
907 4024 1307 4076 monasterium
1342 4022 1652 4090 Hirsaugize
1680 4037 1767 4074 re-

188 4101 339 4159 atus,
372 4095 625 4166 sepultus
649 4101 736 4148 est
765 4102 895 4148 ante
916 4095 1100 4164 majus
1128 4095 1304 4147 altare
1335 4092 1656 4163 principalis
1687 4108 1771 4145 ec-

166 4166 367 4220 clesize.

1840 2131 2129 2200 evigilans,
2163 2131 2340 2183 multa
2370 2145 2586 2181 mecum
2616 2126 2866 2188 tractavi,
2900 2122 3206 2190 eademque
3234 2118 3436 2187 saepius

1839 2220 2150 2273 retractavi.
2186 2220 2440 2288 Cumque
2471 2216 2659 2270 multis
2680 2210 3134 2267 meditationibus
3155 2207 3439 2262 distende-

1839 2316 1996 2364 retur
2014 2309 2234 2363 animus
2267 2325 2440 2371 meus,
2474 2307 2701 2360 tandem
2729 2304 2795 2358 ad
2833 2308 3053 2374 portum
3086 2299 3434 2353 tutissimum

1842 2415 2058 2468 magna:
2106 2382 2500 2451 misericordiae
2534 2395 2632 2448 Dei
2674 2392 2916 2461 confugi,
2950 2396 3007 2444 et
3052 2388 3285 2443 Domino
3322 2387 3436 2439 Deo

1847 2505 1971 2541 meo
2000 2488 2190 2541 omnia
2229 2503 2372 2549 mea,
2404 2501 2572 2555 quam
2620 2483 2819 2537 intime
2850 2486 3123 2551 poteram,
3159 2474 3432 2530 commisi.

1848 2578 1918 2631 Et
1937 2593 2062 2629 ecce
2091 2577 2212 2646 ipso
2246 2575 2335 2628 die
2372 2575 2577 2627 fratres
2609 2571 2786 2626 nostri
2836 2571 2904 2623 de
2950 2569 3053 2621 hoc
3098 2563 3439 2619 monasterio

1847 2667 2072 2731 adsunt,
2104 2665 2324 2718 litteras
2352 2680 2478 2716 cum
2512 2660 2856 2715 multimodis
2887 2656 3144 2729 precibus
3172 2655 3436 2707 alferunt.

1847 2762 1904 2809 et
1931 2756 1981 2808 vi
2020 2755 2263 2824 quadam
2295 2751 2635 2806 validissima
2664 2750 2731 2802 de
2776 2748 2964 2818 quiete
3011 2742 3320 2797 monastica
3348 2757 3438 2794 me

1846 2844 2206 2915 abripientes,
2234 2842 2565 2914 parvitatem
2594 2854 2776 2892 meam
2809 2836 2913 2890 sibi
2935 2849 3171 2906 praeesse
3199 2830 3440 2900 compel-

1846 2935 1987 2997 lunt,
2019 2950 2083 2986 ac
2108 2949 2232 2986 cum
2267 2930 2639 2985 obtestatione
2665 2925 2837 2980 divini
2868 2922 3111 2977 nominis
3139 2937 3210 2974 ne
3228 2919 3439 2973 abnue-

1845 3042 1961 3080 rem
1984 3022 2266 3094 postulata
2285 3024 2510 3089 cogunt.
2536 3015 2783 3085 Suscepi,
2816 3010 3225 3074 fateor,invitus
3237 3009 3440 3078 jugum

1846 3111 2343 3168 Domini.devictus
2367 3124 2528 3181 prece
2558 3112 2673 3160 tam
2702 3102 2977 3158 unanimi.
3009 3101 3074 3155 In
3113 3116 3222 3169 quo
3257 3097 3439 3151 ofﬁcio

1846 3202 1891 3256 si
1922 3200 2055 3272 quid
2086 3201 2200 3253 Deo
2219 3197 2485 3269 placitum
2516 3195 2639 3261 feci,
2674 3192 2780 3265 ipsi
2807 3191 2927 3246 sine
2947 3206 3056 3261 quo
3072 3188 3151 3243 nil
3167 3186 3435 3250 validum,

1846 3292 1926 3344 nil
1957 3297 2233 3352 sanctum,
2255 3287 2380 3358 ipsi,
2414 3286 2665 3356 inquam,
2696 3299 2733 3337 a
2766 3297 2876 3353 quo
2907 3281 3052 3334 bona
3087 3281 3289 3332 cuncta
3316 3291 3442 3348 pro—

1847 3381 2054 3435 cedunt
2100 3378 2171 3432 sit
2226 3394 2326 3448 pro
2381 3375 2468 3429 his
2511 3379 2569 3428 et
2613 3370 2886 3427 universis
2914 3365 3366 3423 miserationibus
3387 3368 3444 3417 et

1850 3468 2133 3523 beneﬁciis
2159 3467 2275 3520 suis
2298 3467 2439 3527 laus,
2469 3464 2665 3522 honor,
2699 3466 2756 3515 et
2781 3457 3103 3514 omnimoda
3129 3455 3443 3526 gratiarum

1848 3559 1992 3613 actio
2022 3574 2123 3628 per
2148 3555 2339 3610 omnia
2360 3553 2561 3607 saecula
2580 3551 2936 3605 saeculorum.
2968 3549 3167 3601 Amen.
3201 3564 3227 3597 »

1924 3804 2037 3865 (16)
2070 3806 2229 3859 Hunc
2269 3803 2586 3873 Stengelius
2615 3806 2779 3872 putat
2807 3800 3097 3873 Epponem
3121 3794 3319 3873 fuisse,
3347 3791 3444 3862 qui

1851 3879 2165 3932 Dithmaro.
2198 3893 2345 3930 anno
2387 3865 2515 3929 ιῦὃῦ
2543 3865 2821 3931 defuncto.
2857 3865 3145 3922 successit.
3178 3867 3253 3917 At
3287 3865 3446 3915 Brus-

1852 3949 2011 4002 chius
2046 3948 2322 4001 Dithmari
2360 3943 2696 4013 obitum‘j-ad
2754 3941 2887 4016 Ηυξ)
2917 3939 3092 4016 refert
3134 3941 3260 4016 post
3301 3934 3445 4016 duos

1852 4019 2139 4090 regiminis
2167 4035 2371 4085 annos;
2422 4004 2613 4090 sicque
2650 4004 3346 4090 antistes_Wormatiensis
3374 4004 3444 4056 de

1853 4079 1962 4161 (μινο
2003 4091 2091 4143 hic
2142 4079 2368 4159 agitur,'
2404 4079 2737 4140 Adelbertus
2801 4079 3078 4137 Dithmari
3143 4090 3445 4149 praecessor

1851 4162 2021 4216 fuisse
2057 4161 2324 4214 dicendus
2354 4165 2455 4212 est.

1175 4476 1675 4537 EPITAPHIUM
1722 4476 2002 4537 SANCTI
2045 4473 2448 4533 WILHELMI

616 4637 875 4699 Abbatis
913 4636 1275 4698 monasterii
1304 4635 1783 4713 Hirsaugiensis,
1821 4634 1987 4714 quod
2034 4632 2168 4713 ejus
2196 4632 2481 4711 sepulcro
2512 4649 2859 4711 appensum
2890 4632 3001 4691 est.

169 4827 291 4881 Hac
318 4826 376 4880 in
399 4825 694 4897 scriptura,
726 4827 1026 4880 Wilhelme
1057 4828 1244 4891 Pater,
1272 4832 1369 4882 tua
1397 4828 1530 4891 vita,

171 4915 403 4970 Cunctis
435 4921 499 4969 ut
526 4915 832 4986 speculum.
870 4916 1136 4986 praelucet
1162 4917 1273 4970 vita
1302 4916 1597 4979 bonorum,

170 5005 244 5059 Ut
274 5004 456 5075 quivis
483 5003 697 5068 doctus,
722 5006 975 5075 proprios
1001 5005 1133 5059 hinc
1161 5006 1407 5075 corrigat
1436 5012 1610 5070 actus,

173 5091 320 5154 Quid
347 5091 425 5145 sit
441 5091 731 5145 vitandum
761 5092 1104 5158 discernens,
1139 5093 1342 5163 quidve
1363 5094 1693 5162 gerendum.

172 5180 330 5233 More
362 5180 589 5249 quidem
621 5180 831 5250 speculi
862 5181 1047 5235 radiat
1074 5182 1168 5252 pia
1200 5182 1310 5235 vita
1336 5181 1484 5234 beati

172 5267 360 5322 Patris
391 5268 697 5335 Wilhelmi,
736 5269 1003 5323 virtutum
1035 5270 1246 5323 lumine
1276 5270 1433 5324 clari.

172 5357 432 5411 Exsultat
452 5357 583 5410 talis
608 5358 855 5427 genitrix
885 5358 1142 5427 Bajoaria
1174 5359 1363 5429 prolis,

173 5444 376 5499 Suevia
404 5462 465 5499 se
491 5452 715 5499 tantum
749 5447 967 5500 laetetur
999 5447 1204 5500 habere
1236 5453 1557 5517 patronum.

171 5533 378 5588 Norica
409 5550 576 5604 quem
602 5535 836 5604 prolem,
870 5535 1002 5588 tulit
1028 5535 1177 5588 hunc
1204 5536 1500 5605 Hirsaugia
1524 5535 1772 5601 Patrem,

171 5621 325 5676 Felix
355 5638 458 5694 per
486 5623 662 5677 talem
693 5631 978 5695 pastorem
1006 5624 1380 5694 spiritualem,

1782 4832 1833 4891 Β
1855 4826 2079 4879 Patrem
2108 4822 2410 4875 multorum
2445 4838 2544 4892 per
2556 4821 2867 4875 doctrinam
2894 4820 3233 4890 genitorum.

1852 4912 2105 4967 Moribus
2137 4910 2396 4980 egregius
2418 4911 2543 4976 fuit,
2573 4916 2628 4963 et
2659 4909 2953 4964 virtutibus
2977 4910 3178 4970 almus,

1854 5003 2165 5057 Perfectam
2196 5000 2412 5070 plebem
2445 5000 2681 5053 Domino
2710 4999 2950 5053 sacravit
2980 5004 3037 5052 et
3061 4998 3268 5063 aedem;

1853 5091 2044 5156 Vobis,
2076 5088 2282 5150 Aureli,
2320 5087 2507 5153 Petre,
2538 5087 2731 5148 Paule,
2765 5093 2952 5158 patres
2984 5085 3305 5150 venerandi,

1857 5182 2067 5235 Cellam
2115 5178 2364 5247 Gregori,
2396 5177 2497 5231 tibi
2527 5176 2785 5241 fundans,
2819 5182 2988 5246 atque
3018 5176 3243 5245 Georgi,

1856 5270 2137 5339 Pluraque
2167 5272 2484 5321 sanctorum
2506 5266 2627 5319 loca
2653 5265 2956 5335 disponens
2986 5266 3246 5322 aliorum.

1860 5357 2075 5412 Struxit
2103 5363 2158 5409 et
2186 5355 2467 5415 instruxit,
2501 5354 2632 5425 quia
2660 5360 2811 5407 recto
2846 5355 3074 5408 tramite
3104 5354 3280 5418 duxit,

1860 5447 2175 5515 Collapsam
2196 5444 2406 5498 dudum
2437 5444 2606 5498 vitam
2633 5460 2901 5513 reparans
2924 5443 3347 5498 monachorum.

1861 5536 2165 5599 Quadruvii
2200 5536 2411 5606 priscos
2438 5533 2787 5588 transcendit
2816 5533 2873 5586 in
2900 5540 3021 5586 arte
3044 5533 3362 5602 magistros,

1862 5625 2132 5679 Cantibus
2160 5640 2410 5678 errorem
2441 5624 2655 5678 varium
2676 5621 2912 5679 correxit
2944 5621 3015 5677 ad
3040 5628 3239 5681 artem.
