3964 6376
503 295 608 355 927
1552 309 1610 365 S.
1653 309 2045 366 GUlLLELMI
2083 308 2387 365 ABBATIS
2421 306 2762 363 HIRSAUG.
3677 302 3789 360 928

649 427 718 483 In
746 427 936 484 Altha.
2114 441 2162 498 Α
2319 435 2744 506 Salzburgense.

647 515 716 572 In
747 517 1094 591 Deckingen.
2323 526 2387 580 In
2418 524 2788 578 Heidenhem.

649 607 1020 664 Ottcnbiiren.
2325 614 2659 666 Sanctorum
2691 610 2846 665 Petri
2876 615 2933 664 et
2960 609 3120 663 Pauli
3150 608 3206 662 in
3237 607 3412 678 Nigra
3442 607 3626 678 Sylva.

647 696 710 750 In
739 697 1100 770 Alberspacli.

651 785 1148 843 Benedict-biiren.

650 874 716 928 In
745 874 1088 932 Glaubiiren.

653 962 720 1016 In
748 963 1104 1019 Necashaim.

649 1050 1031 1108 Schluchtera.

2323 701 2393 756 In
2419 701 2760 770 Wiblingen.

2324 790 2514 847 Sancti
2535 787 2842 859 Trutperti.

2322 879 2385 933 In
2416 877 2624 934 Trube.

2325 967 2394 1022 In
2425 965 2756 1034 Elwangen.

2328 1057 2392 1111 In
2419 1055 2860 1124 Thiethaupten.

651 1139 715 1193 In
745 1139 1135 1196 Oxenhausen.

650 1227 839 1282 Sancti
870 1229 1057 1284 Blasii.

654 1315 930 1371 Muchart.

2327 1145 2364 1200 S
2417 1144 2648 1198 Joannis
2676 1143 2734 1196 in
2761 1141 3018 1196 Thurtal.

2325 1232 2700 1302 Faburgense.

2326 1323 2390 1377 In
2422 1322 2634 1375 Andex.

649 1403 832 1458 Mure.
2327 1411 2392 1465 In
2422 1409 2776 1480 Fischingen.

651 1493 942 1550 Nawense.
2335 1501 2400 1554 In
2429 1499 2978 1554 Blanckhenstetten.

660 1583 1036 1642 Tharisiense.

589 1708 975 1785 Hzec_no_mina
1002 1715 1470 1770 monasteriorum
1501 1716 1716 1770 ordinis
1747 1717 1924 1770 nostri
1957 1713 2279 1785 conscripta
2308 1715 2640 1768 invenimus.
2673 1729 2796 1784 quae
2821 1712 2905 1785 vel
2937 1708 3644 1785 a_pﬁncipio_fundationis
3672 1723 3796 1785 suae

515 1781 776 1856 monachi
806 1781 1228 1856 lIirsaugiensis
1249 1787 1498 1840 Coenobii
1529 1787 1696 1856 primi
1723 1787 2101 1841 inhabitantes
2129 1777 2442 1854 regularem
2475 1777 2794 1856 plantav'ere
2814 1777 3162 1856 disciplinam
3173 1777 3294 1840 {vel
3323 1779 3638 1856 antiquitus
3665 1777 3796 1832 fun-

517 1848 652 1928 data
681 1853 936 1928 et_nimia
955 1848 1253 1928 vetustate,
1276 1857 1389 1911 sive
1415 1848 1666 1928 neglecta
1692 1857 2047 1912 institutione
2074 1848 2405 1922 deformata,
2429 1848 2500 1910 ad
2523 1855 2796 1926 regularis
2819 1848 3186 1908 observantiae
3209 1848 3497 1906 tramitem
3520 1850 3796 1904 reforma-

517 1926 670 1996 runt.
704 1924 978 1978 Hactenus
1006 1927 1206 1982 Chron.
1239 1924 1506 1996 Hirsaug:

587 1994 870 2048 Mancinus
895 2013 1062 2064 porro
1093 2003 1362 2061 lectorem,
1395 1994 1808 2053 constitutiones
1838 2002 2254 2067 Hirsaugienses
2283 2015 2410 2052 cum
2455 1999 2614 2052 libris
2667 1998 2912 2051 (Idalrici
2938 2013 2974 2050 a
3005 1997 3158 2049 nobis
3197 2011 3304 2048 esse
3345 1995 3594 2058 collatas,
3625 1999 3796 2061 atque

519 2067 717 2140 omnia,
731 2068 958 2134 singula
971 2085 1090 2136 qua:
1107 2085 1171 2122 ea:
1189 2072 1350 2124 dictis
1367 2073 1614 2124 Πἁαίγίσὶ
1634 2073 1793 2124 libris
1813 2073 2096 2140 desumpta
2118 2075 2248 2124 sunt
2269 2073 2331 2122 in
2349 2074 2497 2122 textu
2514 2071 2714 2122 litteris
2736 2085 2825 2122 un.
2845 2070 3185 2140 notavimus:
3207 2082 3269 2120 ea
3289 2081 3414 2140 vero
3432 2081 3551 2132 qua:
3562 2069 3795 2140 sanctus

527 2135 844 2210 Witltetmus
868 2135 1122 2192 addidit‘
1138 2145 1359 2194 stcllula
1381 2143 1746 2194 distinximus
1767 2161 1782 2204 ;
1816 2158 1932 2210 quae
1956 2135 2182 2195 variant
2205 2143 2404 2194 litteris
2427 2154 2550 2195 VAR.
2570 2141 2978 2206 designavimus
2993 2156 3010 2191 :
3031 2143 3089 2190 ut
3119 2138 3220 2190 hac
3238 2139 3456 2189 ratione
3477 2137 3660 2210 primo
3679 2139 3798 2210 sta:

519 2207 620 2258 tim
647 2209 862 2279 intuitu
885 2214 1072 2277 pateat
1093 2213 1228 2279 quid
1246 2213 1663 2278 Hirsaugienses
1683 2229 1748 2265 ea:
1771 2207 2257 2266 consuetudinibus
2279 2211 2731 2265 (Jtuniacensibus
2753 2211 3070 2272 asm‘verint,
3098 2210 3339 2279 quidque
3364 2207 3512 2279 illud
3528 2207 3621 2269 sit,
3645 2207 3797 2279 quod

515 2281 644 2353 ante
665 2276 1116 2353 Cluniacensiuni
1147 2276 1471 2336 institutum
1489 2291 1712 2336 sanctus
1744 2285 2058 2336 Withetmus
2083 2299 2117 2336 a
2141 2298 2313 2353 puero
2341 2280 2682 2335 m~nasterio
2705 2279 2890 2333 Sancti
2924 2277 3334 2353 Emmerarnmi
3352 2276 3646 2353 didicerat.
3683 2277 3794 2353 Πη-

517 2347 581 2398 de
611 2350 779 2401 etiam
808 2353 971 2416 faciti
999 2356 1206 2418 negotio
1227 2357 1437 2418 colliget
1463 2357 1717 2407 eruditus
1749 2356 1912 2407 lector
1939 2355 2073 2421 quid
2090 2347 2308 2420 d27l'erat
2328 2355 2628 2420 disciplina
2655 2354 2958 2408 monastica
2983 2366 3101 2417 quae
3119 2353 3184 2407 in
3214 2349 3396 2404 Gallia
3415 2349 3707 2417 ﬂoruit,ab
3730 2363 3796 2401 ea

515 2435 633 2486 quae
652 2422 716 2492 in
739 2423 1036 2476 Germania
1060 2439 1166 2476 usu
1189 2429 1394 2491 recepta
1415 2426 1546 2491 fuit.
1573 2426 1678 2492 Qui
1703 2429 1888 2478 tamen
1905 2431 2120 2477 rectum
2151 2429 2253 2476 hac
2271 2425 2334 2476 de
2365 2440 2422 2476 re
2441 2426 2728 2489 judicium
2755 2425 3046 2488 e/formare
3063 2421 3319 2478 voluerit,
3341 2423 3548 2487 oportet
3575 2424 3637 2471 ut
3660 2421 3791 2472 Ber-

518 2491 691 2542 nardi
709 2509 918 2560 quoque
941 2495 1193 2546 ordinem
1219 2491 1630 2549 (Iluniacensem
1655 2511 1781 2548 cum.
1804 2496 1888 2548 his
1910 2495 2394 2548 constitutionibus
2415 2495 2661 2560 con/erat
2679 2512 2695 2545 :
2716 2495 2995 2545 nonnulla
3016 2493 3167 2544 enim,
3185 2494 3370 2556 capita
3400 2493 3643 2542 istarum
3667 2504 3797 2542 con-

517 2563 874 2616 stitutionum
895 2567 963 2617 ab
990 2565 1240 2618 L’ldarico
1267 2568 1634 2632 praetermissa
1656 2569 1718 2620 in
1745 2569 1842 2620 illo
1865 2569 2057 2619 ordine
2079 2567 2472 2632 continentur;
2499 2581 2616 2632 quae
2643 2569 2849 2628 tamen,
2878 2579 2944 2616 ne
2963 2579 3096 2632 opus
3121 2577 3389 2615 mancum
3412 2563 3796 2628 mutitumque

520 2634 889 2695 redderemus,
917 2636 1008 2688 hic
1035 2653 1099 2688 cur
1119 2638 1332 2702 integro
1358 2639 1501 2704 typis
1529 2640 1697 2690 etiam.
1725 2639 1961 2690 describi
1985 2652 2328 2690 curavimus.

723 2911 2130 3050 CONSTITUTIONES
2228 2905 3580 3050 HIRSAUGIENSES

2092 3152 2239 3214 SEU

1224 3313 3045 3437 GENGENBACENSES

1725 3491 1857 3567 [Ex
1896 3511 2030 3551 mss.
2068 3489 2592 3566 Einsidlensibus.]

1667 3734 2076 3827 LIBER
2128 3735 2635 3829 PRIMUS

1111 3920 1514 3976 PROLOGUS.
2133 3920 2410 3987 Bliensis,
2443 3920 2758 3992 apostolicae
2794 3921 2942 3975 sedis
2988 3920 3271 3991 legatione
3310 3919 3554 3982 functus,
3586 3919 3659 3973 ad
3688 3934 3796 3974 nos

588 4007 892 4078 Postquam
931 4007 1064 4078 (l6*)
1099 4023 1203 4079 ego
1232 4009 1406 4064 frater
1435 4011 1794 4076 Wilhelmus,
1827 4011 1928 4065 Dei
1957 4011 2112 4064 crdi-

519 4095 766 4164 natione,
801 4101 858 4150 et
900 4097 1106 4152 iratum
1137 4097 1626 4169 Hirsaugiensium
1658 4100 1928 4154 electione
1961 4101 2112 4169 ejus-

518 4185 648 4238 dem
693 4185 801 4238 loci
840 4187 1091 4256 provisor
1137 4205 1260 4241 sum
1308 4189 1666 4254 constitutus,
1701 4189 1879 4242 indidi
1926 4188 2007 4241 eis
2054 4188 2114 4242 in

519 4272 738 4343 primis,
759 4290 897 4343 quas
913 4291 946 4327 a
967 4291 1140 4344 puero
1160 4275 1466 4330 didiceram
1487 4277 1546 4330 in
1563 4277 1904 4331 monasterio
1925 4277 2114 4331 Sancti

520 4361 924 4416 Emmerammi
944 4364 1221 4432 regularis
1241 4365 1364 4420 vitae
1385 4365 1838 4420 consuetudines.
1853 4367 1957 4421 Sed
1984 4367 2114 4437 quia

519 4449 699 4502 multa
725 4449 783 4503 in
825 4451 906 4505 eis
936 4458 1115 4516 erant,
1146 4471 1270 4525 quae
1299 4455 1570 4526 paulatim
1605 4455 1934 4510 succedente
1965 4457 2112 4510 desi-

519 4538 614 4592 dia
643 4555 676 4592 a
701 4540 1005 4595 monastico
1034 4541 1237 4612 rigore,
1272 4551 1330 4598 et
1357 4543 1426 4598 ab
1454 4545 1605 4598 illius
1627 4551 1800 4614 partae
1825 4561 2116 4599 conversa-

515 4626 686 4681 tionis
747 4628 1038 4684 nobilitate
1096 4631 1430 4686 videbantur
1483 4633 1874 4702 degenerasse,
1926 4633 2115 4688 statim

520 4716 671 4788 apud
688 4733 798 4782 me,
821 4725 885 4773 ut
905 4719 1222 4790 ubicunque
1251 4721 1463 4790 aliquid
1477 4721 1846 4775 informandis
1859 4723 2118 4776 Fratrum

521 4806 774 4862 moribus
799 4809 1112 4879 proﬁcuum
1142 4810 1263 4862 visu
1298 4811 1379 4863 vel
1411 4811 1629 4876 auditu,
1655 4813 1736 4864 vel
1759 4819 1909 4866 certe
1928 4813 2119 4865 lectio-

519 4913 591 4950 ne
611 4912 897 4951 sacrorum
929 4897 1199 4951 librorum
1220 4899 1586 4968 percipercm,
1609 4905 1790 4954 totum
1819 4901 1925 4954 hoc
1953 4900 2113 4971 quasi

520 4985 672 5040 vivos
696 4985 910 5056 lapides
940 4987 1008 5039 ad
1033 4986 1344 5057 spiritualis
1369 4993 1663 5042 structurae
1684 4989 1951 5042 fabricam
1987 5005 2116 5042 con-

520 5075 726 5128 ferrem
773 5075 929 5138 Quod
961 5075 1309 5144 propositum
1343 5093 1528 5130 meum
1557 5077 1689 5130 dum
1717 5078 1765 5130 ei
1811 5079 1907 5148 qui
1937 5078 2118 5147 replet

2197 4011 2438 4074 devenit,
2472 4011 2864 4080 integrumque
2893 4011 3010 4063 fere
3039 4026 3250 4064 annum
3271 4009 3600 4062 difficultate
3623 4011 3800 4064 confi-

2197 4099 2378 4154 ciendi
2424 4099 2664 4164 itineris,
2699 4098 2848 4169 quod
2894 4097 3127 4162 volebat,
3172 4097 3465 4163 inhibitus,
3497 4097 3796 4152 nobiscum

2197 4189 2398 4258 exegit.

2267 4278 2373 4342 Qui
2403 4277 2485 4331 uti
2515 4277 2748 4331 sollicite
2775 4275 3012 4330 fratrum
3043 4275 3544 4339 conversationem,
3579 4280 3638 4329 et
3668 4291 3794 4328 mo-

2197 4367 2429 4420 nasterii
2459 4366 2636 4420 nostri
2683 4371 2892 4419 statum
2940 4365 3194 4436 pervidit.
3230 4365 3473 4434 quodam
3523 4363 3612 4417 die
3643 4363 3796 4417 inter

2195 4463 2396 4510 caetera
2425 4455 2720 4524 colloquia,
2763 4455 2842 4508 sic
2884 4471 2972 4507 me
3013 4453 3386 4524 compellavit.
3435 4471 3458 4504 α
3495 4453 3570 4508 Ut
3607 4453 3790 4518 video,

2201 4564 2223 4596 α
2266 4544 2440 4597 frater
2464 4543 2808 4606 charissime,
2841 4543 2996 4596 locus
3039 4543 3146 4596 iste
3181 4542 3483 4596 admodum
3514 4547 3680 4612 aptus
3707 4547 3796 4596 est

2206 4653 2228 4685 ι
2270 4633 2678 4687 conversationi
2712 4632 3050 4693 monasticae,
3085 4639 3142 4686 et
3171 4631 3277 4702 ipsi
3313 4632 3516 4686 fratres
3547 4633 3700 4700 juste
3728 4649 3796 4686 ac

2206 4741 2231 4774 (ι
2271 4727 2460 4776 sancte
2481 4721 2698 4775 vivendi
2719 4719 3112 4774 ardentissimo
3131 4720 3394 4774 videntur
3414 4721 3656 4790 ﬂagrare
3676 4724 3796 4774 stu-

2207 4831 2231 4863 ί(
2273 4811 2384 4864 dio.
2436 4811 2544 4864 Sed
2589 4827 2752 4864 nosse
2801 4810 2984 4873 velim,
3026 4827 3165 4880 quos
3203 4809 3552 4880 potissimum
3593 4814 3794 4864 vestrae

2205 4920 2227 4951 ‹
2272 4900 2641 4952 institutionis
2661 4899 2960 4968 magistros
2978 4897 3250 4964 habeatis,
3267 4904 3319 4952 et
3335 4915 3368 4952 ει
3387 4915 3495 4968 quo
3514 4897 3795 4968 praecipue

2204 5009 2226 5041 κ
2271 4989 2610 5043 monasterio
2640 4989 2918 5041 derivatas
2943 4987 3373 5040 consuetudines
3407 4986 3730 5041 observetis.
3764 5005 3790 5038 ι)

2199 5079 2409 5142 Nostri,
2451 5077 2700 5148 inquam.
2735 5086 2822 5130 est
2849 5075 3020 5130 studii
3057 5075 3336 5145 quoslibet
3363 5075 3656 5145 religiosos
3685 5073 3793 5128 hu-

517 5162 578 5216 in
608 5161 769 5216 bonis
790 5162 1130 5216 desiderium
1152 5163 1402 5218 ﬁdelium
1425 5181 1678 5233 suorum,
1703 5166 1912 5218 sedulis
1943 5166 2118 5236 preci-
2193 5165 2286 5234 jus
2312 5167 2437 5218 vitae
2468 5169 2614 5218 viros
2641 5181 2741 5234 pro
2773 5180 2933 5234 posse
2963 5171 3153 5216 nostro
3193 5163 3403 5216 imitari
3439 5181 3450 5216 :
3483 5162 3582 5216 sed
3612 5161 3660 5215 si
3691 5177 3794 5215 nos

522 5251 630 5305 bus
657 5251 1142 5306 commendarem:
1179 5253 1293 5306 Deo
1324 5254 1510 5308 omnia
1544 5253 1891 5312 mirabiliter.
1923 5269 1988 5306 ac
2017 5239 2254 5308 mi-Din
2285 5255 2473 5324 aliquo
2513 5255 2799 5307 devnantes
2841 5252 3155 5322 dignamini
3185 5251 3254 5305 ad
3304 5251 3450 5304 viam
3503 5251 3790 5316 reducere,

523 5340 882 5394 sericorditer
901 5341 1252 5412 disponente.
1273 5342 1604 5396 venerabilis
1623 5343 1724 5402 vir,
1749 5357 1813 5394 ac
1842 5341 2116 5396 bonorum
2200 5344 2391 5414 procul
2412 5342 2580 5396 dubio
2603 5359 2934 5413 quocunque
2955 5358 3056 5395 nos
3080 5341 3352 5412 sapientis
3383 5339 3600 5394 consilii
3622 5355 3795 5394 manu

525 5429 778 5482 omnium
810 5431 1083 5485 memoria
1111 5431 1314 5501 dignus
1345 5431 1665 5485 Bernardus
1703 5430 1874 5484 abbas
1901 5430 2117 5485 -Massi-

599 5533 744 5604 (16*)
786 5537 1056 5608 Prologus
1095 5538 1184 5592 hic
1217 5537 1273 5591 in
1319 5538 1504 5591 codice
1538 5536 1869 5591 Einsidlensi
1903 5537 2116 5592 deside-

527 5611 712 5670 ratur;
740 5609 1000 5662 eumdem
1019 5611 1269 5680 supplevi
1289 5625 1356 5662 ex
1377 5626 1481 5664 ms.
1497 5609 1932 5678 Weingartensi,
1947 5627 2113 5681 quem

2199 5433 2420 5496 ducitis,
2461 5431 2864 5501 promptissimi
2901 5430 3307 5501 subsequemur
3365 5431 3450 5484 Ad
3488 5429 3608 5482 haec
3648 5428 3741 5482 ille
3778 5447 3790 5481 :

2201 5545 2396 5610 postea
2421 5537 2633 5592 editum
2666 5537 2848 5606 reperi
2873 5543 3026 5590 tomo
3055 5536 3129 5591 IV
3161 5541 3266 5590 vet.
3300 5537 3717 5590 Analectorum.
