3964 6352
141 313 255 370 929

1207 318 1626 374 CONSTITI’T.
1671 318 2012 374 IIIRSAUG.
2061 350 2119 360 —
2161 320 2298 376 LIB.
2340 321 2384 375 Ι.

3327 324 3432 384 930

148 459 173 490 ι
206 440 440 505 Vestra,
464 440 667 512 inquit,
693 442 1058 506 conversatio,
1091 446 1364 513 quantum
1390 441 1567 494 nostri
1595 440 1748 511 inge-
1767 443 1818 501 A
1837 441 2039 497 fratres
2067 443 2402 508 charissimi,
2448 444 2741 498 reverendi
2785 446 2982 500 Patres
3019 463 3084 501 ac
3110 448 3339 513 domini,
3373 454 3432 505 et

148 547 175 579 α
210 528 355 581 nioli
388 530 648 583 acumine
673 531 910 601 perspici
946 537 1148 601 potest,
1168 532 1348 584 etlleo
1369 529 1747 599 acceptabilis,

149 638 172 664 ι
213 624 274 670 et
317 616 573 671 omnium
611 635 748 672 sane
790 619 1128 688 sapientium
1173 617 1470 671 admiratio
1510 618 1747 670 videtur.

150 723 178 757 ι
211 706 327 760 Sed
354 706 403 759 si
442 707 626 760 adhuc
642 708 938 777 gloriosior
965 713 1130 768 esset,
1158 712 1213 760 et
1237 705 1572 777 apostolicis,
1594 711 1656 759 ut
1675 705 1754 758 ita

152 813 175 844 ι
211 793 425 858 dicam,
456 794 631 864 signis
661 802 719 848 et
757 796 1056 850 virtutibus
1089 796 1370 849 illustrata
1404 796 1755 860 claresceret,

153 906 179 933 ι
210 882 304 935 his
334 888 550 947 tamen,
584 884 680 953 qui
704 884 919 937 sincere
948 884 1311 937 monasticam
1332 888 1623 936 sectantur
1635 899 1756 952 per-

154 990 177 1021 ι
214 970 541 1036 fectionem,
584 987 695 1025 non
743 972 882 1024 adeo
926 978 1091 1042 grata
1119 977 1456 1042 acceptaque
1486 971 1611 1035 erit,
1645 969 1755 1024 nisi

152 1076 182 1111 ε
216 1059 346 1113 aliis
368 1060 706 1130 regulariter
730 1059 1005 1114 institutis
1027 1060 1383 1113 monasteriis
1413 1059 1471 1112 in
1489 1058 1684 1113 habitu
1698 1064 1757 1112 et

154 1169 180 1195 α
214 1154 453 1202 tonsura
480 1150 694 1203 caeteris
708 1149 1205 1203 consuetudinibus
1235 1148 1541 1202 assimilata
1561 1149 1749 1201 fuerit.

155 1256 176 1287 ι
218 1238 329 1290 Sed
362 1238 514 1291 inter
544 1238 735 1292 omnia
763 1239 1058 1308 Cisalpinae
1089 1238 1677 1303 Galliaemonasteria,
1713 1238 1760 1291 si

157 1346 180 1375 ιι
214 1332 477 1380 nostram
520 1327 808 1398 requiritis
851 1327 1210 1393 sententiam,
1254 1325 1621 1380 Cluniacense
1653 1343 1760 1380 coe-

157 1437 179 1465 (
216 1416 452 1470 nobium
489 1416 838 1487 potissimum
870 1417 1025 1471 vobis
1053 1418 1262 1470 suadeo
1285 1416 1602 1486 eligendum
1626 1435 1638 1483 ;
1664 1416 1759 1469 ubi

155 1524 180 1557 (ί
212 1510 274 1559 et
301 1505 841 1576 perfectissimorum
881 1506 1282 1560 monachorum
1317 1505 1669 1565 auctoritate,
1701 1511 1758 1560 et

153 1612 182 1643 α
214 1594 498 1665 temporis
526 1595 865 1664 antiquitate
895 1595 1204 1648 monastica
1232 1611 1297 1648 eo
1327 1595 1543 1648 roboris
1570 1600 1626 1648 et
1640 1595 1757 1664 glo-

1834 531 2257 603 quibuscunq'ue
2279 533 2424 587 inest
2454 550 2614 587 amor
2642 540 2699 587 et
2731 535 2980 588 studium
3005 538 3308 592 secundum
3333 556 3426 593 vos

1814 619 2074 686 —institui,
2104 622 2222 675 haec
2251 622 2599 676 observando
2628 623 2796 676 vitam
2829 629 3097 678 aeternam
3123 628 3430 697 promereri

1836 709 2070 762 valeatis
2095 727 2105 761 :
2142 711 2388 780 dumque
2417 729 2513 765 vos
2544 718 2734 765 nostro
2762 712 2952 767 labore
2977 714 3045 767 ad
3075 714 3215 768 bene
3246 716 3431 769 viven—

1836 797 1971 851 dum
2010 799 2264 867 adjuvari
2281 800 2559 868 gaudetis,
2588 818 2689 854 nos
2718 818 2941 873 quoque
2969 803 3039 856 ad
3062 820 3288 875 semper
3305 822 3433 860 cum

1838 885 2060 940 Christo
2093 888 2253 941 beate
2299 889 2612 956 vivendum,
2658 890 2857 944 vestris
2904 891 3251 947 orationibus
3280 894 3436 964 adju-

1836 974 1975 1028 vetis
1993 1020 2002 1030 .

1907 1062 2091 1117 Hilari
2121 1081 2253 1135 ergo
2285 1067 2497 1129 animo,
2522 1073 2578 1120 et
2608 1067 2783 1122 obviis
2812 1073 2900 1134 (ut
2919 1069 3150 1139 dicitur)
3172 1071 3432 1126 manibus

1838 1153 2103 1222 suscipite
2133 1155 2364 1223 parvula
2384 1156 2732 1225 quidem,sed
2753 1159 2930 1211 multo
2950 1158 3142 1213 labore
3165 1161 3436 1215 exsudata

1843 1240 2027 1294 Patris
2065 1243 2272 1296 nostris
2309 1245 2492 1306 xenia,
2538 1251 2594 1298 et
2644 1245 2714 1299 ad
2748 1253 3079 1317 perpetuum
3110 1250 3276 1319 paulo
3308 1256 3434 1320 post

1843 1330 2102 1384 morituri
2132 1331 2283 1385 senis
2302 1334 2651 1400 memoriam,
2675 1336 3111 1406 amplectimini;
3137 1347 3353 1392 servate
3373 1345 3432 1393 et

1842 1417 2149 1473 observate.
2186 1426 2354 1491 atque
2395 1422 2455 1474 in
2496 1422 2711 1477 intimis
2755 1427 3007 1494 reponite
3035 1427 3329 1499 sensibus;
3369 1435 3434 1482 ut

1842 1523 2008 1576 quam
2037 1508 2255 1561 sincero
2281 1526 2471 1562 amore
2501 1510 2773 1565 viventem
2805 1513 3129 1577 dilexeritis,
3148 1517 3204 1569 in
3232 1517 3433 1571 horum

1841 1595 2226 1651 observatione
2279 1598 2590 1652 innotescat
2637 1600 2896 1655 omnibus
2944 1620 3045 1673 per
3081 1606 3436 1660 succedentia

156 1700 181 1732 ε
214 1683 318 1736 riae
360 1683 609 1736 excrevit
656 1684 872 1753 religio,
908 1689 971 1736 ut
1017 1683 1200 1753 siqua
1229 1683 1412 1737 adhuc
1441 1682 1756 1736 sanctitatis
1779 1689 2097 1763 “tempora
2124 1687 2349 1743 futuris.
2383 1688 2525 1741 Hinc
2555 1689 2727 1742 etiam
2775 1691 2931 1760 operi
2978 1694 3262 1763 prOposito
3314 1711 3436 1749 ma-

156 1792 177 1819 u
217 1771 460 1842 vestigia
480 1772 538 1825 in
569 1772 692 1825 aliis
718 1772 1003 1826 videretur
1020 1772 1512 1837 monasteriis,non
1525 1772 1755 1826 dubium
1779 1754 1978 1826 Bnum
2020 1775 2385 1844 applicantes.
2427 1792 2734 1847 congruum
2768 1779 3113 1835 arbitramur
3139 1799 3173 1835 a
3202 1783 3436 1838 novitio-

158 1882 181 1912 ι
216 1860 294 1915 sit
317 1877 387 1914 ex
417 1861 542 1926 hoc,
584 1860 745 1931 quasi
776 1878 841 1914 ex
872 1860 994 1914 vivo
1024 1862 1264 1932 quodam
1321 1868 1377 1914 et
1421 1861 1758 1915 inexhausto
1842 1877 1966 1915 rum
2017 1863 2387 1933 susceptione,
2426 1882 2732 1936 eorumque
2777 1867 3133 1924 institutione
3181 1871 3432 1927 omnium

158 1969 183 2000 ι
216 1950 396 2014 fonte,
443 1949 695 2019 singulos
746 1966 1037 2004 emanasse
1082 1949 1307 2004 rivulos.
1335 1969 1360 2002 n
1395 1950 1533 2003 Dum
1566 1950 1672 2017 his,
1704 1955 1761 2003 et
1841 1967 1963 2021 quae
1989 1952 2220 2006 dicenda
2251 1959 2384 2007 sunt
2412 1955 2696 2008 exordium
2729 1955 2930 2010 facere.

150 2038 486 2108 hujusmodi
524 2038 746 2092 motivis
779 2038 862 2092 vir
888 2039 1203 2109 praedictus,
1238 2046 1300 2092 ut
1329 2039 1438 2093 dici
1466 2040 1625 2104 solet,
1658 2039 1758 2092 sti-
2484 2044 2714 2098 CAPUT
2751 2045 2795 2098 Ι.

155 2128 344 2181 mulos
374 2126 1067 2191 currentibusaddidisset,
1102 2136 1327 2198 peracta
1348 2128 1625 2196 legatione
1658 2144 1758 2198 pro
2230 2132 2305 2184 De
2333 2133 2650 2185 diversitate
2682 2136 3042 2188 novz'tz'orum.

156 2233 273 2287 qua
305 2222 555 2280 venerat,
587 2216 837 2284 rediit,et
854 2217 911 2269 in
926 2216 1211 2273 redeundo
1235 2217 1563 2270 Cluniacum
1583 2222 1761 2271 trans-
1914 2234 2005 2271 un.
2042 2216 2226 2287 Igitur
2266 2219 2457 2290 aliqua
2495 2220 2790 2275 diversitas
2815 2226 2901 2275 est
2928 2223 3253 2279 eorumdem
3280 2225 3437 2280 novi-

156 2304 303 2367 iens,
335 2305 443 2375 ipsi
475 2305 629 2358 Patri
673 2306 1000 2359 monasterii
1030 2322 1131 2358 nos
1162 2306 1360 2359 intime
1393 2306 1762 2360 commenda-
1842 2309 2048 2363 tiorum
2082 2328 2094 2363 :
2125 2326 2254 2363 nam
2282 2326 2392 2363 non
2419 2311 2599 2364 solum
2632 2312 2843 2382 absque
2874 2312 3070 2368 habitu
3100 2315 3350 2382 veniunt,
3371 2322 3436 2371 ut

158 2398 256 2458 vit,
289 2402 346 2448 et
369 2395 440 2447 ad
474 2394 792 2465 pristimum
826 2395 893 2461 (si
923 2395 1057 2465 quid
1084 2394 1403 2463 hujusmodi
1432 2394 1501 2446 ab
1523 2411 1586 2447 eo
1611 2400 1762 2464 pete—
1842 2397 1970 2450 laici
2007 2404 2064 2451 et
2085 2398 2294 2461 clerici,
2327 2398 2423 2453 sed
2457 2401 2624 2453 etiam
2675 2417 2802 2454 cum
2857 2401 3053 2456 habitu
3093 2409 3149 2457 et
3178 2403 3439 2458 monachi

162 2501 352 2538 remus
358 2501 378 2553 )
405 2484 547 2538 satis
579 2484 906 2537 benevolum
936 2483 1200 2537 reddidit.
1838 2486 1956 2555 jam
1974 2485 2351 2541 facti.Ettales
2373 2488 2647 2542 trifariam
2672 2496 2805 2543 sunt
2824 2490 3164 2545 differentes.
3197 2491 3436 2555 Quidam

228 2575 391 2629 Circa
418 2574 567 2628 idem
600 2579 823 2644 tempus
848 2573 1141 2627 Udalricus
1157 2574 1345 2627 senior
1374 2572 1601 2644 quidam
1630 2574 1759 2628 Clu-
1842 2580 1977 2628 sunt
2006 2575 2074 2628 de
2094 2576 2416 2646 longinquis
2446 2590 2503 2630 et
2528 2578 2726 2631 alienis
2750 2580 3123 2643 monasteriis,
3158 2587 3216 2633 et
3244 2581 3315 2634 ad
3336 2581 3438 2634 hoc

163 2663 442 2716 niacensis
496 2668 637 2717 nutu
693 2662 814 2724 Dei,
860 2679 959 2732 pro
987 2678 1155 2715 causa
1187 2663 1512 2716 monasterii
1542 2663 1598 2716 in
1637 2664 1761 2716 Ale-
1843 2664 2092 2726 veniunt,
2134 2671 2197 2716 ut
2247 2681 2443 2720 rursus
2492 2668 2884 2736 proﬁteantur,
2914 2674 2970 2721 et
2997 2669 3067 2722 de
3095 2677 3295 2723 caetero
3325 2686 3441 2723 ma-

160 2752 450 2805 manniam
481 2751 706 2811 missus,
736 2751 1066 2821 aliquandiu
1096 2750 1384 2804 nobiscum
1419 2751 1626 2805 mansit
1658 2770 1669 2804 :
1705 2758 1762 2805 et
1843 2758 2015 2805 neant
2070 2751 2380 2806 nobiscum.
2432 2754 2670 2817 Quidam
2727 2762 2859 2809 sunt
2896 2756 2964 2809 de
3010 2756 3163 2810 cellis
3208 2757 3434 2821 nostris,

167 2841 297 2911 quia
328 2840 494 2894 nobis
519 2840 653 2893 olim
680 2846 802 2893 erat
824 2839 1322 2903 familiarissimus,
1354 2841 1632 2910 longaque
1641 2841 1759 2909 jam
1843 2845 1900 2893 et
1930 2841 2010 2893 vel
2045 2857 2144 2909 pro
2174 2841 2500 2895 inﬁrmitate
2545 2843 2628 2895 vel
2681 2843 2788 2896 loci
2832 2845 3241 2914 longinquitate
3267 2844 3438 2899 bene-

164 2929 581 2999 experientiain
605 2928 1062 2984 Cluniacensibus
1078 2928 1385 2999 disciplinis
1403 2929 1756 2992 exercitatus,
1848 2928 2145 2982 dictionem
2184 2930 2303 2999 jam
2342 2947 2377 2983 a
2417 2930 2622 2984 domno
2668 2930 2870 2985 abbate
2915 2940 3273 3003 acceperunt,
3315 2951 3437 3003 pro-

165 3018 488 3089 rogavimus
520 3035 648 3072 eum
680 3025 744 3071 ut
776 3035 906 3071 suas
955 3017 1114 3071 nobis
1145 3019 1579 3071 consuetudines
1607 3023 1764 3070 tran-
1783 3066 1822 3092 ρ
1846 3016 2086 3070 fessione
2115 3018 2232 3086 jam
2285 3018 2477 3081 dilata,
2512 3028 2568 3072 et
2614 3020 2682 3072 ad
2730 3020 2913 3073 locum
2967 3028 3218 3075 nostrum
3263 3037 3442 3092 usque

169 3107 437 3161 scriberet
484 3107 716 3171 Annuit,
749 3106 1063 3178 spopondit,
1082 3113 1233 3171 et,ut
1249 3107 1598 3176 promiserat,
1628 3108 1767 3160 duos
1782 3099 1823 3123 υ
1848 3113 2157 3162 reservata.
2196 3107 2461 3178 Alioquin
2499 3108 2741 3162 novitius
2786 3109 2845 3162 in
2891 3110 3080 3180 aliqua
3109 3111 3437 3164 earumdem

167 3194 235 3250 de
264 3196 546 3266 praedictis
573 3195 1071 3249 consuetudinibus
1106 3195 1317 3248 libellos
1339 3196 1497 3249 nobis
1523 3196 1767 3249 conscri-

167 3285 296 3356 psit.
338 3286 542 3338 Postea
581 3285 998 3338 considerantes
1035 3284 1089 3337 in
1117 3285 1327 3337 eisdem
1360 3285 1559 3338 libellis
1593 3286 1770 3339 multa

168 3374 366 3428 deesse
422 3373 494 3427 ad
552 3373 862 3444 p!enariam
911 3374 1236 3428 earumdem
1296 3374 1765 3428 consuetudinum

168 3462 462 3517 scientiam
492 3463 909 3533 capessendam,
939 3463 1121 3533 primo
1165 3463 1305 3516 duos
1329 3480 1393 3515 ex
1425 3464 1631 3516 nostris
1660 3464 1770 3517 fra-

169 3550 374 3616 tribus,
407 3556 577 3621 atque
600 3550 807 3604 iterum
836 3550 977 3603 alios
1006 3550 1164 3615 duos,
1199 3551 1365 3604 tertio
1407 3550 1768 3606 nihilominus

172 3639 313 3693 duos
336 3638 664 3692 Cluniacum
696 3638 1001 3691 direximus
1036 3657 1047 3690 :
1083 3639 1178 3708 qui
1225 3646 1341 3692 tam
1371 3638 1626 3708 diligenti
1649 3656 1772 3693 exa-

175 3729 487 3783 minatione
517 3729 709 3781 omnia
736 3728 886 3782 illius
909 3728 1133 3783 Ordinis
1164 3735 1378 3782 secreta
1404 3729 1591 3782 rimati
1615 3736 1767 3785 sunt.

176 3826 242 3873 ut
264 3819 374 3889 ipsi
400 3835 594 3873 eorum
627 3818 901 3888 magistri,
945 3818 1002 3871 in
1050 3835 1287 3888 quorum
1328 3818 1613 3872 audientia
1633 3818 1771 3872 scri-

177 3913 304 3979 ptas
359 3907 795 3961 consuetudines
846 3906 1174 3970 recitabant,
1224 3908 1591 3961 affirmarent.
1633 3924 1775 3961 nun-

178 4013 350 4069 quam
406 3995 627 4066 aliquos
670 3995 821 4048 illius
870 3994 1182 4065 spiritualis
1213 3996 1415 4051 scholae
1445 3996 1768 4067 discipulos,

173 4087 262 4141 vel
294 4086 530 4157 plenius,
567 4084 650 4137 vel
702 4085 947 4139 veracius
998 4102 1112 4138 suae
1164 4084 1535 4139 institutionis
1594 4093 1771 4140 artem

177 4174 671 4245 comprehendisse
733 4173 853 4227 Illis
881 4175 1108 4228 tandem
1142 4175 1527 4239 redeuntibus,
1565 4183 1621 4230 et
1659 4183 1774 4231 tam

180 4263 453 4318 fructuosi
493 4264 677 4333 operis
708 4262 1023 4333 manipulos
1053 4281 1180 4317 cum
1206 4264 1415 4333 gaudio
1438 4267 1777 4335 reportanti-

1850 3196 2114 3250 cellarum
2147 3205 2578 3267 susceptus,non
2598 3205 2683 3252 est
2698 3199 2776 3252 ibi
2796 3200 3094 3253 monachili
3112 3200 3441 3255 indumento

1851 3284 1959 3338 nisi
1982 3301 2082 3354 per
2108 3286 2387 3339 licentiam
2411 3287 2749 3352 vestiendus,
2781 3289 2878 3342 sed
2908 3290 3213 3359 assumptis
3252 3306 3440 3345 secum

1852 3374 2053 3444 quibus
2080 3374 2352 3429 induatur
2388 3376 2456 3429 ad
2496 3376 2879 3447 accipiendum
2914 3377 3180 3432 habitum
3222 3379 3295 3433 ad
3342 3396 3444 3434 nos

1852 3481 2029 3535 usque
2085 3464 2437 3534 perducitur;
2499 3465 2734 3530 caeteris,
2786 3482 2909 3536 quae
2961 3484 3151 3520 secum
3212 3468 3443 3523 Domino

1852 3552 2058 3607 obtulit
2086 3552 2344 3606 omnibus
2376 3554 2505 3617 illic,
2535 3554 2630 3607 ubi
2652 3562 2944 3625 susceptus
2974 3562 3079 3618 est,
3109 3574 3446 3627 permanen-

1852 3643 2022 3695 tibus.
2039 3642 2146 3696 Sed
2165 3649 2458 3713 postquam
2490 3644 2559 3697 de
2580 3644 2775 3697 ordine
2805 3651 2995 3699 nostro
3010 3645 3350 3716 instructus(
3364 3652 3376 3699 l
3392 3647 3446 3711 7)

1852 3731 2295 3785 benedictionem
2354 3734 2630 3803 acceperit
2683 3733 2753 3787 ad
2811 3734 2992 3786 locum
3037 3734 3131 3786 ubi
3181 3734 3335 3805 prius
3363 3741 3451 3789 est

1855 3829 2145 3891 susceptus
2185 3821 2257 3888 (si
2288 3821 2493 3874 domno
2533 3821 2721 3875 abbati
2760 3822 2936 3875 visum
2967 3822 3179 3891 fuerit),
3211 3822 3440 3881 redibit.

1857 3910 2010 3964 Solet
2038 3916 2227 3963 tamen
2275 3910 2515 3963 domnus
2560 3911 2732 3964 abbas
2769 3911 2880 3965 illis
2926 3911 3224 3982 prioribus,
3256 3911 3352 3982 qui
3389 3912 3450 3966 in

1857 3998 2247 4052 remotissimis
2284 3999 2417 4052 locis
2458 4007 2768 4062 morantur,
2811 4001 3115 4054 concedere
3152 4006 3445 4069 susceptos

1858 4087 2098 4140 novitios
2126 4104 2237 4140 non
2252 4089 2434 4141 solum
2455 4089 2764 4142 monastico
2783 4088 3111 4142 indumento
3128 4087 3204 4140 ibi
3222 4088 3447 4154 vestire,

1858 4175 1954 4228 sed
1985 4176 2174 4240 etiam,
2208 4175 2254 4228 si
2288 4181 2404 4229 tam
2446 4177 2632 4247 gravis
2672 4177 2971 4230 infirmitas
3002 4175 3199 4230 mortis
3233 4175 3453 4246 pericu-

1859 4264 1975 4317 lum
2006 4263 2269 4329 minatur,
2304 4264 2362 4317 in
2393 4266 2694 4319 monachos
2723 4282 3069 4320 consecrare.
3105 4266 3234 4319 Haec
3263 4270 3453 4319 autem

184 4355 309 4417 bus,
341 4353 657 4424 accepimus
705 4369 807 4424 per
844 4370 939 4406 eos
969 4353 1294 4406 mandatum
1325 4370 1359 4405 a
1386 4353 1624 4407 Domino
1660 4355 1823 4425 Hu-_
1863 4352 2174 4406 benedictio
2207 4369 2330 4423 quae
2357 4354 2437 4406 ita
2452 4354 2521 4407 ad
2537 4355 2946 4407 succurendum
2976 4352 3088 4425 (I8)
3103 4355 3313 4425 agitur,
3337 4359 3455 4408 tam

184 4459 330 4512 gone
360 4423 665 4497 venerabili
694 4423 1146 4496 Cluniacensium
1176 4442 1396 4507 abbate,
1431 4449 1492 4496 ut
1520 4460 1623 4496 sua
1649 4423 1843 4498 fretiD
1863 4441 1969 4503 his,
2022 4442 2118 4511 qui
2154 4458 2326 4512 prope
2363 4459 2528 4511 quam
2571 4444 2665 4513 qui
2695 4443 2861 4514 longe
2892 4423 3041 4507 sunt,
3066 4423 3356 4514 prioribus
3386 4443 3456 4496 ab

185 4531 860 4596 auctoritate,coadunato
876 4532 1159 4585 seniorum
1176 4538 1495 4585 nostrorum
1527 4533 1776 4599 consilio,

188 4625 357 4690 prout
374 4620 498 4690 ipsa
525 4620 773 4673 declarat
800 4619 966 4682 ratio,
984 4620 1291 4673 secundum
1325 4636 1535 4673 morem
1561 4621 1774 4691 patriae,

187 4709 294 4763 loci
323 4709 518 4774 situm,
542 4714 599 4762 et
626 4708 772 4762 aeris
802 4707 1149 4778 temperiem.
1172 4708 1240 4761 de
1262 4709 1471 4762 eisdem
1486 4716 1781 4764 consuetu-

189 4797 433 4863 dinibus,
489 4797 537 4851 si
578 4797 710 4868 quid
741 4804 890 4851 esset
914 4798 1262 4867 superfluum
1319 4798 1698 4865 demeremus;
1735 4800 1782 4853 si

190 4887 322 4958 quid
365 4886 720 4949 mutandum,
768 4892 1116 4939 mutaremus
1150 4903 1160 4937 :
1195 4886 1242 4938 si
1275 4886 1408 4957 quid
1440 4887 1782 4949 addendum,

184 4976 708 5039 adderemus.Quod
720 4975 1101 5045 sagacistudio
1118 4976 1402 5029 communi
1431 4976 1779 5044 insistentes,

186 5071 245 5119 et
278 5081 459 5136 pauca
485 5065 739 5135 quaedam
763 5070 1065 5129 mutantes,
1105 5065 1281 5118 multo
1301 5070 1488 5118 autem
1520 5067 1785 5135 pauciora

187 5153 523 5219 recidentes,
553 5158 701 5207 totas
731 5153 856 5206 illas
894 5154 1329 5207 consuetudines
1358 5154 1413 5207 in
1444 5155 1582 5208 duos
1612 5156 1786 5209 libros

192 5242 471 5296 distinctis
491 5258 705 5312 persua
719 5242 965 5312 capitula
988 5242 1283 5296 sententiis
1297 5242 1648 5312 digessimus.
1670 5232 1787 5298 Hac

193 5339 382 5385 autem
412 5330 744 5393 intentione,
779 5337 835 5384 et
881 5331 986 5384 hac
1036 5331 1305 5385 mercedis
1334 5333 1787 5403 compensatione

194 5427 311 5474 tam
349 5425 742 5490 sumptuosum
802 5436 941 5490 opus
986 5419 1416 5481 elaboravimus,
1471 5430 1535 5475 ut
1583 5429 1639 5476 et
1669 5440 1782 5490 vos,

270 5524 394 5653 (l21
430 5525 752 5580 Benedictio
805 5525 896 5579 hic
940 5541 1040 5596 pro
1088 5527 1434 5597 professione
1486 5528 1797 5584 monastica

273 5614 328 5652 n1
401 5611 447 5650 r.

201 5611 447 5668 pomtur.

1864 4547 1928 4583 eo
1950 4530 2273 4584 conceditur
2304 4548 2315 4582 :
2350 4531 2399 4585 si
2429 4539 2618 4585 tamen
2656 4531 2765 4601 ipsi
2792 4539 2909 4585 tam
2939 4531 3123 4602 gravis
3154 4532 3457 4586 infirmitas

1862 4619 2297 4689 praenuntiatum
2332 4626 2386 4673 et
2416 4621 2498 4674 vel
2531 4638 2592 4673 ex
2623 4620 2815 4691 aliqua
2834 4622 3123 4675 occasione
3145 4623 3217 4676 ad
3245 4638 3458 4692 zegrum

1860 4708 1943 4760 ire
1987 4708 2312 4778 impeditur,
2353 4710 2438 4762 vel
2465 4709 2521 4762 in
2543 4716 2794 4780 tempore
2816 4711 2949 4764 illuc
2970 4710 3163 4765 venire
3190 4727 3303 4765 non
3332 4727 3461 4781 spe-

1864 4802 2039 4849 ratur.
2092 4813 2181 4852 UD.
2251 4797 2489 4860 Quidam
2544 4815 2656 4852 non
2715 4805 2849 4853 sunt
2887 4799 2955 4852 de
2993 4799 3093 4852 tali
3118 4799 3460 4853 monasterio

1865 4891 2057 4939 nostro
2084 4904 2095 4935 :
2132 4886 2276 4955 quod
2319 4886 2529 4957 absque
2557 4887 2763 4941 domno
2793 4887 2994 4941 abbate
3037 4888 3325 4958 proprium
3358 4888 3461 4942 ha-

1864 4974 1998 5028 bent
2035 4974 2313 5028 abbatem.
2349 4975 2456 5029 Ubi
2488 4976 2591 5029 etsi
2622 4974 3065 5030 benedictionem
3095 4976 3378 5047 accipiant
3404 4982 3463 5031 et

1864 5064 2266 5135 professionem
2306 5063 2527 5130 faciant,
2567 5069 2758 5118 tamen
2799 5065 3073 5118 habentur
3109 5081 3143 5117 a
3172 5064 3331 5118 nobis
3362 5082 3464 5135 per

1868 5153 2059 5206 omnia
2105 5159 2161 5206 et
2215 5153 2271 5206 in
2319 5153 2433 5206 vita
2482 5159 2538 5206 et
2582 5159 2709 5223 post
2753 5153 2924 5206 vitam
2970 5170 3035 5206 ac
3072 5153 3119 5206 si
3164 5153 3315 5224 apud
3362 5170 3465 5208 nos

1868 5242 2200 5310 fecissent;‘
2236 5248 2463 5313 excepto
2521 5242 2670 5312 quod
2717 5242 2823 5297 illae
2867 5241 3097 5311 triginta
3129 5243 3312 5297 Missae
3351 5259 3465 5297 non

1869 5338 2188 5385 cantantur.
2215 5334 2358 5385 Sunt
2386 5331 2533 5385 enim
2565 5336 2621 5384 et
2649 5330 2761 5384 alia
2793 5329 3080 5384 nobiscum
3100 5330 3467 5399 monasteria,

1871 5421 1994 5490 quae
2046 5422 2299 5491 quamvis
2354 5437 2466 5474 non
2524 5436 2625 5491 per
2675 5419 2923 5487 abbates,
2965 5420 3063 5473 sed
3104 5436 3203 5490 per
3256 5419 3469 5491 priores

1951 5525 2057 5595 (l8)
2092 5530 2394 5581 Brnedictio
2431 5530 2506 5581 ad
2542 5528 2999 5589 succurrendum,
3058 5532 3144 5581 est
3200 5526 3468 5597 professio

1878 5609 2118 5654 monast.
2155 5616 2277 5671 quae
2318 5600 2565 5656 instante
2611 5600 2807 5656 mortis
2826 5599 3072 5670 periculo
3103 5598 3311 5655 emissa
3338 5598 3467 5655 fuit.
