  <div class='ocr_page' id='page_1' title='image "/cluster/home/n/w/nwhite01/storage/ocr_20150623/150/umn.31951002477443u/541.png"; bbox 0 0 3964 6358; ppageno 0'>
   <div class='ocr_carea' id='block_1_1' title="bbox 532 326 632 426">
    <p class='ocr_par' dir='ltr' id='par_1_1' title="bbox 532 326 632 426">
     <span class='ocr_line' id='line_1_1' title="bbox 532 326 632 426; baseline 0 0"><span class='ocrx_word' id='word_1_1' title='bbox 532 326 632 426; x_wconf 63' lang='grc' dir='ltr'>ὄέί</span> 
     </span>
    </p>
   </div>
   <div class='ocr_carea' id='block_1_2' title="bbox 1571 318 2795 417">
    <p class='ocr_par' dir='ltr' id='par_1_2' title="bbox 1571 318 2795 417">
     <span class='ocr_line' id='line_1_2' title="bbox 1571 318 2795 417; baseline -0.002 0"><span class='ocrx_word' id='word_1_2' title='bbox 1571 329 1628 417; x_wconf 63' lang='grc' dir='ltr'>ἐ.</span> <span class='ocrx_word' id='word_1_3' title='bbox 1671 318 2068 415; x_wconf 57' lang='lat' dir='ltr'>cibinam-ii</span> <span class='ocrx_word' id='word_1_4' title='bbox 2106 318 2409 414; x_wconf 64' lang='grc' dir='ltr'><em>ᾸὲἓᾹΤιέ</em></span> <span class='ocrx_word' id='word_1_5' title='bbox 2453 318 2795 416; x_wconf 64' lang='lat' dir='ltr'>iniisAtIe.</span> 
     </span>
    </p>
   </div>
   <div class='ocr_carea' id='block_1_3' title="bbox 3705 318 3815 426">
    <p class='ocr_par' dir='ltr' id='par_1_3' title="bbox 3705 318 3815 426">
     <span class='ocr_line' id='line_1_3' title="bbox 3705 318 3815 426; baseline 0 -1"><span class='ocrx_word' id='word_1_6' title='bbox 3705 318 3815 426; x_wconf 55' lang='lat'>9332</span> 
     </span>
    </p>
   </div>
   <div class='ocr_carea' id='block_1_4' title="bbox 535 470 3813 565">
    <p class='ocr_par' dir='ltr' id='par_1_4' title="bbox 535 470 3813 565">
     <span class='ocr_line' id='line_1_4' title="bbox 535 470 3813 565; baseline 0 -19"><span class='ocrx_word' id='word_1_7' title='bbox 535 470 839 565; x_wconf 60' lang='lat' dir='ltr'>regantur.</span> <span class='ocrx_word' id='word_1_8' title='bbox 861 470 1030 558; x_wconf 70' lang='lat' dir='ltr'>tanta:</span> <span class='ocrx_word' id='word_1_9' title='bbox 1071 501 1276 554; x_wconf 82' lang='lat' dir='ltr'>tamen</span> <span class='ocrx_word' id='word_1_10' title='bbox 1305 496 1434 543; x_wconf 88' lang='lat' dir='ltr'>sunt</span> <span class='ocrx_word' id='word_1_11' title='bbox 1472 487 1772 553; x_wconf 76' lang='lat' dir='ltr'>facultatis.</span> <span class='ocrx_word' id='word_1_12' title='bbox 1826 491 1887 537; x_wconf 88' lang='lat' dir='ltr'>ut</span> <span class='ocrx_word' id='word_1_13' title='bbox 1945 484 2000 536; x_wconf 90' lang='lat' dir='ltr'>in</span> <span class='ocrx_word' id='word_1_14' title='bbox 2049 470 2344 552; x_wconf 57' lang='lat' dir='ltr'>eisAtunc</span> <span class='ocrx_word' id='word_1_15' title='bbox 2375 493 2504 551; x_wconf 84' lang='lat' dir='ltr'>sunt</span> <span class='ocrx_word' id='word_1_16' title='bbox 2533 487 2585 540; x_wconf 89' lang='lat' dir='ltr'>in</span> <span class='ocrx_word' id='word_1_17' title='bbox 2621 487 2980 550; x_wconf 74' lang='lat' dir='ltr'>monasterio.</span> <span class='ocrx_word' id='word_1_18' title='bbox 3006 485 3115 540; x_wconf 86' lang='lat' dir='ltr'>illis</span> <span class='ocrx_word' id='word_1_19' title='bbox 3141 495 3226 541; x_wconf 91' lang='lat' dir='ltr'>est</span> <span class='ocrx_word' id='word_1_20' title='bbox 3248 483 3320 542; x_wconf 84' lang='lat' dir='ltr'>ad</span> <span class='ocrx_word' id='word_1_21' title='bbox 3348 491 3706 547; x_wconf 82' lang='lat' dir='ltr'>collationem</span> <span class='ocrx_word' id='word_1_22' title='bbox 3740 495 3813 546; x_wconf 89' lang='lat' dir='ltr'>ad</span> 
     </span>
    </p>
   </div>
   <div class='ocr_carea' id='block_1_5' title="bbox 532 572 2126 650">
    <p class='ocr_par' dir='ltr' id='par_1_5' title="bbox 532 572 2126 650">
     <span class='ocr_line' id='line_1_5' title="bbox 532 572 2126 650; baseline -0.009 -14"><span class='ocrx_word' id='word_1_23' title='bbox 532 581 717 650; x_wconf 74' lang='lat' dir='ltr'>valeat</span> <span class='ocrx_word' id='word_1_24' title='bbox 746 576 1027 648; x_wconf 84' lang='lat' dir='ltr'>observari</span> <span class='ocrx_word' id='word_1_25' title='bbox 1068 580 1202 634; x_wconf 83' lang='lat' dir='ltr'>ordo</span> <span class='ocrx_word' id='word_1_26' title='bbox 1234 577 1530 648; x_wconf 78' lang='lat' dir='ltr'>regularis.</span> <span class='ocrx_word' id='word_1_27' title='bbox 1579 575 1722 645; x_wconf 86' lang='lat' dir='ltr'>Ergo</span> <span class='ocrx_word' id='word_1_28' title='bbox 1752 573 1863 630; x_wconf 80' lang='lat' dir='ltr'>isti.</span> <span class='ocrx_word' id='word_1_29' title='bbox 1900 572 1993 643; x_wconf 87' lang='lat' dir='ltr'>qui</span> <span class='ocrx_word' id='word_1_30' title='bbox 2029 588 2126 640; x_wconf 84' lang='lat' dir='ltr'>per</span> 
     </span>
    </p>
   </div>
   <div class='ocr_carea' id='block_1_6' title="bbox 532 660 2124 741">
    <p class='ocr_par' dir='ltr' id='par_1_6' title="bbox 532 660 2124 741">
     <span class='ocr_line' id='line_1_6' title="bbox 532 660 2124 741; baseline -0.008 -18"><span class='ocrx_word' id='word_1_31' title='bbox 532 664 747 741; x_wconf 75' lang='lat' dir='ltr'>priores</span> <span class='ocrx_word' id='word_1_32' title='bbox 774 676 1064 738; x_wconf 79' lang='lat' dir='ltr'>reguntur.</span> <span class='ocrx_word' id='word_1_33' title='bbox 1099 665 1566 738; x_wconf 81' lang='lat' dir='ltr'>postquamapud</span> <span class='ocrx_word' id='word_1_34' title='bbox 1591 682 1688 717; x_wconf 91' lang='lat' dir='ltr'>nos</span> <span class='ocrx_word' id='word_1_35' title='bbox 1729 661 1960 732; x_wconf 78' lang='lat' dir='ltr'>professi</span> <span class='ocrx_word' id='word_1_36' title='bbox 2002 660 2124 722; x_wconf 88' lang='lat' dir='ltr'>fue-</span> 
     </span>
    </p>
   </div>
   <div class='ocr_carea' id='block_1_7' title="bbox 533 749 2125 832">
    <p class='ocr_par' dir='ltr' id='par_1_7' title="bbox 533 749 2125 832">
     <span class='ocr_line' id='line_1_7' title="bbox 533 749 2125 832; baseline -0.008 -20"><span class='ocrx_word' id='word_1_37' title='bbox 533 759 668 822; x_wconf 88' lang='lat' dir='ltr'>rint.</span> <span class='ocrx_word' id='word_1_38' title='bbox 692 763 767 829; x_wconf 81' lang='lat' dir='ltr'>et</span> <span class='ocrx_word' id='word_1_39' title='bbox 802 757 879 811; x_wconf 84' lang='lat' dir='ltr'>illi</span> <span class='ocrx_word' id='word_1_40' title='bbox 908 759 1002 829; x_wconf 87' lang='lat' dir='ltr'>qui</span> <span class='ocrx_word' id='word_1_41' title='bbox 1046 757 1190 832; x_wconf 80' lang='lat' dir='ltr'>sicut</span> <span class='ocrx_word' id='word_1_42' title='bbox 1219 756 1428 808; x_wconf 87' lang='lat' dir='ltr'>dictum</span> <span class='ocrx_word' id='word_1_43' title='bbox 1459 760 1560 814; x_wconf 85' lang='lat' dir='ltr'>est.</span> <span class='ocrx_word' id='word_1_44' title='bbox 1599 751 1886 822; x_wconf 18' lang='lat' dir='ltr'>prOp‘rium</span> <span class='ocrx_word' id='word_1_45' title='bbox 1914 749 2125 801; x_wconf 85' lang='lat' dir='ltr'>habent</span> 
     </span>
    </p>
   </div>
   <div class='ocr_carea' id='block_1_8' title="bbox 535 838 2125 915">
    <p class='ocr_par' dir='ltr' id='par_1_8' title="bbox 535 838 2125 915">
     <span class='ocr_line' id='line_1_8' title="bbox 535 838 2125 915; baseline -0.009 -14"><span class='ocrx_word' id='word_1_46' title='bbox 535 847 946 915; x_wconf 6' lang='lat' dir='ltr'>abbatem.qvn.</span> <span class='ocrx_word' id='word_1_47' title='bbox 1015 861 1140 898; x_wconf 83' lang='lat' dir='ltr'>cum</span> <span class='ocrx_word' id='word_1_48' title='bbox 1197 843 1477 913; x_wconf 88' lang='lat' dir='ltr'>primumI</span> <span class='ocrx_word' id='word_1_49' title='bbox 1518 839 1586 893; x_wconf 88' lang='lat' dir='ltr'>ad</span> <span class='ocrx_word' id='word_1_50' title='bbox 1639 855 1738 892; x_wconf 88' lang='lat' dir='ltr'>nos</span> <span class='ocrx_word' id='word_1_51' title='bbox 1779 838 1892 890; x_wconf 88' lang='lat' dir='ltr'>sive.</span> <span class='ocrx_word' id='word_1_52' title='bbox 1957 852 2125 889; x_wconf 87' lang='lat' dir='ltr'>causa</span> 
     </span>
    </p>
   </div>
   <div class='ocr_carea' id='block_1_9' title="bbox 535 921 2126 1000">
    <p class='ocr_par' dir='ltr' id='par_1_9' title="bbox 535 921 2126 1000">
     <span class='ocr_line' id='line_1_9' title="bbox 535 921 2126 1000; baseline -0.008 -12"><span class='ocrx_word' id='word_1_53' title='bbox 535 933 845 996; x_wconf 80' lang='lat' dir='ltr'>cbaritatis.</span> <span class='ocrx_word' id='word_1_54' title='bbox 878 933 993 986; x_wconf 84' lang='lat' dir='ltr'>sive</span> <span class='ocrx_word' id='word_1_55' title='bbox 1035 931 1272 1000; x_wconf 86' lang='lat' dir='ltr'>alicujus</span> <span class='ocrx_word' id='word_1_56' title='bbox 1314 930 1524 999; x_wconf 81' lang='lat' dir='ltr'>negotii</span> <span class='ocrx_word' id='word_1_57' title='bbox 1556 928 1827 986; x_wconf 85' lang='lat' dir='ltr'>venerint.</span> <span class='ocrx_word' id='word_1_58' title='bbox 1862 921 2126 978; x_wconf 83' lang='lat' dir='ltr'>fiduciali-</span> 
     </span>
    </p>
   </div>
   <div class='ocr_carea' id='block_1_10' title="bbox 535 1016 2126 1095">
    <p class='ocr_par' dir='ltr' id='par_1_10' title="bbox 535 1016 2126 1095">
     <span class='ocr_line' id='line_1_10' title="bbox 535 1016 2126 1095; baseline -0.009 -18"><span class='ocrx_word' id='word_1_59' title='bbox 535 1031 706 1095; x_wconf 79' lang='lat' dir='ltr'>teret</span> <span class='ocrx_word' id='word_1_60' title='bbox 751 1021 961 1091; x_wconf 86' lang='lat' dir='ltr'>absque</span> <span class='ocrx_word' id='word_1_61' title='bbox 1001 1038 1158 1074; x_wconf 88' lang='lat' dir='ltr'>mora</span> <span class='ocrx_word' id='word_1_62' title='bbox 1205 1020 1439 1079; x_wconf 85' lang='lat' dir='ltr'>intrant.</span> <span class='ocrx_word' id='word_1_63' title='bbox 1473 1025 1530 1071; x_wconf 90' lang='lat' dir='ltr'>et</span> <span class='ocrx_word' id='word_1_64' title='bbox 1559 1016 1862 1070; x_wconf 90' lang='lat' dir='ltr'>secundum</span> <span class='ocrx_word' id='word_1_65' title='bbox 1903 1021 2126 1083; x_wconf 82' lang='lat' dir='ltr'>tempus</span> 
     </span>
    </p>
   </div>
   <div class='ocr_carea' id='block_1_11' title="bbox 537 1091 2125 1184">
    <p class='ocr_par' dir='ltr' id='par_1_11' title="bbox 537 1091 2125 1184">
     <span class='ocr_line' id='line_1_11' title="bbox 537 1091 2125 1184; baseline -0.008 -19"><span class='ocrx_word' id='word_1_66' title='bbox 537 1091 646 1184; x_wconf 79' lang='lat' dir='ltr'>quo</span> <span class='ocrx_word' id='word_1_67' title='bbox 685 1112 741 1164; x_wconf 92' lang='lat' dir='ltr'>in</span> <span class='ocrx_word' id='word_1_68' title='bbox 775 1109 1117 1180; x_wconf 82' lang='lat' dir='ltr'>monasterio</span> <span class='ocrx_word' id='word_1_69' title='bbox 1151 1105 1360 1179; x_wconf 67' lang='lat' dir='ltr'>praefati</span> <span class='ocrx_word' id='word_1_70' title='bbox 1411 1114 1543 1160; x_wconf 92' lang='lat' dir='ltr'>sunt</span> <span class='ocrx_word' id='word_1_71' title='bbox 1574 1104 1802 1174; x_wconf 81' lang='lat' dir='ltr'>recepti.</span> <span class='ocrx_word' id='word_1_72' title='bbox 1837 1103 1916 1156; x_wconf 90' lang='lat' dir='ltr'>sic</span> <span class='ocrx_word' id='word_1_73' title='bbox 1956 1102 2125 1154; x_wconf 85' lang='lat' dir='ltr'>etiam</span> 
     </span>
    </p>
   </div>
   <div class='ocr_carea' id='block_1_12' title="bbox 537 1197 1780 1272">
    <p class='ocr_par' dir='ltr' id='par_1_12' title="bbox 537 1197 1780 1272">
     <span class='ocr_line' id='line_1_12' title="bbox 537 1197 1780 1272; baseline -0.007 -19"><span class='ocrx_word' id='word_1_74' title='bbox 537 1199 731 1268; x_wconf 81' lang='lat' dir='ltr'>ordine</span> <span class='ocrx_word' id='word_1_75' title='bbox 757 1216 858 1272; x_wconf 84' lang='lat' dir='ltr'>suo</span> <span class='ocrx_word' id='word_1_76' title='bbox 887 1216 994 1252; x_wconf 91' lang='lat' dir='ltr'>non</span> <span class='ocrx_word' id='word_1_77' title='bbox 1019 1197 1309 1250; x_wconf 85' lang='lat' dir='ltr'>carebunt.</span> <span class='ocrx_word' id='word_1_78' title='bbox 1777 1257 1780 1260; x_wconf 21' lang='lat'>.</span> 
     </span>
    </p>
   </div>
   <div class='ocr_carea' id='block_1_13' title="bbox 611 1273 2127 1360">
    <p class='ocr_par' dir='ltr' id='par_1_13' title="bbox 611 1273 2127 1360">
     <span class='ocr_line' id='line_1_13' title="bbox 611 1273 2127 1360; baseline -0.008 -18"><span class='ocrx_word' id='word_1_79' title='bbox 611 1291 633 1310; x_wconf 75' lang='lat'>&#39;</span> <span class='ocrx_word' id='word_1_80' title='bbox 652 1289 796 1360; x_wconf 84' lang='lat' dir='ltr'>Sunt</span> <span class='ocrx_word' id='word_1_81' title='bbox 822 1275 1002 1360; x_wconf 79' lang='lat' dir='ltr'>adhuc</span> <span class='ocrx_word' id='word_1_82' title='bbox 1032 1287 1140 1339; x_wconf 87' lang='lat' dir='ltr'>alia</span> <span class='ocrx_word' id='word_1_83' title='bbox 1172 1285 1512 1338; x_wconf 82' lang='lat' dir='ltr'>monasteria</span> <span class='ocrx_word' id='word_1_84' title='bbox 1533 1281 1670 1350; x_wconf 74' lang='lat' dir='ltr'>(l9).</span> <span class='ocrx_word' id='word_1_85' title='bbox 1685 1281 1752 1333; x_wconf 85' lang='lat' dir='ltr'>de</span> <span class='ocrx_word' id='word_1_86' title='bbox 1767 1277 1967 1350; x_wconf 85' lang='lat' dir='ltr'>quibus</span> <span class='ocrx_word' id='word_1_87' title='bbox 1990 1273 2127 1331; x_wconf 81' lang='lat' dir='ltr'>nihil</span> 
     </span>
    </p>
   </div>
   <div class='ocr_carea' id='block_1_14' title="bbox 537 1357 2125 1450">
    <p class='ocr_par' dir='ltr' id='par_1_14' title="bbox 537 1357 2125 1450">
     <span class='ocr_line' id='line_1_14' title="bbox 537 1357 2125 1450; baseline -0.007 -19"><span class='ocrx_word' id='word_1_88' title='bbox 537 1358 778 1450; x_wconf 76' lang='lat' dir='ltr'>amplius</span> <span class='ocrx_word' id='word_1_89' title='bbox 944 1394 1044 1430; x_wconf 88' lang='lat' dir='ltr'>nos</span> <span class='ocrx_word' id='word_1_90' title='bbox 1091 1375 1352 1446; x_wconf 80' lang='lat' dir='ltr'>pertinet.</span> <span class='ocrx_word' id='word_1_91' title='bbox 1400 1373 1502 1444; x_wconf 84' lang='lat' dir='ltr'>nisi</span> <span class='ocrx_word' id='word_1_92' title='bbox 1547 1372 1690 1444; x_wconf 86' lang='lat' dir='ltr'>quod</span> <span class='ocrx_word' id='word_1_93' title='bbox 1735 1387 1832 1440; x_wconf 87' lang='lat' dir='ltr'>per</span> <span class='ocrx_word' id='word_1_94' title='bbox 1871 1369 2125 1421; x_wconf 87' lang='lat' dir='ltr'>abbatem</span> 
     </span>
    </p>
   </div>
   <div class='ocr_carea' id='block_1_15' title="bbox 539 1457 2130 1536">
    <p class='ocr_par' dir='ltr' id='par_1_15' title="bbox 539 1457 2130 1536">
     <span class='ocr_line' id='line_1_15' title="bbox 539 1457 2130 1536; baseline -0.008 -16"><span class='ocrx_word' id='word_1_95' title='bbox 539 1474 742 1520; x_wconf 65' lang='lat' dir='ltr'>nostra:</span> <span class='ocrx_word' id='word_1_96' title='bbox 772 1464 1240 1536; x_wconf 78' lang='lat' dir='ltr'>congregationis.</span> <span class='ocrx_word' id='word_1_97' title='bbox 1269 1471 1325 1516; x_wconf 91' lang='lat' dir='ltr'>et</span> <span class='ocrx_word' id='word_1_98' title='bbox 1363 1459 1552 1514; x_wconf 89' lang='lat' dir='ltr'>domni</span> <span class='ocrx_word' id='word_1_99' title='bbox 1601 1459 1815 1512; x_wconf 85' lang='lat' dir='ltr'>abbatis</span> <span class='ocrx_word' id='word_1_100' title='bbox 1866 1457 2130 1510; x_wconf 78' lang='lat' dir='ltr'>Constitu-</span> 
     </span>
    </p>
   </div>
   <div class='ocr_carea' id='block_1_16' title="bbox 536 1546 2132 1625">
    <p class='ocr_par' dir='ltr' id='par_1_16' title="bbox 536 1546 2132 1625">
     <span class='ocr_line' id='line_1_16' title="bbox 536 1546 2132 1625; baseline -0.007 -17"><span class='ocrx_word' id='word_1_101' title='bbox 536 1555 691 1610; x_wconf 86' lang='lat' dir='ltr'>tione</span> <span class='ocrx_word' id='word_1_102' title='bbox 714 1551 1225 1625; x_wconf 67' lang='lat' dir='ltr'>regunturJ&#39;iorum</span> <span class='ocrx_word' id='word_1_103' title='bbox 1251 1549 1652 1603; x_wconf 90' lang='lat' dir='ltr'>monachicum</span> <span class='ocrx_word' id='word_1_104' title='bbox 1677 1548 1742 1599; x_wconf 85' lang='lat' dir='ltr'>ad</span> <span class='ocrx_word' id='word_1_105' title='bbox 1770 1564 1869 1599; x_wconf 87' lang='lat' dir='ltr'>nos</span> <span class='ocrx_word' id='word_1_106' title='bbox 1882 1546 2132 1612; x_wconf 84' lang='lat' dir='ltr'>veniunt,</span> 
     </span>
    </p>
   </div>
   <div class='ocr_carea' id='block_1_17' title="bbox 539 1633 2126 1708">
    <p class='ocr_par' dir='ltr' id='par_1_17' title="bbox 539 1633 2126 1708">
     <span class='ocr_line' id='line_1_17' title="bbox 539 1633 2126 1708; baseline -0.008 -12"><span class='ocrx_word' id='word_1_107' title='bbox 539 1642 597 1696; x_wconf 89' lang='lat' dir='ltr'>in</span> <span class='ocrx_word' id='word_1_108' title='bbox 624 1641 875 1700; x_wconf 84' lang='lat' dir='ltr'>choro.et</span> <span class='ocrx_word' id='word_1_109' title='bbox 905 1641 1111 1708; x_wconf 79' lang='lat' dir='ltr'>ubique</span> <span class='ocrx_word' id='word_1_110' title='bbox 1143 1642 1196 1692; x_wconf 89' lang='lat' dir='ltr'>in</span> <span class='ocrx_word' id='word_1_111' title='bbox 1227 1640 1469 1692; x_wconf 87' lang='lat' dir='ltr'>claustro</span> <span class='ocrx_word' id='word_1_112' title='bbox 1498 1637 1655 1690; x_wconf 90' lang='lat' dir='ltr'>nobis</span> <span class='ocrx_word' id='word_1_113' title='bbox 1694 1635 1996 1690; x_wconf 79' lang='lat' dir='ltr'>sociantur.</span> <span class='ocrx_word' id='word_1_114' title='bbox 2021 1633 2126 1702; x_wconf 86' lang='lat' dir='ltr'>nisi</span> 
     </span>
    </p>
   </div>
   <div class='ocr_carea' id='block_1_18' title="bbox 539 1711 2126 1804">
    <p class='ocr_par' dir='ltr' id='par_1_18' title="bbox 539 1711 2126 1804">
     <span class='ocr_line' id='line_1_18' title="bbox 539 1711 2126 1804; baseline -0.008 -19"><span class='ocrx_word' id='word_1_115' title='bbox 539 1733 599 1804; x_wconf 79' lang='lat' dir='ltr'>in</span> <span class='ocrx_word' id='word_1_116' title='bbox 628 1711 888 1804; x_wconf 79' lang='lat' dir='ltr'>capitulo.</span> <span class='ocrx_word' id='word_1_117' title='bbox 922 1729 1236 1800; x_wconf 85' lang='lat' dir='ltr'>Illucenim</span> <span class='ocrx_word' id='word_1_118' title='bbox 1279 1744 1386 1780; x_wconf 90' lang='lat' dir='ltr'>non</span> <span class='ocrx_word' id='word_1_119' title='bbox 1431 1723 1838 1795; x_wconf 89' lang='lat' dir='ltr'>ingrediuntur.</span> <span class='ocrx_word' id='word_1_120' title='bbox 1866 1723 1972 1774; x_wconf 88' lang='lat' dir='ltr'>nisi</span> <span class='ocrx_word' id='word_1_121' title='bbox 2003 1739 2126 1775; x_wconf 88' lang='lat' dir='ltr'>cum</span> 
     </span>
    </p>
   </div>
   <div class='ocr_carea' id='block_1_19' title="bbox 2210 574 3815 646">
    <p class='ocr_par' dir='ltr' id='par_1_19' title="bbox 2210 574 3815 646">
     <span class='ocr_line' id='line_1_19' title="bbox 2210 574 3815 646; baseline 0.008 -23"><span class='ocrx_word' id='word_1_122' title='bbox 2210 574 2536 628; x_wconf 88' lang='lat' dir='ltr'>mandatum</span> <span class='ocrx_word' id='word_1_123' title='bbox 2577 575 2683 640; x_wconf 72' lang='lat' dir='ltr'>(2t)</span> <span class='ocrx_word' id='word_1_124' title='bbox 2733 583 2789 628; x_wconf 91' lang='lat' dir='ltr'>et</span> <span class='ocrx_word' id='word_1_125' title='bbox 2839 576 3191 629; x_wconf 82' lang='lat' dir='ltr'>retectorium</span> <span class='ocrx_word' id='word_1_126' title='bbox 3243 581 3514 646; x_wconf 81' lang='lat' dir='ltr'>superior.</span> <span class='ocrx_word' id='word_1_127' title='bbox 3553 581 3606 634; x_wconf 91' lang='lat' dir='ltr'>in</span> <span class='ocrx_word' id='word_1_128' title='bbox 3640 583 3815 635; x_wconf 88' lang='lat' dir='ltr'>choro</span> 
     </span>
    </p>
   </div>
   <div class='ocr_carea' id='block_1_20' title="bbox 2209 664 3812 741">
    <p class='ocr_par' dir='ltr' id='par_1_20' title="bbox 2209 664 3812 741">
     <span class='ocr_line' id='line_1_20' title="bbox 2209 664 3812 741; baseline 0.007 -29"><span class='ocrx_word' id='word_1_129' title='bbox 2209 678 2449 731; x_wconf 84' lang='lat' dir='ltr'>quoque,</span> <span class='ocrx_word' id='word_1_130' title='bbox 2491 664 2536 718; x_wconf 88' lang='lat' dir='ltr'>si</span> <span class='ocrx_word' id='word_1_131' title='bbox 2589 665 2982 736; x_wconf 75' lang='lat' dir='ltr'>estlitteratus</span> <span class='ocrx_word' id='word_1_132' title='bbox 3011 664 3155 726; x_wconf 63' lang='lat'>(&#39;32::</span> <span class='ocrx_word' id='word_1_133' title='bbox 3205 667 3292 720; x_wconf 88' lang='lat' dir='ltr'>sin</span> <span class='ocrx_word' id='word_1_134' title='bbox 3323 675 3532 733; x_wconf 87' lang='lat' dir='ltr'>autem.</span> <span class='ocrx_word' id='word_1_135' title='bbox 3566 670 3669 736; x_wconf 88' lang='lat' dir='ltr'>eis,</span> <span class='ocrx_word' id='word_1_136' title='bbox 3711 674 3812 741; x_wconf 86' lang='lat' dir='ltr'>qui</span> 
     </span>
    </p>
   </div>
   <div class='ocr_carea' id='block_1_21' title="bbox 2208 750 3090 806">
    <p class='ocr_par' dir='ltr' id='par_1_21' title="bbox 2208 750 3090 806">
     <span class='ocr_line' id='line_1_21' title="bbox 2208 750 3090 806; baseline 0.006 -6"><span class='ocrx_word' id='word_1_137' title='bbox 2208 757 2335 801; x_wconf 87' lang='lat' dir='ltr'>sunt</span> <span class='ocrx_word' id='word_1_138' title='bbox 2363 750 2510 802; x_wconf 89' lang='lat' dir='ltr'>inter</span> <span class='ocrx_word' id='word_1_139' title='bbox 2536 752 2769 804; x_wconf 89' lang='lat' dir='ltr'>novitios</span> <span class='ocrx_word' id='word_1_140' title='bbox 2792 752 3090 806; x_wconf 85' lang='lat' dir='ltr'>illitterati.</span> 
     </span>
    </p>
   </div>
   <div class='ocr_carea' id='block_1_22' title="bbox 2838 837 3168 895">
    <p class='ocr_par' dir='ltr' id='par_1_22' title="bbox 2838 837 3168 895">
     <span class='ocr_line' id='line_1_22' title="bbox 2838 837 3168 895; baseline 0.003 -2"><span class='ocrx_word' id='word_1_141' title='bbox 2838 837 3070 895; x_wconf 76' lang='lat' dir='ltr'>CAPUT</span> <span class='ocrx_word' id='word_1_142' title='bbox 3100 839 3168 894; x_wconf 84' lang='grc' dir='ltr'>ΙΙ.</span> 
     </span>
    </p>
   </div>
   <div class='ocr_carea' id='block_1_23' title="bbox 2335 925 3680 996">
    <p class='ocr_par' dir='ltr' id='par_1_23' title="bbox 2335 925 3680 996">
     <span class='ocr_line' id='line_1_23' title="bbox 2335 925 3680 996; baseline 0.006 -18"><span class='ocrx_word' id='word_1_143' title='bbox 2335 927 2403 979; x_wconf 83' lang='lat' dir='ltr'>De</span> <span class='ocrx_word' id='word_1_144' title='bbox 2437 925 2697 979; x_wconf 74' lang='lat' dir='ltr'>monac/io</span> <span class='ocrx_word' id='word_1_145' title='bbox 2721 933 2819 996; x_wconf 72' lang='lat' dir='ltr'>qui</span> <span class='ocrx_word' id='word_1_146' title='bbox 2845 931 2906 979; x_wconf 63' lang='lat' dir='ltr'>(In</span> <span class='ocrx_word' id='word_1_147' title='bbox 2935 932 3116 981; x_wconf 73' lang='lat' dir='ltr'>alieno</span> <span class='ocrx_word' id='word_1_148' title='bbox 3150 936 3480 985; x_wconf 65' lang='lat' dir='ltr'>monasterio</span> <span class='ocrx_word' id='word_1_149' title='bbox 3516 938 3680 987; x_wconf 73' lang='lat' dir='ltr'>venit.</span> 
     </span>
    </p>
   </div>
   <div class='ocr_carea' id='block_1_24' title="bbox 2281 1013 3806 1089">
    <p class='ocr_par' dir='ltr' id='par_1_24' title="bbox 2281 1013 3806 1089">
     <span class='ocr_line' id='line_1_24' title="bbox 2281 1013 3806 1089; baseline 0.008 -23"><span class='ocrx_word' id='word_1_150' title='bbox 2281 1017 2302 1035; x_wconf 57' lang='grc' dir='ltr'><strong>θ</strong></span> <span class='ocrx_word' id='word_1_151' title='bbox 2341 1013 2445 1078; x_wconf 85' lang='lat' dir='ltr'>Qui</span> <span class='ocrx_word' id='word_1_152' title='bbox 2478 1015 2545 1068; x_wconf 88' lang='lat' dir='ltr'>de</span> <span class='ocrx_word' id='word_1_153' title='bbox 2596 1016 2935 1069; x_wconf 87' lang='lat' dir='ltr'>monasterio</span> <span class='ocrx_word' id='word_1_154' title='bbox 2973 1016 3155 1070; x_wconf 86' lang='lat' dir='ltr'>alieno</span> <span class='ocrx_word' id='word_1_155' title='bbox 3195 1020 3584 1089; x_wconf 86' lang='lat' dir='ltr'>suscipiendus</span> <span class='ocrx_word' id='word_1_156' title='bbox 3635 1025 3806 1088; x_wconf 85' lang='lat' dir='ltr'>venit,</span> 
     </span>
    </p>
   </div>
   <div class='ocr_carea' id='block_1_25' title="bbox 2210 1098 3813 1179">
    <p class='ocr_par' dir='ltr' id='par_1_25' title="bbox 2210 1098 3813 1179">
     <span class='ocr_line' id='line_1_25' title="bbox 2210 1098 3813 1179; baseline 0.007 -26"><span class='ocrx_word' id='word_1_157' title='bbox 2210 1101 2467 1155; x_wconf 86' lang='lat' dir='ltr'>similiter</span> <span class='ocrx_word' id='word_1_158' title='bbox 2496 1098 2638 1156; x_wconf 84' lang='lat' dir='ltr'>facta</span> <span class='ocrx_word' id='word_1_159' title='bbox 2671 1105 2958 1174; x_wconf 85' lang='lat' dir='ltr'>petitione,</span> <span class='ocrx_word' id='word_1_160' title='bbox 2989 1116 3285 1176; x_wconf 79' lang='lat' dir='ltr'>pestquam</span> <span class='ocrx_word' id='word_1_161' title='bbox 3330 1109 3732 1179; x_wconf 77' lang='lat' dir='ltr'>interrogatus,</span> <span class='ocrx_word' id='word_1_162' title='bbox 3763 1113 3813 1165; x_wconf 91' lang='lat' dir='ltr'>si</span> 
     </span>
    </p>
   </div>
   <div class='ocr_carea' id='block_1_26' title="bbox 2211 1191 3806 1266">
    <p class='ocr_par' dir='ltr' id='par_1_26' title="bbox 2211 1191 3806 1266">
     <span class='ocr_line' id='line_1_26' title="bbox 2211 1191 3806 1266; baseline 0.006 -24"><span class='ocrx_word' id='word_1_163' title='bbox 2211 1191 2612 1244; x_wconf 79' lang='lat' dir='ltr'>consuetudine</span> <span class='ocrx_word' id='word_1_164' title='bbox 2641 1193 2851 1248; x_wconf 84' lang='lat' dir='ltr'>ordinis</span> <span class='ocrx_word' id='word_1_165' title='bbox 2902 1195 3076 1246; x_wconf 85' lang='lat' dir='ltr'>nostri</span> <span class='ocrx_word' id='word_1_166' title='bbox 3126 1203 3422 1258; x_wconf 87' lang='lat' dir='ltr'>contentus</span> <span class='ocrx_word' id='word_1_167' title='bbox 3471 1216 3592 1251; x_wconf 89' lang='lat' dir='ltr'>esse</span> <span class='ocrx_word' id='word_1_168' title='bbox 3635 1200 3806 1266; x_wconf 87' lang='lat' dir='ltr'>velit;</span> 
     </span>
    </p>
   </div>
   <div class='ocr_carea' id='block_1_27' title="bbox 2212 1280 3818 1358">
    <p class='ocr_par' dir='ltr' id='par_1_27' title="bbox 2212 1280 3818 1358">
     <span class='ocr_line' id='line_1_27' title="bbox 2212 1280 3818 1358; baseline 0.007 -28"><span class='ocrx_word' id='word_1_169' title='bbox 2212 1280 2533 1348; x_wconf 82' lang='lat' dir='ltr'>promiserit</span> <span class='ocrx_word' id='word_1_170' title='bbox 2563 1298 2620 1332; x_wconf 85' lang='lat' dir='ltr'>se</span> <span class='ocrx_word' id='word_1_171' title='bbox 2647 1299 2769 1350; x_wconf 84' lang='lat' dir='ltr'>per</span> <span class='ocrx_word' id='word_1_172' title='bbox 2801 1283 2990 1348; x_wconf 85' lang='lat' dir='ltr'>omnia</span> <span class='ocrx_word' id='word_1_173' title='bbox 3027 1300 3203 1352; x_wconf 90' lang='lat' dir='ltr'>usque</span> <span class='ocrx_word' id='word_1_174' title='bbox 3255 1285 3312 1337; x_wconf 88' lang='lat' dir='ltr'>in</span> <span class='ocrx_word' id='word_1_175' title='bbox 3352 1293 3612 1350; x_wconf 77' lang='lat' dir='ltr'>mortem.</span> <span class='ocrx_word' id='word_1_176' title='bbox 3646 1295 3818 1358; x_wconf 86' lang='lat' dir='ltr'>prout</span> 
     </span>
    </p>
   </div>
   <div class='ocr_carea' id='block_1_28' title="bbox 2211 1367 3818 1436">
    <p class='ocr_par' dir='ltr' id='par_1_28' title="bbox 2211 1367 3818 1436">
     <span class='ocr_line' id='line_1_28' title="bbox 2211 1367 3818 1436; baseline 0.005 -14"><span class='ocrx_word' id='word_1_177' title='bbox 2211 1367 2358 1422; x_wconf 83' lang='lat' dir='ltr'>Deus</span> <span class='ocrx_word' id='word_1_178' title='bbox 2386 1367 2466 1436; x_wconf 80' lang='lat' dir='ltr'>illi</span> <span class='ocrx_word' id='word_1_179' title='bbox 2505 1369 2648 1421; x_wconf 89' lang='lat' dir='ltr'>vires</span> <span class='ocrx_word' id='word_1_180' title='bbox 2681 1369 2899 1422; x_wconf 84' lang='lat' dir='ltr'>dederit</span> <span class='ocrx_word' id='word_1_181' title='bbox 2946 1369 3325 1424; x_wconf 90' lang='lat' dir='ltr'>obediturum.</span> <span class='ocrx_word' id='word_1_182' title='bbox 3357 1373 3523 1426; x_wconf 92' lang='lat' dir='ltr'>Tunc.</span> <span class='ocrx_word' id='word_1_183' title='bbox 3549 1393 3818 1430; x_wconf 84' lang='lat' dir='ltr'>concessa</span> 
     </span>
    </p>
   </div>
   <div class='ocr_carea' id='block_1_29' title="bbox 2217 1456 3812 1530">
    <p class='ocr_par' dir='ltr' id='par_1_29' title="bbox 2217 1456 3812 1530">
     <span class='ocr_line' id='line_1_29' title="bbox 2217 1456 3812 1530; baseline 0.007 -22"><span class='ocrx_word' id='word_1_184' title='bbox 2217 1457 2265 1508; x_wconf 90' lang='lat' dir='ltr'>ei</span> <span class='ocrx_word' id='word_1_185' title='bbox 2297 1456 2530 1524; x_wconf 80' lang='lat' dir='ltr'>fratrum</span> <span class='ocrx_word' id='word_1_186' title='bbox 2566 1459 3201 1513; x_wconf 87' lang='lat' dir='ltr'>commanentia.sedeat</span> <span class='ocrx_word' id='word_1_187' title='bbox 3232 1457 3324 1513; x_wconf 88' lang='lat' dir='ltr'>ubi</span> <span class='ocrx_word' id='word_1_188' title='bbox 3345 1463 3575 1530; x_wconf 85' lang='lat' dir='ltr'>jubetur</span> <span class='ocrx_word' id='word_1_189' title='bbox 3604 1482 3812 1530; x_wconf 83' lang='lat' dir='ltr'>secun-</span> 
     </span>
    </p>
   </div>
   <div class='ocr_carea' id='block_1_30' title="bbox 2217 1543 3818 1622">
    <p class='ocr_par' dir='ltr' id='par_1_30' title="bbox 2217 1543 3818 1622">
     <span class='ocr_line' id='line_1_30' title="bbox 2217 1543 3818 1622; baseline 0.005 -24"><span class='ocrx_word' id='word_1_190' title='bbox 2217 1545 2348 1608; x_wconf 87' lang='lat' dir='ltr'>dum</span> <span class='ocrx_word' id='word_1_191' title='bbox 2383 1543 2530 1615; x_wconf 87' lang='lat' dir='ltr'>quod</span> <span class='ocrx_word' id='word_1_192' title='bbox 2555 1546 2794 1599; x_wconf 90' lang='lat' dir='ltr'>domnus</span> <span class='ocrx_word' id='word_1_193' title='bbox 2823 1547 2993 1600; x_wconf 88' lang='lat' dir='ltr'>abbas</span> <span class='ocrx_word' id='word_1_194' title='bbox 3035 1549 3268 1612; x_wconf 81' lang='lat' dir='ltr'>voluerit</span> <span class='ocrx_word' id='word_1_195' title='bbox 3301 1556 3357 1602; x_wconf 83' lang='lat' dir='ltr'>et</span> <span class='ocrx_word' id='word_1_196' title='bbox 3387 1550 3582 1604; x_wconf 84' lang='lat' dir='ltr'>viderit</span> <span class='ocrx_word' id='word_1_197' title='bbox 3622 1565 3818 1622; x_wconf 87' lang='lat' dir='ltr'>perso-</span> 
     </span>
    </p>
   </div>
   <div class='ocr_carea' id='block_1_31' title="bbox 2215 1631 3822 1704">
    <p class='ocr_par' dir='ltr' id='par_1_31' title="bbox 2215 1631 3822 1704">
     <span class='ocr_line' id='line_1_31' title="bbox 2215 1631 3822 1704; baseline 0.005 -18"><span class='ocrx_word' id='word_1_198' title='bbox 2215 1647 2362 1686; x_wconf 85' lang='lat' dir='ltr'>nam.</span> <span class='ocrx_word' id='word_1_199' title='bbox 2379 1631 2490 1686; x_wconf 82' lang='lat' dir='ltr'>lloc</span> <span class='ocrx_word' id='word_1_200' title='bbox 2509 1641 2694 1688; x_wconf 84' lang='lat' dir='ltr'>autem</span> <span class='ocrx_word' id='word_1_201' title='bbox 2724 1637 3125 1704; x_wconf 84' lang='lat' dir='ltr'>providendum</span> <span class='ocrx_word' id='word_1_202' title='bbox 3152 1638 3395 1704; x_wconf 86' lang='lat' dir='ltr'>est.u_tin</span> <span class='ocrx_word' id='word_1_203' title='bbox 3414 1646 3525 1692; x_wconf 88' lang='lat' dir='ltr'>tam</span> <span class='ocrx_word' id='word_1_204' title='bbox 3549 1641 3822 1694; x_wconf 84' lang='lat' dir='ltr'>mediocri</span> 
     </span>
    </p>
   </div>
   <div class='ocr_carea' id='block_1_32' title="bbox 2213 1723 3818 1796">
    <p class='ocr_par' dir='ltr' id='par_1_32' title="bbox 2213 1723 3818 1796">
     <span class='ocr_line' id='line_1_32' title="bbox 2213 1723 3818 1796; baseline 0.005 -22"><span class='ocrx_word' id='word_1_205' title='bbox 2213 1723 2333 1774; x_wconf 87' lang='lat' dir='ltr'>loco</span> <span class='ocrx_word' id='word_1_206' title='bbox 2363 1725 2554 1794; x_wconf 82' lang='lat' dir='ltr'>sedere</span> <span class='ocrx_word' id='word_1_207' title='bbox 2574 1723 3011 1794; x_wconf 85' lang='lat' dir='ltr'>jubeatur.quod</span> <span class='ocrx_word' id='word_1_208' title='bbox 3045 1732 3166 1794; x_wconf 85' lang='lat' dir='ltr'>post</span> <span class='ocrx_word' id='word_1_209' title='bbox 3185 1725 3384 1778; x_wconf 81' lang='lat' dir='ltr'>factam</span> <span class='ocrx_word' id='word_1_210' title='bbox 3414 1725 3818 1796; x_wconf 79' lang='lat' dir='ltr'>professionem</span> 
     </span>
    </p>
   </div>
   <div class='ocr_carea' id='block_1_33' title="bbox 539 1803 3820 1891">
    <p class='ocr_par' dir='ltr' id='par_1_33' title="bbox 539 1803 3820 1891">
     <span class='ocr_line' id='line_1_33' title="bbox 539 1803 3820 1891; baseline -0.001 -19"><span class='ocrx_word' id='word_1_211' title='bbox 539 1803 720 1881; x_wconf 85' lang='lat' dir='ltr'>venia,</span> <span class='ocrx_word' id='word_1_212' title='bbox 745 1819 828 1872; x_wconf 86' lang='lat' dir='ltr'>vel</span> <span class='ocrx_word' id='word_1_213' title='bbox 859 1819 963 1891; x_wconf 87' lang='lat' dir='ltr'>ipsi</span> <span class='ocrx_word' id='word_1_214' title='bbox 997 1817 1079 1871; x_wconf 89' lang='lat' dir='ltr'>vel</span> <span class='ocrx_word' id='word_1_215' title='bbox 1119 1817 1289 1869; x_wconf 81' lang='lat' dir='ltr'>abbas</span> <span class='ocrx_word' id='word_1_216' title='bbox 1328 1830 1519 1868; x_wconf 88' lang='lat' dir='ltr'>eorum</span> <span class='ocrx_word' id='word_1_217' title='bbox 1560 1819 1964 1884; x_wconf 86' lang='lat' dir='ltr'>promereatur.</span> <span class='ocrx_word' id='word_1_218' title='bbox 2009 1811 2129 1873; x_wconf 88' lang='lat' dir='ltr'>Quo</span> <span class='ocrx_word' id='word_1_219' title='bbox 2153 1803 2510 1882; x_wconf 69' lang='lat' dir='ltr'>Babultimo</span> <span class='ocrx_word' id='word_1_220' title='bbox 2538 1811 2592 1864; x_wconf 90' lang='lat' dir='ltr'>in</span> <span class='ocrx_word' id='word_1_221' title='bbox 2622 1813 2863 1882; x_wconf 88' lang='lat' dir='ltr'>priorem</span> <span class='ocrx_word' id='word_1_222' title='bbox 2889 1813 3068 1866; x_wconf 91' lang='lat' dir='ltr'>locum</span> <span class='ocrx_word' id='word_1_223' title='bbox 3097 1815 3259 1884; x_wconf 83' lang='lat' dir='ltr'>(quod</span> <span class='ocrx_word' id='word_1_224' title='bbox 3275 1817 3820 1882; x_wconf 83' lang='lat' dir='ltr'>consuetudinaliter</span> 
     </span>
    </p>
   </div>
   <div class='ocr_carea' id='block_1_34' title="bbox 539 1896 2128 1976">
    <p class='ocr_par' dir='ltr' id='par_1_34' title="bbox 539 1896 2128 1976">
     <span class='ocr_line' id='line_1_34' title="bbox 539 1896 2128 1976; baseline -0.007 -15"><span class='ocrx_word' id='word_1_225' title='bbox 539 1914 726 1962; x_wconf 86' lang='lat' dir='ltr'>autem</span> <span class='ocrx_word' id='word_1_226' title='bbox 753 1903 945 1960; x_wconf 82' lang='lat' dir='ltr'>ordine</span> <span class='ocrx_word' id='word_1_227' title='bbox 968 1907 1069 1958; x_wconf 85' lang='lat' dir='ltr'>hoc</span> <span class='ocrx_word' id='word_1_228' title='bbox 1087 1904 1367 1976; x_wconf 58' lang='lat' dir='ltr'>agaturjn</span> <span class='ocrx_word' id='word_1_229' title='bbox 1383 1902 1624 1972; x_wconf 87' lang='lat' dir='ltr'>capitulo</span> <span class='ocrx_word' id='word_1_230' title='bbox 1643 1901 1892 1969; x_wconf 81' lang='lat' dir='ltr'>ejusdem</span> <span class='ocrx_word' id='word_1_231' title='bbox 1913 1896 2128 1952; x_wconf 84' lang='lat' dir='ltr'>abbatis</span> 
     </span>
    </p>
   </div>
   <div class='ocr_carea' id='block_1_35' title="bbox 538 1989 2131 2067">
    <p class='ocr_par' dir='ltr' id='par_1_35' title="bbox 538 1989 2131 2067">
     <span class='ocr_line' id='line_1_35' title="bbox 538 1989 2131 2067; baseline -0.008 -17"><span class='ocrx_word' id='word_1_232' title='bbox 538 1997 862 2067; x_wconf 87' lang='lat' dir='ltr'>requiratur</span> <span class='ocrx_word' id='word_1_233' title='bbox 884 1998 997 2064; x_wconf 77' lang='lat' dir='ltr'>(lib.</span> <span class='ocrx_word' id='word_1_234' title='bbox 1027 2009 1083 2057; x_wconf 81' lang='grc' dir='ltr'>ιι,</span> <span class='ocrx_word' id='word_1_235' title='bbox 1120 2011 1166 2046; x_wconf 91' lang='lat' dir='ltr'>c.</span> <span class='ocrx_word' id='word_1_236' title='bbox 1197 1991 1268 2056; x_wconf 58' lang='grc' dir='ltr'>ἓν.</span> <span class='ocrx_word' id='word_1_237' title='bbox 1305 1991 1523 2062; x_wconf 80' lang='lat' dir='ltr'>Reliqui</span> <span class='ocrx_word' id='word_1_238' title='bbox 1555 2007 1750 2042; x_wconf 89' lang='lat' dir='ltr'>omnes</span> <span class='ocrx_word' id='word_1_239' title='bbox 1799 1989 1864 2040; x_wconf 90' lang='lat' dir='ltr'>ad</span> <span class='ocrx_word' id='word_1_240' title='bbox 1907 2003 2131 2040; x_wconf 82' lang='lat' dir='ltr'>conver-</span> 
     </span>
    </p>
   </div>
   <div class='ocr_carea' id='block_1_36' title="bbox 536 2075 2128 2149">
    <p class='ocr_par' dir='ltr' id='par_1_36' title="bbox 536 2075 2128 2149">
     <span class='ocr_line' id='line_1_36' title="bbox 536 2075 2128 2149; baseline -0.008 -11"><span class='ocrx_word' id='word_1_241' title='bbox 536 2086 751 2138; x_wconf 90' lang='lat' dir='ltr'>sionem</span> <span class='ocrx_word' id='word_1_242' title='bbox 785 2083 1069 2135; x_wconf 86' lang='lat' dir='ltr'>venientes</span> <span class='ocrx_word' id='word_1_243' title='bbox 1122 2098 1233 2134; x_wconf 89' lang='lat' dir='ltr'>non</span> <span class='ocrx_word' id='word_1_244' title='bbox 1292 2079 1698 2149; x_wconf 80' lang='lat' dir='ltr'>permittuntur</span> <span class='ocrx_word' id='word_1_245' title='bbox 1745 2077 1978 2136; x_wconf 90' lang='lat' dir='ltr'>intrare.</span> <span class='ocrx_word' id='word_1_246' title='bbox 2022 2075 2128 2127; x_wconf 92' lang='lat' dir='ltr'>nisi</span> 
     </span>
    </p>
   </div>
   <div class='ocr_carea' id='block_1_37' title="bbox 536 2166 2125 2242">
    <p class='ocr_par' dir='ltr' id='par_1_37' title="bbox 536 2166 2125 2242">
     <span class='ocr_line' id='line_1_37' title="bbox 536 2166 2125 2242; baseline -0.006 -18"><span class='ocrx_word' id='word_1_247' title='bbox 536 2172 692 2242; x_wconf 79' lang='lat' dir='ltr'>prius</span> <span class='ocrx_word' id='word_1_248' title='bbox 716 2173 877 2241; x_wconf 81' lang='lat' dir='ltr'>juxta</span> <span class='ocrx_word' id='word_1_249' title='bbox 905 2169 1133 2223; x_wconf 81' lang='lat' dir='ltr'>verbum</span> <span class='ocrx_word' id='word_1_250' title='bbox 1166 2170 1222 2222; x_wconf 93' lang='lat' dir='ltr'>S.</span> <span class='ocrx_word' id='word_1_251' title='bbox 1264 2166 1567 2242; x_wconf 82' lang='lat' dir='ltr'>Benedicti.</span> <span class='ocrx_word' id='word_1_252' title='bbox 1599 2166 1681 2217; x_wconf 87' lang='lat' dir='ltr'>vel</span> <span class='ocrx_word' id='word_1_253' title='bbox 1713 2181 1880 2217; x_wconf 90' lang='lat' dir='ltr'>unam</span> <span class='ocrx_word' id='word_1_254' title='bbox 1908 2170 2125 2216; x_wconf 87' lang='lat' dir='ltr'>noctem</span> 
     </span>
    </p>
   </div>
   <div class='ocr_carea' id='block_1_38' title="bbox 535 2242 2129 2326">
    <p class='ocr_par' dir='ltr' id='par_1_38' title="bbox 535 2242 2129 2326">
     <span class='ocr_line' id='line_1_38' title="bbox 535 2242 2129 2326; baseline -0.007 -12"><span class='ocrx_word' id='word_1_255' title='bbox 535 2267 690 2314; x_wconf 82' lang='lat' dir='ltr'>extra</span> <span class='ocrx_word' id='word_1_256' title='bbox 728 2242 1035 2320; x_wconf 76' lang='lat' dir='ltr'>claustrum</span> <span class='ocrx_word' id='word_1_257' title='bbox 1068 2264 1388 2320; x_wconf 88' lang='lat' dir='ltr'>morentur;</span> <span class='ocrx_word' id='word_1_258' title='bbox 1429 2273 1497 2308; x_wconf 76' lang='lat' dir='ltr'>cn</span> <span class='ocrx_word' id='word_1_259' title='bbox 1571 2254 1781 2326; x_wconf 85' lang='lat' dir='ltr'>pedites</span> <span class='ocrx_word' id='word_1_260' title='bbox 1814 2253 2037 2322; x_wconf 83' lang='lat' dir='ltr'>quidem</span> <span class='ocrx_word' id='word_1_261' title='bbox 2073 2252 2129 2304; x_wconf 93' lang='lat' dir='ltr'>in</span> 
     </span>
    </p>
   </div>
   <div class='ocr_carea' id='block_1_39' title="bbox 535 2330 2129 2418">
    <p class='ocr_par' dir='ltr' id='par_1_39' title="bbox 535 2332 2129 2418">
     <span class='ocr_line' id='line_1_39' title="bbox 535 2332 2129 2418; baseline -0.007 -16"><span class='ocrx_word' id='word_1_262' title='bbox 535 2332 1014 2418; x_wconf 67' lang='lat' dir='ltr'>Eleemosynaria.</span> <span class='ocrx_word' id='word_1_263' title='bbox 1050 2347 1157 2398; x_wconf 85' lang='lat' dir='ltr'>nisi</span> <span class='ocrx_word' id='word_1_264' title='bbox 1199 2346 1313 2399; x_wconf 80' lang='lat' dir='ltr'>silit</span> <span class='ocrx_word' id='word_1_265' title='bbox 1362 2343 1637 2400; x_wconf 86' lang='lat' dir='ltr'>monachi.</span> <span class='ocrx_word' id='word_1_266' title='bbox 1668 2343 1751 2394; x_wconf 88' lang='lat' dir='ltr'>vel</span> <span class='ocrx_word' id='word_1_267' title='bbox 1781 2341 2129 2394; x_wconf 81' lang='lat' dir='ltr'>honestiores</span> 
     </span>
    </p>
   </div>
   <div class='ocr_carea' id='block_1_40' title="bbox 538 2422 2131 2506">
    <p class='ocr_par' dir='ltr' id='par_1_40' title="bbox 538 2422 2131 2506">
     <span class='ocr_line' id='line_1_40' title="bbox 538 2422 2131 2506; baseline -0.007 -16"><span class='ocrx_word' id='word_1_268' title='bbox 538 2422 756 2503; x_wconf 79' lang='lat' dir='ltr'>clerici;</span> <span class='ocrx_word' id='word_1_269' title='bbox 790 2436 1004 2506; x_wconf 86' lang='lat' dir='ltr'>equites</span> <span class='ocrx_word' id='word_1_270' title='bbox 1046 2436 1101 2487; x_wconf 91' lang='lat' dir='ltr'>in</span> <span class='ocrx_word' id='word_1_271' title='bbox 1147 2433 1508 2486; x_wconf 89' lang='lat' dir='ltr'>monasterio.</span> <span class='ocrx_word' id='word_1_272' title='bbox 1560 2432 1679 2494; x_wconf 85' lang='lat' dir='ltr'>Qui</span> <span class='ocrx_word' id='word_1_273' title='bbox 1704 2431 1871 2482; x_wconf 86' lang='lat' dir='ltr'>etiam</span> <span class='ocrx_word' id='word_1_274' title='bbox 1903 2430 1958 2481; x_wconf 92' lang='lat' dir='ltr'>in</span> <span class='ocrx_word' id='word_1_275' title='bbox 1996 2429 2131 2480; x_wconf 90' lang='lat' dir='ltr'>hora</span> 
     </span>
    </p>
   </div>
   <div class='ocr_carea' id='block_1_41' title="bbox 539 2511 2132 2595">
    <p class='ocr_par' dir='ltr' id='par_1_41' title="bbox 539 2511 2132 2595">
     <span class='ocr_line' id='line_1_41' title="bbox 539 2511 2132 2595; baseline -0.007 -16"><span class='ocrx_word' id='word_1_276' title='bbox 539 2511 875 2595; x_wconf 80' lang='lat' dir='ltr'>receptionis</span> <span class='ocrx_word' id='word_1_277' title='bbox 891 2541 1002 2577; x_wconf 69' lang='lat' dir='ltr'>sua)</span> <span class='ocrx_word' id='word_1_278' title='bbox 1024 2523 1136 2575; x_wconf 86' lang='lat' dir='ltr'>sive</span> <span class='ocrx_word' id='word_1_279' title='bbox 1163 2523 1214 2574; x_wconf 90' lang='lat' dir='ltr'>in</span> <span class='ocrx_word' id='word_1_280' title='bbox 1239 2520 1698 2590; x_wconf 78' lang='lat' dir='ltr'>eleemosynaria.</span> <span class='ocrx_word' id='word_1_281' title='bbox 1724 2519 1836 2570; x_wconf 81' lang='lat' dir='ltr'>sive</span> <span class='ocrx_word' id='word_1_282' title='bbox 1863 2518 1918 2570; x_wconf 91' lang='lat' dir='ltr'>in</span> <span class='ocrx_word' id='word_1_283' title='bbox 1951 2516 2132 2586; x_wconf 83' lang='lat' dir='ltr'>hospi-</span> 
     </span>
    </p>
   </div>
   <div class='ocr_carea' id='block_1_42' title="bbox 538 2603 2129 2676">
    <p class='ocr_par' dir='ltr' id='par_1_42' title="bbox 538 2603 2129 2676">
     <span class='ocr_line' id='line_1_42' title="bbox 538 2603 2129 2676; baseline -0.007 -8"><span class='ocrx_word' id='word_1_284' title='bbox 538 2603 637 2668; x_wconf 55' lang='lat' dir='ltr'>t‘ai’i</span> <span class='ocrx_word' id='word_1_285' title='bbox 669 2621 976 2674; x_wconf 87' lang='lat' dir='ltr'>morentur.</span> <span class='ocrx_word' id='word_1_286' title='bbox 1011 2611 1080 2664; x_wconf 88' lang='lat' dir='ltr'>ab</span> <span class='ocrx_word' id='word_1_287' title='bbox 1110 2611 1353 2665; x_wconf 87' lang='lat' dir='ltr'>Ostiario</span> <span class='ocrx_word' id='word_1_288' title='bbox 1383 2610 1512 2662; x_wconf 91' lang='lat' dir='ltr'>inde</span> <span class='ocrx_word' id='word_1_289' title='bbox 1543 2608 1598 2659; x_wconf 91' lang='lat' dir='ltr'>in</span> <span class='ocrx_word' id='word_1_290' title='bbox 1622 2607 1927 2676; x_wconf 83' lang='lat' dir='ltr'>capitulum</span> <span class='ocrx_word' id='word_1_291' title='bbox 1954 2606 2129 2658; x_wconf 85' lang='lat' dir='ltr'>dedu-</span> 
     </span>
    </p>
   </div>
   <div class='ocr_carea' id='block_1_43' title="bbox 537 2687 2126 2766">
    <p class='ocr_par' dir='ltr' id='par_1_43' title="bbox 537 2687 2126 2766">
     <span class='ocr_line' id='line_1_43' title="bbox 537 2687 2126 2766; baseline -0.006 -9"><span class='ocrx_word' id='word_1_292' title='bbox 537 2689 741 2759; x_wconf 86' lang='lat' dir='ltr'>cuntur</span> <span class='ocrx_word' id='word_1_293' title='bbox 769 2687 1176 2764; x_wconf 86' lang='lat' dir='ltr'>Siautem,cum</span> <span class='ocrx_word' id='word_1_294' title='bbox 1195 2697 1693 2766; x_wconf 85' lang='lat' dir='ltr'>venerint.aliquas</span> <span class='ocrx_word' id='word_1_295' title='bbox 1716 2696 1771 2748; x_wconf 89' lang='lat' dir='ltr'>in</span> <span class='ocrx_word' id='word_1_296' title='bbox 1788 2695 2126 2748; x_wconf 87' lang='lat' dir='ltr'>monasterio</span> 
     </span>
    </p>
   </div>
   <div class='ocr_carea' id='block_1_44' title="bbox 535 2774 2129 2862">
    <p class='ocr_par' dir='ltr' id='par_1_44' title="bbox 535 2774 2129 2862">
     <span class='ocr_line' id='line_1_44' title="bbox 535 2774 2129 2862; baseline -0.006 -16"><span class='ocrx_word' id='word_1_297' title='bbox 535 2774 626 2846; x_wconf 86' lang='lat' dir='ltr'>res</span> <span class='ocrx_word' id='word_1_298' title='bbox 652 2774 962 2862; x_wconf 76' lang='lat' dir='ltr'>attulerint,</span> <span class='ocrx_word' id='word_1_299' title='bbox 999 2775 1205 2842; x_wconf 89' lang='lat' dir='ltr'>faciant</span> <span class='ocrx_word' id='word_1_300' title='bbox 1234 2787 1539 2840; x_wconf 88' lang='lat' dir='ltr'>secundum</span> <span class='ocrx_word' id='word_1_301' title='bbox 1573 2785 1823 2854; x_wconf 85' lang='lat' dir='ltr'>regulam</span> <span class='ocrx_word' id='word_1_302' title='bbox 1858 2783 1912 2836; x_wconf 89' lang='lat' dir='ltr'>S.</span> <span class='ocrx_word' id='word_1_303' title='bbox 1953 2783 2129 2836; x_wconf 85' lang='lat' dir='ltr'>Bene-</span> 
     </span>
    </p>
   </div>
   <div class='ocr_carea' id='block_1_45' title="bbox 538 2863 2129 2941">
    <p class='ocr_par' dir='ltr' id='par_1_45' title="bbox 538 2863 2129 2941">
     <span class='ocr_line' id='line_1_45' title="bbox 538 2863 2129 2941; baseline -0.006 -7"><span class='ocrx_word' id='word_1_304' title='bbox 538 2863 672 2935; x_wconf 81' lang='lat' dir='ltr'>dicti</span> <span class='ocrx_word' id='word_1_305' title='bbox 711 2866 1070 2933; x_wconf 83' lang='lat' dir='ltr'>donati-onem</span> <span class='ocrx_word' id='word_1_306' title='bbox 1123 2893 1314 2930; x_wconf 89' lang='lat' dir='ltr'>earum</span> <span class='ocrx_word' id='word_1_307' title='bbox 1359 2878 1472 2941; x_wconf 70' lang='lat' dir='ltr'>(tib.</span> <span class='ocrx_word' id='word_1_308' title='bbox 1506 2887 1565 2934; x_wconf 84' lang='lat' dir='ltr'>II.</span> <span class='ocrx_word' id='word_1_309' title='bbox 1598 2891 1643 2926; x_wconf 94' lang='lat' dir='ltr'>c.</span> <span class='ocrx_word' id='word_1_310' title='bbox 1681 2871 1788 2935; x_wconf 74' lang='lat'>36).</span> <span class='ocrx_word' id='word_1_311' title='bbox 1821 2871 1941 2935; x_wconf 83' lang='lat' dir='ltr'>Quo</span> <span class='ocrx_word' id='word_1_312' title='bbox 1985 2872 2129 2925; x_wconf 85' lang='lat' dir='ltr'>facto</span> 
     </span>
    </p>
   </div>
   <div class='ocr_carea' id='block_1_46' title="bbox 534 2951 2130 3048">
    <p class='ocr_par' dir='ltr' id='par_1_46' title="bbox 534 2951 2130 3042">
     <span class='ocr_line' id='line_1_46' title="bbox 534 2951 2130 3042; baseline -0.007 -19"><span class='ocrx_word' id='word_1_313' title='bbox 534 2951 666 3042; x_wconf 75' lang='lat' dir='ltr'>ipsae</span> <span class='ocrx_word' id='word_1_314' title='bbox 698 2967 1006 3022; x_wconf 87' lang='lat' dir='ltr'>oblationes</span> <span class='ocrx_word' id='word_1_315' title='bbox 1034 2971 1401 3038; x_wconf 81' lang='lat' dir='ltr'>assumuntur</span> <span class='ocrx_word' id='word_1_316' title='bbox 1427 2961 1496 3015; x_wconf 88' lang='lat' dir='ltr'>ab</span> <span class='ocrx_word' id='word_1_317' title='bbox 1527 2961 1703 3025; x_wconf 85' lang='lat' dir='ltr'>iis,_ad</span> <span class='ocrx_word' id='word_1_318' title='bbox 1737 2977 1975 3040; x_wconf 87' lang='lat' dir='ltr'>quorum</span> <span class='ocrx_word' id='word_1_319' title='bbox 2005 2961 2130 3013; x_wconf 86' lang='lat' dir='ltr'>obe-</span> 
     </span>
    </p>
   </div>
   <div class='ocr_carea' id='block_1_47' title="bbox 534 3049 2126 3126">
    <p class='ocr_par' dir='ltr' id='par_1_47' title="bbox 534 3049 2126 3126">
     <span class='ocr_line' id='line_1_47' title="bbox 534 3049 2126 3126; baseline -0.006 -14"><span class='ocrx_word' id='word_1_320' title='bbox 534 3053 800 3111; x_wconf 80' lang='lat' dir='ltr'>dientiam</span> <span class='ocrx_word' id='word_1_321' title='bbox 834 3056 1129 3126; x_wconf 81' lang='lat' dir='ltr'>pertinent.</span> <span class='ocrx_word' id='word_1_322' title='bbox 1166 3055 1245 3106; x_wconf 83' lang='lat' dir='ltr'>Ad</span> <span class='ocrx_word' id='word_1_323' title='bbox 1273 3068 1509 3122; x_wconf 88' lang='lat' dir='ltr'>quorum</span> <span class='ocrx_word' id='word_1_324' title='bbox 1535 3059 1719 3103; x_wconf 84' lang='lat' dir='ltr'>autem</span> <span class='ocrx_word' id='word_1_325' title='bbox 1754 3049 2126 3102; x_wconf 81' lang='lat' dir='ltr'>obedientiam</span> 
     </span>
    </p>
   </div>
   <div class='ocr_carea' id='block_1_48' title="bbox 534 3129 2126 3222">
    <p class='ocr_par' dir='ltr' id='par_1_48' title="bbox 534 3129 2126 3222">
     <span class='ocr_line' id='line_1_48' title="bbox 534 3129 2126 3222; baseline -0.006 -22"><span class='ocrx_word' id='word_1_326' title='bbox 534 3129 939 3222; x_wconf 54' lang='lat' dir='ltr'>pertineantan</span> <span class='ocrx_word' id='word_1_327' title='bbox 961 3143 1204 3212; x_wconf 88' lang='lat' dir='ltr'>capitulo</span> <span class='ocrx_word' id='word_1_328' title='bbox 1227 3139 1518 3193; x_wconf 86' lang='lat' dir='ltr'>camerarii</span> <span class='ocrx_word' id='word_1_329' title='bbox 1544 3139 1960 3198; x_wconf 83' lang='lat' dir='ltr'>invenitur.(L&#39;D.</span> <span class='ocrx_word' id='word_1_330' title='bbox 1984 3140 2126 3205; x_wconf 85' lang='lat' dir='ltr'>Var.)</span> 
     </span>
    </p>
   </div>
   <div class='ocr_carea' id='block_1_49' title="bbox 2212 1899 3818 1972">
    <p class='ocr_par' dir='ltr' id='par_1_49' title="bbox 2212 1899 3818 1972">
     <span class='ocr_line' id='line_1_49' title="bbox 2212 1899 3818 1972; baseline 0.006 -23"><span class='ocrx_word' id='word_1_331' title='bbox 2212 1899 2330 1950; x_wconf 76' lang='lat' dir='ltr'>fieri</span> <span class='ocrx_word' id='word_1_332' title='bbox 2362 1899 2546 1955; x_wconf 85' lang='lat' dir='ltr'>debet)</span> <span class='ocrx_word' id='word_1_333' title='bbox 2586 1910 2892 1972; x_wconf 84' lang='lat' dir='ltr'>revocatus.</span> <span class='ocrx_word' id='word_1_334' title='bbox 2931 1910 3197 1972; x_wconf 85' lang='lat' dir='ltr'>tempore.</span> <span class='ocrx_word' id='word_1_335' title='bbox 3234 1921 3341 1972; x_wconf 90' lang='lat' dir='ltr'>quo</span> <span class='ocrx_word' id='word_1_336' title='bbox 3395 1904 3601 1956; x_wconf 91' lang='lat' dir='ltr'>domno</span> <span class='ocrx_word' id='word_1_337' title='bbox 3624 1906 3818 1959; x_wconf 87' lang='lat' dir='ltr'>abbati</span> 
     </span>
    </p>
   </div>
   <div class='ocr_carea' id='block_1_50' title="bbox 2214 1987 3817 2062">
    <p class='ocr_par' dir='ltr' id='par_1_50' title="bbox 2214 1987 3817 2062">
     <span class='ocr_line' id='line_1_50' title="bbox 2214 1987 3817 2062; baseline 0.003 -22"><span class='ocrx_word' id='word_1_338' title='bbox 2214 1988 2502 2056; x_wconf 83' lang='lat' dir='ltr'>placuerit.</span> <span class='ocrx_word' id='word_1_339' title='bbox 2538 1987 2719 2062; x_wconf 84' lang='lat' dir='ltr'>adhuc</span> <span class='ocrx_word' id='word_1_340' title='bbox 2750 1989 3246 2059; x_wconf 88' lang='lat' dir='ltr'>altiuspromoveri</span> <span class='ocrx_word' id='word_1_341' title='bbox 3281 1992 3473 2061; x_wconf 85' lang='lat' dir='ltr'>possit.</span> <span class='ocrx_word' id='word_1_342' title='bbox 3501 1993 3548 2045; x_wconf 91' lang='lat' dir='ltr'>si</span> <span class='ocrx_word' id='word_1_343' title='bbox 3583 1994 3817 2046; x_wconf 86' lang='lat' dir='ltr'>merito-</span> 
     </span>
    </p>
   </div>
   <div class='ocr_carea' id='block_1_51' title="bbox 2212 2077 3813 2148">
    <p class='ocr_par' dir='ltr' id='par_1_51' title="bbox 2212 2077 3813 2148">
     <span class='ocr_line' id='line_1_51' title="bbox 2212 2077 3813 2148; baseline 0.005 -20"><span class='ocrx_word' id='word_1_344' title='bbox 2212 2093 2334 2129; x_wconf 87' lang='lat' dir='ltr'>rum</span> <span class='ocrx_word' id='word_1_345' title='bbox 2369 2077 2516 2129; x_wconf 90' lang='lat' dir='ltr'>illius</span> <span class='ocrx_word' id='word_1_346' title='bbox 2547 2077 2792 2145; x_wconf 85' lang='lat' dir='ltr'>dignitas</span> <span class='ocrx_word' id='word_1_347' title='bbox 2838 2079 2939 2131; x_wconf 89' lang='lat' dir='ltr'>hoc</span> <span class='ocrx_word' id='word_1_348' title='bbox 2989 2081 3260 2148; x_wconf 86' lang='lat' dir='ltr'>exegerit.</span> <span class='ocrx_word' id='word_1_349' title='bbox 3303 2079 3458 2146; x_wconf 77' lang='lat' dir='ltr'>Quod</span> <span class='ocrx_word' id='word_1_350' title='bbox 3493 2081 3538 2134; x_wconf 91' lang='lat' dir='ltr'>si</span> <span class='ocrx_word' id='word_1_351' title='bbox 3570 2081 3813 2136; x_wconf 91' lang='lat' dir='ltr'>domnus</span> 
     </span>
    </p>
   </div>
   <div class='ocr_carea' id='block_1_52' title="bbox 2212 2164 3818 2241">
    <p class='ocr_par' dir='ltr' id='par_1_52' title="bbox 2212 2164 3818 2241">
     <span class='ocr_line' id='line_1_52' title="bbox 2212 2164 3818 2241; baseline 0.004 -23"><span class='ocrx_word' id='word_1_352' title='bbox 2212 2165 2382 2218; x_wconf 86' lang='lat' dir='ltr'>abbas</span> <span class='ocrx_word' id='word_1_353' title='bbox 2409 2166 2464 2217; x_wconf 90' lang='lat' dir='ltr'>in</span> <span class='ocrx_word' id='word_1_354' title='bbox 2499 2166 2835 2238; x_wconf 86' lang='lat' dir='ltr'>monasterio</span> <span class='ocrx_word' id='word_1_355' title='bbox 2878 2184 2987 2219; x_wconf 92' lang='lat' dir='ltr'>non</span> <span class='ocrx_word' id='word_1_356' title='bbox 3036 2164 3223 2234; x_wconf 81' lang='lat' dir='ltr'>fuerit,</span> <span class='ocrx_word' id='word_1_357' title='bbox 3257 2169 3411 2237; x_wconf 91' lang='lat' dir='ltr'>prior</span> <span class='ocrx_word' id='word_1_358' title='bbox 3456 2187 3818 2241; x_wconf 85' lang='lat' dir='ltr'>nequaquam</span> 
     </span>
    </p>
   </div>
   <div class='ocr_carea' id='block_1_53' title="bbox 2214 2254 3819 2329">
    <p class='ocr_par' dir='ltr' id='par_1_53' title="bbox 2214 2254 3819 2329">
     <span class='ocr_line' id='line_1_53' title="bbox 2214 2254 3819 2329; baseline 0.003 -20"><span class='ocrx_word' id='word_1_359' title='bbox 2214 2255 2361 2328; x_wconf 82' lang='lat' dir='ltr'>hunc</span> <span class='ocrx_word' id='word_1_360' title='bbox 2387 2254 2506 2306; x_wconf 85' lang='lat' dir='ltr'>sine</span> <span class='ocrx_word' id='word_1_361' title='bbox 2538 2254 2761 2307; x_wconf 85' lang='lat' dir='ltr'>licentia</span> <span class='ocrx_word' id='word_1_362' title='bbox 2795 2255 2968 2324; x_wconf 89' lang='lat' dir='ltr'>ipsius</span> <span class='ocrx_word' id='word_1_363' title='bbox 3004 2256 3058 2308; x_wconf 92' lang='lat' dir='ltr'>in</span> <span class='ocrx_word' id='word_1_364' title='bbox 3092 2257 3395 2310; x_wconf 86' lang='lat' dir='ltr'>claustrum</span> <span class='ocrx_word' id='word_1_365' title='bbox 3422 2260 3674 2329; x_wconf 79' lang='lat' dir='ltr'>suscipit.</span> <span class='ocrx_word' id='word_1_366' title='bbox 3708 2260 3819 2314; x_wconf 86' lang='lat' dir='ltr'>nisi</span> 
     </span>
    </p>
   </div>
   <div class='ocr_carea' id='block_1_54' title="bbox 2214 2342 3818 2416">
    <p class='ocr_par' dir='ltr' id='par_1_54' title="bbox 2214 2342 3818 2416">
     <span class='ocr_line' id='line_1_54' title="bbox 2214 2342 3818 2416; baseline 0.005 -21"><span class='ocrx_word' id='word_1_367' title='bbox 2214 2343 2353 2416; x_wconf 85' lang='lat' dir='ltr'>adeo</span> <span class='ocrx_word' id='word_1_368' title='bbox 2388 2348 2634 2406; x_wconf 83' lang='lat' dir='ltr'>remotus</span> <span class='ocrx_word' id='word_1_369' title='bbox 2665 2342 2753 2398; x_wconf 73' lang='lat' dir='ltr'>sit.</span> <span class='ocrx_word' id='word_1_370' title='bbox 2782 2343 2927 2412; x_wconf 87' lang='lat' dir='ltr'>quod</span> <span class='ocrx_word' id='word_1_371' title='bbox 2963 2362 3060 2414; x_wconf 82' lang='lat' dir='ltr'>per</span> <span class='ocrx_word' id='word_1_372' title='bbox 3091 2346 3358 2400; x_wconf 70' lang='lat' dir='ltr'>nuntium,</span> <span class='ocrx_word' id='word_1_373' title='bbox 3385 2346 3439 2398; x_wconf 93' lang='lat' dir='ltr'>in</span> <span class='ocrx_word' id='word_1_374' title='bbox 3467 2347 3656 2400; x_wconf 90' lang='lat' dir='ltr'>triduo</span> <span class='ocrx_word' id='word_1_375' title='bbox 3679 2366 3818 2402; x_wconf 78' lang='lat' dir='ltr'>eon-</span> 
     </span>
    </p>
   </div>
   <div class='ocr_carea' id='block_1_55' title="bbox 2214 2431 3822 2504">
    <p class='ocr_par' dir='ltr' id='par_1_55' title="bbox 2214 2431 3822 2504">
     <span class='ocr_line' id='line_1_55' title="bbox 2214 2431 3822 2504; baseline 0.005 -22"><span class='ocrx_word' id='word_1_376' title='bbox 2214 2431 2388 2484; x_wconf 83' lang='lat' dir='ltr'>veniri</span> <span class='ocrx_word' id='word_1_377' title='bbox 2428 2448 2537 2483; x_wconf 91' lang='lat' dir='ltr'>non</span> <span class='ocrx_word' id='word_1_378' title='bbox 2569 2432 2761 2500; x_wconf 80' lang='lat' dir='ltr'>possit.</span> <span class='ocrx_word' id='word_1_379' title='bbox 2803 2431 2976 2493; x_wconf 92' lang='lat' dir='ltr'>Tunc,</span> <span class='ocrx_word' id='word_1_380' title='bbox 3014 2433 3263 2504; x_wconf 89' lang='lat' dir='ltr'>inquam.</span> <span class='ocrx_word' id='word_1_381' title='bbox 3323 2435 3430 2488; x_wconf 89' lang='lat' dir='ltr'>nisi</span> <span class='ocrx_word' id='word_1_382' title='bbox 3474 2452 3602 2488; x_wconf 90' lang='lat' dir='ltr'>eum</span> <span class='ocrx_word' id='word_1_383' title='bbox 3653 2437 3822 2490; x_wconf 91' lang='lat' dir='ltr'>citius</span> 
     </span>
    </p>
   </div>
   <div class='ocr_carea' id='block_1_56' title="bbox 2215 2520 3819 2592">
    <p class='ocr_par' dir='ltr' id='par_1_56' title="bbox 2215 2520 3819 2592">
     <span class='ocr_line' id='line_1_56' title="bbox 2215 2520 3819 2592; baseline 0.004 -21"><span class='ocrx_word' id='word_1_384' title='bbox 2215 2525 2511 2572; x_wconf 81' lang='lat' dir='ltr'>venturum</span> <span class='ocrx_word' id='word_1_385' title='bbox 2546 2520 2972 2589; x_wconf 79' lang='lat' dir='ltr'>noverit.potest</span> <span class='ocrx_word' id='word_1_386' title='bbox 2997 2521 3315 2589; x_wconf 85' lang='lat' dir='ltr'>hujusmodi</span> <span class='ocrx_word' id='word_1_387' title='bbox 3340 2523 3642 2592; x_wconf 89' lang='lat' dir='ltr'>suscipere.</span> <span class='ocrx_word' id='word_1_388' title='bbox 3682 2533 3740 2577; x_wconf 88' lang='lat' dir='ltr'>et</span> <span class='ocrx_word' id='word_1_389' title='bbox 3763 2526 3819 2578; x_wconf 91' lang='lat' dir='ltr'>in</span> 
     </span>
    </p>
   </div>
   <div class='ocr_carea' id='block_1_57' title="bbox 2215 2607 3814 2682">
    <p class='ocr_par' dir='ltr' id='par_1_57' title="bbox 2215 2607 3814 2682">
     <span class='ocr_line' id='line_1_57' title="bbox 2215 2607 3814 2682; baseline 0.006 -25"><span class='ocrx_word' id='word_1_390' title='bbox 2215 2607 2474 2660; x_wconf 86' lang='lat' dir='ltr'>omnibus</span> <span class='ocrx_word' id='word_1_391' title='bbox 2501 2609 2634 2660; x_wconf 85' lang='lat' dir='ltr'>locis</span> <span class='ocrx_word' id='word_1_392' title='bbox 2655 2609 2946 2661; x_wconf 79' lang='lat' dir='ltr'>conventui</span> <span class='ocrx_word' id='word_1_393' title='bbox 2970 2610 3237 2662; x_wconf 87' lang='lat' dir='ltr'>adunare.</span> <span class='ocrx_word' id='word_1_394' title='bbox 3279 2611 3474 2664; x_wconf 59' lang='lat' dir='ltr'>Rolum‘</span> <span class='ocrx_word' id='word_1_395' title='bbox 3501 2612 3814 2682; x_wconf 77' lang='lat' dir='ltr'>capitulum</span> 
     </span>
    </p>
   </div>
   <div class='ocr_carea' id='block_1_58' title="bbox 2214 2695 3814 2768">
    <p class='ocr_par' dir='ltr' id='par_1_58' title="bbox 2214 2695 3814 2768">
     <span class='ocr_line' id='line_1_58' title="bbox 2214 2695 3814 2768; baseline 0.004 -22"><span class='ocrx_word' id='word_1_396' title='bbox 2214 2695 2424 2768; x_wconf 79' lang='lat' dir='ltr'>absque</span> <span class='ocrx_word' id='word_1_397' title='bbox 2466 2697 2738 2766; x_wconf 79' lang='lat' dir='ltr'>permissu</span> <span class='ocrx_word' id='word_1_398' title='bbox 2783 2697 2971 2750; x_wconf 86' lang='lat' dir='ltr'>domui</span> <span class='ocrx_word' id='word_1_399' title='bbox 3007 2697 3224 2764; x_wconf 86' lang='lat' dir='ltr'>abbatis</span> <span class='ocrx_word' id='word_1_400' title='bbox 3279 2716 3388 2752; x_wconf 93' lang='lat' dir='ltr'>non</span> <span class='ocrx_word' id='word_1_401' title='bbox 3430 2700 3674 2761; x_wconf 80' lang='lat' dir='ltr'>habebit,</span> <span class='ocrx_word' id='word_1_402' title='bbox 3709 2719 3814 2754; x_wconf 88' lang='lat' dir='ltr'>nec</span> 
     </span>
    </p>
   </div>
   <div class='ocr_carea' id='block_1_59' title="bbox 2217 2785 3822 2855">
    <p class='ocr_par' dir='ltr' id='par_1_59' title="bbox 2217 2785 3822 2855">
     <span class='ocr_line' id='line_1_59' title="bbox 2217 2785 3822 2855; baseline 0.004 -19"><span class='ocrx_word' id='word_1_403' title='bbox 2217 2785 2418 2836; x_wconf 88' lang='lat' dir='ltr'>saltem</span> <span class='ocrx_word' id='word_1_404' title='bbox 2456 2802 2553 2854; x_wconf 93' lang='lat' dir='ltr'>pro</span> <span class='ocrx_word' id='word_1_405' title='bbox 2583 2786 2850 2855; x_wconf 87' lang='lat' dir='ltr'>petitione</span> <span class='ocrx_word' id='word_1_406' title='bbox 2875 2785 3127 2842; x_wconf 82' lang='lat' dir='ltr'>facienda</span> <span class='ocrx_word' id='word_1_407' title='bbox 3160 2787 3398 2844; x_wconf 87' lang='lat' dir='ltr'>intrabit</span> <span class='ocrx_word' id='word_1_408' title='bbox 3457 2789 3558 2841; x_wconf 89' lang='lat' dir='ltr'>sed</span> <span class='ocrx_word' id='word_1_409' title='bbox 3598 2789 3673 2842; x_wconf 88' lang='lat' dir='ltr'>ad</span> <span class='ocrx_word' id='word_1_410' title='bbox 3719 2790 3822 2843; x_wconf 88' lang='lat' dir='ltr'>ali-</span> 
     </span>
    </p>
   </div>
   <div class='ocr_carea' id='block_1_60' title="bbox 2213 2859 3816 2948">
    <p class='ocr_par' dir='ltr' id='par_1_60' title="bbox 2213 2874 3816 2948">
     <span class='ocr_line' id='line_1_60' title="bbox 2213 2874 3816 2948; baseline 0.004 -24"><span class='ocrx_word' id='word_1_411' title='bbox 2213 2888 2381 2941; x_wconf 90' lang='lat' dir='ltr'>quam</span> <span class='ocrx_word' id='word_1_412' title='bbox 2412 2874 2604 2926; x_wconf 89' lang='lat' dir='ltr'>horam</span> <span class='ocrx_word' id='word_1_413' title='bbox 2641 2875 2693 2927; x_wconf 91' lang='lat' dir='ltr'>in</span> <span class='ocrx_word' id='word_1_414' title='bbox 2729 2877 3015 2928; x_wconf 76' lang='lat' dir='ltr'>ecclesiam</span> <span class='ocrx_word' id='word_1_415' title='bbox 3047 2876 3286 2942; x_wconf 90' lang='lat' dir='ltr'>ducitur.</span> <span class='ocrx_word' id='word_1_416' title='bbox 3320 2877 3508 2947; x_wconf 87' lang='lat' dir='ltr'>ibique</span> <span class='ocrx_word' id='word_1_417' title='bbox 3537 2895 3639 2948; x_wconf 90' lang='lat' dir='ltr'>per</span> <span class='ocrx_word' id='word_1_418' title='bbox 3659 2879 3816 2931; x_wconf 87' lang='lat' dir='ltr'>ordi-</span> 
     </span>
    </p>
   </div>
   <div class='ocr_carea' id='block_1_61' title="bbox 2214 2960 3220 3024">
    <p class='ocr_par' dir='ltr' id='par_1_61' title="bbox 2214 2960 3220 3024">
     <span class='ocr_line' id='line_1_61' title="bbox 2214 2960 3220 3024; baseline 0.004 -12"><span class='ocrx_word' id='word_1_419' title='bbox 2214 2960 2300 3013; x_wconf 86' lang='lat' dir='ltr'>nis</span> <span class='ocrx_word' id='word_1_420' title='bbox 2329 2970 2599 3015; x_wconf 88' lang='lat' dir='ltr'>rectorem</span> <span class='ocrx_word' id='word_1_421' title='bbox 2632 2964 2926 3024; x_wconf 70' lang='grc' dir='ltr'>(εοηγεηῐιιὶ</span> <span class='ocrx_word' id='word_1_422' title='bbox 2959 2965 3220 3018; x_wconf 69' lang='lat' dir='ltr'>SOCitliUl‘.</span> 
     </span>
    </p>
   </div>
   <div class='ocr_carea' id='block_1_62' title="bbox 2291 3037 3818 3124">
    <p class='ocr_par' dir='ltr' id='par_1_62' title="bbox 2291 3039 3818 3124">
     <span class='ocr_line' id='line_1_62' title="bbox 2291 3039 3818 3124; baseline 0.006 -22"><span class='ocrx_word' id='word_1_423' title='bbox 2291 3045 2561 3109; x_wconf 74' lang='lat' dir='ltr'>Postea.si</span> <span class='ocrx_word' id='word_1_424' title='bbox 2594 3061 2844 3124; x_wconf 22' lang='lat' dir='ltr'>opus&#39;est,</span> <span class='ocrx_word' id='word_1_425' title='bbox 2865 3070 3016 3105; x_wconf 90' lang='lat' dir='ltr'>more</span> <span class='ocrx_word' id='word_1_426' title='bbox 3036 3059 3224 3106; x_wconf 87' lang='lat' dir='ltr'>nostro</span> <span class='ocrx_word' id='word_1_427' title='bbox 3246 3053 3464 3106; x_wconf 86' lang='lat' dir='ltr'>raditur</span> <span class='ocrx_word' id='word_1_428' title='bbox 3487 3060 3542 3108; x_wconf 92' lang='lat' dir='ltr'>et</span> <span class='ocrx_word' id='word_1_429' title='bbox 3561 3039 3818 3111; x_wconf 81' lang='lat' dir='ltr'>vestitur.</span> 
     </span>
    </p>
   </div>
   <div class='ocr_carea' id='block_1_63' title="bbox 2220 3124 3816 3216">
    <p class='ocr_par' dir='ltr' id='par_1_63' title="bbox 2220 3137 3816 3216">
     <span class='ocr_line' id='line_1_63' title="bbox 2220 3137 3816 3216; baseline 0.005 -26"><span class='ocrx_word' id='word_1_430' title='bbox 2220 3137 2272 3190; x_wconf 91' lang='lat' dir='ltr'>Si</span> <span class='ocrx_word' id='word_1_431' title='bbox 2303 3139 2629 3192; x_wconf 86' lang='lat' dir='ltr'>vestimenta</span> <span class='ocrx_word' id='word_1_432' title='bbox 2669 3142 2788 3209; x_wconf 88' lang='lat' dir='ltr'>ejus</span> <span class='ocrx_word' id='word_1_433' title='bbox 2831 3158 2939 3216; x_wconf 77' lang='lat' dir='ltr'>non</span> <span class='ocrx_word' id='word_1_434' title='bbox 2989 3148 3116 3216; x_wconf 86' lang='lat' dir='ltr'>sunt</span> <span class='ocrx_word' id='word_1_435' title='bbox 3150 3157 3302 3194; x_wconf 91' lang='lat' dir='ltr'>more</span> <span class='ocrx_word' id='word_1_436' title='bbox 3330 3149 3520 3195; x_wconf 89' lang='lat' dir='ltr'>nostro</span> <span class='ocrx_word' id='word_1_437' title='bbox 3553 3142 3816 3210; x_wconf 85' lang='lat' dir='ltr'>formata.</span> 
     </span>
    </p>
   </div>
   <div class='ocr_carea' id='block_1_64' title="bbox 536 3215 3814 3301">
    <p class='ocr_par' dir='ltr' id='par_1_64' title="bbox 536 3215 3814 3301">
     <span class='ocr_line' id='line_1_64' title="bbox 536 3215 3814 3301; baseline -0.001 -12"><span class='ocrx_word' id='word_1_438' title='bbox 536 3215 700 3290; x_wconf 63' lang='lat' dir='ltr'>i5&#39;rius</span> <span class='ocrx_word' id='word_1_439' title='bbox 720 3241 908 3287; x_wconf 81' lang='lat' dir='ltr'>autem</span> <span class='ocrx_word' id='word_1_440' title='bbox 933 3246 1100 3301; x_wconf 84' lang='lat' dir='ltr'>quam</span> <span class='ocrx_word' id='word_1_441' title='bbox 1127 3229 1524 3282; x_wconf 85' lang='lat' dir='ltr'>intraverintin</span> <span class='ocrx_word' id='word_1_442' title='bbox 1539 3216 1820 3297; x_wconf 67' lang='lat' dir='ltr'>hospitum</span> <span class='ocrx_word' id='word_1_443' title='bbox 1845 3216 2128 3279; x_wconf 81' lang='lat' dir='ltr'>auditorio</span> <span class='ocrx_word' id='word_1_444' title='bbox 2213 3232 2268 3279; x_wconf 88' lang='lat' dir='ltr'>et</span> <span class='ocrx_word' id='word_1_445' title='bbox 2299 3227 2352 3279; x_wconf 89' lang='lat' dir='ltr'>in</span> <span class='ocrx_word' id='word_1_446' title='bbox 2387 3215 2612 3280; x_wconf 79' lang='lat' dir='ltr'>tantum</span> <span class='ocrx_word' id='word_1_447' title='bbox 2634 3228 2764 3282; x_wconf 87' lang='lat' dir='ltr'>vilia</span> <span class='ocrx_word' id='word_1_448' title='bbox 2798 3235 2853 3281; x_wconf 88' lang='lat' dir='ltr'>et</span> <span class='ocrx_word' id='word_1_449' title='bbox 2887 3247 3082 3299; x_wconf 85' lang='lat' dir='ltr'>pauca.</span> <span class='ocrx_word' id='word_1_450' title='bbox 3116 3236 3178 3283; x_wconf 90' lang='lat' dir='ltr'>ut</span> <span class='ocrx_word' id='word_1_451' title='bbox 3217 3229 3363 3283; x_wconf 76' lang='lat' dir='ltr'>inter</span> <span class='ocrx_word' id='word_1_452' title='bbox 3403 3231 3603 3285; x_wconf 86' lang='lat' dir='ltr'>fratres</span> <span class='ocrx_word' id='word_1_453' title='bbox 3637 3233 3693 3286; x_wconf 87' lang='lat' dir='ltr'>in</span> <span class='ocrx_word' id='word_1_454' title='bbox 3727 3235 3814 3288; x_wconf 90' lang='lat' dir='ltr'>his</span> 
     </span>
    </p>
   </div>
   <div class='ocr_carea' id='block_1_65' title="bbox 535 3303 3818 3390">
    <p class='ocr_par' dir='ltr' id='par_1_65' title="bbox 535 3303 3818 3390">
     <span class='ocr_line' id='line_1_65' title="bbox 535 3303 3818 3390; baseline -0.001 -12"><span class='ocrx_word' id='word_1_455' title='bbox 535 3310 604 3378; x_wconf 77' lang='lat' dir='ltr'>ab</span> <span class='ocrx_word' id='word_1_456' title='bbox 635 3324 828 3390; x_wconf 85' lang='lat' dir='ltr'>eodem</span> <span class='ocrx_word' id='word_1_457' title='bbox 862 3319 1104 3374; x_wconf 85' lang='lat' dir='ltr'>Ostiario</span> <span class='ocrx_word' id='word_1_458' title='bbox 1136 3307 1446 3372; x_wconf 87' lang='lat' dir='ltr'>instruendi</span> <span class='ocrx_word' id='word_1_459' title='bbox 1477 3322 1624 3377; x_wconf 88' lang='lat' dir='ltr'>sunt.</span> <span class='ocrx_word' id='word_1_460' title='bbox 1653 3303 2126 3385; x_wconf 85' lang='lat' dir='ltr'>quemadmodum</span> <span class='ocrx_word' id='word_1_461' title='bbox 2211 3321 2596 3384; x_wconf 83' lang='lat' dir='ltr'>competenter</span> <span class='ocrx_word' id='word_1_462' title='bbox 2624 3318 2936 3369; x_wconf 87' lang='lat' dir='ltr'>conversari</span> <span class='ocrx_word' id='word_1_463' title='bbox 2966 3335 3075 3370; x_wconf 91' lang='lat' dir='ltr'>non</span> <span class='ocrx_word' id='word_1_464' title='bbox 3111 3319 3301 3387; x_wconf 86' lang='lat' dir='ltr'>possit.</span> <span class='ocrx_word' id='word_1_465' title='bbox 3329 3305 3614 3387; x_wconf 84' lang='lat' dir='ltr'>regularia</span> <span class='ocrx_word' id='word_1_466' title='bbox 3636 3327 3692 3374; x_wconf 89' lang='lat' dir='ltr'>et</span> <span class='ocrx_word' id='word_1_467' title='bbox 3720 3339 3818 3375; x_wconf 86' lang='lat' dir='ltr'>ne-</span> 
     </span>
    </p>
   </div>
   <div class='ocr_carea' id='block_1_66' title="bbox 537 3395 3813 3480">
    <p class='ocr_par' dir='ltr' id='par_1_66' title="bbox 537 3395 3813 3480">
     <span class='ocr_line' id='line_1_66' title="bbox 537 3395 3813 3480; baseline -0 -14"><span class='ocrx_word' id='word_1_468' title='bbox 537 3395 741 3466; x_wconf 28' lang='lat' dir='ltr'>facialnt</span> <span class='ocrx_word' id='word_1_469' title='bbox 775 3397 1102 3480; x_wconf 81' lang='lat' dir='ltr'>petitionem</span> <span class='ocrx_word' id='word_1_470' title='bbox 1129 3423 1284 3461; x_wconf 88' lang='lat' dir='ltr'>suam</span> <span class='ocrx_word' id='word_1_471' title='bbox 1342 3397 1591 3459; x_wconf 80' lang='lat' dir='ltr'>Primum</span> <span class='ocrx_word' id='word_1_472' title='bbox 1626 3405 1884 3458; x_wconf 87' lang='lat' dir='ltr'>ut&#39;sciant</span> <span class='ocrx_word' id='word_1_473' title='bbox 1904 3405 2123 3457; x_wconf 84' lang='lat' dir='ltr'>veniam</span> <span class='ocrx_word' id='word_1_474' title='bbox 2209 3405 2454 3457; x_wconf 83' lang='lat' dir='ltr'>cessitati</span> <span class='ocrx_word' id='word_1_475' title='bbox 2487 3405 2819 3458; x_wconf 83' lang='lat' dir='ltr'>sufficientia</span> <span class='ocrx_word' id='word_1_476' title='bbox 2847 3407 2897 3458; x_wconf 89' lang='lat' dir='ltr'>ei</span> <span class='ocrx_word' id='word_1_477' title='bbox 2921 3406 3142 3465; x_wconf 87' lang='lat' dir='ltr'>dantur.</span> <span class='ocrx_word' id='word_1_478' title='bbox 3180 3407 3232 3459; x_wconf 89' lang='lat' dir='ltr'>in</span> <span class='ocrx_word' id='word_1_479' title='bbox 3269 3409 3470 3477; x_wconf 86' lang='lat' dir='ltr'>quibus</span> <span class='ocrx_word' id='word_1_480' title='bbox 3503 3415 3560 3480; x_wconf 87' lang='lat' dir='ltr'>et</span> <span class='ocrx_word' id='word_1_481' title='bbox 3590 3418 3813 3480; x_wconf 85' lang='lat' dir='ltr'>postea.</span> 
     </span>
    </p>
   </div>
   <div class='ocr_carea' id='block_1_67' title="bbox 534 3477 3813 3574">
    <p class='ocr_par' dir='ltr' id='par_1_67' title="bbox 534 3481 3813 3573">
     <span class='ocr_line' id='line_1_67' title="bbox 534 3481 3813 3573; baseline 0 -19"><span class='ocrx_word' id='word_1_482' title='bbox 534 3493 725 3573; x_wconf 85' lang='lat' dir='ltr'>petere</span> <span class='ocrx_word' id='word_1_483' title='bbox 781 3486 934 3551; x_wconf 81' lang='lat' dir='ltr'>more</span> <span class='ocrx_word' id='word_1_484' title='bbox 991 3502 1200 3556; x_wconf 84' lang='lat' dir='ltr'>nostro.</span> <span class='ocrx_word' id='word_1_485' title='bbox 1251 3504 1314 3549; x_wconf 82' lang='lat' dir='ltr'>ut:</span> <span class='ocrx_word' id='word_1_486' title='bbox 1355 3481 1615 3565; x_wconf 80' lang='lat' dir='ltr'>prostrati</span> <span class='ocrx_word' id='word_1_487' title='bbox 1649 3501 1707 3546; x_wconf 84' lang='lat' dir='ltr'>et‘</span> <span class='ocrx_word' id='word_1_488' title='bbox 1734 3483 2062 3562; x_wconf 89' lang='lat' dir='ltr'>interrogati</span> <span class='ocrx_word' id='word_1_489' title='bbox 2095 3510 2124 3545; x_wconf 87' lang='lat' dir='ltr'>a</span> <span class='ocrx_word' id='word_1_490' title='bbox 2210 3491 2252 3543; x_wconf 90' lang='lat' dir='ltr'>si</span> <span class='ocrx_word' id='word_1_491' title='bbox 2309 3501 2555 3560; x_wconf 83' lang='lat' dir='ltr'>perstare</span> <span class='ocrx_word' id='word_1_492' title='bbox 2608 3494 2868 3558; x_wconf 82' lang='lat' dir='ltr'>noluerit.</span> <span class='ocrx_word' id='word_1_493' title='bbox 2901 3504 3031 3547; x_wconf 89' lang='lat' dir='ltr'>ante</span> <span class='ocrx_word' id='word_1_494' title='bbox 3072 3495 3470 3565; x_wconf 86' lang='lat' dir='ltr'>professionem</span> <span class='ocrx_word' id='word_1_495' title='bbox 3511 3498 3665 3552; x_wconf 87' lang='lat' dir='ltr'>abire</span> <span class='ocrx_word' id='word_1_496' title='bbox 3697 3518 3813 3555; x_wconf 90' lang='lat' dir='ltr'>non</span> 
     </span>
    </p>
   </div>
   <div class='ocr_carea' id='block_1_68' title="bbox 534 3575 2996 3662">
    <p class='ocr_par' dir='ltr' id='par_1_68' title="bbox 534 3575 2996 3662">
     <span class='ocr_line' id='line_1_68' title="bbox 534 3575 2996 3662; baseline -0.003 -21"><span class='ocrx_word' id='word_1_497' title='bbox 534 3575 885 3662; x_wconf 48' lang='lat' dir='ltr'>praesidente.</span> <span class='ocrx_word' id='word_1_498' title='bbox 921 3586 1056 3655; x_wconf 82' lang='lat' dir='ltr'>quid</span> <span class='ocrx_word' id='word_1_499' title='bbox 1087 3584 1294 3637; x_wconf 75' lang='lat' dir='ltr'>velint?</span> <span class='ocrx_word' id='word_1_500' title='bbox 1324 3584 1528 3652; x_wconf 89' lang='lat' dir='ltr'>singuli</span> <span class='ocrx_word' id='word_1_501' title='bbox 1553 3583 1772 3635; x_wconf 81' lang='lat' dir='ltr'>dicant:</span> <span class='ocrx_word' id='word_1_502' title='bbox 1799 3584 1940 3634; x_wconf 78' lang='lat' dir='ltr'>l)cus‘</span> <span class='ocrx_word' id='word_1_503' title='bbox 1967 3585 2125 3633; x_wconf 59' lang='grc' dir='ltr'>νηίδα·</span> <span class='ocrx_word' id='word_1_504' title='bbox 2209 3580 2552 3649; x_wconf 85' lang='lat' dir='ltr'>prohibetur.</span> <span class='ocrx_word' id='word_1_505' title='bbox 2993 3655 2996 3659; x_wconf 21' lang='grc' dir='ltr'><strong><em>ι</em></strong></span> 
     </span>
    </p>
   </div>
   <div class='ocr_carea' id='block_1_69' title="bbox 534 3668 3814 3742">
    <p class='ocr_par' dir='ltr' id='par_1_69' title="bbox 534 3668 3814 3742">
     <span class='ocr_line' id='line_1_69' title="bbox 534 3668 3814 3742; baseline -0 -13"><span class='ocrx_word' id='word_1_506' title='bbox 534 3678 860 3742; x_wconf 63' lang='grc' dir='ltr'>νιίσονιΐίαηι,</span> <span class='ocrx_word' id='word_1_507' title='bbox 892 3675 1869 3740; x_wconf 63' lang='lat' dir='ltr'>etvestram.rcstramquesocietatem</span> <span class='ocrx_word' id='word_1_508' title='bbox 1898 3672 2128 3723; x_wconf 60' lang='lat' dir='ltr'>libenter</span> <span class='ocrx_word' id='word_1_509' title='bbox 2281 3668 2540 3730; x_wconf 75' lang='lat' dir='ltr'>Quamdiu</span> <span class='ocrx_word' id='word_1_510' title='bbox 2573 3671 2816 3740; x_wconf 82' lang='lat' dir='ltr'>capitulo</span> <span class='ocrx_word' id='word_1_511' title='bbox 2845 3677 3015 3724; x_wconf 82' lang='lat' dir='ltr'>caret.</span> <span class='ocrx_word' id='word_1_512' title='bbox 3047 3671 3100 3723; x_wconf 92' lang='lat' dir='ltr'>in</span> <span class='ocrx_word' id='word_1_513' title='bbox 3127 3671 3266 3725; x_wconf 79' lang='lat' dir='ltr'>celia</span> <span class='ocrx_word' id='word_1_514' title='bbox 3297 3674 3631 3728; x_wconf 87' lang='lat' dir='ltr'>novitiorum</span> <span class='ocrx_word' id='word_1_515' title='bbox 3663 3675 3814 3730; x_wconf 85' lang='lat' dir='ltr'>inte-</span> 
     </span>
    </p>
   </div>
   <div class='ocr_carea' id='block_1_70' title="bbox 536 3754 3808 3830">
    <p class='ocr_par' dir='ltr' id='par_1_70' title="bbox 536 3754 3808 3830">
     <span class='ocr_line' id='line_1_70' title="bbox 536 3754 3808 3830; baseline -0.001 -13"><span class='ocrx_word' id='word_1_516' title='bbox 536 3757 730 3818; x_wconf 67' lang='lat' dir='ltr'>Itaberc</span> <span class='ocrx_word' id='word_1_517' title='bbox 761 3769 1032 3824; x_wconf 70' lang='lat' dir='ltr'>volumus,</span> <span class='ocrx_word' id='word_1_518' title='bbox 1079 3763 1163 3815; x_wconf 87' lang='lat' dir='ltr'>vel</span> <span class='ocrx_word' id='word_1_519' title='bbox 1207 3763 1252 3814; x_wconf 90' lang='lat' dir='ltr'>si</span> <span class='ocrx_word' id='word_1_520' title='bbox 1303 3777 1450 3812; x_wconf 88' lang='lat' dir='ltr'>unus</span> <span class='ocrx_word' id='word_1_521' title='bbox 1483 3766 1568 3812; x_wconf 85' lang='lat' dir='ltr'>est</span> <span class='ocrx_word' id='word_1_522' title='bbox 1603 3777 1612 3810; x_wconf 92' lang='lat'><strong>:</strong></span> <span class='ocrx_word' id='word_1_523' title='bbox 1655 3759 1824 3819; x_wconf 89' lang='lat' dir='ltr'>dicat.</span> <span class='ocrx_word' id='word_1_524' title='bbox 1887 3761 2023 3811; x_wconf 81' lang='lat' dir='ltr'>Volo.</span> <span class='ocrx_word' id='word_1_525' title='bbox 2062 3757 2129 3810; x_wconf 84' lang='lat' dir='ltr'>Et</span> <span class='ocrx_word' id='word_1_526' title='bbox 2210 3754 2314 3806; x_wconf 89' lang='lat' dir='ltr'>rim</span> <span class='ocrx_word' id='word_1_527' title='bbox 2351 3762 2619 3818; x_wconf 87' lang='lat' dir='ltr'>moratur.</span> <span class='ocrx_word' id='word_1_528' title='bbox 2648 3759 2821 3810; x_wconf 84' lang='lat' dir='ltr'>donec</span> <span class='ocrx_word' id='word_1_529' title='bbox 2866 3760 3169 3828; x_wconf 87' lang='lat' dir='ltr'>capitulum</span> <span class='ocrx_word' id='word_1_530' title='bbox 3219 3761 3464 3813; x_wconf 87' lang='lat' dir='ltr'>liniatur.</span> <span class='ocrx_word' id='word_1_531' title='bbox 3492 3757 3556 3814; x_wconf 83' lang='lat' dir='ltr'>In</span> <span class='ocrx_word' id='word_1_532' title='bbox 3607 3763 3808 3830; x_wconf 85' lang='lat' dir='ltr'>primis</span> 
     </span>
    </p>
   </div>
   <div class='ocr_carea' id='block_1_71' title="bbox 533 3839 2127 3924">
    <p class='ocr_par' dir='ltr' id='par_1_71' title="bbox 533 3839 2127 3924">
     <span class='ocr_line' id='line_1_71' title="bbox 533 3839 2127 3924; baseline -0.006 -17"><span class='ocrx_word' id='word_1_533' title='bbox 533 3839 836 3924; x_wconf 22' lang='lat' dir='ltr'>postquam,</span> <span class='ocrx_word' id='word_1_534' title='bbox 856 3853 948 3905; x_wconf 88' lang='lat' dir='ltr'>ille</span> <span class='ocrx_word' id='word_1_535' title='bbox 977 3849 1355 3920; x_wconf 85' lang='lat' dir='ltr'>responderit:</span> <span class='ocrx_word' id='word_1_536' title='bbox 1380 3850 1518 3901; x_wconf 79' lang='lat' dir='ltr'>Deus</span> <span class='ocrx_word' id='word_1_537' title='bbox 1546 3850 1629 3900; x_wconf 67' lang='lat' dir='ltr'>det</span> <span class='ocrx_word' id='word_1_538' title='bbox 1656 3850 1796 3899; x_wconf 70' lang='lat' dir='ltr'>robis</span> <span class='ocrx_word' id='word_1_539' title='bbox 1823 3850 2127 3898; x_wconf 69' lang='lat' dir='ltr'>.s&#39;ocictatmn</span> 
     </span>
    </p>
   </div>
   <div class='ocr_carea' id='block_1_72' title="bbox 533 3931 2123 4010">
    <p class='ocr_par' dir='ltr' id='par_1_72' title="bbox 533 3931 2123 4010">
     <span class='ocr_line' id='line_1_72' title="bbox 533 3931 2123 4010; baseline -0.004 -16"><span class='ocrx_word' id='word_1_540' title='bbox 533 3945 776 4010; x_wconf 60' lang='lat' dir='ltr'>ﬁdet-ium</span> <span class='ocrx_word' id='word_1_541' title='bbox 803 3957 1050 3996; x_wconf 82' lang='lat' dir='ltr'>suorum.</span> <span class='ocrx_word' id='word_1_542' title='bbox 1087 3942 1106 3961; x_wconf 80' lang='grc'>⁶</span> <span class='ocrx_word' id='word_1_543' title='bbox 1131 3931 1424 4006; x_wconf 75' lang='lat' dir='ltr'>surgentes</span> <span class='ocrx_word' id='word_1_544' title='bbox 1452 3937 1675 3989; x_wconf 86' lang='lat' dir='ltr'>veniant</span> <span class='ocrx_word' id='word_1_545' title='bbox 1700 3936 1765 3987; x_wconf 89' lang='lat' dir='ltr'>ad</span> <span class='ocrx_word' id='word_1_546' title='bbox 1799 3936 1963 4005; x_wconf 85' lang='lat' dir='ltr'>pedes</span> <span class='ocrx_word' id='word_1_547' title='bbox 1985 3937 2123 4003; x_wconf 87' lang='lat' dir='ltr'>ejus.</span> 
     </span>
    </p>
   </div>
   <div class='ocr_carea' id='block_1_73' title="bbox 529 4021 2128 4094">
    <p class='ocr_par' dir='ltr' id='par_1_73' title="bbox 529 4021 2128 4094">
     <span class='ocr_line' id='line_1_73' title="bbox 529 4021 2128 4094; baseline -0.006 -10"><span class='ocrx_word' id='word_1_548' title='bbox 529 4021 637 4084; x_wconf 75' lang='lat' dir='ltr'>nisi</span> <span class='ocrx_word' id='word_1_549' title='bbox 670 4031 782 4094; x_wconf 88' lang='lat' dir='ltr'>sint</span> <span class='ocrx_word' id='word_1_550' title='bbox 820 4028 1114 4089; x_wconf 83' lang='lat' dir='ltr'>monachi;</span> <span class='ocrx_word' id='word_1_551' title='bbox 1150 4027 1288 4079; x_wconf 87' lang='lat' dir='ltr'>alias</span> <span class='ocrx_word' id='word_1_552' title='bbox 1343 4042 1373 4078; x_wconf 91' lang='lat' dir='ltr'>a</span> <span class='ocrx_word' id='word_1_553' title='bbox 1421 4025 1625 4077; x_wconf 89' lang='lat' dir='ltr'>domno</span> <span class='ocrx_word' id='word_1_554' title='bbox 1658 4025 1878 4086; x_wconf 87' lang='lat' dir='ltr'>abbate.</span> <span class='ocrx_word' id='word_1_555' title='bbox 1917 4025 1995 4076; x_wconf 90' lang='lat' dir='ltr'>vel</span> <span class='ocrx_word' id='word_1_556' title='bbox 2030 4037 2128 4094; x_wconf 86' lang='lat' dir='ltr'>pro</span> 
     </span>
    </p>
   </div>
   <div class='ocr_carea' id='block_1_74' title="bbox 527 4101 2123 4182">
    <p class='ocr_par' dir='ltr' id='par_1_74' title="bbox 527 4101 2123 4182">
     <span class='ocr_line' id='line_1_74' title="bbox 527 4101 2123 4182; baseline -0.004 -11"><span class='ocrx_word' id='word_1_557' title='bbox 527 4101 860 4171; x_wconf 74' lang='lat' dir='ltr'>infirmitate</span> <span class='ocrx_word' id='word_1_558' title='bbox 895 4117 978 4168; x_wconf 88' lang='lat' dir='ltr'>vel</span> <span class='ocrx_word' id='word_1_559' title='bbox 1025 4115 1125 4167; x_wconf 82' lang='lat' dir='ltr'>Icci</span> <span class='ocrx_word' id='word_1_560' title='bbox 1160 4114 1568 4182; x_wconf 80' lang='lat' dir='ltr'>longinquitate</span> <span class='ocrx_word' id='word_1_561' title='bbox 1604 4113 1759 4177; x_wconf 88' lang='lat' dir='ltr'>(sicut</span> <span class='ocrx_word' id='word_1_562' title='bbox 1796 4112 2123 4181; x_wconf 65' lang='lat' dir='ltr'>prazdictum</span> 
     </span>
    </p>
   </div>
   <div class='ocr_carea' id='block_1_75' title="bbox 530 4193 2126 4272">
    <p class='ocr_par' dir='ltr' id='par_1_75' title="bbox 530 4193 2126 4272">
     <span class='ocr_line' id='line_1_75' title="bbox 530 4193 2126 4272; baseline -0.005 -12"><span class='ocrx_word' id='word_1_563' title='bbox 530 4193 630 4260; x_wconf 75' lang='lat' dir='ltr'>est.</span> <span class='ocrx_word' id='word_1_564' title='bbox 664 4193 992 4264; x_wconf 73' lang='lat' dir='ltr'>conseCrati.</span> <span class='ocrx_word' id='word_1_565' title='bbox 1037 4203 1128 4272; x_wconf 87' lang='lat' dir='ltr'>qui</span> <span class='ocrx_word' id='word_1_566' title='bbox 1179 4202 1365 4255; x_wconf 85' lang='lat' dir='ltr'>abbati</span> <span class='ocrx_word' id='word_1_567' title='bbox 1421 4201 1542 4266; x_wconf 87' lang='lat' dir='ltr'>soli.</span> <span class='ocrx_word' id='word_1_568' title='bbox 1585 4201 1629 4254; x_wconf 90' lang='lat' dir='ltr'>si</span> <span class='ocrx_word' id='word_1_569' title='bbox 1661 4201 1836 4262; x_wconf 85' lang='lat' dir='ltr'>adest.</span> <span class='ocrx_word' id='word_1_570' title='bbox 1872 4216 2126 4252; x_wconf 88' lang='lat' dir='ltr'>reveren-</span> 
     </span>
    </p>
   </div>
   <div class='ocr_carea' id='block_1_76' title="bbox 529 4279 2124 4360">
    <p class='ocr_par' dir='ltr' id='par_1_76' title="bbox 529 4279 2124 4360">
     <span class='ocr_line' id='line_1_76' title="bbox 529 4279 2124 4360; baseline -0.004 -13"><span class='ocrx_word' id='word_1_571' title='bbox 529 4279 675 4348; x_wconf 80' lang='lat' dir='ltr'>tiam</span> <span class='ocrx_word' id='word_1_572' title='bbox 700 4295 842 4346; x_wconf 89' lang='lat' dir='ltr'>hanc</span> <span class='ocrx_word' id='word_1_573' title='bbox 868 4298 1004 4344; x_wconf 82' lang='lat' dir='ltr'>sunt</span> <span class='ocrx_word' id='word_1_574' title='bbox 1031 4291 1348 4348; x_wconf 77' lang='lat' dir='ltr'>exhibituri.</span> <span class='ocrx_word' id='word_1_575' title='bbox 1391 4297 1446 4343; x_wconf 85' lang='lat' dir='ltr'>et</span> <span class='ocrx_word' id='word_1_576' title='bbox 1477 4298 1542 4344; x_wconf 86' lang='lat' dir='ltr'>ut</span> <span class='ocrx_word' id='word_1_577' title='bbox 1568 4291 1855 4360; x_wconf 85' lang='lat' dir='ltr'>paululum</span> <span class='ocrx_word' id='word_1_578' title='bbox 1891 4299 2124 4342; x_wconf 88' lang='lat' dir='ltr'>retroce-</span> 
     </span>
    </p>
   </div>
   <div class='ocr_carea' id='block_1_77' title="bbox 2211 3845 3814 3919">
    <p class='ocr_par' dir='ltr' id='par_1_77' title="bbox 2211 3845 3814 3919">
     <span class='ocr_line' id='line_1_77' title="bbox 2211 3845 3814 3919; baseline 0.006 -25"><span class='ocrx_word' id='word_1_579' title='bbox 2211 3858 2312 3912; x_wconf 87' lang='lat' dir='ltr'>per</span> <span class='ocrx_word' id='word_1_580' title='bbox 2336 3845 2551 3914; x_wconf 84' lang='lat' dir='ltr'>aliquot</span> <span class='ocrx_word' id='word_1_581' title='bbox 2579 3847 2696 3898; x_wconf 88' lang='lat' dir='ltr'>dies</span> <span class='ocrx_word' id='word_1_582' title='bbox 2730 3854 2850 3916; x_wconf 69' lang='grc' dir='ltr'>μοή</span> <span class='ocrx_word' id='word_1_583' title='bbox 2881 3847 3216 3900; x_wconf 86' lang='lat' dir='ltr'>oblationem</span> <span class='ocrx_word' id='word_1_584' title='bbox 3240 3850 3439 3919; x_wconf 83' lang='lat' dir='ltr'>prioris</span> <span class='ocrx_word' id='word_1_585' title='bbox 3473 3851 3652 3904; x_wconf 77' lang='lat' dir='ltr'>missae</span> <span class='ocrx_word' id='word_1_586' title='bbox 3683 3869 3814 3905; x_wconf 86' lang='lat' dir='ltr'>cum</span> 
     </span>
    </p>
   </div>
   <div class='ocr_carea' id='block_1_78' title="bbox 2213 3923 3818 4006">
    <p class='ocr_par' dir='ltr' id='par_1_78' title="bbox 2213 3923 3818 4006">
     <span class='ocr_line' id='line_1_78' title="bbox 2213 3923 3818 4006; baseline 0.007 -24"><span class='ocrx_word' id='word_1_587' title='bbox 2213 3923 2433 3984; x_wconf 87' lang='lat' dir='ltr'>licentia</span> <span class='ocrx_word' id='word_1_588' title='bbox 2464 3934 2518 3986; x_wconf 91' lang='lat' dir='ltr'>in</span> <span class='ocrx_word' id='word_1_589' title='bbox 2553 3936 2804 3987; x_wconf 80' lang='lat' dir='ltr'>eamdem</span> <span class='ocrx_word' id='word_1_590' title='bbox 2840 3937 3033 3988; x_wconf 84' lang='lat' dir='ltr'>cellam</span> <span class='ocrx_word' id='word_1_591' title='bbox 3069 3954 3168 4006; x_wconf 89' lang='lat' dir='ltr'>pro</span> <span class='ocrx_word' id='word_1_592' title='bbox 3191 3938 3553 3991; x_wconf 85' lang='lat' dir='ltr'>instructione</span> <span class='ocrx_word' id='word_1_593' title='bbox 3577 3940 3818 3994; x_wconf 66' lang='lat' dir='ltr'>vaditet</span> 
     </span>
    </p>
   </div>
   <div class='ocr_carea' id='block_1_79' title="bbox 2213 4020 3814 4096">
    <p class='ocr_par' dir='ltr' id='par_1_79' title="bbox 2213 4020 3814 4096">
     <span class='ocr_line' id='line_1_79' title="bbox 2213 4020 3814 4096; baseline 0.006 -25"><span class='ocrx_word' id='word_1_594' title='bbox 2213 4020 2590 4083; x_wconf 77' lang='lat' dir='ltr'>inde.nonnisi</span> <span class='ocrx_word' id='word_1_595' title='bbox 2618 4039 2741 4075; x_wconf 89' lang='lat' dir='ltr'>cum</span> <span class='ocrx_word' id='word_1_596' title='bbox 2762 4025 2886 4076; x_wconf 86' lang='lat' dir='ltr'>aliis</span> <span class='ocrx_word' id='word_1_597' title='bbox 2911 4025 3130 4077; x_wconf 83' lang='lat' dir='ltr'>novitiis</span> <span class='ocrx_word' id='word_1_598' title='bbox 3152 4025 3308 4078; x_wconf 87' lang='lat' dir='ltr'>redit.</span> <span class='ocrx_word' id='word_1_599' title='bbox 3344 4025 3644 4096; x_wconf 83' lang='lat' dir='ltr'>Postquam</span> <span class='ocrx_word' id='word_1_600' title='bbox 3680 4045 3814 4081; x_wconf 89' lang='lat' dir='ltr'>vero</span> 
     </span>
    </p>
   </div>
   <div class='ocr_carea' id='block_1_80' title="bbox 2212 4111 3814 4180">
    <p class='ocr_par' dir='ltr' id='par_1_80' title="bbox 2212 4111 3814 4180">
     <span class='ocr_line' id='line_1_80' title="bbox 2212 4111 3814 4180; baseline 0.005 -17"><span class='ocrx_word' id='word_1_601' title='bbox 2212 4111 2758 4180; x_wconf 83' lang='lat' dir='ltr'>aliquid&#39;instructus</span> <span class='ocrx_word' id='word_1_602' title='bbox 2789 4113 3204 4167; x_wconf 70' lang='lat' dir='ltr'>fueritnonnisi</span> <span class='ocrx_word' id='word_1_603' title='bbox 3230 4115 3422 4167; x_wconf 89' lang='lat' dir='ltr'>eadem</span> <span class='ocrx_word' id='word_1_604' title='bbox 3458 4115 3623 4167; x_wconf 87' lang='lat' dir='ltr'>missa</span> <span class='ocrx_word' id='word_1_605' title='bbox 3650 4117 3814 4171; x_wconf 81' lang='lat' dir='ltr'>finita</span> 
     </span>
    </p>
   </div>
   <div class='ocr_carea' id='block_1_81' title="bbox 2209 4201 3817 4266">
    <p class='ocr_par' dir='ltr' id='par_1_81' title="bbox 2209 4201 3817 4266">
     <span class='ocr_line' id='line_1_81' title="bbox 2209 4201 3817 4266; baseline 0.003 -14"><span class='ocrx_word' id='word_1_606' title='bbox 2209 4201 2277 4252; x_wconf 89' lang='lat' dir='ltr'>ad</span> <span class='ocrx_word' id='word_1_607' title='bbox 2313 4201 2566 4253; x_wconf 87' lang='lat' dir='ltr'>eamdem</span> <span class='ocrx_word' id='word_1_608' title='bbox 2589 4202 2843 4266; x_wconf 81' lang='lat' dir='ltr'>scholam</span> <span class='ocrx_word' id='word_1_609' title='bbox 2879 4202 3191 4255; x_wconf 84' lang='lat' dir='ltr'>venit.Cum‘</span> <span class='ocrx_word' id='word_1_610' title='bbox 3225 4209 3411 4255; x_wconf 85' lang='lat' dir='ltr'>autem</span> <span class='ocrx_word' id='word_1_611' title='bbox 3447 4203 3687 4257; x_wconf 89' lang='lat' dir='ltr'>domnus</span> <span class='ocrx_word' id='word_1_612' title='bbox 3720 4203 3817 4257; x_wconf 89' lang='lat' dir='ltr'>ab-</span> 
     </span>
    </p>
   </div>
   <div class='ocr_carea' id='block_1_82' title="bbox 2209 4288 3810 4359">
    <p class='ocr_par' dir='ltr' id='par_1_82' title="bbox 2209 4288 3810 4359">
     <span class='ocr_line' id='line_1_82' title="bbox 2209 4288 3810 4359; baseline 0.003 -19"><span class='ocrx_word' id='word_1_613' title='bbox 2209 4288 2308 4340; x_wconf 90' lang='lat' dir='ltr'>bas</span> <span class='ocrx_word' id='word_1_614' title='bbox 2357 4289 2583 4340; x_wconf 43' lang='lat' dir='ltr'>d‘omum</span> <span class='ocrx_word' id='word_1_615' title='bbox 2619 4305 2869 4341; x_wconf 84' lang='lat' dir='ltr'>reversus</span> <span class='ocrx_word' id='word_1_616' title='bbox 2899 4306 2996 4357; x_wconf 87' lang='lat' dir='ltr'>per</span> <span class='ocrx_word' id='word_1_617' title='bbox 3017 4290 3259 4359; x_wconf 88' lang='lat' dir='ltr'>priorem</span> <span class='ocrx_word' id='word_1_618' title='bbox 3286 4291 3353 4342; x_wconf 89' lang='lat' dir='ltr'>de</span> <span class='ocrx_word' id='word_1_619' title='bbox 3381 4292 3573 4343; x_wconf 87' lang='lat' dir='ltr'>eodem</span> <span class='ocrx_word' id='word_1_620' title='bbox 3615 4293 3810 4358; x_wconf 85' lang='lat' dir='ltr'>fratre,</span> 
     </span>
    </p>
   </div>
   <div class='ocr_carea' id='block_1_83' title="bbox 529 4377 3808 4450">
    <p class='ocr_par' dir='ltr' id='par_1_83' title="bbox 529 4377 3808 4450">
     <span class='ocr_line' id='line_1_83' title="bbox 529 4377 3808 4450; baseline -0.001 -14"><span class='ocrx_word' id='word_1_621' title='bbox 529 4385 745 4437; x_wconf 87' lang='lat' dir='ltr'>dentes.</span> <span class='ocrx_word' id='word_1_622' title='bbox 778 4383 1008 4433; x_wconf 77' lang='lat' dir='ltr'>honeste</span> <span class='ocrx_word' id='word_1_623' title='bbox 1043 4396 1100 4432; x_wconf 89' lang='lat' dir='ltr'>se</span> <span class='ocrx_word' id='word_1_624' title='bbox 1146 4377 1434 4444; x_wconf 81' lang='lat' dir='ltr'>inclinent.</span> <span class='ocrx_word' id='word_1_625' title='bbox 1478 4386 1538 4432; x_wconf 80' lang='lat' dir='ltr'>et</span> <span class='ocrx_word' id='word_1_626' title='bbox 1572 4379 1650 4431; x_wconf 89' lang='lat' dir='ltr'>sic</span> <span class='ocrx_word' id='word_1_627' title='bbox 1689 4378 1757 4431; x_wconf 81' lang='lat' dir='ltr'>ad</span> <span class='ocrx_word' id='word_1_628' title='bbox 1800 4379 2116 4447; x_wconf 82' lang='lat' dir='ltr'>analogium</span> <span class='ocrx_word' id='word_1_629' title='bbox 2141 4391 2330 4450; x_wconf 74' lang='lat' dir='ltr'>__qu:e</span> <span class='ocrx_word' id='word_1_630' title='bbox 2377 4385 2502 4430; x_wconf 87' lang='lat' dir='ltr'>acta</span> <span class='ocrx_word' id='word_1_631' title='bbox 2537 4385 2685 4438; x_wconf 78' lang='lat' dir='ltr'>sunt“.</span> <span class='ocrx_word' id='word_1_632' title='bbox 2720 4379 3045 4445; x_wconf 82' lang='lat' dir='ltr'>cognoverit</span> <span class='ocrx_word' id='word_1_633' title='bbox 3089 4379 3158 4430; x_wconf 88' lang='lat' dir='ltr'>ad</span> <span class='ocrx_word' id='word_1_634' title='bbox 3193 4379 3431 4447; x_wconf 85' lang='lat' dir='ltr'>primum</span> <span class='ocrx_word' id='word_1_635' title='bbox 3465 4381 3808 4450; x_wconf 82' lang='lat' dir='ltr'>capitulum.</span> 
     </span>
    </p>
   </div>
   <div class='ocr_carea' id='block_1_84' title="bbox 530 4442 3813 4546">
    <p class='ocr_par' dir='ltr' id='par_1_84' title="bbox 530 4442 3813 4546">
     <span class='ocr_line' id='line_1_84' title="bbox 530 4442 3813 4546; baseline -0.001 -21"><span class='ocrx_word' id='word_1_636' title='bbox 530 4463 589 4525; x_wconf 74' lang='lat' dir='ltr'>se</span> <span class='ocrx_word' id='word_1_637' title='bbox 621 4458 914 4546; x_wconf 75' lang='lat' dir='ltr'>recipiant.</span> <span class='ocrx_word' id='word_1_638' title='bbox 956 4469 1088 4532; x_wconf 60' lang='lat' dir='ltr'>Quae</span> <span class='ocrx_word' id='word_1_639' title='bbox 1113 4442 1488 4535; x_wconf 80' lang='lat' dir='ltr'>inclinationis</span> <span class='ocrx_word' id='word_1_640' title='bbox 1513 4468 1594 4534; x_wconf 77' lang='lat' dir='ltr'>lex</span> <span class='ocrx_word' id='word_1_641' title='bbox 1629 4468 1723 4530; x_wconf 88' lang='lat' dir='ltr'>ita.</span> <span class='ocrx_word' id='word_1_642' title='bbox 1760 4474 1822 4520; x_wconf 75' lang='lat' dir='ltr'>ut</span> <span class='ocrx_word' id='word_1_643' title='bbox 1851 4467 1939 4519; x_wconf 89' lang='lat' dir='ltr'>hic</span> <span class='ocrx_word' id='word_1_644' title='bbox 1966 4442 2120 4520; x_wconf 75' lang='lat' dir='ltr'>dicta</span> <span class='ocrx_word' id='word_1_645' title='bbox 2141 4442 2293 4518; x_wconf 74' lang='lat' dir='ltr'>Dcui</span> <span class='ocrx_word' id='word_1_646' title='bbox 2315 4466 2430 4535; x_wconf 90' lang='lat' dir='ltr'>ipse</span> <span class='ocrx_word' id='word_1_647' title='bbox 2454 4442 2872 4518; x_wconf 43' lang='lat' dir='ltr'>intereritci&#39;ad</span> <span class='ocrx_word' id='word_1_648' title='bbox 2895 4484 2954 4519; x_wconf 90' lang='lat' dir='ltr'>se</span> <span class='ocrx_word' id='word_1_649' title='bbox 2983 4473 3170 4519; x_wconf 88' lang='lat' dir='ltr'>vocato</span> <span class='ocrx_word' id='word_1_650' title='bbox 3193 4442 3362 4520; x_wconf 82' lang='lat' dir='ltr'>solita</span> <span class='ocrx_word' id='word_1_651' title='bbox 3387 4442 3654 4537; x_wconf 83' lang='lat' dir='ltr'>petitione</span> <span class='ocrx_word' id='word_1_652' title='bbox 3672 4442 3813 4538; x_wconf 45' lang='lat' dir='ltr'>prae;</span> 
     </span>
    </p>
   </div>
   <div class='ocr_carea' id='block_1_85' title="bbox 530 4549 2120 4627">
    <p class='ocr_par' dir='ltr' id='par_1_85' title="bbox 530 4549 2120 4627">
     <span class='ocr_line' id='line_1_85' title="bbox 530 4549 2120 4627; baseline -0.003 -15"><span class='ocrx_word' id='word_1_653' title='bbox 530 4555 636 4618; x_wconf 80' lang='lat' dir='ltr'>est.</span> <span class='ocrx_word' id='word_1_654' title='bbox 661 4549 918 4612; x_wconf 81' lang='lat' dir='ltr'>omnibus</span> <span class='ocrx_word' id='word_1_655' title='bbox 944 4573 1275 4627; x_wconf 87' lang='lat' dir='ltr'>quacunque</span> <span class='ocrx_word' id='word_1_656' title='bbox 1303 4559 1372 4610; x_wconf 85' lang='lat' dir='ltr'>de</span> <span class='ocrx_word' id='word_1_657' title='bbox 1397 4570 1572 4609; x_wconf 84' lang='lat' dir='ltr'>causa</span> <span class='ocrx_word' id='word_1_658' title='bbox 1597 4556 1666 4608; x_wconf 91' lang='lat' dir='ltr'>ad</span> <span class='ocrx_word' id='word_1_659' title='bbox 1697 4556 1860 4625; x_wconf 89' lang='lat' dir='ltr'>pedes</span> <span class='ocrx_word' id='word_1_660' title='bbox 1893 4556 2120 4608; x_wconf 88' lang='lat' dir='ltr'>venien-</span> 
     </span>
    </p>
   </div>
   <div class='ocr_carea' id='block_1_86' title="bbox 529 4636 1186 4702">
    <p class='ocr_par' dir='ltr' id='par_1_86' title="bbox 529 4636 1186 4702">
     <span class='ocr_line' id='line_1_86' title="bbox 529 4636 1186 4702; baseline -0.006 0"><span class='ocrx_word' id='word_1_661' title='bbox 529 4636 682 4702; x_wconf 73' lang='lat' dir='ltr'>tibus</span> <span class='ocrx_word' id='word_1_662' title='bbox 711 4647 1053 4701; x_wconf 78' lang='lat' dir='ltr'>observanda</span> <span class='ocrx_word' id='word_1_663' title='bbox 1085 4652 1186 4699; x_wconf 83' lang='lat' dir='ltr'>est.</span> 
     </span>
    </p>
   </div>
   <div class='ocr_carea' id='block_1_87' title="bbox 601 4721 2123 4806">
    <p class='ocr_par' dir='ltr' id='par_1_87' title="bbox 601 4721 2123 4806">
     <span class='ocr_line' id='line_1_87' title="bbox 601 4721 2123 4806; baseline -0.003 -16"><span class='ocrx_word' id='word_1_664' title='bbox 601 4729 723 4801; x_wconf 73' lang='lat' dir='ltr'>(vn.</span> <span class='ocrx_word' id='word_1_665' title='bbox 758 4735 916 4806; x_wconf 84' lang='lat' dir='ltr'>Var.)</span> <span class='ocrx_word' id='word_1_666' title='bbox 937 4735 992 4789; x_wconf 89' lang='lat' dir='ltr'>Si</span> <span class='ocrx_word' id='word_1_667' title='bbox 1025 4735 1147 4804; x_wconf 85' lang='lat' dir='ltr'>quis</span> <span class='ocrx_word' id='word_1_668' title='bbox 1173 4738 1351 4794; x_wconf 85' lang='lat' dir='ltr'>est.ut</span> <span class='ocrx_word' id='word_1_669' title='bbox 1373 4721 1635 4802; x_wconf 62' lang='lat' dir='ltr'>praefatus</span> <span class='ocrx_word' id='word_1_670' title='bbox 1655 4747 1800 4788; x_wconf 88' lang='lat' dir='ltr'>sum.</span> <span class='ocrx_word' id='word_1_671' title='bbox 1835 4732 1902 4785; x_wconf 89' lang='lat' dir='ltr'>de</span> <span class='ocrx_word' id='word_1_672' title='bbox 1933 4734 2123 4803; x_wconf 84' lang='lat' dir='ltr'>aliqua</span> 
     </span>
    </p>
   </div>
   <div class='ocr_carea' id='block_1_88' title="bbox 2206 4555 3808 4626">
    <p class='ocr_par' dir='ltr' id='par_1_88' title="bbox 2206 4555 3808 4626">
     <span class='ocr_line' id='line_1_88' title="bbox 2206 4555 3808 4626; baseline 0.002 -20"><span class='ocrx_word' id='word_1_673' title='bbox 2206 4555 2396 4618; x_wconf 87' lang='lat' dir='ltr'>missa.</span> <span class='ocrx_word' id='word_1_674' title='bbox 2435 4556 2536 4607; x_wconf 85' lang='lat' dir='ltr'>hoc</span> <span class='ocrx_word' id='word_1_675' title='bbox 2579 4555 2849 4608; x_wconf 84' lang='lat' dir='ltr'>concedit.</span> <span class='ocrx_word' id='word_1_676' title='bbox 2884 4555 2927 4607; x_wconf 88' lang='lat' dir='ltr'>si</span> <span class='ocrx_word' id='word_1_677' title='bbox 2959 4561 3186 4608; x_wconf 86' lang='lat' dir='ltr'>tantum</span> <span class='ocrx_word' id='word_1_678' title='bbox 3213 4562 3379 4608; x_wconf 83' lang='lat' dir='ltr'>antea</span> <span class='ocrx_word' id='word_1_679' title='bbox 3415 4571 3515 4626; x_wconf 89' lang='lat' dir='ltr'>per</span> <span class='ocrx_word' id='word_1_680' title='bbox 3542 4558 3808 4611; x_wconf 85' lang='lat' dir='ltr'>nuntium</span> 
     </span>
    </p>
   </div>
   <div class='ocr_carea' id='block_1_89' title="bbox 2206 4642 3803 4710">
    <p class='ocr_par' dir='ltr' id='par_1_89' title="bbox 2206 4642 3803 4710">
     <span class='ocr_line' id='line_1_89' title="bbox 2206 4642 3803 4710; baseline 0.003 -16"><span class='ocrx_word' id='word_1_681' title='bbox 2206 4642 2292 4695; x_wconf 58' lang='lat' dir='ltr'>iili-</span> <span class='ocrx_word' id='word_1_682' title='bbox 2317 4644 2418 4695; x_wconf 88' lang='lat' dir='ltr'>hoc</span> <span class='ocrx_word' id='word_1_683' title='bbox 2441 4658 2548 4696; x_wconf 89' lang='lat' dir='ltr'>non</span> <span class='ocrx_word' id='word_1_684' title='bbox 2583 4644 2873 4696; x_wconf 86' lang='lat' dir='ltr'>concessit.</span> <span class='ocrx_word' id='word_1_685' title='bbox 2905 4644 3103 4696; x_wconf 82' lang='lat' dir='ltr'>Potest</span> <span class='ocrx_word' id='word_1_686' title='bbox 3130 4653 3179 4696; x_wconf 88' lang='lat' dir='ltr'>et</span> <span class='ocrx_word' id='word_1_687' title='bbox 3203 4645 3305 4697; x_wconf 90' lang='lat' dir='ltr'>hoc</span> <span class='ocrx_word' id='word_1_688' title='bbox 3337 4645 3620 4698; x_wconf 84' lang='lat' dir='ltr'>interdum</span> <span class='ocrx_word' id='word_1_689' title='bbox 3658 4646 3803 4710; x_wconf 81' lang='lat' dir='ltr'>ﬂeri.</span> 
     </span>
    </p>
   </div>
   <div class='ocr_carea' id='block_1_90' title="bbox 2207 4717 3814 4803">
    <p class='ocr_par' dir='ltr' id='par_1_90' title="bbox 2207 4717 3814 4803">
     <span class='ocr_line' id='line_1_90' title="bbox 2207 4717 3814 4803; baseline 0.002 -19"><span class='ocrx_word' id='word_1_690' title='bbox 2207 4739 2269 4784; x_wconf 88' lang='lat' dir='ltr'>ut</span> <span class='ocrx_word' id='word_1_691' title='bbox 2298 4732 2598 4801; x_wconf 84' lang='lat' dir='ltr'>aliquando</span> <span class='ocrx_word' id='word_1_692' title='bbox 2620 4733 2822 4801; x_wconf 79' lang='lat' dir='ltr'>aliquis</span> <span class='ocrx_word' id='word_1_693' title='bbox 2845 4717 3314 4785; x_wconf 69' lang='lat' dir='ltr'>novit’iusdeheat‘</span> <span class='ocrx_word' id='word_1_694' title='bbox 3341 4734 3531 4803; x_wconf 81' lang='lat' dir='ltr'>recipi.</span> <span class='ocrx_word' id='word_1_695' title='bbox 3571 4742 3627 4787; x_wconf 91' lang='lat' dir='ltr'>et</span> <span class='ocrx_word' id='word_1_696' title='bbox 3658 4735 3814 4788; x_wconf 90' lang='lat' dir='ltr'>dom-</span> 
     </span>
    </p>
   </div>
   <div class='ocr_carea' id='block_1_91' title="bbox 532 4813 3812 4890">
    <p class='ocr_par' dir='ltr' id='par_1_91' title="bbox 532 4813 3812 4890">
     <span class='ocr_line' id='line_1_91' title="bbox 532 4813 3812 4890; baseline -0.001 -11"><span class='ocrx_word' id='word_1_697' title='bbox 532 4820 672 4880; x_wconf 75' lang='lat' dir='ltr'>cella</span> <span class='ocrx_word' id='word_1_698' title='bbox 701 4815 911 4885; x_wconf 59' lang='lat' dir='ltr'>nostra.</span> <span class='ocrx_word' id='word_1_699' title='bbox 946 4821 1290 4876; x_wconf 85' lang='lat' dir='ltr'>fratribusin</span> <span class='ocrx_word' id='word_1_700' title='bbox 1316 4820 1558 4890; x_wconf 78' lang='lat' dir='ltr'>capitulo</span> <span class='ocrx_word' id='word_1_701' title='bbox 1577 4813 1898 4873; x_wconf 84' lang='lat' dir='ltr'>sedentibus</span> <span class='ocrx_word' id='word_1_702' title='bbox 1926 4822 2122 4873; x_wconf 86' lang='lat' dir='ltr'>invita-</span> <span class='ocrx_word' id='word_1_703' title='bbox 2206 4836 2310 4872; x_wconf 89' lang='lat' dir='ltr'>nus</span> <span class='ocrx_word' id='word_1_704' title='bbox 2363 4820 2532 4872; x_wconf 87' lang='lat' dir='ltr'>abbas</span> <span class='ocrx_word' id='word_1_705' title='bbox 2584 4820 2639 4872; x_wconf 86' lang='lat' dir='ltr'>in</span> <span class='ocrx_word' id='word_1_706' title='bbox 2689 4821 3027 4872; x_wconf 83' lang='lat' dir='ltr'>monasterio</span> <span class='ocrx_word' id='word_1_707' title='bbox 3075 4821 3297 4889; x_wconf 86' lang='lat' dir='ltr'>quidem</span> <span class='ocrx_word' id='word_1_708' title='bbox 3331 4826 3573 4881; x_wconf 81' lang='lat' dir='ltr'>maneat.</span> <span class='ocrx_word' id='word_1_709' title='bbox 3611 4823 3706 4874; x_wconf 84' lang='lat' dir='ltr'>sed</span> <span class='ocrx_word' id='word_1_710' title='bbox 3741 4825 3812 4876; x_wconf 87' lang='lat' dir='ltr'>ad</span> 
     </span>
    </p>
   </div>
   <div class='ocr_carea' id='block_1_92' title="bbox 528 4893 3812 4982">
    <p class='ocr_par' dir='ltr' id='par_1_92' title="bbox 528 4893 3812 4982">
     <span class='ocr_line' id='line_1_92' title="bbox 528 4893 3812 4982; baseline -0.001 -14"><span class='ocrx_word' id='word_1_711' title='bbox 528 4896 640 4978; x_wconf 74' lang='lat' dir='ltr'>tur,</span> <span class='ocrx_word' id='word_1_712' title='bbox 674 4921 748 4974; x_wconf 77' lang='lat' dir='ltr'>et.</span> <span class='ocrx_word' id='word_1_713' title='bbox 780 4918 849 4965; x_wconf 73' lang='lat' dir='ltr'>ut:</span> <span class='ocrx_word' id='word_1_714' title='bbox 873 4907 1084 4963; x_wconf 80' lang='lat' dir='ltr'>dictum</span> <span class='ocrx_word' id='word_1_715' title='bbox 1132 4914 1233 4961; x_wconf 88' lang='lat' dir='ltr'>cst&#39;.</span> <span class='ocrx_word' id='word_1_716' title='bbox 1276 4908 1422 4960; x_wconf 72' lang='lat' dir='ltr'>facta</span> <span class='ocrx_word' id='word_1_717' title='bbox 1478 4908 1765 4976; x_wconf 79' lang='lat' dir='ltr'>petitione,</span> <span class='ocrx_word' id='word_1_718' title='bbox 1801 4907 2032 4976; x_wconf 87' lang='lat' dir='ltr'>jubetur</span> <span class='ocrx_word' id='word_1_719' title='bbox 2060 4913 2123 4960; x_wconf 89' lang='lat' dir='ltr'>ut</span> <span class='ocrx_word' id='word_1_720' title='bbox 2205 4893 2520 4980; x_wconf 76' lang='lat' dir='ltr'>capitulum</span> <span class='ocrx_word' id='word_1_721' title='bbox 2538 4923 2725 4961; x_wconf 80' lang='lat' dir='ltr'>venire</span> <span class='ocrx_word' id='word_1_722' title='bbox 2749 4924 2857 4961; x_wconf 91' lang='lat' dir='ltr'>non</span> <span class='ocrx_word' id='word_1_723' title='bbox 2881 4907 3243 4962; x_wconf 86' lang='lat' dir='ltr'>valeat.Tunc</span> <span class='ocrx_word' id='word_1_724' title='bbox 3273 4909 3449 4979; x_wconf 84' lang='lat' dir='ltr'>ipsius</span> <span class='ocrx_word' id='word_1_725' title='bbox 3471 4911 3630 4979; x_wconf 87' lang='lat' dir='ltr'>jussu</span> <span class='ocrx_word' id='word_1_726' title='bbox 3658 4911 3812 4982; x_wconf 85' lang='lat' dir='ltr'>prior</span> 
     </span>
    </p>
   </div>
   <div class='ocr_carea' id='block_1_93' title="bbox 527 4992 3806 5067">
    <p class='ocr_par' dir='ltr' id='par_1_93' title="bbox 527 4992 3806 5067">
     <span class='ocr_line' id='line_1_93' title="bbox 527 4992 3806 5067; baseline -0.002 -10"><span class='ocrx_word' id='word_1_727' title='bbox 527 4994 764 5057; x_wconf 81' lang='lat' dir='ltr'>ultimus</span> <span class='ocrx_word' id='word_1_728' title='bbox 794 5000 987 5053; x_wconf 84' lang='lat' dir='ltr'>sedeat</span> <span class='ocrx_word' id='word_1_729' title='bbox 1014 4999 1162 5050; x_wconf 86' lang='lat' dir='ltr'>inter</span> <span class='ocrx_word' id='word_1_730' title='bbox 1205 4996 1424 5048; x_wconf 79' lang='lat' dir='ltr'>fratres.</span> <span class='ocrx_word' id='word_1_731' title='bbox 1459 4996 1552 5065; x_wconf 88' lang='lat' dir='ltr'>qui</span> <span class='ocrx_word' id='word_1_732' title='bbox 1593 4997 1839 5049; x_wconf 88' lang='lat' dir='ltr'>nondum</span> <span class='ocrx_word' id='word_1_733' title='bbox 1872 4998 2123 5049; x_wconf 84' lang='lat' dir='ltr'>fecerunt</span> <span class='ocrx_word' id='word_1_734' title='bbox 2205 5013 2330 5049; x_wconf 91' lang='lat' dir='ltr'>cum</span> <span class='ocrx_word' id='word_1_735' title='bbox 2383 4992 2598 5066; x_wconf 84' lang='lat' dir='ltr'>recipit,</span> <span class='ocrx_word' id='word_1_736' title='bbox 2634 5004 2691 5050; x_wconf 89' lang='lat' dir='ltr'>et</span> <span class='ocrx_word' id='word_1_737' title='bbox 2733 4998 2778 5049; x_wconf 90' lang='lat' dir='ltr'>si</span> <span class='ocrx_word' id='word_1_738' title='bbox 2831 4999 3138 5050; x_wconf 86' lang='lat' dir='ltr'>monachus</span> <span class='ocrx_word' id='word_1_739' title='bbox 3192 5003 3274 5050; x_wconf 87' lang='lat' dir='ltr'>est</span> <span class='ocrx_word' id='word_1_740' title='bbox 3314 5000 3381 5051; x_wconf 87' lang='lat' dir='ltr'>ad</span> <span class='ocrx_word' id='word_1_741' title='bbox 3423 5013 3668 5067; x_wconf 71' lang='lat' dir='ltr'>praesens</span> <span class='ocrx_word' id='word_1_742' title='bbox 3702 4999 3806 5052; x_wconf 87' lang='lat' dir='ltr'>sibi</span> 
     </span>
    </p>
   </div>
   <div class='ocr_carea' id='block_1_94' title="bbox 528 5083 2118 5164">
    <p class='ocr_par' dir='ltr' id='par_1_94' title="bbox 528 5083 2118 5164">
     <span class='ocr_line' id='line_1_94' title="bbox 528 5083 2118 5164; baseline -0.003 -19"><span class='ocrx_word' id='word_1_743' title='bbox 528 5091 952 5164; x_wconf 66' lang='lat' dir='ltr'>proftassionem.</span> <span class='ocrx_word' id='word_1_744' title='bbox 998 5087 1057 5141; x_wconf 88' lang='lat' dir='ltr'>Si</span> <span class='ocrx_word' id='word_1_745' title='bbox 1103 5085 1304 5138; x_wconf 79' lang='lat' dir='ltr'>novitii</span> <span class='ocrx_word' id='word_1_746' title='bbox 1335 5085 1508 5155; x_wconf 90' lang='lat' dir='ltr'>aliqui</span> <span class='ocrx_word' id='word_1_747' title='bbox 1536 5101 1644 5139; x_wconf 88' lang='lat' dir='ltr'>non</span> <span class='ocrx_word' id='word_1_748' title='bbox 1672 5087 1977 5139; x_wconf 77' lang='lat' dir='ltr'>consecrati</span> <span class='ocrx_word' id='word_1_749' title='bbox 2007 5083 2118 5154; x_wconf 75' lang='lat'>(‘20)</span> 
     </span>
    </p>
   </div>
   <div class='ocr_carea' id='block_1_95' title="bbox 601 5245 2123 5319">
    <p class='ocr_par' dir='ltr' id='par_1_95' title="bbox 601 5245 2123 5319">
     <span class='ocr_line' id='line_1_95' title="bbox 601 5245 2123 5319; baseline -0.006 -11"><span class='ocrx_word' id='word_1_750' title='bbox 601 5251 704 5318; x_wconf 62' lang='lat' dir='ltr'>(l9)</span> <span class='ocrx_word' id='word_1_751' title='bbox 734 5247 1108 5319; x_wconf 50' lang='grc' dir='ltr'>ϐοηθεῖ-(τείν)ϋο</span> <span class='ocrx_word' id='word_1_752' title='bbox 1137 5245 1570 5316; x_wconf 69' lang='lat' dir='ltr'>Himaugiensis.</span> <span class='ocrx_word' id='word_1_753' title='bbox 1606 5248 1676 5299; x_wconf 87' lang='lat' dir='ltr'>de</span> <span class='ocrx_word' id='word_1_754' title='bbox 1705 5264 1815 5317; x_wconf 90' lang='lat' dir='ltr'>qua</span> <span class='ocrx_word' id='word_1_755' title='bbox 1840 5248 1898 5299; x_wconf 87' lang='lat' dir='ltr'>in</span> <span class='ocrx_word' id='word_1_756' title='bbox 1929 5247 2123 5317; x_wconf 68' lang='lat' dir='ltr'>przefa-</span> 
     </span>
    </p>
   </div>
   <div class='ocr_carea' id='block_1_96' title="bbox 525 5323 928 5392">
    <p class='ocr_par' dir='ltr' id='par_1_96' title="bbox 525 5323 928 5392">
     <span class='ocr_line' id='line_1_96' title="bbox 525 5323 928 5392; baseline -0.017 -12"><span class='ocrx_word' id='word_1_757' title='bbox 525 5326 680 5380; x_wconf 82' lang='lat' dir='ltr'>tione</span> <span class='ocrx_word' id='word_1_758' title='bbox 698 5323 928 5392; x_wconf 70' lang='lat' dir='ltr'>egimus</span> 
     </span>
    </p>
   </div>
   <div class='ocr_carea' id='block_1_97' title="bbox 601 5389 2118 5459">
    <p class='ocr_par' dir='ltr' id='par_1_97' title="bbox 601 5389 2118 5459">
     <span class='ocr_line' id='line_1_97' title="bbox 601 5389 2118 5459; baseline -0.007 -8"><span class='ocrx_word' id='word_1_759' title='bbox 601 5398 716 5459; x_wconf 75' lang='grc'>(20)</span> <span class='ocrx_word' id='word_1_760' title='bbox 748 5389 1087 5448; x_wconf 60' lang='grc' dir='ltr'>’(,ἶυηεεεναπί</span> <span class='ocrx_word' id='word_1_761' title='bbox 1127 5396 1174 5443; x_wconf 82' lang='lat' dir='ltr'>ct</span> <span class='ocrx_word' id='word_1_762' title='bbox 1207 5391 1447 5443; x_wconf 65' lang='lat' dir='ltr'>benedici</span> <span class='ocrx_word' id='word_1_763' title='bbox 1475 5389 1806 5442; x_wconf 88' lang='lat' dir='ltr'>dicebantur</span> <span class='ocrx_word' id='word_1_764' title='bbox 1834 5393 2032 5440; x_wconf 75' lang='lat' dir='ltr'>nari/ii</span> <span class='ocrx_word' id='word_1_765' title='bbox 2062 5389 2118 5441; x_wconf 90' lang='lat' dir='ltr'>in</span> 
     </span>
    </p>
   </div>
   <div class='ocr_carea' id='block_1_98' title="bbox 528 5460 2120 5531">
    <p class='ocr_par' dir='ltr' id='par_1_98' title="bbox 528 5460 2120 5531">
     <span class='ocr_line' id='line_1_98' title="bbox 528 5460 2120 5531; baseline -0.004 -12"><span class='ocrx_word' id='word_1_766' title='bbox 528 5465 902 5529; x_wconf 88' lang='lat' dir='ltr'>monasteriis,</span> <span class='ocrx_word' id='word_1_767' title='bbox 928 5479 1051 5515; x_wconf 89' lang='lat' dir='ltr'>cum</span> <span class='ocrx_word' id='word_1_768' title='bbox 1072 5462 1288 5531; x_wconf 81' lang='lat' dir='ltr'>expleto</span> <span class='ocrx_word' id='word_1_769' title='bbox 1311 5462 1613 5514; x_wconf 88' lang='lat' dir='ltr'>novitiatus</span> <span class='ocrx_word' id='word_1_770' title='bbox 1637 5477 1784 5512; x_wconf 89' lang='lat' dir='ltr'>anno</span> <span class='ocrx_word' id='word_1_771' title='bbox 1816 5465 1939 5512; x_wconf 88' lang='lat' dir='ltr'>vota</span> <span class='ocrx_word' id='word_1_772' title='bbox 1963 5460 2120 5513; x_wconf 88' lang='lat' dir='ltr'>emit-</span> 
     </span>
    </p>
   </div>
   <div class='ocr_carea' id='block_1_99' title="bbox 525 5537 2118 5677">
    <p class='ocr_par' dir='ltr' id='par_1_99' title="bbox 525 5537 2118 5677">
     <span class='ocr_line' id='line_1_99' title="bbox 525 5537 2118 5677; baseline -0.003 -17"><span class='ocrx_word' id='word_1_773' title='bbox 525 5537 1326 5677; x_wconf 48' lang='grc' dir='ltr'>ωῗξῗξξνωηὼεωπωωοῆο</span> <span class='ocrx_word' id='word_1_774' title='bbox 1351 5602 1577 5673; x_wconf 64' lang='lat' dir='ltr'>pedum.</span> <span class='ocrx_word' id='word_1_775' title='bbox 1607 5602 1876 5672; x_wconf 76' lang='lat' dir='ltr'>adquam.</span> <span class='ocrx_word' id='word_1_776' title='bbox 1897 5602 2118 5656; x_wconf 74' lang='lat' dir='ltr'>canitur</span> 
     </span>
    </p>
   </div>
   <div class='ocr_carea' id='block_1_100' title="bbox 2205 5084 3808 5150">
    <p class='ocr_par' dir='ltr' id='par_1_100' title="bbox 2205 5084 3808 5150">
     <span class='ocr_line' id='line_1_100' title="bbox 2205 5084 3808 5150; baseline 0.001 -12"><span class='ocrx_word' id='word_1_777' title='bbox 2205 5085 2398 5138; x_wconf 85' lang='lat' dir='ltr'>locum</span> <span class='ocrx_word' id='word_1_778' title='bbox 2422 5084 2690 5138; x_wconf 89' lang='lat' dir='ltr'>concedit.</span> <span class='ocrx_word' id='word_1_779' title='bbox 2719 5085 2846 5139; x_wconf 83' lang='lat' dir='ltr'>Sive</span> <span class='ocrx_word' id='word_1_780' title='bbox 2875 5095 3063 5140; x_wconf 86' lang='lat' dir='ltr'>autem</span> <span class='ocrx_word' id='word_1_781' title='bbox 3089 5087 3213 5150; x_wconf 81' lang='lat' dir='ltr'>iste.</span> <span class='ocrx_word' id='word_1_782' title='bbox 3241 5087 3352 5139; x_wconf 88' lang='lat' dir='ltr'>sive</span> <span class='ocrx_word' id='word_1_783' title='bbox 3382 5087 3495 5146; x_wconf 83' lang='lat' dir='ltr'>ille,</span> <span class='ocrx_word' id='word_1_784' title='bbox 3530 5087 3618 5140; x_wconf 90' lang='lat' dir='ltr'>cui</span> <span class='ocrx_word' id='word_1_785' title='bbox 3652 5087 3808 5141; x_wconf 88' lang='lat' dir='ltr'>dom-</span> 
     </span>
    </p>
   </div>
   <div class='ocr_carea' id='block_1_101' title="bbox 2206 5247 3619 5315">
    <p class='ocr_par' dir='ltr' id='par_1_101' title="bbox 2206 5247 3619 5315">
     <span class='ocr_line' id='line_1_101' title="bbox 2206 5247 3619 5315; baseline -0.001 -16"><span class='ocrx_word' id='word_1_786' title='bbox 2206 5263 2270 5299; x_wconf 81' lang='lat' dir='ltr'>ex</span> <span class='ocrx_word' id='word_1_787' title='bbox 2298 5247 2594 5315; x_wconf 68' lang='lat' dir='ltr'>Evangelio</span> <span class='ocrx_word' id='word_1_788' title='bbox 2624 5248 2947 5299; x_wconf 62' lang='lat' dir='ltr'>Mandatum</span> <span class='ocrx_word' id='word_1_789' title='bbox 2985 5261 3185 5299; x_wconf 57' lang='lat' dir='ltr'>novuan</span> <span class='ocrx_word' id='word_1_790' title='bbox 3219 5247 3286 5298; x_wconf 83' lang='lat' dir='ltr'>do</span> <span class='ocrx_word' id='word_1_791' title='bbox 3313 5249 3475 5304; x_wconf 76' lang='lat' dir='ltr'>vobis.</span> <span class='ocrx_word' id='word_1_792' title='bbox 3513 5251 3619 5298; x_wconf 84' lang='lat' dir='ltr'>etc.</span> 
     </span>
    </p>
   </div>
   <div class='ocr_carea' id='block_1_102' title="bbox 2279 5317 3805 5385">
    <p class='ocr_par' dir='ltr' id='par_1_102' title="bbox 2279 5317 3805 5385">
     <span class='ocr_line' id='line_1_102' title="bbox 2279 5317 3805 5385; baseline -0.002 -12"><span class='ocrx_word' id='word_1_793' title='bbox 2279 5317 2381 5384; x_wconf 68' lang='lat'>(2&#39;3)</span> <span class='ocrx_word' id='word_1_794' title='bbox 2420 5319 2706 5371; x_wconf 72' lang='lat' dir='ltr'>liistinctio</span> <span class='ocrx_word' id='word_1_795' title='bbox 2751 5318 2897 5370; x_wconf 78' lang='lat' dir='ltr'>facta</span> <span class='ocrx_word' id='word_1_796' title='bbox 2935 5319 3082 5370; x_wconf 80' lang='lat' dir='ltr'>inter</span> <span class='ocrx_word' id='word_1_797' title='bbox 3116 5318 3414 5369; x_wconf 81' lang='lat' dir='ltr'>monachos</span> <span class='ocrx_word' id='word_1_798' title='bbox 3447 5317 3541 5385; x_wconf 86' lang='lat' dir='ltr'>qui</span> <span class='ocrx_word' id='word_1_799' title='bbox 3584 5317 3805 5371; x_wconf 83' lang='lat' dir='ltr'>litteras</span> 
     </span>
    </p>
   </div>
   <div class='ocr_carea' id='block_1_103' title="bbox 2204 5388 3806 5457">
    <p class='ocr_par' dir='ltr' id='par_1_103' title="bbox 2204 5388 3806 5457">
     <span class='ocr_line' id='line_1_103' title="bbox 2204 5388 3806 5457; baseline 0 -17"><span class='ocrx_word' id='word_1_800' title='bbox 2204 5396 2492 5442; x_wconf 78' lang='lat' dir='ltr'>moveiant</span> <span class='ocrx_word' id='word_1_801' title='bbox 2520 5397 2577 5441; x_wconf 92' lang='lat' dir='ltr'>et</span> <span class='ocrx_word' id='word_1_802' title='bbox 2615 5389 2682 5441; x_wconf 90' lang='lat' dir='ltr'>ad</span> <span class='ocrx_word' id='word_1_803' title='bbox 2724 5407 2910 5442; x_wconf 88' lang='lat' dir='ltr'>sacros</span> <span class='ocrx_word' id='word_1_804' title='bbox 2940 5390 3162 5441; x_wconf 82' lang='lat' dir='ltr'>ordines</span> <span class='ocrx_word' id='word_1_805' title='bbox 3193 5388 3626 5457; x_wconf 86' lang='lat' dir='ltr'>aspirabant..et</span> <span class='ocrx_word' id='word_1_806' title='bbox 3658 5390 3806 5442; x_wconf 86' lang='lat' dir='ltr'>inter</span> 
     </span>
    </p>
   </div>
   <div class='ocr_carea' id='block_1_104' title="bbox 2203 5457 3803 5528">
    <p class='ocr_par' dir='ltr' id='par_1_104' title="bbox 2203 5457 3803 5528">
     <span class='ocr_line' id='line_1_104' title="bbox 2203 5457 3803 5528; baseline 0 -17"><span class='ocrx_word' id='word_1_807' title='bbox 2203 5461 2506 5512; x_wconf 88' lang='lat' dir='ltr'>monachos</span> <span class='ocrx_word' id='word_1_808' title='bbox 2562 5459 2656 5528; x_wconf 91' lang='lat' dir='ltr'>qui</span> <span class='ocrx_word' id='word_1_809' title='bbox 2707 5457 2922 5512; x_wconf 86' lang='lat' dir='ltr'>litteras</span> <span class='ocrx_word' id='word_1_810' title='bbox 2951 5460 3291 5520; x_wconf 85' lang='lat' dir='ltr'>nesciebant.</span> <span class='ocrx_word' id='word_1_811' title='bbox 3325 5460 3418 5528; x_wconf 91' lang='lat' dir='ltr'>qui</span> <span class='ocrx_word' id='word_1_812' title='bbox 3451 5476 3598 5528; x_wconf 72' lang='lat' dir='ltr'>saepe</span> <span class='ocrx_word' id='word_1_813' title='bbox 3631 5459 3803 5512; x_wconf 82' lang='lat' dir='ltr'>etiam</span> 
     </span>
    </p>
   </div>
   <div class='ocr_carea' id='block_1_105' title="bbox 2201 5531 2915 5586">
    <p class='ocr_par' dir='ltr' id='par_1_105' title="bbox 2201 5531 2915 5586">
     <span class='ocr_line' id='line_1_105' title="bbox 2201 5531 2915 5586; baseline 0 -2"><span class='ocrx_word' id='word_1_814' title='bbox 2201 5531 2391 5586; x_wconf 57' lang='lat' dir='ltr'>idiota?</span> <span class='ocrx_word' id='word_1_815' title='bbox 2416 5533 2652 5584; x_wconf 70' lang='lat' dir='ltr'>nomine</span> <span class='ocrx_word' id='word_1_816' title='bbox 2665 5531 2915 5584; x_wconf 85' lang='lat' dir='ltr'>veniunt.</span> 
     </span>
    </p>
   </div>
  </div>
