3964 6362
550 324 655 383 935

1592 324 1650 377 S.
1691 320 2087 377 GUILLELMI
2124 318 2429 375 ABBATIS
2465 319 2808 376 HIRSAUG.

3722 328 3821 387 936

551 448 970 506 calefactorium
999 450 1329 517 sequuntur,
1359 444 1492 517 quia
1521 445 1635 500 illic
1658 463 1690 499 a
1723 446 2006 516 provisore
2052 461 2143 498 ra—
2161 445 2212 503 A
2228 444 2297 496 ad
2328 460 2455 497 eum
2481 444 2538 498 in
2570 446 2824 499 eamdem
2847 446 3044 500 cellam
3067 447 3316 503 veniunt.
3338 450 3482 504 Nam
3504 449 3562 504 in
3581 451 3670 504 his
3690 457 3821 506 tem-

550 540 852 595 soriorum.
886 534 1189 605 assumptis
1237 550 1337 604 per
1366 534 1696 603 magistrum
1725 534 1848 587 aliis
1877 533 2145 586 fratribus
2224 532 2454 601 poribus
2481 533 2696 604 aliquos
2728 535 3063 589 novitiorum
3119 538 3404 592 venientes
3451 540 3571 608 ejus
3621 540 3820 594 doctri-

553 629 647 700 qui
678 644 806 682 eum
836 627 1119 694 adjuvent,
1151 629 1284 677 sunt
1312 623 1563 676 radendi.
1598 624 1740 676 Nam
1761 623 2002 676 adillum
2024 639 2145 692 per-

552 718 698 771 tinet
717 721 780 768 ut
798 713 991 767 novitii
1020 712 1355 783 regulariter
1386 712 1674 763 radantur.

627 806 813 861 Finita
843 819 971 857 vero
1000 818 1217 855 rasura.
1247 799 1587 853 camerarius
1603 799 1799 853 adesse
1826 816 1937 853 non
1968 799 2146 868 negli-

557 896 660 967 git,
692 902 749 949 et
776 911 870 947 eos
896 892 964 945 ad
992 890 1313 945 vestiarium
1342 889 1516 942 ducit.
1549 887 1638 941 Illi
1665 905 1909 959 namque
1955 904 2149 941 omnes

557 990 688 1039 sunt
712 981 980 1037 vestiendi
1013 998 1045 1034 a
1084 978 1308 1033 famulis
1372 978 1551 1048 ipsius
1602 977 1917 1031 camerarii.
1972 977 2151 1030 Vesti-

557 1079 750 1128 menta
777 1088 905 1125 vero
927 1068 1128 1140 quibus
1160 1075 1293 1120 tunc
1324 1072 1626 1133 exuuntur,
1669 1082 1849 1137 usque
1900 1065 1959 1118 in
2002 1064 2150 1118 diem

556 1159 914 1234 professionis
944 1173 1135 1211 eorum
1159 1156 1557 1209 reconduntur.

629 1265 725 1306 UD.
759 1248 937 1302 Vestis
975 1262 1171 1300 eorum
1215 1250 1420 1298 nostrae
1453 1243 1620 1297 debet
1652 1242 1899 1296 omnimo
1948 1241 2149 1295 similis

560 1356 700 1405 esse,
728 1343 934 1408 praeter
963 1335 1130 1405 quod,
1167 1333 1416 1405 quandiu
1463 1340 1629 1386 erunt
1674 1332 1883 1402 absque
1928 1331 2150 1384 benedi-

559 1430 761 1493 ctione,
816 1426 932 1480 sola
980 1425 1200 1477 cuculla
1255 1422 1542 1476 carebunt.
1615 1425 1812 1476 Postea
1870 1421 2146 1490 capellum

560 1519 741 1573 frocco
768 1531 963 1569 corum
993 1513 1258 1577 assuitur,
1294 1529 1364 1565 ne
1393 1510 1665 1564 notabiles
1695 1508 2152 1563 dissimilitudine

561 1606 849 1661 nobiscum
869 1607 1264 1657 conversantes
1300 1600 1614 1653 videantur.
1653 1601 1820 1662 (Vala)
1867 1599 2009 1651 Nam
2038 1598 2153 1650 sive

563 1696 678 1750 sint
704 1692 884 1765 pauci,
919 1692 1003 1745 vel
1036 1689 1340 1748 multi,etsi
1367 1688 1423 1741 in
1442 1688 1745 1758 capitulum
1771 1694 2023 1740 nostrum
2041 1703 2152 1739 non

2227 637 2357 673 nam
2388 621 2465 674 ibi
2494 639 2694 692 capere
2722 624 3055 693 frequenter
3098 626 3479 681 inveniuntur.
3546 628 3681 682 Post
3726 647 3823 683 coe-

2228 725 2380 775 nam,
2408 712 2492 764 vel
2512 711 2657 765 intra
2683 713 3170 784 quadragesimam
3199 724 3325 787 post
3352 718 3674 788 prandium,
3693 735 3825 773 nun-

2232 815 2398 867 quam
2433 817 2531 870 pro
2581 802 2685 854 hac
2740 818 2909 856 causa
2954 804 3087 857 illuc
3132 805 3440 869 accedunt;
3497 807 3629 876 quia
3666 824 3825 862 nemo

2231 890 2364 938 tunc
2393 886 2467 940 ibi
2492 887 2812 952 instruitur,
2862 891 2969 944 nisi
3000 892 3240 946 novitius
3266 894 3470 963 aliquis
3523 894 3671 947 infra
3718 900 3826 949 tres

2233 973 2351 1026 dies
2396 977 2619 1044 quando
2646 978 2935 1047 recipitur.
2969 978 3034 1032 In
3059 980 3340 1034 auditorio
3374 989 3563 1035 autem
3592 982 3826 1036 fratrum

2233 1063 2371 1115 nulli
2402 1080 2595 1118 eorum
2621 1082 2787 1120 causa
2816 1067 3129 1121 instruendi
3152 1068 3403 1139 alioquin
3425 1068 3814 1124 facitverbum.

2233 1150 2378 1220 Ergo
2409 1168 2534 1205 cum
2561 1153 2804 1223 primum
2833 1154 2991 1219 liora,
3027 1171 3193 1224 quam
3223 1156 3603 1225 praediximus,
3638 1175 3827 1212 conve-

2234 1241 2420 1304 niunt,
2454 1242 2585 1294 licet
2611 1243 2920 1314 capitulum
2979 1260 3104 1297 cum
3153 1245 3265 1298 illis
3306 1245 3598 1311 habeatur,
3646 1252 3832 1302 tamen

2232 1346 2423 1382 versus
2453 1332 2694 1384 Pretiosa
2725 1333 2783 1385 in
2809 1340 3002 1403 aperto
3025 1332 3093 1386 ab
3113 1333 3192 1387 eis
3233 1334 3464 1387 minime
3499 1336 3832 1405 pronuntia-

2232 1423 2347 1483 tur,
2370 1419 2467 1472 sed
2514 1421 2784 1491 magister
2837 1439 3030 1475 eorum
3079 1428 3297 1476 tantum
3342 1422 3477 1476 dicit
3507 1424 3826 1477 Benedic-itc-

2235 1506 2379 1559 Nam
2415 1510 2799 1580 urusquisque
2830 1509 3054 1563 illorum
3087 1550 3100 1574 ,
3151 1512 3246 1581 qui
3296 1511 3550 1565 eumdem
3601 1525 3825 1564 versum

2237 1596 2444 1651 sciebat
2478 1614 2655 1668 usque
2702 1599 2759 1652 in
2801 1601 2941 1653 hanc
2990 1601 3186 1654 horam
3220 1617 3329 1654 non
3359 1599 3648 1654 differebat
3686 1618 3699 1652 :
3732 1593 3831 1669 qui

2236 1691 2424 1739 autem
2457 1688 2758 1749 nesciebat,
2792 1688 3140 1742 Dominicam
3175 1690 3485 1743 orationem
3517 1689 3630 1741 vice
3661 1688 3833 1757 ipsius

562 1784 814 1843 veniunt,
835 1787 892 1835 et
915 1779 1240 1850 separatim.
1271 1777 1484 1831 scilicet
1529 1776 1584 1829 in
1628 1776 1768 1828 cella
1813 1775 2152 1828 novitiorum
2171 1757 2216 1816 Β
2237 1779 2325 1827 ter
2359 1774 2645 1829 recitabat.
2692 1777 2838 1831 Sane
2858 1777 2906 1831 si
2936 1785 3068 1831 sunt
3090 1777 3194 1832 XII
3224 1778 3604 1839 Lectiones,in
3636 1776 3833 1847 primis

564 1889 690 1927 cum
722 1871 990 1941 magistro
1018 1868 1308 1922 dormiunt
1333 1865 1488 1936 (quia
1518 1881 1804 1934 nunquam
1830 1863 2061 1916 veniunt
2097 1862 2154 1915 in

563 1959 957 2016 dormitorium
1014 1962 1266 2011 nostrum
1314 1954 1421 2008 nisi
1462 1953 1791 2015 benedicti):
1850 1959 2040 2005 tamen
2097 1955 2155 2004 in

564 2049 859 2105 refectorio
896 2053 953 2102 et
990 2047 1051 2100 in
1105 2045 1229 2099 aliis
1273 2044 1409 2097 locis
1456 2042 1689 2096 minime
1743 2048 2076 2111 separantur
2124 2057 2157 2093 a

564 2139 745 2194 nobis.
778 2139 901 2192 Mox
931 2143 1120 2190 autem
1150 2139 1214 2188 ut
1236 2133 1570 2196 vestiuntur,
1607 2131 1873 2201 magister
1901 2147 1995 2184 eos
2016 2130 2157 2183 reci-

562 2229 724 2301 piens
748 2228 807 2281 in
827 2226 1152 2298 praedictam
1179 2223 1377 2279 cellam
1417 2221 1592 2279 ducit,
1624 2220 1810 2290 ibique
1835 2236 1929 2273 eos
1960 2235 2157 2289 pauca,

565 2335 687 2389 quae
714 2317 784 2370 ad
814 2330 1058 2386 praesens
1086 2319 1219 2366 sunt
1263 2310 1597 2375 necessaria,
1647 2309 1879 2362 instruit
1907 2327 1919 2360 :
1960 2308 2161 2361 deinde

563 2408 797 2461 chorum
851 2420 979 2456 cum
1036 2402 1114 2455 eis
1171 2400 1365 2454 adiens
1421 2399 1479 2452 in
1524 2399 1644 2452 loco
1678 2398 1878 2451 idoneo
1941 2397 2157 2451 statuit.

564 2494 781 2549 Deinde
807 2493 1014 2551 omnia,
1042 2507 1163 2560 quae
1190 2489 1261 2542 ad
1312 2489 1543 2542 lectulos
1591 2487 1797 2540 habere
1848 2486 2073 2551 debent,
2129 2502 2165 2539 a

566 2582 876 2637 camerario
926 2580 985 2634 in
1018 2580 1214 2633 cellam
1255 2577 1528 2639 eamdem,
1559 2577 1770 2629 sciente
1799 2575 2070 2645 magistro
2106 2580 2165 2628 et

565 2670 869 2741 unicuique
909 2684 1156 2738 congrua
1192 2667 1541 2736 disponente,
1565 2672 1954 2735 apportantur.
1989 2664 2159 2718 simul

568 2766 625 2814 et
654 2760 900 2822 cucullae,
933 2758 981 2811 si
1012 2756 1132 2810 ﬁeri
1168 2761 1352 2827 potest
1376 2773 1388 2819 ;
1413 2771 1535 2825 quae
1564 2770 1741 2824 usque
1769 2754 1837 2806 ad
1865 2754 2014 2806 diem
2038 2770 2164 2822 pro-

566 2848 822 2902 fessionis
851 2862 1068 2912 eorum,
1100 2844 1176 2898 ibi
1217 2850 1530 2906 serventur,
1573 2849 1629 2896 et
1658 2843 1885 2895 nomina
1918 2842 2163 2911 singulo-

567 2954 692 2991 rum
714 2937 772 2990 in
798 2936 1030 2990 totidem
1062 2933 1427 2988 breviusculis
1449 2932 1555 2996 (26»
1575 2949 1677 3003 per
1696 2932 1918 2985 eosdem
1933 2931 2158 3001 scripta,

567 3027 800 3082 cucullis
822 3024 1059 3096 singulis
1086 3041 1119 3077 a
1165 3023 1332 3077 dorso
1389 3022 1633 3075 exterius
1690 3039 1792 3093 per
1830 3021 2161 3091 semetipsos

2238 1880 2497 1916 sermone
2526 1865 2859 1933 Evangelico
2891 1866 3288 1931 admonentur,
3325 1865 3421 1935 qui
3473 1871 3530 1918 et
3566 1881 3631 1919 eo
3661 1865 3751 1918 die
3779 1865 3836 1917 in

2239 1952 2484 2023 capitulo
2510 1953 2701 2023 agitur
2751 1954 2853 2017 Qui
2881 1972 3005 2008 cum
3034 1958 3136 2009 Per
3161 1958 3355 2009 omnia
3389 1959 3587 2007 saecula
3625 1957 3837 2007 saculo-

2240 2059 2393 2107 rum,
2415 2044 2766 2098 concluditur
2795 2051 2855 2098 et
2879 2045 2949 2098 ab
2979 2044 3236 2099 omnibus
3255 2044 3431 2100 Amen
3446 2044 3832 2114 respondetur.

2242 2131 2309 2185 In
2347 2132 2579 2202 privatis
2610 2132 2806 2186 diebus
2834 2134 3134 2204 aliquando
3161 2150 3287 2188 cum
3341 2133 3836 2197 admonitiuncula,

2243 2245 2365 2298 quae
2397 2229 2507 2283 illis
2538 2236 2827 2300 congruat,
2860 2238 2924 2283 ut
2945 2247 2999 2284 In
3032 2231 3229 2285 melius
3253 2231 3566 2302 proficiant,
3597 2229 3834 2282 incitan-

2242 2322 2354 2370 tur.
2384 2320 2673 2372 lnterdum
2701 2319 2870 2372 etiam
2903 2320 3157 2389 quaedam
3199 2320 3268 2374 de
3306 2320 3521 2389 regula,
3584 2334 3706 2388 quae
3760 2315 3838 2369 eis

2245 2409 2560 2478 expediant,
2613 2408 3006 2479 praedicantur.
3050 2410 3180 2463 Post
3226 2425 3355 2463 vero
3401 2409 3470 2463 de
3507 2408 3705 2462 ordine
3753 2405 3840 2458 in-

2245 2500 2559 2549 struuntur.

2317 2583 2373 2637 Si
2396 2586 2520 2655 quis
2549 2588 2661 2640 tale
2691 2587 2823 2658 quid
2865 2586 3161 2643 commisit.
3193 2592 3258 2641 ut
3279 2587 3364 2641 vel
3396 2585 3465 2641 ab
3495 2585 3689 2640 eodem
3722 2599 3838 2636 ma-

2242 2670 2438 2739 gistro,
2473 2674 2555 2727 vel
2601 2674 2671 2728 ab
2730 2675 2840 2728 alio
2885 2677 3004 2744 ejus
3055 2675 3433 2745 condiscipulo
3483 2674 3834 2734 inclametur,

2243 2760 2463 2813 veniam
2494 2762 2720 2831 quidem
2750 2764 2909 2833 petit,
2930 2764 3023 2816 sed
3038 2763 3312 2833 judicium
3335 2779 3499 2816 suum
3531 2778 3646 2815 non
3667 2759 3837 2814 subit.

2244 2848 2444 2904 Nullus
2493 2858 2680 2905 autem
2714 2869 2813 2922 pro
2843 2852 3092 2922 qualibet
3120 2853 3283 2923 rulpa
3315 2850 3390 2904 ibi
3420 2850 3640 2903 veniam
3682 2847 3839 2919 petit,

2244 2938 2349 2992 nisi
2375 2938 2444 2991 ab
2465 2940 2575 2993 alio
2609 2941 2779 2994 fuerit
2807 2940 3159 2995 inclamatus.
3210 2941 3266 2994 Si
3290 2940 3414 3009 quis
3440 2939 3589 2992 inter
3619 2954 3717 2991 eos
3745 2952 3842 2989 ne-

2241 3028 2459 3097 gligens
2497 3029 2555 3082 in
2587 3029 2850 3082 discendo
2880 3030 3094 3091 ordine,
3129 3030 3215 3083 vel
3270 3028 3495 3098 tepidus
3548 3027 3607 3079 in
3657 3025 3843 3094 aliquo

564 3116 791 3170 interim
820 3120 1146 3178 assumitur,
1174 3120 1230 3166 εἰ
1259 3114 1316 3166 in
1347 3112 1486 3164 hora
1525 3111 1957 3165 consecrationis
1987 3126 2161 3163 unus-
2186 3117 2567 3208 Chujusmodi
2602 3118 2732 3171 vitio
2756 3118 3212 3188 reprehensibilis
3239 3134 3360 3171 esse
3381 3114 3841 3187 deprehenditur,

566 3206 804 3276 quisque
832 3221 897 3257 ea
912 3220 1034 3274 quae
1054 3202 1158 3255 sibi
1175 3201 1461 3271 competit,
1483 3200 1769 3253 induatur.
1797 3200 2012 3253 Caetera
2033 3215 2163 3252 vero
2192 3200 2294 3257 “si
2326 3204 2570 3275 primum
2595 3205 2811 3275 aliquot
2838 3205 3046 3259 vicibus
3075 3222 3175 3276 per
3222 3204 3561 3275 magistrum
3616 3208 3846 3272 propter

569 3293 771 3364 quibus
801 3293 861 3345 in
890 3291 1197 3362 primordio
1226 3288 1562 3360 receptionis
1587 3288 1860 3357 indigent,
1893 3287 2166 3357 magister

570 3398 766 3436 eorum
796 3397 831 3433 a
858 3379 1168 3433 camerario
1217 3378 1456 3449 requirit
1507 3378 1642 3431 Post
1683 3383 1797 3430 tres
1852 3383 2037 3430 autem
2079 3375 2163 3428 vel

571 3477 813 3542 quatuor
839 3469 957 3522 dies
983 3468 1254 3521 adventus
1285 3484 1498 3529 eorum,
1533 3466 1619 3519 his
1650 3465 1989 3536 quilitterati
2014 3465 2164 3519 inter

570 3577 665 3614 eos
695 3565 845 3619 sunt,
869 3557 1136 3626 magistro
1165 3557 1517 3619 admonente,
1545 3555 1758 3609 codices
1778 3555 1845 3608 ad
1865 3554 2161 3607 lectionem

570 3649 640 3702 ab
668 3646 911 3701 armario
936 3646 1159 3709 dantur,
1189 3645 1286 3699 sed
1315 3651 1502 3698 tamen
1533 3644 1601 3697 ad
1625 3661 1719 3697 eos
1739 3660 1850 3697 non
1870 3650 2159 3710 notantur,

570 3737 716 3790 sicut
755 3735 851 3788 alii
880 3734 1101 3798 fratres,
1143 3735 1238 3804 qui
1278 3751 1379 3804 pro
1407 3735 1523 3788 suis
1552 3733 1707 3787 libris
1736 3733 1794 3787 in
1824 3733 2005 3803 capite
2030 3750 2164 3803 qua-

571 3825 899 3895 dragesimae
930 3822 1370 3877 ascribebantur.

1184 3948 1418 4002 CAPUT
1457 3947 1557 4002 III.

571 4078 841 4146 Quomodo
858 4093 909 4130 se
929 4077 1164 4130 habeant
1183 4078 1247 4128 in
1273 4078 1408 4128 cella
1430 4078 1788 4140 novitiorum,
1824 4080 1872 4128 et
1903 4076 2167 4144 quomodo

1117 4148 1196 4199 ibi
1218 4148 1599 4201 instruantur.

642 4253 990 4316 Novitii,sive
1018 4253 1133 4306 sint
1161 4252 1462 4322 pauci.sivc
1479 4253 1723 4317 multi,in
1743 4252 2008 4323 prmdicta
2024 4254 2167 4307 cella

570 4343 948 4397 instruuntur.
967 4342 1227 4404 Quotidie
1244 4359 1486 4411 namque
1502 4342 1734 4395 docendi
1747 4341 2026 4395 omnesibi
2040 4359 2169 4396 con-

572 4431 824 4485 veniunt.
840 4430 1096 4484 videlicet
1112 4430 1167 4484 in
1182 4432 1325 4484 festo
1347 4430 1457 4484 XII
1477 4432 1799 4494 lectionum,
1824 4430 1955 4485 etin
1976 4438 2168 4485 octava

2244 3292 2350 3345 hoc
2387 3293 2814 3355 admonebatur,
2848 3294 2944 3347 sed
2988 3310 3099 3347 non
3157 3292 3401 3347 correxit
3475 3307 3668 3345 coram
3723 3288 3846 3342 aliis

2245 3380 2383 3435 dure
2415 3387 2472 3435 et
2498 3399 2714 3452 aspere,
2750 3389 2915 3452 prout
2945 3388 3172 3436 sanctus
3216 3380 3547 3435 Benedictus
3592 3378 3846 3450 praecipit

2245 3471 2386 3540 (cap.
2416 3469 2468 3536 ‘2,
2500 3470 2611 3533 22).
2647 3487 2758 3524 non
2786 3471 2967 3524 solum
3001 3472 3069 3524 ad
3120 3487 3366 3541 praesens
3396 3469 3465 3523 ab
3490 3469 3585 3523 illo
3607 3468 3845 3539 corripi-

2242 3564 2356 3619 tur,
2391 3560 2489 3612 sed
2518 3560 2824 3630 asperiora,
2849 3559 2904 3612 id
2935 3565 3021 3613 est
3038 3576 3244 3621 carcer,
3285 3560 3445 3629 Bogre
3487 3556 3589 3626 (27)
3624 3573 3845 3611 excom-

2245 3647 2549 3703 municatio
2588 3656 2638 3702 et
2675 3649 2895 3719 ﬂagella
2921 3649 2971 3702 ei
3003 3657 3411 3719 preponuntur,
3449 3664 3571 3718 quae
3599 3647 3846 3718 quando-

2246 3753 2354 3807 que
2376 3738 2524 3791 inter
2552 3738 2755 3792 fratres
2799 3740 2990 3809 procul
3030 3737 3199 3791 dubio
3230 3738 3305 3791 sit
3355 3753 3645 3808 passurus,
3693 3737 3741 3791 si
3792 3736 3846 3790 in

2248 3833 2441 3881 sancta
2471 3827 2891 3881 conversatione
2917 3843 3017 3897 pro
3047 3843 3209 3896 posse
3239 3843 3340 3880 suo
3369 3842 3480 3879 non
3510 3825 3689 3880 fuerit
3739 3826 3848 3879 fer-

2248 3916 2428 3969 vidus.
2464 3916 2643 3979 Quem
2671 3932 2800 3969 vero
2826 3915 3106 3968 intentum
3137 3914 3207 3967 ad
3231 3930 3297 3967 ea
3323 3930 3445 3984 qua;
3474 3912 3653 3971 audit.
3702 3919 3760 3966 et
3791 3912 3847 3965 in

2248 4004 2508 4059 omnibus
2537 4021 2660 4074 quae
2703 4004 2773 4057 ad
2815 4002 3138 4073 hujusmodi
3174 4002 3520 4073 propositum
3561 4001 3850 4071 pertinent

2248 4093 2530 4153 sedulum,
2561 4093 2928 4163 prospexerit,
2962 4107 3064 4144 nec
3093 4090 3151 4143 in
3180 4089 3284 4142 hac
3306 4089 3438 4151 vice,
3472 4089 3567 4143 sed
3590 4089 3848 4159 aliquan.

2249 4181 2336 4242 do,
2365 4197 2489 4234 cum
2517 4186 2855 4251 oportunum
2902 4179 3090 4244 fuerit,
3150 4184 3430 4232 semotum
3468 4177 3538 4231 ab
3577 4177 3732 4242 aliis,
3786 4179 3849 4228 ut

2246 4276 2438 4323 contra
2453 4268 2630 4323 hostis
2657 4275 3008 4323 tentamenta
3034 4268 3254 4322 fortiter
3275 4268 3603 4332 luctetur,et
3623 4272 3691 4321 ut
3713 4282 3844 4337 quo-

2249 4359 2386 4413 tidie
2414 4359 2473 4412 in
2506 4359 2703 4412 melius
2725 4359 2999 4429 proficiat,
3023 4358 3370 4412 adhortetur.
3397 4357 3727 4426 Ergo,sicut
3742 4355 3848 4409 dic-

2249 4454 2368 4502 tum
2393 4455 2496 4505 est.
2527 4448 2749 4518 quando
2780 4447 2905 4501 illos
2931 4447 3234 4500 secundum
3269 4446 3415 4516 quod
3444 4444 3548 4500 sibi
3589 4453 3730 4499 tunc
3768 4444 3848 4496 vi-

568 4519 893 4575 Nativitatis
922 4519 1157 4583 Domini,
1187 4526 1245 4574 et
1284 4521 1529 4579 Pascha,
1565 4527 1622 4573 et
1654 4519 2011 4574 Pentecostes
2039 4526 2159 4591 post

2251 4536 2416 4591 detur
2436 4535 2786 4600 instruxerit,
2802 4536 2861 4589 in
2878 4534 3347 4605 capitulum,licet
3374 4550 3442 4588 ex
3470 4539 3634 4605 parte
3655 4540 3842 4587 trans-

571 4608 840 4679 primam.
887 4606 953 4660 In
985 4608 1214 4678 privatis
1252 4625 1382 4661 vero
1427 4608 1626 4662 diebus
1664 4614 1792 4678 post
1827 4609 2164 4663 oblationem

571 4696 774 4767 prioris
803 4697 1002 4762 missae,
1045 4714 1173 4751 cum
1206 4697 1407 4767 quibus
1440 4697 1611 4750 etiam
1663 4698 1837 4767 aliqui
1865 4701 2166 4752 monacho-

569 4802 697 4841 rum
735 4786 918 4840 adhuc
946 4786 1005 4839 in
1023 4786 1219 4839 ordine
1244 4788 1429 4848 rudes,
1465 4802 1593 4839 cum
1638 4786 1866 4840 licentia
1899 4789 2161 4855 veniunt;

570 4874 668 4928 sed
698 4874 933 4928 redituri
965 4874 1189 4944 quando
1218 4874 1433 4927 scillam
1464 4875 1534 4927 ad
1569 4875 1875 4945 capitulum
1905 4876 2160 4930 audiunt:

571 4969 800 5034 excepto
837 4962 884 5017 si
914 4964 1056 5017 tales
1085 4968 1236 5027 sunt,
1285 4962 1381 5032 qui
1409 4963 1634 5017 aliunde
1666 4964 1949 5018 venientes
1975 4964 2167 5019 domui

568 5051 788 5106 abbatis
819 5052 1097 5123 permissu
1122 5052 1260 5105 illud
1291 5051 1539 5106 nondum
1571 5054 1905 5123 acceperint.
1933 5054 2169 5108 Praeter-

568 5158 653 5207 ea,
686 5141 734 5196 si
763 5141 859 5211 qui
879 5141 1239 5201 novitiorum,
1271 5140 1402 5210 quid
1440 5141 1809 5211 interrogare,
1841 5143 1924 5196 vel
1953 5144 2167 5197 discere

564 5231 780 5297 volunt,
823 5230 1270 5300 quandocumque
1309 5230 1535 5301 aliquod
1566 5231 1920 5284 intervallum
1976 5232 2033 5285 in
2078 5233 2168 5287 die

566 5319 826 5385 occurrit,
862 5319 1008 5373 sicut
1036 5323 1120 5372 est
1147 5325 1273 5390 post
1302 5321 1528 5373 missam
1571 5324 1627 5372 et
1672 5325 1799 5389 post
1844 5320 2159 5390 cymbalum

565 5425 911 5480 percussum,
944 5409 1031 5463 vel
1050 5408 1107 5461 in
1126 5408 1311 5463 hieme
1336 5415 1463 5480 post
1491 5407 1811 5479 prandium,
1839 5416 2036 5479 sponte
2060 5427 2160 5465 sua

641 5513 747 5583 (26)
781 5516 1091 5570 Schedulis.

2247 4633 2455 4690 actum,
2489 4626 2657 4682 vadit.

2316 4717 2508 4771 Potuit
2528 4715 2733 4787 aliquis
2770 4714 3014 4769 novitius
3037 4714 3152 4768 sive
3181 4714 3237 4767 in
3256 4712 3676 4777 conventu,sive
3688 4713 3845 4777 alias,

2247 4805 2418 4859 talem
2463 4804 2765 4876 aliquando
2796 4805 3082 4857 incurrere
3113 4803 3356 4872 culpam,
3387 4806 3452 4853 ut
3483 4816 3580 4870 pro
3612 4817 3682 4854 ea
3719 4806 3850 4854 tunc

2249 4893 2333 4947 vel
2364 4893 2433 4947 ab
2454 4893 2643 4963 aliquo
2672 4892 2933 4955 fratrum,
2957 4892 3043 4943 vel
3065 4889 3135 4943 ab
3156 4890 3276 4959 ipso
3330 4887 3598 4956 magistro
3655 4888 3715 4941 in
3759 4904 3851 4940 ca-

2250 4982 2427 5051 pitulo
2459 4982 2749 5035 clametur.
2807 4981 2875 5033 Et
2901 4978 2947 5033 si
2992 4977 3288 5049 aliquoties
3345 4975 3667 5030 admonitus
3725 4992 3849 5030 eam

2250 5069 2549 5123 emendare
2578 5068 2841 5138 neglexit,
2879 5067 2949 5120 ad
2982 5067 3289 5137 capitulum
3333 5064 3552 5129 ductus,
3583 5065 3668 5117 vel
3696 5065 3848 5117 clau-

2250 5158 2405 5212 strali
2431 5157 2623 5228 priori,
2659 5158 2743 5210 vel
2765 5157 2884 5225 ejus
2906 5156 3164 5225 adjutore
3190 5155 3336 5208 infra
3363 5152 3509 5207 idem
3539 5153 3849 5222 capitulum

2249 5246 2380 5300 illuc
2408 5247 2639 5312 directo,
2672 5262 2771 5317 per
2813 5260 3043 5298 manum
3072 5242 3322 5313 magistri
3354 5243 3569 5312 virgam
3593 5241 3850 5312 experia-

2245 5340 2357 5391 tur.
2390 5335 2648 5389 Forsitan
2686 5340 2741 5389 et
2771 5334 2940 5387 talem
2977 5332 3198 5402 culpam
3226 5330 3446 5401 juvenis
3486 5328 3733 5384 novitius
3762 5330 3847 5383 in-

636 5584 747 5654 (27)
809 5590 977 5656 Βορέα,
1020 5605 1120 5643 seu
1178 5591 1334 5657 Bojw,
1381 5605 1560 5658 genus
1615 5590 1984 5658 vinculorum,
2043 5598 2158 5648 tam
2187 5591 2381 5647 ferreae
2400 5608 2566 5663 quam
2591 5589 2789 5662 lignea:
2815 5587 3079 5645 dicuntur
3108 5587 3426 5660 compedes.
