3964 6356
120 331 226 392 937
1170 330 1591 394 CONSTITUT.
1633 331 1974 391 HIRSAUG.
2016 370 2083 384 —
2120 337 2257 396 LIB.
2299 342 2345 399 Ι.
3288 357 3394 422 933

111 457 341 513 terdum
370 457 722 555 committere
762 460 965 555 potest,
996 473 1108 555 pro
1126 457 1285 528 cujus
1315 458 1709 555 emendatione
1730 460 1950 555 Aloqui
1977 480 2088 555 non
2117 466 2463 537 prohibetur.
2485 470 2549 525 In
2569 472 2675 528 ΧῙῙ
2695 479 2885 529 autem
2913 475 3245 536 lectionibus
3269 489 3397 555 post

112 562 225 601 non
271 546 561 601 multoties
589 547 961 600 admoneatur
1014 546 1111 600 sed
1161 563 1304 604 mox.
1338 554 1403 600 ut
1444 546 1714 601 inclama-
1797 552 2785 631 capitulumexspectantmagistrum
2803 566 2883 618 vel
2902 546 3396 637 adjutoremsuum

114 639 206 689 tus
237 634 413 689 fuerit
438 642 569 689 ante
604 635 824 689 finitum
856 636 1183 706 capitulum.
1218 652 1316 707 pro
1349 652 1434 700 eo,
1468 643 1532 690 ut
1573 653 1714 707 prae-
1798 640 1982 695 denuo
2026 643 2297 713 docendi;
2346 646 2393 700 si
2437 655 2524 702 est
2567 650 2623 704 in
2664 634 2987 709 minoribus
3024 657 3179 712 festis
3223 660 3401 717 donec

115 725 332 779 dictum
362 730 467 790 est,
498 725 829 795 corrigatur.
871 726 939 780 Ut
985 726 1032 779 si
1069 743 1122 778 v.
1156 744 1211 796 g.
1245 726 1315 779 ad
1346 726 1518 779 alium
1552 727 1714 796 juve-
1797 730 2033 784 audiant
2063 732 2286 802 signum
2317 734 2387 789 ad
2420 738 2641 792 tertiam
2680 759 2691 793 :
2726 740 2771 794 si
2806 759 2933 797 vero
2965 752 3051 799 est
3091 747 3397 815 Dominica,

116 830 244 868 nem
292 813 354 867 in
412 814 670 868 custodia
706 814 973 885 positum.
1021 815 1288 884 quiddam
1334 815 1601 885 loquitur,
1639 823 1725 876 vel
1807 817 1864 871 in
1891 836 2001 889 qua
2032 820 2088 874 in
2119 821 2273 876 Albis
2302 840 2410 878 non
2437 832 2570 880 sunt
2600 829 2886 888 vestiendi.
2914 837 3176 903 usquead
3207 813 3401 909 asper;

116 902 331 970 riserit,
358 903 446 955 vel
471 903 693 972 signum
716 903 945 974 aliquod
972 904 1192 968 fecerit;
1226 904 1272 956 si
1294 909 1482 958 tamen
1510 904 1727 975 praesci-
1805 907 2019 961 sionem
2050 926 2211 980 aquae
2252 911 2554 969 benedicta:
2586 927 2598 961 :
2628 917 2675 970 si
2717 925 2905 973 autem
2942 902 3075 977 sunt
3107 902 3399 995 vestie-nili,

120 992 214 1050 vit.
250 991 403 1062 quod
435 990 506 1044 ab
546 991 871 1061 hujusmodi
914 1008 1111 1046 cavere
1158 992 1369 1046 debuit.
1420 992 1723 1062 Postquam

124 1086 204 1147 (ut
223 1081 439 1135 dictum
462 1082 571 1141 est)
601 1080 872 1150 magister
896 1082 1232 1136 novitiorum
1261 1081 1507 1152 capitulo
1528 1098 1720 1136 eorum

122 1170 300 1234 linito,
356 1169 416 1224 in
454 1175 788 1223 conventum
839 1170 1002 1233 redit,
1044 1170 1117 1225 ibi
1169 1170 1558 1241 recapitulant,
1602 1185 1725 1241 quae

122 1258 466 1314 didicerunt.
503 1258 607 1322 Qui
638 1258 787 1313 inter
819 1275 914 1313 eos
941 1259 998 1312 in
1029 1259 1325 1328 disciplina
1353 1259 1566 1313 ordinis
1592 1264 1725 1313 sunt

123 1347 501 1419 provectiores
552 1362 804 1401 seorsum
835 1347 1122 1401 instruunt
1152 1347 1209 1401 in
1240 1364 1305 1401 eo
1335 1347 1517 1401 adhuc
1548 1346 1725 1400 imbe-

124 1437 366 1491 cilliores
393 1455 406 1489 :
440 1436 618 1490 fervet
651 1437 799 1490 enim
852 1436 907 1489 in
938 1437 1006 1490 iis
1036 1436 1358 1505 hujusmodi
1406 1435 1590 1506 Operis
1636 1436 1725 1487 in-

125 1524 381 1587 structio,
406 1525 568 1578 venia
595 1523 666 1578 ab
698 1525 764 1579 iis
788 1525 1196 1595 frequentatur,
1221 1531 1277 1579 et
1300 1523 1729 1579 consuetudina-

126 1614 193 1669 lis
233 1613 550 1671 inclinatio.
592 1613 960 1668 addiscuntur
1000 1621 1057 1668 et
1097 1621 1317 1678 caetera,
1366 1630 1488 1684 quae
1534 1612 1591 1666 in
1630 1611 1730 1665 tali

1806 1012 1986 1066 usque
2016 1004 2141 1067 post
2177 999 2537 1071 Evangelium
2571 1005 2771 1074 prioris
2802 1009 2999 1064 Missze.
3044 1013 3150 1067 Sed
3194 1015 3252 1069 in
3293 1018 3397 1084 his,

1806 1084 1853 1138 si
1912 1092 2036 1156 post
2090 1087 2420 1158 capitulum,
2480 1093 2641 1147 Verba
2690 1112 2826 1158 mea,
2873 1099 2955 1153 vel
3011 1101 3255 1158 officium
3302 1106 3403 1161 de-

1808 1173 2123 1265 lunctorum
2185 1192 2314 1265 cum
2376 1180 2690 1249 pulsatione
2755 1187 3028 1257 sequitur,
3089 1198 3215 1261 post
3278 1196 3402 1265 ejus

1807 1263 2175 1333 expletionem
2194 1264 2328 1319 item
2352 1284 2450 1336 pro
2472 1268 2839 1328 instructione
2861 1263 3403 1347 revertunturQnod

1807 1350 1854 1404 si
1879 1358 1966 1405 est
1993 1352 2195 1406 festum
2223 1352 2351 1418 ('29.,
2367 1355 2424 1408 in
2448 1374 2560 1426 quo
2581 1360 2647 1412 ad
2670 1368 2973 1418 nocturnos
2988 1368 3307 1438 antiphonae
3330 1373 3404 1427 ιν

1809 1440 1992 1493 solent
2037 1442 2271 1505 cantari,
2327 1453 2454 1514 post
2504 1447 2679 1501 Venite
2752 1467 2877 1505 mox
2936 1465 3061 1524 post
3096 1459 3405 1529 capitulum

1810 1529 2040 1594 factum,
2086 1547 2181 1584 eos
2223 1531 2292 1584 ad
2341 1534 2628 1589 ecclesiam
2679 1538 2761 1591 ire
2808 1544 3106 1599 convenit:
3154 1556 3402 1621 excepto,

1812 1617 1861 1671 si
1909 1618 2126 1689 aliquos
2172 1620 2409 1675 novitios
2447 1624 2730 1681 venientes
2758 1628 2888 1698 quid
2923 1632 3051 1687 velit
3087 1617 3311 1696 docere.
3352 1640 3413 1695 Si

129 1702 377 1759 exerceri
406 1703 589 1757 solent
617 1703 823 1757 schola.
868 1704 926 1758 Si
967 1703 1058 1756 cui
1108 1719 1301 1758 eorum
1333 1719 1367 1756 a
1396 1702 1603 1756 domno
1631 1700 1777 1783 ab-A
1813 1723 1949 1761 vero
1981 1708 2050 1760 ad
2082 1708 2327 1763 ofﬁcium
2370 1711 2781 1783 defunctorum,
2829 1719 2912 1773 vel
2956 1722 3027 1775 ad
3075 1725 3235 1781 Verba
3265 1745 3386 1783 mea

133 1792 366 1885 bate‘vel
386 1792 572 1863 priore
602 1792 884 1885 ﬂagellum
908 1792 976 1845 ad
1003 1792 1389 1885 paenitentiam
1415 1791 1492 1862 inj
1503 1797 1731 1885 unctum
1750 1781 1794 1839 Β
1817 1802 1943 1866 post
1960 1795 2267 1866 capitulum
2300 1799 2541 1868 pulsatio
2561 1774 2849 1873 signorum
2877 1774 3407 1885 tunc,

131 1882 324 1940 fuerit.
356 1888 494 1935 tunc
538 1880 806 1952 temporis
848 1898 884 1935 a
930 1881 1218 1935 sacerdote
1257 1880 1464 1951 aliquo,
1498 1879 1543 1933 si
1586 1878 1733 1933 inter
1814 1885 2002 1938 nullus
2032 1902 2224 1940 eorum
2254 1886 2331 1941 ibi
2370 1900 2640 1944 remanet.
2675 1894 2782 1956 Qui
2812 1897 3055 1954 novitius
3079 1878 3147 1955 ad
3178 1878 3411 1960 conver;

135 1988 228 2025 eos
260 1987 294 2024 a
326 1970 598 2039 magistro
639 1971 706 2023 ad
751 1970 853 2023 hoc
889 1969 1124 2024 idoneus
1166 1969 1402 2023 inveniri
1441 1975 1641 2040 potuit,
1673 1968 1731 2022 in
1813 1973 2026 2027 sionem
2057 1974 2226 2038 venit,
2268 1975 2432 2030 alicui
2461 1977 2603 2032 bene
2631 1982 2930 2038 exercitato
2961 1994 3406 2063 commendatur,

134 2060 255 2113 loco
276 2060 376 2122 qui
406 2058 726 2127 hujusmodi
759 2058 982 2128 negotio
1012 2060 1313 2129 deputatus
1342 2068 1445 2117 est.
1473 2057 1727 2128 percipit.
1816 2062 1908 2131 qui
1967 2062 2283 2133 ubicunque
2325 2067 2547 2135 poterit,
2588 2085 2780 2124 curam
2838 2074 2960 2141 ejus
3010 2086 3192 2146 gerat,
3245 2088 3300 2136 et
3350 2057 3410 2139 ὶιί

134 2149 293 2213 Quod
325 2148 373 2201 si
402 2148 532 2201 talis
563 2147 640 2201 ibi
665 2147 839 2211 deest,
864 2148 1209 2201 sacerdotem
1232 2147 1300 2200 de
1329 2152 1602 2199 conventu
1632 2161 1732 2215 pro

137 2237 241 2292 hac
268 2253 441 2291 causa
464 2236 534 2290 ad
566 2236 824 2290 eumdem
856 2236 1038 2290 locum
1071 2254 1171 2290 suo
1201 2236 1259 2290 in
1289 2242 1541 2307 tempore
1562 2235 1735 2288 addu-

137 2342 263 2380 cere
290 2325 479 2380 debet.
512 2325 576 2379 ln
603 2341 667 2378 eo
695 2324 1218 2396 quoque‘tcmpore.
1254 2325 1300 2378 si
1331 2324 1444 2377 bini
1474 2324 1558 2377 vel
1586 2323 1734 2377 terni

140 2431 393 2469 seorsum
423 2415 493 2468 de
522 2413 718 2467 ordine
746 2415 1072 2485 loquuntur,
1105 2419 1337 2485 propter
1370 2414 1471 2467 hoc
1500 2430 1610 2466 non
1647 2429 1736 2466 rc-

140 2504 587 2575 prchenduntur.
604 2502 661 2557 Si
678 2503 801 2573 quis
820 2504 989 2557 etiam
1013 2502 1145 2573 quid
1166 2503 1234 2555 de
1258 2502 1601 2556 vestimentiz.
1622 2502 1738 2555 suis

1815 2150 2046 2204 ecclesia
2096 2153 2258 2221 juxta
2310 2170 2437 2208 eum
2493 2158 2803 2213 orationem
2853 2163 3037 2220 faciat.
3083 2167 3190 2222 Per
3243 2189 3411 2228 omne

1815 2245 2057 2311 tempus,
2109 2258 2219 2311 quo
2265 2241 2324 2295 in
2371 2244 2566 2298 eadem
2613 2248 2753 2303 cella
2797 2252 3130 2319 consistunt,
3182 2268 3411 2332 excepto

1817 2336 1947 2381 ante
1997 2326 2144 2381 diem
2191 2329 2551 2399 professionis
2597 2351 2728 2392 suae.
2780 2337 2991 2410 absque
3059 2342 3148 2409 30)
3195 2326 3414 2417 capitiis

1824 2414 2102 2486 [caputiis]
2134 2416 2395 2473 incedunt
2449 2421 2779 2494 Quicunque
2804 2426 2952 2482 inter
2979 2447 3074 2485 eos
3114 2414 3301 2490 idonei
3342 2439 3414 2494 ad

1821 2500 1925 2555 hoc
1976 2501 2253 2568 videntur,
2308 2506 2528 2559 custodi
2587 2509 2850 2574 ecclesiae,
2907 2515 2994 2570 vel
3055 2518 3415 2577 ref-:ctorario

141 2594 263 2648 vult
302 2593 533 2657 sarcire,
568 2591 650 2644 vel
688 2592 894 2647 lectum
925 2592 1032 2646 sibi
1072 2599 1343 2657 sternere,
1387 2601 1520 2645 tunc
1559 2596 1743 2661 potest
1822 2590 2109 2659 adjutores
2147 2608 2180 2644 a
2220 2592 2404 2662 priore
2435 2594 2815 2667 deputantur;
2855 2602 2949 2655 sed
2982 2610 3172 2661 tamen
3204 2610 3415 2682 absque

140 2682 322 2736 facere

1823 2679 1943 2748 ejus
1994 2680 2269 2750 permissu
2321 2683 2638 2739 sacerdotes
2684 2689 2755 2741 ad
2807 2691 3167 2749 celebrandas
3216 2679 3416 2755 missas

206 2772 272 2826 ln
293 2770 517 2842 Vigiliis
539 2769 861 2825 Nativitatis
881 2768 1108 2823 Domini
1135 2774 1189 2823 et
1220 2770 1272 2823 in
1297 2767 1738 2823 Annuntiatione
1823 2767 2091 2836 adjuvare
2115 2776 2365 2839 possunt.
2389 2772 2472 2824 Ad
2499 2774 2792 2844 coquinam
2821 2786 2876 2832 et
2897 2780 3085 2836 lumen
3104 2783 3162 2837 in
3183 2788 3417 2843 ecclesia

136 2860 242 2932 ipsi
266 2877 367 2931 pro
391 2860 631 2931 petenda
651 2859 812 2913 venia
840 2859 896 2912 in
925 2859 1168 2929 capitulo
1196 2859 1428 2913 fratrum
1459 2858 1739 2911 intersunt
1820 2855 2250 2925 deportandum.
2269 2857 2338 2911 ab
2367 2861 2611 2915 armario
2643 2880 2767 2917 cum
2800 2866 2924 2919 aliis
2953 2876 3255 2927 notantur:
3281 2891 3414 2930 nam

137 2957 193 3004 et
215 2949 368 3003 dicto
396 2965 431 3003 a
458 2949 646 3020 priore
675 2949 976 3017 loquimini
1003 2948 1066 3000 de
1096 2949 1291 3000 ordine
1314 2947 1569 2999 redeunt.
1596 2947 1663 2999 Et
1690 2944 1737 2999 si
1820 2943 1872 2997 ei
1902 2944 2122 2998 illorum
2157 2946 2386 3000 nomina
2414 2964 2445 3000 a
2483 2951 2711 3018 praefato
2742 2955 3008 3024 magistro
3044 2960 3256 3029 pridem
3286 2981 3415 3033 per-

137 3054 358 3108 magnze
383 3037 771 3092 zestimationis
799 3035 1045 3107 hospites
1072 3052 1173 3107 pro
1192 3035 1547 3089 fraternitate
1567 3034 1739 3089 susci-
1763 3100 1796 3118 ἡ
1818 3033 2022 3107 scripta
2038 3040 2310 3104 praesenta
2320 3036 2567 3093 banturJ
2579 3057 2898 3114 psequoque
2913 3048 3421 3118 magisterinstruit

136 3126 344 3197 pienda
394 3127 525 3180 illuc
551 3125 854 3196 aliquando
895 3131 1028 3178 sunt
1064 3124 1323 3181 ducendi.
1374 3131 1603 3195 propter
1642 3141 1736 3177 eos
1761 3108 1913 3177 “eos
1944 3129 2137 3192 postea
2164 3123 2233 3176 de.
2262 3124 2510 3194 quolibet
2530 3108 2732 3196 officio,
2757 3108 2827 3186 ad
2850 3108 3417 3209 quodvprzenominati

136 3217 484 3270 advocantur
510 3214 568 3268 in
609 3215 719 3268 ﬁne
747 3213 1004 3283 capituli.
1048 3213 1117 3267 Et
1149 3220 1443 3284 postquam
1492 3213 1737 3284 hospites
1818 3219 1949 3265 sunt
1980 3210 2035 3264 in
2067 3211 2331 3282 capitulo.

134 3304 212 3367 (si
258 3310 450 3359 tamen
491 3309 625 3357 sunt
660 3301 852 3357 clerici
899 3302 980 3355 vel
1020 3301 1162 3369 laici)
1197 3302 1326 3356 inde
1364 3302 1731 3367 deducantur,
1828 3388 1833 3389 γ
1890 3300 2347 3373 Quandocunque
2374 3302 2579 3359 fratres
2602 3312 2732 3361 ante
2762 3312 3089 3369 mandatum
3117 3318 3421 3389 praelavant

137 3394 382 3464 inccepta
416 3392 747 3464 psalmodia,
795 3393 955 3445 Verba
984 3408 1126 3451 mea,
1157 3390 1264 3461 ipsi
1303 3408 1429 3445 cum
1463 3398 1737 3445 conventu
1822 3388 1878 3443 in
1911 3389 2239 3444 occidentali
2279 3398 2436 3462 parte
2465 3395 2713 3460 claustri,
2746 3416 2997 3457 seorsum
3031 3388 3139 3461 hoc
3185 3407 3413 3465 faciunt.

138 3483 533 3552 egrediuntur.
572 3481 729 3545 Quod
779 3496 890 3534 non
934 3480 1062 3545 erit,
1096 3481 1320 3551 quando
1365 3490 1491 3551 post
1524 3481 1741 3551 capitu-
1824 3479 1887 3532 In
1916 3486 2108 3532 (estate
2155 3497 2283 3534 vero
2323 3488 2447 3552 post
2492 3500 2716 3552 nonam,
2748 3491 2971 3559 quando
3013 3494 3206 3552 tabula
3254 3499 3423 3554 debet

138 3571 257 3625 lum
288 3571 403 3641 ('28)
434 3570 685 3661 tabulam
720 3569 975 3628 audiunt,
1003 3569 1088 3621 vel
1114 3568 1486 3640 pulsationem
1519 3570 1587 3623 ad
1618 3569 1739 3623 ofli-
1823 3568 2059 3638 percuti,
2102 3568 2296 3622 novitii
2356 3576 2414 3624 et
2468 3575 2726 3629 monachi
2777 3578 3021 3648 capitulo
3074 3584 3257 3639 adhuc
3309 3604 3421 3642 non

139 3661 289 3715 cium
313 3656 727 3723 defunctorum,
754 3658 839 3712 vel
867 3657 935 3711 ad
969 3658 1211 3728 psalmos
1246 3660 1404 3711 Verba
1428 3675 1567 3723 mea,
1594 3658 1740 3729 quod
1824 3656 2449 3717 adunati,transeuntes
2468 3662 2775 3732 capitulum
2799 3665 2854 3719 in
2882 3670 3169 3727 ecclesiam
3190 3676 3418 3745 vadunt,

140 3749 425 3803 interdum
457 3748 579 3802 fieri
609 3748 751 3801 solet
780 3764 880 3818 pro
910 3747 1099 3817 aliquo
1130 3747 1420 3811 defuncto;
1454 3764 1583 3800 nam
1617 3764 1741 3800 mox
1824 3744 2013 3814 ibique
2043 3746 2200 3815 juxta
2232 3746 2523 3803 introitum
2555 3768 2680 3804 cum
2712 3753 2884 3816 libris,
2911 3758 2957 3810 si
2996 3776 3133 3829 quos
3161 3762 3238 3817 ibi
3262 3744 3418 3821 inve;

140 3838 196 3892 in
224 3844 559 3892 conventum
594 3853 788 3890 omnes
817 3835 1050 3890 veniunt
1100 3836 1155 3888 ri
1186 3844 1373 3890 autem
1406 3844 1492 3889 est
1520 3836 1573 3889 in
1597 3836 1743 3900 Qua—
1825 3833 2031 3899 nerint,
2064 3836 2278 3899 sedent,
2311 3836 2486 3892 donec
2516 3847 2642 3910 post
2682 3846 3095 3911 percussionem
3126 3850 3330 3907 tabulae
3360 3854 3418 3909 in

139 3926 460 3996 dragesima
490 3926 546 3979 in
577 3925 686 3979 illis
714 3925 945 3996 privatis
969 3924 1184 3990 diebus,
1211 3925 1434 3996 quando
1456 3925 1738 3979 silentium
1824 3937 2160 3978 conventum
2193 3933 2408 3980 exeant.
2447 3929 2503 3982 Si
2536 3929 2660 3998 quis
2702 3948 2892 3986 eorum
2929 3936 3209 3993 scribendi
3244 3943 3326 3995 vel
3357 3943 3419 3997 li-

139 4015 196 4069 in
228 4016 479 4069 claustro
509 4014 837 4068 observatur
867 4035 879 4066 ;
918 4020 1051 4067 tunc
1091 4013 1407 4077 conventui,
1444 4020 1736 4084 postquam
1824 4011 1952 4065 bros
1976 4013 2183 4083 ligandi
2216 4022 2299 4068 est
2319 4015 2539 4081 sciolus,
2569 4016 2623 4070 in
2652 4020 2791 4073 cella
2820 4023 3155 4080 novitiorum
3180 4035 3419 4099 potesta

141 4104 301 4158 ﬁnito
330 4104 579 4175 capitulo
599 4102 669 4157 ad
699 4102 995 4156 lectionem
1021 4102 1252 4159 sederit.
1277 4103 1621 4172 junguntur;
1657 4104 1740 4156 vel
1823 4101 2094 4170 magistro
2124 4102 2235 4156 illis
2265 4102 2479 4173 injungi
2512 4105 2614 4157 hoc
2639 4123 2779 4177 opus
2805 4127 2816 4161 :
2848 4110 2892 4163 si
2922 4118 3110 4167 tamen
3136 4121 3419 4187 rogaverit

138 4194 186 4248 si
207 4201 295 4247 est
318 4194 521 4247 lestum
549 4193 651 4246 ΧΠ
668 4192 1017 4257 Lectionum,
1042 4192 1264 4262 quando
1287 4200 1411 4262 post
1431 4191 1739 4262 capitulum
1821 4207 1947 4243 eum
1979 4190 2277 4244 armarius.
2319 4193 2571 4247 Novitius
2596 4194 2895 4257 litteratus,
2920 4201 3013 4270 qui
3032 4201 3090 4256 in
3111 4206 3417 4276 talijuven-

140 4297 269 4336 cum
299 4281 533 4353 psalmis
565 4282 726 4335 Verba
748 4297 887 4343 mea,
912 4280 969 4334 in
996 4281 1262 4350 majorem
1286 4280 1574 4334 ecclesiam
1603 4280 1736 4346 itur,
1820 4284 1942 4332 tute
1972 4286 2074 4337 est,
2114 4280 2451 4333 admone-nte
2480 4283 2603 4351 ejus
2634 4284 2920 4353 magistro,
2958 4289 3014 4343 in
3046 4296 3355 4352 custodiam
3384 4316 3419 4353 a

142 4378 199 4425 et
236 4375 647 4442 consequenter
683 4369 833 4423 XXX
871 4369 1070 4440 psalmi
1114 4377 1245 4424 sunt
1299 4368 1554 4433 canendi,
1606 4376 1740 4423 tunc
1760 4368 2028 4461 Ddomno
2057 4367 2256 4422 abbate
2282 4370 2541 4431 traditur.
2572 4378 2629 4426 et
2657 4373 2753 4426 alii
2783 4376 2990 4432 novitio
3021 4384 3417 4443 custodiendus

141 4466 447 4531 antequam
466 4457 808 4529 incipiantur
828 4457 997 4512 iidem
1022 4458 1248 4530 psalmi:
1269 4464 1326 4512 et
1345 4459 1391 4512 si
1410 4458 1478 4511 ad
1500 4475 1741 4529 praesens
1760 4456 1796 4461 ⁷
1824 4456 2211 4511 committitur.
2237 4458 2294 4511 Si
2324 4476 2453 4513 vero
2484 4460 2576 4514 ille
2605 4478 2714 4516 non
2739 4464 2917 4531 adest,
2947 4484 3127 4541 neque
3155 4490 3255 4544 per
3278 4493 3421 4533 nun-

140 4549 352 4621 aliquis
382 4547 626 4603 novitius
650 4548 828 4607 adest,
850 4547 945 4618 qui
966 4547 1117 4601 intra
1138 4554 1253 4601 tres
1277 4548 1397 4601 dies
1416 4548 1485 4601 ad
1512 4565 1741 4602 conver-
1823 4547 1965 4601 tium
1998 4545 2199 4616 prioris
2227 4547 2415 4619 aliqua
2458 4552 2854 4608 commoditate
2898 4561 3179 4616 conveniri
3211 4571 3415 4635 potest,

141 4639 363 4693 sionem
386 4636 558 4703 venit,
590 4654 717 4691 eum
750 4637 1022 4705 magister
1049 4637 1190 4707 ejus,
1225 4644 1350 4707 post
1389 4645 1742 4707 percantatos
1823 4642 1939 4690 tam
1996 4636 2237 4690 novitius
2278 4638 2500 4706 juvenis
2556 4658 2723 4710 quam
2765 4644 2909 4700 alius
2954 4648 3118 4718 hujus
3163 4656 3347 4710 aetatis
3384 4675 3419 4712 ει

140 4728 191 4782 Χ
218 4727 488 4798 psalmos,
514 4726 583 4781 ad
608 4725 1008 4780 instruendum
1039 4726 1276 4779 educere
1299 4732 1494 4796 potest.
1529 4725 1583 4780 Si
1614 4743 1741 4780 vero
1824 4724 2010 4796 priore
2057 4726 2322 4780 custodia:
2364 4728 2773 4799 mancipantur.
2823 4734 3063 4801 Novitio,
3099 4741 3193 4810 qui
3234 4744 3418 4800 frocco

140 4816 263 4871 dies
288 4815 500 4869 silentii
529 4815 615 4882 (de
639 4832 750 4887 qua
768 4815 981 4869 dictum
1005 4822 1106 4881 est)
1129 4821 1263 4869 tunc
1287 4816 1477 4880 instat,
1500 4814 1591 4869 hic
1614 4816 1741 4869 talis
1823 4813 2052 4868 indutus
2081 4814 2432 4885 recipiendus
2458 4817 2649 4888 aliqua
2667 4818 2737 4872 de
2767 4821 2905 4875 cella
2931 4824 3237 4892 advenerit,
3269 4834 3419 4887 aule-

138 4906 501 4977 magistrum,
541 4904 667 4958 aliis
694 4903 1050 4969 abeuntibus,
1086 4903 1157 4958 ab
1186 4921 1251 4959 eo
1276 4906 1488 4975 jussus,
1519 4904 1577 4959 in
1602 4906 1743 4959 cella
1823 4903 2058 4959 rendum
2089 4909 2173 4957 est
2194 4904 2478 4975 caputium
2510 4914 2667 4960 extra
2694 4908 3023 4977 claustrum,
3049 4915 3097 4968 si
3126 4933 3193 4971 ea
3219 4926 3306 4976 est
3330 4922 3423 4979 die

139 4999 449 5067 exspectat.
465 4994 529 5048 In
548 4992 967 5064 omnitempore
987 4993 1554 5064 loquendiconventui
1574 4993 1744 5048 inter-
1824 4992 2160 5047 benedicend
2172 5009 2252 5056 us,
2278 5010 2389 5064 qua
2412 4994 2731 5065 suscipitur,
2758 5005 2859 5052 aut
2880 5000 2926 5053 si
2948 5002 3120 5073 aliqui
3147 5010 3335 5064 novitii
3361 5012 3419 5068 in

140 5090 297 5140 sunt.
326 5082 438 5138 nisi
469 5084 693 5155 quando
717 5082 922 5155 capitia
953 5082 1033 5137 eis
1058 5083 1247 5137 ablata
1275 5088 1442 5138 sunt:
1479 5083 1737 5152 Sparsim,
1825 5082 1965 5137 cella
2003 5082 2336 5137 novitiorum
2387 5082 2588 5138 ablatis
2640 5086 2880 5155 caputiis
2936 5095 3071 5146 tunc
3107 5106 3414 5156 morantur.

138 5174 363 5230 mixtim
390 5172 542 5229 inter
568 5176 770 5229 tratres
795 5172 1123 5245 loquuntur.
1152 5172 1350 5228 Frater
1376 5189 1503 5228 cum
1534 5172 1741 5227 novitio
1828 5170 2124 5228 Sciendum
2158 5177 2244 5226 est
2271 5178 2480 5239 autem,
2507 5173 2657 5243 quod
2695 5174 2883 5230 nullus
2912 5194 3160 5251 unquam
3191 5189 3423 5246 novitio.

217 5333 569 5409 (28)'Al‘abula4
580 5333 787 5409 lignea,
808 5335 970 5409 cujus
985 5335 1342 5409 percussione
1359 5335 1746 5409 excitabantur
1826 5341 2066 5409 quatuor
2102 5334 2424 5409 antiphonte
2450 5335 2633 5409 solent
2657 5336 2873 5391 cantari
2910 5345 3037 5409 post
3075 5344 3271 5404 Venite.

142 5405 721 5487 mo_nacbi..malleiilo
757 5406 969 5487 scilicet
996 5405 1253 5461 tabulam
1290 5409 1579 5487 tendente.
1614 5408 1746 5487 llaec
1842 5405 1861 5407 “
1898 5405 3424 5487 (3Q.Caputii_slegenduniquaesuntcapitistegumenta

144 5479 347 5560 eadem
389 5477 580 5559 tabula
667 5477 957 5532 ulsabatur
993 5494 1094 5559 seu
1175 5480 1559 5534 ercutiebatur
1611 5478 1745 5532 dum
1828 5481 2018 5561 cappis
2040 5486 2266 5533 assuta:
2296 5479 2439 5533 Nam
2462 5477 2753 5545 capitium,
2777 5496 2873 5562 seu
2904 5477 3185 5549 cdpicz'uu‘i
3201 5477 3424 5562 ρπωῶ

144 5551 397 5603 otﬁcnum
426 5494 661 5603 aliquod,
682 5548 961 5603 agendum
990 5496 1256 5603 instabat.
1829 5551 1964 5603 aedis
1984 5566 2155 5603 sacrae
2185 5550 2346 5603 vulgo
2376 5552 2794 5603 nrwsbulerium
2817 5552 3187 5603 signiﬁcabat-

143 5548 403 5623 ofﬁcium
426 5548 651 5623 aliquod
679 5548 961 5623 agendum
990 5548 1256 5623 instabat.
1829 5548 1964 5605 aedis
1984 5566 2155 5606 sacrae
2185 5550 2346 5619 vulgo
2372 5552 2794 5621 presbyterium
2817 5550 3187 5623 signiﬁcabat.

221 5619 335 5692 (‘29)
368 5619 798 5678 Restituendum
827 5625 965 5694 puto
998 5638 1011 5675 :
1052 5620 1123 5676 In
1151 5638 1257 5691 quo
1285 5624 1359 5678 ad
1389 5627 1685 5678 nocturnos
1710 5633 1747 5677 α

396 5719 667 5807 Ιδλνινιιοι..ἶ
707 5721 827 5784 CL.
3116 5728 3195 5793 30
