3964 6416
536 311 642 380 939

1568 309 1625 362 s.
1658 307 2049 380 GUlLLELMI
2088 306 2392 388 ABBATIS
2430 308 2776 388 messes.

3715 309 3818 380 ΨΑ)

536 419 663 490 rum
693 431 1145 492 communicabit,
1178 431 1501 501 priusquam
1533 435 1905 490 consecratus,
1941 428 2046 482 nisi
2077 428 2132 480 in
2153 430 2331 488 Atres
2378 429 2659 482 orationes
2693 431 3012 497 sequentes,
3048 430 3104 479 et
3132 426 3200 485 de
3231 427 3464 507 reliquo,
3500 430 3720 500 quoties
3763 431 3818 486 in

537 525 774 579 summis
829 523 1072 592 quinque
1118 519 1528 582 festivitatibus,
1579 525 1635 570 et
1692 519 1745 569 in
1793 517 1903 570 illis
1956 518 2132 570 tribus

539 614 734 666 diebus
766 620 896 664 ante
944 611 1195 664 Pascha:
1245 609 1286 661 si
1329 609 1455 660 talis
1497 607 1792 659 inﬁrmitas
1824 624 1868 658 ex
1904 607 2132 658 minime

537 700 942 770 supervenerit,
976 715 1096 768 quae
1123 696 1224 749 sibi
1259 695 1645 748 necessitatem
1686 693 2133 745 communicandi

537 792 722 844 faciat.
746 788 903 852 Quod
933 795 1119 839 tamen
1151 785 1389 838 novitius
1412 784 1716 836 monachus
1740 799 1848 834 non
1871 781 2130 834 observa-

537 880 638 942 bit,
679 876 895 932 etiamsi
941 874 1186 927 nondum
1220 873 1424 923 domno
1452 870 1662 937 abbati,
1692 871 1774 922 vel
1798 869 1968 938 priori
1999 886 2132 923 con-

533 969 829 1021 fessionem
855 981 1011 1017 suam
1036 962 1243 1014 ﬂlcerit.
1264 959 1527 1028 Quisquis
1543 959 1690 1011 inter
1706 976 1798 1011 eos
1817 959 1884 1011 de
1899 959 2132 1012 ecclesia

535 1058 606 1110 ad
637 1056 828 1109 cellam
861 1059 1025 1106 noctu
1063 1050 1251 1102 venire
1283 1065 1393 1101 non
1426 1048 1731 1118 praesumit,
1767 1047 1872 1100 nisi
1905 1048 1988 1100 vel
2017 1065 2128 1100 uno

535 1146 682 1199 socio
719 1146 1006 1211 assumpto
1045 1144 1101 1192 et
1149 1155 1260 1190 non
1312 1138 1431 1190 sine
1482 1136 1710 1188 lumine.
1742 1137 1884 1189 Nam
1916 1137 2130 1206 aliquot

534 1234 846 1289 Absconsas
875 1226 979 1294 (31)
1003 1231 1162 1298 juxta
1198 1228 1372 1280 altare
1402 1232 1459 1279 et
1498 1227 1638 1279 ostio
1666 1227 1910 1278 ecclesiae
1940 1227 2125 1296 proxi-

533 1341 683 1378 mum
739 1320 967 1382 invenit,
1004 1321 1238 1387 quarum
1281 1333 1451 1368 unam
1500 1315 1748 1384 accipere
1796 1315 2020 1385 poterit.
2068 1316 2125 1370 Si

531 1420 757 1485 propter
777 1409 1161 1463 inﬁrmitatem
1191 1412 1320 1458 ante
1343 1405 1571 1457 chorum
1603 1405 1817 1469 sedere,
1846 1405 1928 1456 vel
1959 1412 2125 1458 noctu

531 1521 631 1574 pro
671 1497 1076 1569 exstinguenda
1118 1495 1209 1548 siti
1253 1494 1320 1546 ad
1367 1493 1734 1545 inﬁrmariam
1766 1493 1865 1555 ire,
1903 1493 1987 1545 vel
2028 1510 2126 1564 pro

529 1593 651 1645 solo
680 1590 880 1660 pedum
913 1587 1103 1638 dolore
1141 1575 1441 1635 nocturnos
1475 1583 1686 1633 calceos
1708 1581 1762 1632 in
1787 1581 1874 1633 die
1903 1589 2126 1650 portare

525 1699 665 1751 opus
685 1679 782 1742 'sit,
805 1677 872 1729 ad
894 1677 998 1728 hoc
1026 1672 1306 1726 licentiam
1330 1688 1361 1723 a
1382 1672 1647 1740 magistro
1673 1670 1921 1739 accipere
1949 1671 2110 1723 valet.

2216 519 2448 571 ecclesia
2475 517 2856 571 convenimus.
2891 516 2972 568 vel
3016 515 3070 568 in
3111 517 3372 586 capitulo.
3412 519 3495 572 vel
3525 519 3818 588 refectorio

2215 609 2432 676 agimus
2464 625 2585 660 eam
2620 614 2676 660 et
2705 607 2770 659 ad
2820 606 3132 666 introitum,
3167 617 3223 659 et
3252 608 3318 660 ad
3354 607 3586 668 exitum.
3624 610 3732 674 Sed
3764 611 3819 663 in

2216 697 2449 750 ecclesia
2481 696 2765 750 Dominica
2798 695 3050 750 oratione
3076 695 3227 764 prius
3254 696 3559 766 [)I‘iDﬂ'llSSil,
3591 705 3818 772 excepto

2217 785 2438 854 quando
2464 784 2901 854 Completorium
2932 783 3216 852 incipitur.
3250 791 3305 836 et
3336 786 3560 856 quando
3592 803 3626 860 ξι
3657 805 3820 857 pran-

2215 868 2306 925 dio
2340 874 2422 926 vel
2452 891 2484 926 a
2513 891 2669 926 coma
2700 873 2845 925 imus
2871 873 2927 924 in
2959 872 3268 948 ecclesiam,
3299 879 3434 927 tunc
3465 891 3576 951 non
3609 876 3715 947 nisi
3747 878 3816 932 ad

2215 962 2441 1021 exitum,
2466 962 2578 1015 sive
2602 962 2737 1014 hora
2761 961 3034 1030 regularis
3067 971 3355 1039 sequatur.
3385 965 3500 1017 sive
3522 981 3651 1020 non.
3673 967 3816 1036 Item

2212 1052 2278 1104 ad
2312 1052 2576 1109 officium.
2602 1051 2647 1103 si
2679 1051 2735 1104 in
2757 1051 2847 1103 die
2874 1056 3155 1112 cantatur,
3188 1068 3298 1104 non
3326 1052 3686 1122 inclinamus,
3706 1055 3815 1128 nisi

2211 1141 2276 1194 ad
2311 1141 2499 1202 ﬁnem,
2534 1145 2590 1192 et
2634 1139 2852 1209 quoties
2897 1139 3149 1192 venimus
3185 1141 3255 1192 ad
3288 1142 3574 1211 ecclesiam
3607 1152 3814 1200 sanctae

2211 1229 2398 1284 Mariae
2452 1229 2911 1298 Quandocunque
2947 1235 3136 1280 autem
3165 1234 3297 1282 ante
3331 1231 3556 1285 missam
3591 1250 3813 1302 proces-

2209 1319 2289 1384 sio
2320 1319 2450 1371 illuc
2478 1319 2683 1388 agitur,
2718 1335 2899 1388 neque
2924 1319 2992 1370 ad
3026 1319 3192 1372 finem
3225 1319 3528 1384 inclinatur
3558 1341 3570 1376 :
3604 1325 3674 1388 de
3701 1341 3815 1396 qua

2208 1414 2334 1479 post
2356 1408 2606 1460 Psalmos
2638 1407 3095 1460 anniversatiales
3118 1409 3215 1476 [a!.
3240 1409 3659 1482 anniversales].
3681 1431 3812 1486 cum

2209 1496 2544 1548 revertimur
2572 1495 2629 1550 in
2679 1495 3006 1563 capitulum,
3059 1512 3125 1548 ea
3171 1495 3309 1558 vice,
3352 1513 3457 1550 non
3490 1498 3596 1551 nisi
3629 1502 3811 1558 semel

2209 1583 2561 1644 inclinamus,
2596 1583 2805 1636 scilicet
2847 1590 2977 1636 ante
3023 1585 3434 1654 percussionem
3480 1586 3700 1658 tabulte.
3741 1590 3806 1660 In

2209 1673 2377 1726 choro
2409 1689 2648 1742 quoque,
2684 1672 2982 1724 stationem
3015 1661 3271 1742 quotiens
3303 1659 3603 1740 mutamus,
3628 1677 3698 1730 ad
3732 1659 3813 1735 al-

524 1769 606 1823 Ad
641 1763 1008 1820 inlirmariam
1059 1767 1244 1813 autem
1277 1777 1376 1823 pro
1418 1775 1584 1828 supra
1613 1758 1759 1810 dicta
1791 1775 1957 1810 causa
1994 1742 2172 1828 ipsoB
2200 1767 2585 1830 terutramque
2614 1761 2839 1813 missam
2872 1761 3228 1814 inclinamus.
3255 1763 3336 1820 Ad
3371 1764 3597 1823 missam
3630 1746 3810 1835 enim,

524 1857 748 1929 quidem
780 1855 1017 1907 ducente
1045 1850 1229 1902 venit:
1255 1849 1348 1900 sed
1381 1848 1437 1900 in
1470 1846 1710 1899 crastino
1735 1847 1840 1900 nisi
1871 1864 1903 1899 a
1934 1848 2117 1918 priore

522 1946 570 2000 ei
602 1942 945 1998 inﬁrmarius
976 1940 1240 2008 impetret
1263 1936 1562 1989 licentiam.
1597 1936 1725 1991 inde
1759 1953 1864 1989 non
1893 1936 2110 1989 redibit.

591 2035 649 2088 Si
682 2049 818 2103 Opus
847 2029 1016 2082 habet
1040 2027 1301 2079 balneare
1331 2025 1399 2076 ad
1419 2025 1777 2077 Nativitatem
1807 2025 2024 2077 Domini
2059 2033 2114 2077 et

516 2123 758 2178 Paschze,
780 2136 905 2172 cum
923 2116 1170 2186 ejusdem
1192 2115 1443 2182 magistr:
1466 2113 1696 2165 scientia
1721 2113 1922 2183 potius,
1943 2131 2110 2184 quam

514 2211 740 2264 licentia
778 2209 881 2261 hoc
925 2206 1100 2258 facit:
1149 2205 1258 2256 alio
1305 2210 1556 2272 tempore
1603 2210 1790 2254 autem
1845 2219 1953 2254 non
2004 2202 2109 2255 nisi

510 2299 732 2355 licentia
763 2301 987 2364 accepta
1009 2312 1038 2346 a
1067 2292 1551 2363 priore.'Quamliu
1574 2292 1692 2344 sine
1723 2290 2107 2344 benedictione

507 2388 694 2448 fuerit,
728 2403 839 2439 non
872 2392 954 2437 est
984 2382 1346 2441 consuetudo,
1384 2392 1446 2441 ut
1478 2383 1615 2433 fiant
1655 2381 1702 2432 ei
1734 2392 1989 2441 coctor-te,
2022 2382 2106 2433 vel

503 2477 620 2530 ulla
644 2473 962 2544 hujusmodi
988 2471 1277 2536 medicina,
1306 2478 1508 2540 praeter
1535 2469 1824 2538 sanguinis
1845 2469 2107 2521 minutio-

504 2581 655 2626 nem,
716 2562 818 2615 nisi
873 2561 1015 2613 forte
1066 2567 1223 2611 tanta
1281 2560 1354 2610 sit
1408 2558 1730 2610 necessitas.
1793 2574 1891 2624 pro
1946 2559 2106 2626 cujus

505 2651 892 2723 magnitudine
918 2649 1173 2719 impietas
1205 2646 1475 2701 videatur.
1511 2663 1619 2698 non
1653 2645 1954 2714 infringere
1981 2663 2107 2698 con-

505 2741 877 2796 suetudinem.
903 2738 1129 2790 Interim
1155 2736 1347 2792 etiam,
1367 2735 1497 2788 dum
1524 2751 1630 2786 non
1652 2741 1737 2785 est
1759 2734 2101 2794 benedictus,

504 2833 550 2885 si
586 2830 795 2900 fugerit
833 2829 901 2880 de
951 2826 1308 2887 monasterio,
1351 2841 1460 2878 non
1503 2831 1586 2875 est
1636 2824 2049 2894 persequendus
2088 2842 2098 2876 :

505 2921 634 2991 quia
655 2919 900 2972 nondum
920 2923 1004 2968 est
1022 2915 1342 2967 monachus.
1369 2929 1550 2981 neque
1574 2911 1878 2982 professus;
1911 2915 1954 2964 si
1978 2930 2102 2966 vero

502 3017 699 3081 sponte
734 3006 978 3064 redierit,
1016 3021 1124 3057 non
1157 3012 1240 3055 est
1285 3002 1440 3053 i'arile
1471 3001 1876 3069 Stlsciplmltlus.
1910 3004 2002 3054 sed
2034 3003 2102 3053 de

501 3097 775 3150 industna
801 3091 1241 3146 contemnendus
1285 3089 1342 3141 Si
1373 3088 1647 3157 patienter
1679 3088 1778 3138 hoc
1807 3087 2016 3143 tulerit.
2048 3095 2103 3140 et

504 3203 568 3239 ex
621 3185 786 3237 corde
843 3180 1185 3250 paenituerit,
1230 3194 1338 3230 non
1389 3184 1474 3228 est
1526 3177 1580 3227 in
1633 3176 1876 3244 capitulo
1917 3176 2100 3228 nudus

503 3271 922 3346 praesentandus
966 3289 977 3322 :
1022 3269 1150 3338 quia
1206 3283 1306 3318 nec
1353 3265 1625 3318 cueullam
1678 3282 1778 3317 nec
1815 3267 2098 3334 caputium

504 3363 693 3422 habet,
730 3360 822 3412 sed
859 3367 1078 3411 tantum
1119 3355 1333 3408 abbatis
1385 3362 1656 3423 praecepto
1691 3354 1744 3406 in
1791 3354 2096 3407 claustrum

503 3451 746 3504 ducitur.
779 3457 835 3500 et
860 3444 1152 3500 conventui
1185 3445 1482 3496 adunatur.
1512 3443 1572 3495 ln
1601 3443 1988 3511 :L-gritudinei'n
2019 3444 2098 3494 in-

501 3540 689 3592 sidens
717 3553 939 3589 carnem
975 3551 1082 3587 non
1113 3533 1425 3585 manducat.
1455 3532 1672 3584 etiamsi
1705 3532 1756 3583 in
1788 3532 2092 3584 inlirmaria

501 3629 572 3681 sit
605 3627 841 3680 multum
875 3625 1092 3678 debilis.
1131 3622 1233 3675 nisi
1268 3623 1374 3674 alio
1405 3621 1525 3673 cibo
1555 3621 1701 3672 relici
1735 3629 1992 3690 nequeat.
2031 3622 2093 3673 Et

501 3718 548 3773 si
605 3714 955 3772 convalescit,
997 3719 1225 3782 propter
1264 3712 1365 3762 hoc
1423 3711 1635 3762 veniam
1686 3727 1794 3762 non
1845 3712 1998 3779 petit.
2037 3711 2094 3763 Si

501 3804 624 3874 quis
679 3801 985 3854 monachus
1046 3799 1192 3851 inter
1260 3797 1496 3850 novitius
1573 3797 1887 3851 instruitur.
1950 3798 2093 3850 hanc

499 3891 809 3946 doctrinam
843 3906 951 3942 non
995 3887 1220 3943 deserit.
1257 3887 1362 3938 nisi
1395 3903 1519 3939 cum
1569 3887 1835 3955 niagistro
1875 3894 2095 3957 tempus

499 3997 619 4033 esse
652 3980 888 4032 videtur.
925 3977 1041 4034 llis,
1077 3993 1199 4044 quae
1242 3979 1573 4044 sequuntur,
1618 3974 1811 4027 novitii
1844 3984 2094 4046 tempore

498 4067 840 4140 probationis
869 4084 982 4120 suae
1013 4066 1388 4118 instruuntur.

1114 4153 1348 4206 CAPUT
1389 4153 1479 4206 IV.

1051 4245 1123 4296 De
1156 4245 1538 4294 inclinatione.

2201 1849 2294 1918 qui
2326 1855 2458 1901 sunt
2487 1848 2751 1910 seniores,
2780 1857 2931 1900 stant
2963 1848 3126 1918 primi
3164 1857 3220 1902 et
3245 1851 3483 1920 proximi
3513 1853 3811 1924 principali

2198 1937 2358 1989 altari
2387 1956 2397 1990 :
2425 1937 2492 1988 ad
2531 1938 2816 2006 regulares
2848 1937 3014 1989 horas
3045 1938 3326 1990 novissimi
3361 1940 3416 1993 in
3449 1942 3808 1997 extremitate

2196 2025 2369 2078 chori.
2409 2033 2609 2095 praeter
2638 2026 2704 2078 ad
2741 2027 2988 2078 Tertiam
3023 2025 3077 2078 in
3112 2026 3402 2090 duodecim
3447 2029 3802 2088 lectionibus.

2196 2114 2252 2166 in
2285 2114 2502 2184 quibus,
2538 2114 2667 2184 quia
2706 2115 2849 2167 solet
2897 2115 3149 2166 eamdem
3205 2115 3396 2168 horam
3451 2101 3807 2181 matutinalis

2195 2203 2364 2256 missa
2407 2203 2738 2273 praecedere,
2774 2209 2829 2255 et
2873 2203 3050 2270 major
3078 2205 3268 2257 statim
3311 2207 3623 2266 succedere.
3669 2225 3803 2275 pro-

2195 2300 2318 2362 pter
2356 2293 2456 2344 hoc
2507 2299 2656 2362 puto,
2703 2291 2846 2360 quod
2905 2291 3073 2344 statio
3118 2309 3225 2346 non
3283 2277 3534 2354 mutatur
3587 2297 3666 2349 De
3697 2297 3804 2350 hoc

2193 2391 2376 2454 autem
2412 2384 2671 2450 praelatus
2715 2381 2918 2434 Christi
2966 2383 3234 2444 scholaris
3285 2400 3397 2457 non
3441 2393 3558 2460 tam
3599 2386 3803 2446 auditu

2193 2479 2462 2541 quantum
2500 2469 2617 2522 visu
2649 2470 2968 2530 iustiuitur.
3369 2457 3373 2460 ’
3549 2457 3554 2460 ’
3647 2457 3665 2462 γ’

2218 2551 2221 2555 ’
2834 2543 3066 2614 CAPUT
3095 2562 3160 2614 v.

2296 2649 2366 2701 De
2394 2651 2632 2711 .vi/cntz'o,
2667 2650 2726 2699 in
2763 2650 2961 2715 quibus
2991 2650 3231 2715 ofﬁcinis
3261 2653 3330 2701 sit
3366 2654 3683 2706 tenendum.

2259 2741 2396 2804 (UD.)
2423 2736 2574 2806 Opus
2601 2752 2822 2806 quoque
2847 2736 3017 2788 habet
3043 2743 3107 2790 ut
3137 2737 3294 2808 signa
3319 2739 3618 2808 diligenter
3641 2741 3800 2794 addi-

2186 2831 2320 2882 scat,
2369 2825 2568 2895 quibus
2624 2829 2814 2876 tacens
2865 2825 3276 2893 quodammodo
3323 2827 3603 2896 loquatur,
3661 2830 3801 2899 quia

2189 2914 2508 2984 priusquam
2552 2914 2832 2966 adunatus
2879 2913 3048 2966 fuerit
3083 2914 3151 2966 ad
3195 2925 3526 2974 Conventum
3572 2917 3704 2970 licet
3743 2918 3799 2970 ei

2188 3002 2472 3054 rarissime
2501 3001 2669 3068 loqui.
2704 3000 2766 3052 lit
2793 3001 2933 3052 tales
2954 3002 3185 3055 ollicinte
3211 3003 3416 3058 suntin
3444 2987 3707 3070 I'ltluSll'O,
3738 3006 3801 3059 in

2186 3091 2384 3161 quibus
2414 3096 2499 3142 est
2525 3089 2790 3142 traditum
2815 3106 2846 3140 a
2872 3090 3130 3143 Patribus
3153 3091 3379 3153 nostris,
3406 3099 3461 3144 et
3481 3095 3795 3161 praeﬁxum,

2184 3191 2246 3233 ut
2290 3189 2620 3250 perpetuum
2669 3179 2950 3230 silentium
3001 3186 3279 3244 teneatur,
3333 3181 3383 3232 id
3419 3190 3503 3241 est
3534 3183 3796 3247 ecclesna,

2184 3268 2595 3326 dormitorium,
2624 3267 2998 3329 refeetorium,
3025 3269 3264 3338 coquina
3292 3270 3582 3339 regularis.
3610 3272 3670 3324 In
3703 3272 3796 3332 his

2182 3357 2416 3426 singulis
2447 3365 2560 3409 tam
2616 3357 2670 3408 in
2718 3356 2828 3418 die,
2862 3374 3028 3426 quam
3077 3357 3129 3409 in
3177 3364 3353 3418 nocte,
3402 3358 3447 3412 si
3499 3361 3580 3414 vel
3613 3376 3798 3415 unum

2183 3447 2407 3498 verbum
2432 3461 2710 3514 quoquam
2745 3445 3010 3497 audiente
3048 3446 3312 3513 loquitur,
3337 3457 3536 3516 sponte
3569 3449 3799 3504 veniam

2180 3535 2337 3605 petit.
2388 3530 2491 3586 Sed
2535 3533 2577 3585 si
2623 3535 2764 3586 hanc
2799 3534 3196 3602 negligentiam
3229 3535 3565 3605 aliquotiens
3603 3537 3798 3591 incur-

2180 3623 2333 3687 rerit,
2363 3622 2644 3674 interdum
2668 3621 2943 3690 judicium
2973 3639 3082 3674 non
3107 3623 3309 3675 evadit.
3344 3626 3363 3644 '
3386 3624 3542 3677 Alias
3568 3641 3715 3677 vero.
3743 3617 3796 3679 si

2179 3712 2306 3781 quid
2361 3712 2623 3780 loquitur,
2676 3711 2778 3762 nisi
2833 3710 3167 3764 inclamatus
3204 3711 3416 3764 veniam
3464 3729 3573 3766 non
3606 3713 3787 3780 facit;

2176 3801 2270 3852 sed
2299 3813 2431 3853 tunc
2459 3817 2582 3852 raro
2610 3800 2882 3869 judicium
2918 3801 3122 3854 evadit.
3153 3807 3291 3863 (l'D.)
3326 3802 3390 3854 Et
3417 3801 3462 3854 si
3497 3803 3575 3854 vel
3609 3819 3788 3857 unam

2178 3889 2544 3959 ai'itiphonam
2581 3890 2660 3940 vel
2696 3891 3132 3958 responsorium,
3165 3888 3248 3940 vel
3293 3888 3442 3941 aliud
3494 3889 3623 3959 quid
3666 3892 3789 3945 tale

2177 3979 2388 4048 absque
2437 3979 2576 4030 libro
2616 3977 3005 4038 nominaverit,
3058 3984 3113 4031 et
3161 3977 3217 4032 in
3266 3977 3406 4031 libro
3456 3978 3622 4032 simul
3652 3996 3791 4041 cum

2177 4068 2473 4120 emissione
2505 4067 2654 4119 verbi
2687 4084 2796 4119 non
2828 4066 3045 4118 viderit.
3077 4066 3139 4120 de
3164 4066 3266 4119 hoc
3288 4083 3396 4120 non
3429 4067 3577 4120 aliud
3611 4085 3790 4138 quam

2176 4155 2338 4225 plane
2368 4155 2651 4208 silentium
2696 4162 2956 4207 censetur
2987 4153 3300 4224 infregisse.
3337 4157 3363 4180 *
3396 4153 3460 4206 In
3502 4155 3791 4211 auditorio

2177 4260 2286 4295 non
2316 4243 2445 4295 licet
2475 4245 2525 4296 ei
2557 4243 2705 4315 loqui
2741 4243 3007 4300 sedendo,
3031 4237 3139 4294 nisi
3170 4259 3293 4295 cum
3326 4243 3530 4296 domno
3552 4243 3782 4314 abbate,

541 4330 2158 4404 (un.var.lSaneimprimisetsiidparvum,necmentioneD
2185 4332 2260 4381 vel
2297 4330 2500 4400 priore,
2546 4341 2643 4382 aut
2683 4331 2968 4384 claustiali
3017 4331 3201 4400 priore
3251 4332 3490 4401 pleniter
3522 4332 3785 4390 ordinem

495 4425 724 4492 dignum
741 4420 952 4475 censeri
967 4419 1217 4489 possitab
1232 4420 1418 4488 aliquo
1455 4428 1641 4472 tamen
1659 4435 1782 4471 cum
1799 4436 1906 4470 non
1925 4437 2091 4489 parvo

495 4512 700 4576 studio,
726 4509 958 4580 quilibet
983 4509 1223 4560 novitius
1258 4513 1343 4560 est
1371 4507 1750 4570 instruendus,
1784 4514 1844 4562 ut
1874 4508 2088 4579 regula-

494 4601 633 4653 riter
663 4598 801 4651 sciat
831 4597 1116 4655 inclinare,
1148 4595 1357 4648 scilicet
1400 4611 1508 4646 non
1539 4595 1703 4646 dorso
1735 4596 1991 4652 allevato,
2029 4603 2087 4648 ut

492 4689 824 4760 quibusdam
863 4685 1272 4758 negligentibus
1301 4692 1385 4736 est
1414 4683 1688 4736 iinniliare
1722 4703 1732 4735 :
1767 4684 1860 4737 sed
1897 4685 1991 4746 ita,
2025 4690 2088 4738 ut

489 4779 715 4832 dorsum
753 4775 826 4829 sit
850 4774 1184 4828 submissius
1211 4788 1376 4842 quam
1405 4771 1599 4830 lumbi,
1632 4781 1684 4823 et
1715 4779 1883 4843 caput
1909 4773 2084 4826 subli-

488 4869 635 4921 mius
667 4882 831 4937 quam
883 4865 1129 4917 dorsum.
1177 4862 1354 4924 Quam
1406 4860 1823 4912 inclinatimem
1857 4878 1956 4913 nos
1989 4879 2087 4931 per

487 4971 649 5010 usum
696 4955 845 5006 AM‘E
890 4968 956 5004 ET
1000 4965 1167 5002 nemo
1202 4949 1306 5012 (:52:
1342 4947 1707 5017 appellamus,
1741 4964 1860 5017 quae
1891 4956 2086 5001 contra

485 5043 773 5098 Orientem
799 5039 1012 5108 incipit,
1044 5046 1099 5090 et
1125 5037 1248 5089 ﬁnit
1274 5043 1465 5088 contra
1495 5037 1876 5088 Occidentem.
1905 5036 2083 5098 Quam

482 5134 652 5186 etiam
692 5130 910 5198 agimus
941 5126 1120 5196 primo
1151 5133 1280 5176 ante
1313 5126 1627 5177 Nocturnus
1659 5133 1782 5194 post
1811 5132 1924 5176 tres
1955 5142 2080 5178 ora-

477 5221 681 5284 tiones,
715 5223 772 5270 et
801 5227 924 5286 post
955 5214 1388 5283 Completorium
1430 5211 1671 5277 ﬁnitum,
1707 5222 1763 5265 et
1789 5214 1922 5265 item
1956 5222 2081 5284 post

2175 4423 2419 4471 tenente.
2457 4419 2563 4473 Sed
2597 4427 2652 4472 et
2683 4436 2967 4489 nunquam
3004 4420 3058 4473 in
3087 4420 3380 4476 duodecim
3417 4420 3777 4490 lectionibus,

2175 4523 2353 4576 neque
2398 4507 2453 4559 in
2500 4514 2692 4562 aestate
2738 4508 2967 4578 privatis
2997 4508 3193 4562 diebus
3223 4517 3524 4581 antequam
3575 4509 3783 4584 litaniu

2171 4597 2416 4659 finiatur,
2453 4614 2632 4666 neque
2664 4597 2719 4649 in
2743 4597 2952 4668 hyeme
2994 4603 3124 4650 ante
3162 4600 3388 4650 tertiam
3420 4597 3491 4650 ibi
3525 4598 3609 4650 vel
3638 4599 3779 4652 alibi

2169 4685 2226 4738 in
2259 4686 2500 4739 claustro
2530 4687 2833 4756 quidquam
2859 4686 3124 4756 loquitur.
3155 4687 3270 4739 Hoc
3294 4693 3350 4740 et
3377 4687 3433 4739 in
3459 4687 3598 4739 cella
3621 4687 3780 4741 novi-

2169 4775 2376 4828 tiorum
2436 4776 2783 4839 observatur,
2828 4785 3054 4846 excepto
3095 4775 3241 4846 quod
3297 4776 3536 4829 domnus
3574 4776 3773 4843 abbas,

2169 4864 2253 4916 vel
2289 4864 2462 4929 Prior,
2496 4865 2580 4917 vel
2626 4864 2894 4934 Magister
2924 4863 3279 4930 novitiorum,
3315 4864 3478 4937 solito
3515 4871 3776 4937 tempore

2169 4963 2351 5024 potest
2379 4953 2452 5005 ibi
2481 4954 2718 5024 alicujus
2750 4953 2942 5005 novitii
2968 4954 3374 5007 confessionem
3406 4954 3619 5012 audire.

2791 5043 3023 5095 CAPUT
3066 5042 3157 5095 VI.

2656 5131 2727 5183 Dc
2765 5132 2940 5196 signis
2982 5133 3262 5198 loquendi.

2231 5219 2310 5271 De
2333 5218 2467 5289 ipsis
2491 5225 2677 5271 autem
2701 5219 2894 5287 signis,
2919 5225 2982 5271 ut
2999 5219 3190 5289 aliqua
3211 5236 3436 5290 ponam,
3460 5238 3510 5273 v.
3536 5240 3601 5292 g.
3628 5221 3763 5290 (33).

552 5360 661 5430 (3|)
689 5362 957 5414 Abscome
988 5372 1131 5409 caeca
1162 5356 1394 5430 laterna.
1429 5371 1538 5430 qua
1571 5354 1822 5430 monachi
1857 5363 1918 5409 ut
1950 5358 2073 5427 plu-

474 5426 680 5488 rimum
714 5432 916 5486 uteban
951 5445 1017 5482 ur
1044 5431 1095 5480 in
1124 5427 1393 5480 obeundis
1422 5426 1783 5480 dormiturus.

547 5507 648 5568 (3:;
680 5505 776 5561 liae
807 5519 962 5554 voces
991 5508 1117 5552 ante
1149 5511 1193 5550 et
1224 5504 1387 5561 retro,
1432 5501 1753 5567 lrequenter
1779 5507 2073 5554 recurrunt

473 5575 528 5626 in
563 5577 664 5626 hoc
706 5571 1024 5639 Ordinatio,
1073 5585 1296 5639 semper
1329 5576 1522 5624 tamen
1562 5570 1880 5637 signiﬁcant
1908 5570 2070 5624 incli-

2157 5359 2439 5413 nationem
2467 5361 2733 5431 corporis.
2769 5378 2884 5430 qua;
2912 5367 3104 5415 contra
3139 5363 3416 5415 Orientem
3449 5365 3670 5433 incipit,
3710 5374 3760 5420 et

2155 5438 2281 5498 [ἱιιιί
2312 5440 2455 5485 cout-
2475 5451 2509 5485 ιι
2541 5438 2894 5500 Uccz‘drntnu,
2925 5441 2986 5485 ut
3011 5433 3069 5485 in
3095 5433 3228 5487 0rd.
3260 5433 3512 5488 Cluniae.
3535 5439 3761 5498 monui-

2155 5521 2298 5557 mus.

2218 5575 2334 5646 (d3;
2370 5575 2506 5629 Vide
2535 5592 2656 5648 cap.
2700 5574 2780 5641 l7,
2810 5580 2955 5646 part.
2989 5590 3027 5630 Ῑ.
3061 5575 3196 5631 0rd.
3227 5575 3481 5654 Cluniae.
