3964 6360
574 317 681 379 943
1607 316 1665 371 S.
1699 314 2093 371 GUILLELMI
2129 313 2435 372 ABBATIS
2473 315 2815 372 HIRSAUG.
3750 314 3855 372 944

572 459 721 500 eam.
756 459 880 516 qua
906 440 1142 497 inferior
1166 444 1253 496 est
1292 439 1582 511 paululum
1611 439 1665 493 in
1695 455 1881 494 aerem
1910 456 2163 498 movens.
2191 445 2231 498 A
2255 440 2373 495 lum
2402 456 2564 511 pone.
2599 439 2805 518 Eodem
2837 437 3003 491 modo
3044 453 3147 508 pro
3190 437 3395 492 minori
3426 454 3629 509 pruna,
3662 439 3857 493 addita

574 533 781 589 Eodem
812 532 995 591 modo.
1024 530 1071 585 si
1101 546 1267 601 poma
1295 529 1473 583 assari
1516 529 1726 599 cupias.
1764 530 1869 582 Pro
1903 529 2062 597 signo
2092 528 2170 582 la-
2252 529 2559 583 elevatione
2590 527 2809 581 minimi
2835 527 3016 597 digiti.
3054 526 3162 580 Pro
3193 526 3351 596 signo
3381 544 3704 582 cerasorum
3728 547 3740 587 ;
3764 546 3857 599 ge-

572 620 698 683 ctis,
732 623 926 675 omnes
956 620 1161 690 digitos
1190 618 1432 672 dexterae
1460 630 1660 670 manUS
1679 616 1909 669 minimo
1935 617 2170 671 alterius
2253 618 2430 671 nerali
2459 617 2620 687 signo
2652 615 2935 688 praemisso
2964 615 3200 685 digitum
3235 616 3289 668 in
3319 633 3466 685 gena
3511 633 3676 686 pone,
3706 619 3856 688 quod

577 726 782 765 manus
823 710 999 780 digito
1033 710 1437 778 circumponas
1474 713 1531 760 et
1559 707 1639 760 sic
1666 706 1723 759 in
1740 722 1927 761 aerem
1952 705 2163 768 trahas,
2256 706 2493 770 rubeum
2522 722 2745 776 semper
2772 705 3012 759 colorem
3045 704 3327 774 exprimit.
3347 704 3456 758 Pro
3482 705 3642 775 signo
3673 706 3857 777 frago-

576 798 760 870 ipsum
781 798 867 852 lac
881 796 1258 866 emulgentem
1281 792 1865 862 simulans.Prosigno
1878 792 2166 863 placentae;
2254 811 2400 859 rum,
2421 794 2595 848 trium
2621 793 2990 847 maximorum
3011 792 3367 848 summitates
3392 794 3699 864 digitorum
3720 812 3861 849 con-

576 886 828 958 generali
846 886 1006 956 signo
1028 884 1315 957 praemisso
1330 883 1492 953 panis
1512 887 1565 935 et
1588 881 1755 938 casei.
1779 880 1849 934 de
1862 897 1977 935 una
1998 895 2169 933 manu
2246 883 2442 953 junge,
2479 882 2712 953 reliquis
2742 899 2964 953 quoque
2994 882 3212 935 duobus
3241 882 3582 952 compositis,
3614 883 3860 955 applica-

579 991 773 1030 omnes
802 974 1009 1044 digitos
1044 973 1285 1027 inﬂecte.
1316 977 1374 1024 et
1399 970 1481 1025 ita
1505 986 1676 1023 manu
1705 986 1839 1023 cava
1860 968 1917 1022 in
1944 968 2173 1022 interio-
2251 973 2438 1042 tisque
2454 971 2662 1025 dextrae
2681 970 3653 1041 manustribusdigitis,vellicantem
3672 989 3858 1027 moros

578 1080 699 1120 rem
738 1061 1090 1135 superﬁciem
1121 1060 1353 1116 alterius
1384 1075 1586 1114 manus
1639 1075 1802 1129 pone.
1857 1058 1967 1111 Pro
2013 1057 2173 1127 signo
2255 1061 2462 1115 simula
2502 1060 2946 1130 :sciendumque
2998 1066 3087 1113 est
3130 1060 3321 1113 omnia
3367 1059 3534 1131 nigri,
3582 1060 3858 1132 rubeique

576 1150 1188 1222 crispellarum(li6)vel
1214 1149 1601 1219 frigdolarum,
1625 1164 1752 1202 cum
1775 1162 1964 1219 pugno
1988 1146 2177 1217 accipe
2258 1149 2459 1203 coloris
2493 1149 2669 1219 fraga,
2703 1165 2992 1219 unumque
3036 1148 3301 1219 idemque
3341 1149 3565 1219 signum
3596 1150 3808 1205 habere
3838 1170 3849 1203 :

577 1243 782 1311 crines,
804 1241 964 1313 quasi
985 1240 1179 1311 cupias
1204 1255 1300 1292 eos
1319 1238 1401 1292 ita
1420 1237 1633 1308 crispos
1653 1237 1855 1290 facere.
1882 1236 1991 1288 Pro
2010 1234 2170 1305 signo
2254 1244 2505 1309 excepto,
2539 1238 2688 1308 quod
2733 1237 2892 1306 nigra
2934 1237 3139 1292 tunicae
3168 1238 3351 1308 signo,
3391 1239 3504 1293 alia
3533 1255 3662 1293 vero
3694 1239 3856 1293 rubei

574 1331 922 1386 raseolarum
951 1328 1108 1401 (47);
1159 1327 1407 1399 generali
1447 1327 1607 1397 signo
1653 1324 1941 1395 praemisso
1986 1323 2166 1393 panis,

575 1420 778 1475 simula
808 1436 934 1475 cum
966 1417 1185 1473 duobus
1213 1416 1405 1486 digitis
1435 1416 1560 1469 illas
1593 1413 1839 1467 minutas
1877 1411 2172 1465 involutio-

575 1526 696 1574 nes,
730 1526 855 1580 quae
883 1508 941 1562 in
972 1508 1053 1562 eis
1096 1512 1229 1561 sunt
1264 1508 1424 1559 facta;
1470 1520 1534 1557 ex
1583 1520 1648 1557 ea
1694 1509 1872 1573 parte.
1902 1517 2013 1570 qua
2040 1506 2173 1553 sunt

576 1598 923 1669 complicataa
951 1604 1009 1652 et
1039 1596 1197 1667 quasi
1227 1594 1503 1649 rotundae.
1541 1593 1648 1645 Pro
1677 1591 1837 1661 signo
1869 1589 2049 1661 panis,
2075 1588 2171 1659 qui

573 1688 636 1741 in
664 1688 949 1757 sartagine
977 1685 1239 1754 coquitur
1263 1702 1276 1751 ;
1318 1681 1640 1753 praescripto
1669 1680 1834 1733 modo
1865 1687 2060 1732 contra
2091 1678 2173 1730 di-

2252 1326 2455 1380 coloris
2482 1327 2643 1396 signo
2672 1326 2895 1380 dilferre
2925 1325 3116 1380 facins.

2858 1413 3092 1470 CAPUT
3142 1415 3241 1469 XI.

2502 1508 2575 1560 De
2606 1507 2780 1573 signis
2816 1521 3109 1573 primarum
3147 1508 3589 1573 peregrinorum.

2325 1596 2347 1618 θ
2375 1595 2482 1648 Pro
2504 1594 2665 1665 signo
2692 1594 2843 1665 pomi
2872 1593 3083 1647 cedrini
3110 1613 3121 1653 ;
3153 1594 3403 1664 generali
3427 1595 3711 1664 praemisso
3739 1596 3854 1650 hoc

2253 1687 2415 1751 adde,
2431 1694 2495 1741 ut
2512 1687 2837 1741 interiorem
2863 1692 3079 1757 partem
3105 1687 3317 1756 pollicis
3334 1693 3521 1740 mento
3540 1704 3852 1759 supponas.

573 1776 757 1848 gitum
792 1776 975 1837 sufﬂa.
1008 1774 1348 1843 signumque
1375 1769 1668 1841 sagiminis
1695 1768 1838 1822 adde
1879 1768 1986 1822 Pro
2008 1759 2232 1837 signoB
2256 1774 2362 1828 Pro
2384 1776 2544 1845 signo
2565 1776 2724 1840 ﬁcus,
2745 1775 2997 1845 generali
3022 1775 3307 1845 praemisso
3332 1776 3626 1846 utriusque
3648 1793 3857 1832 manus

573 1864 852 1936 pulmenti
882 1862 1127 1918 oleribus
1156 1860 1428 1926 confecti;
1474 1875 1601 1912 cum
1649 1857 1830 1911 indice
1869 1857 2063 1910 dextro
2112 1855 2171 1909 in

570 1954 899 2009 summitate
922 1951 1097 2024 pugni
1126 1949 1340 2004 sinistri
1354 1948 1557 2002 simula
1580 1946 1917 2001 incidentem
1943 1945 2167 1999 easdem

572 2041 797 2097 herbas.
833 2042 940 2095 Pro
969 2040 1131 2111 signo
1165 2037 1622 2101 'Sorbiciunculze,
1678 2035 1734 2088 id
1790 2041 1895 2099 est,
1943 2033 2048 2087 cibi
2104 2050 2167 2087 ex

569 2130 780 2197 herbis,
812 2135 946 2197 etc.,
969 2135 1027 2183 et
1054 2127 1301 2183 oleribus
1331 2125 1566 2180 confecti
1590 2143 1603 2191 ;
1654 2129 1852 2179 contra
1887 2129 2169 2177 extentam

571 2236 804 2275 manum
826 2219 1112 2275 sinistram
1136 2234 1339 2289 gyrum
1366 2233 1493 2270 cum
1524 2216 1720 2269 dextro
1748 2214 1927 2269 indice
1957 2212 2129 2266 facias
2153 2230 2167 2278 ;

570 2325 674 2381 pro
705 2327 771 2365 eo
801 2308 949 2381 quod
980 2314 1035 2362 et
1061 2308 1243 2379 ipsum
1275 2306 1355 2361 ita
1388 2304 1781 2359 circumfertur
1810 2303 1867 2356 in
1899 2302 2028 2356 olla.
2062 2301 2171 2355 Pro

572 2398 735 2470 signo
767 2397 926 2462 milii,
960 2396 1068 2450 isto
1097 2396 1292 2450 eodem
1334 2394 1621 2466 praemisso
1653 2393 1758 2447 hoc
1784 2392 1947 2452 adde,
1972 2395 2038 2443 ut
2058 2389 2174 2461 pol-

570 2487 732 2542 licem
764 2487 822 2541 in
852 2485 1181 2541 summitate
1211 2484 1431 2537 minimi
1471 2482 1633 2553 digiti
1676 2480 1957 2535 modicum
1992 2477 2171 2550 prosi-

567 2575 673 2630 lire
721 2576 914 2630 facias.
965 2576 1075 2630 Pro
1122 2573 1282 2642 signo
1309 2571 1674 2637 comedendi;
1706 2571 1847 2625 duos
1877 2585 2167 2638 supremos

568 2665 777 2735 digitos
804 2665 1130 2734 conjunctos
1150 2662 1218 2717 ad
1248 2678 1310 2716 os
1338 2662 1513 2715 semel
1544 2660 1786 2730 porrige,
1811 2658 2026 2712 caeteris
2059 2674 2164 2727 pu-

2254 1864 2461 1935 digitos
2490 1865 2780 1935 complica.
2810 1865 3135 1935 junctisque
3156 1866 3223 1918 ad
3249 1864 3481 1919 invicem
3507 1865 3770 1919 manibus
3796 1866 3857 1919 in

2252 1954 2526 2023 superiori
2558 1970 2780 2008 rursum
2811 1953 3091 2023 disjunge,
3126 1954 3293 2008 veluti
3321 1954 3416 2014 qui
3448 1971 3566 2008 rem
3599 1955 3857 2025 aliquam

2250 2042 2582 2096 dividit.Pro
2604 2043 2762 2113 signo
2791 2048 3086 2097 castaneae.
3108 2059 3333 2096 manum
3357 2043 3415 2097 in
3434 2060 3663 2098 manum
3685 2060 3858 2115 pone,

2250 2130 2336 2184 bis
2364 2131 2449 2185 vel
2479 2136 2565 2184 ter
2595 2147 2720 2184 eam
2750 2130 3169 2185 circumferens.

2848 2220 3081 2274 CAPUT
3123 2218 3248 2274 XII.

2756 2308 2823 2361 De
2876 2310 3052 2375 signis
3103 2311 3316 2361 olerum
3331 2354 3343 2365 .

2319 2396 2342 2418 ⁶
2373 2395 2647 2450 Generale
2673 2396 2896 2467 signum
2926 2397 3139 2451 olerum
3169 2397 3525 2460 est,indicem
3559 2398 3849 2463 deorsum,

2251 2482 2307 2537 id
2338 2490 2441 2549 est,
2466 2492 2662 2539 contra
2686 2492 2894 2539 terram
2917 2486 3235 2548 extendere,
3263 2487 3343 2541 sic
3375 2495 3561 2542 tamen
3609 2493 3668 2541 ut
3698 2503 3854 2541 sum-

2250 2575 2502 2629 mitatem
2526 2576 2738 2647 pollicis
2755 2575 2905 2629 illius
2929 2576 3112 2629 medio
3133 2576 3369 2630 articulo
3386 2575 3849 2647 apponas.Quod,

2250 2664 2354 2717 etsi
2384 2664 2644 2719 omnibus
2676 2664 2920 2718 oleribus
2950 2665 3130 2736 primo
3162 2666 3281 2719 loco
3311 2666 3624 2723 conveniat.
3655 2671 3853 2718 tamen

564 2754 701 2825 gillo
732 2753 1031 2827 implicatis
1081 2754 1189 2806 Pro
1218 2751 1379 2821 signo
1418 2750 1604 2804 carnis
1632 2764 1761 2803 cum
1811 2747 2003 2816 digitis
2032 2746 2166 2799 duo-
2246 2769 2473 2823 porrum
2501 2754 2818 2824 specialiter
2843 2761 2898 2808 et
2925 2755 3147 2825 proprie
3177 2755 3380 2825 signat.
3412 2756 3517 2808 Pro
3538 2756 3699 2823 signo
3713 2771 3853 2825 cepe

565 2843 673 2899 bus
720 2844 961 2898 dextera;
1001 2858 1202 2896 manus
1257 2841 1315 2894 in
1370 2838 1633 2894 exteriori
1686 2837 1982 2908 superﬁcie
2021 2836 2164 2889 alte-
2248 2841 2496 2910 generali
2539 2844 2825 2913 praemisso
2854 2844 2957 2897 hoc
2986 2844 3148 2897 adde.
3200 2851 3265 2898 ut
3306 2844 3566 2898 omnibus
3603 2843 3853 2898 sinistrte

565 2934 687 2989 rius
728 2942 912 2990 cutem
960 2939 1149 3001 tange,
1204 2929 1394 2984 addito
1440 2929 1602 2998 signo
1652 2925 1999 2981 comedendi.
2056 2925 2164 2978 Pro
2249 2946 2449 2985 manus
2476 2931 2665 3001 digitis
2692 2932 2919 2986 insimul
2946 2933 3446 3001 iunctis.dextrum
3482 2933 3722 2987 indicem
3750 2948 3854 3002 per

565 3024 727 3095 signo
756 3022 1068 3095 sagiminis.
1104 3020 1340 3074 extende
1366 3034 1592 3071 manum
1625 3016 1933 3078 sinistram,
1967 3020 2025 3069 et
2050 3020 2165 3068 tres
2186 3034 2443 3094 Ceorum
2473 3020 2770 3074 sumitates
2815 3022 3010 3075 trahas
3078 3022 3353 3076 simulans
3398 3038 3549 3086 eum,
3584 3021 3682 3092 qui
3714 3037 3849 3074 cum

565 3114 786 3169 medios
809 3112 1014 3183 digitos
1045 3109 1278 3164 alterius
1307 3123 1507 3161 manus
1534 3106 1591 3161 in
1620 3106 1771 3159 illius
1808 3103 2063 3159 interiori
2088 3104 2164 3157 le-
2244 3107 2424 3162 cultro
2456 3107 2665 3179 aliquid
2701 3109 2928 3163 incidat.
2955 3109 3062 3163 Pro
3102 3110 3262 3180 signo
3292 3110 3547 3181 peponis,
3581 3109 3852 3180 praedicto

564 3203 716 3259 niter
742 3203 924 3262 trahe,
974 3199 1134 3272 quasi
1180 3203 1484 3267 ungentem
1541 3195 1789 3249 simules.
1843 3194 1952 3248 Pro
2002 3193 2162 3264 signo
2245 3196 2413 3250 modo
2442 3196 2649 3267 digitos
2676 3199 2970 3268 conjunge,
2994 3205 3051 3252 et
3081 3198 3318 3253 indicem
3349 3216 3451 3270 per
3465 3200 3767 3268 juncturas
3785 3197 3853 3251 il-

566 3291 677 3347 olei
704 3290 997 3351 naturalis,
1032 3288 1180 3359 quod
1236 3304 1301 3341 ex
1360 3284 1596 3340 nucibus
1640 3282 1760 3337 ﬁeri
1819 3283 1978 3346 solet,
2026 3298 2163 3353 prae-

564 3379 738 3436 misso
760 3380 917 3433 nucis
936 3379 1116 3448 signo,
1142 3376 1285 3431 adde
1309 3376 1532 3445 signum
1555 3372 1982 3445 sagiminisJ’ro
2004 3372 2165 3442 signo

565 3468 770 3532 mellis,
804 3466 1090 3540 paulisper
1115 3465 1202 3520 fac
1230 3465 1482 3536 linguam
1524 3478 1817 3535 apparere,
1863 3467 1921 3515 et
1964 3461 2166 3531 digitos

565 3557 804 3631 applica,
839 3556 1000 3629 quasi
1028 3554 1275 3611 lambere
1306 3554 1469 3611 velis.

1198 3679 1433 3736 CAPUT
1472 3678 1538 3733 X.

1050 3807 1124 3863 De
1152 3808 1329 3875 signis
1356 3820 1672 3875 pomorum.

637 3923 661 3947 ⁹
690 3922 800 3976 Pro
830 3917 993 3990 signo
1021 3915 1175 3988 pomi
1223 3913 1479 3985 pollicem
1529 3927 1656 3965 cum
1704 3910 1829 3964 aliis
1874 3907 2163 3963 conclude.

564 4011 675 4067 Pro
702 4010 862 4080 signo
912 4005 1040 4077 piri,
1071 4001 1323 4075 generali
1383 4001 1543 4071 signo
1590 3999 1878 4071 praemisso
1924 3997 2166 4051 indicem

569 4099 822 4155 extende.
853 4097 962 4151 Pro
993 4094 1151 4164 signo
1169 4090 1353 4147 cotani
1382 4088 1527 4155 («’18):
1559 4088 1808 4159 generali
1839 4086 2000 4157 signo
2021 4101 2162 4157 prae-

567 4189 741 4245 misso
764 4187 991 4255 signum
1013 4181 1214 4253 lapidis
1235 4180 1398 4234 adda.
1423 4180 1530 4233 Pro
1545 4177 1707 4248 signo
1724 4176 1971 4249 persicae,
1990 4191 2163 4245 gene-

568 4277 675 4333 rali
702 4276 864 4345 signo
898 4270 1201 4344 praemisso.
1234 4268 1464 4341 pellicia:
1492 4268 1714 4339 signum
1764 4265 1928 4319 adde.
1953 4265 2062 4318 Pro
2088 4263 2167 4317 si-

2244 3287 2427 3340 lorum
2458 3287 2720 3342 deorsum
2748 3288 2929 3349 trahe,
2962 3304 3027 3342 ac
3066 3288 3111 3341 si
3158 3289 3355 3348 lineas,
3389 3305 3512 3358 quae
3540 3288 3597 3342 in
3627 3304 3692 3341 eo
3723 3303 3850 3342 esse

2248 3371 2449 3436 solent,
2482 3372 2619 3425 velis
2666 3372 2986 3443 depingere.
3034 3373 3142 3426 Pro
3172 3373 3330 3443 signo
3380 3380 3520 3427 rutae
3547 3392 3559 3438 ;
3586 3373 3850 3442 generali

2248 3461 2536 3533 praemisso
2570 3461 2672 3515 hoc
2698 3461 2859 3525 adde,
2888 3467 2951 3515 ut
2982 3478 3107 3515 cum
3139 3468 3259 3516 tota
3288 3478 3459 3516 manu
3490 3462 3847 3516 vellicantem

2251 3567 2375 3604 eam
2405 3550 2654 3605 simules.
2680 3550 2787 3604 Pro
2813 3550 2973 3621 signo
2990 3550 3237 3612 feniCuli,
3258 3551 3499 3621 signum,
3523 3568 3634 3622 quo
3658 3552 3848 3620 splen-

2248 3640 2351 3693 dor
2393 3639 2539 3693 oculi
2587 3639 2936 3709 designatur,
2990 3639 3152 3694 adde.
3188 3641 3298 3694 Pro
3343 3640 3503 3711 signo
3556 3647 3846 3712 panocetae

2248 3728 2644 3784 Rheinovianae
2674 3727 2759 3789 (48
2788 3732 2854 3797 ‘),
2876 3729 3129 3799 generali
3159 3734 3464 3800 praemisso,
3494 3747 3726 3784 manum
3759 3748 3852 3784 ex-

2248 3822 2467 3871 tensam
2497 3816 2708 3889 pectori
2743 3834 2981 3888 appone,
3015 3818 3207 3871 addito
3237 3818 3363 3873 boni
3386 3819 3565 3889 signo,
3600 3836 3665 3873 co
3692 3819 3845 3889 quod

2249 3921 2339 3958 res
2370 3905 2506 3959 satis
2536 3906 2826 3959 commoda
2857 3906 2929 3960 sit
2957 3907 3216 3960 inﬁrmis.
3242 3907 3352 3961 Pro
3372 3908 3532 3977 signo
3556 3908 3729 3968 aneti,
3753 3925 3856 3979 ge-

2250 3993 2428 4048 nerali
2450 3994 2755 4066 praemisso.
2775 3996 3031 4067 pollicem
3056 4012 3180 4050 cum
3212 3995 3397 4050 indice
3417 3997 3668 4068 proximo
3698 3998 3853 4051 nari-

2246 4082 2351 4137 bus
2381 4083 2645 4141 admove;
2667 4085 2857 4139 addito
2901 4085 3166 4156 praedicto
3212 4086 3487 4157 cujusque
3534 4085 3615 4140 rei
3658 4086 3851 4156 signo.

2247 4173 2356 4228 Pro
2386 4175 2545 4244 signo
2562 4174 2692 4246 apii.
2710 4174 2962 4245 generali
2988 4174 3295 4244 praemisso,
3326 4175 3550 4245 signum
3583 4175 3857 4230 minutio-

2247 4263 2337 4316 nis
2362 4264 2523 4317 adde.
2559 4265 2666 4317 Pro
2696 4263 2857 4334 signo
2891 4264 3093 4321 salvize.
3135 4264 3386 4334 generali
3419 4264 3726 4335 praemisso,
3764 4265 3850 4319 si-

566 4383 680 4438 gno
709 4363 953 4434 nespilaz,
978 4359 1226 4432 generali
1257 4359 1415 4429 signo
1446 4357 1735 4428 praemisso
1763 4354 1911 4424 regis
1940 4353 2164 4424 signum
2188 4394 2234 4452 Β
2249 4368 2424 4421 gnum
2441 4353 2572 4406 salis
2592 4352 2869 4406 adde.Pro
2885 4354 3048 4422 signo
3069 4353 3577 4423 porcioli.generali
3600 4357 3855 4425 praemis-

570 4455 731 4510 adde.
762 4454 869 4508 Pro
891 4452 1051 4522 signo
1073 4448 1305 4520 majoris
1342 4447 1519 4510 nucis,
1552 4443 1935 4500 summitatem
1967 4442 2166 4497 indicis

569 4545 630 4600 in
662 4542 775 4597 oris
803 4539 1214 4597 extremitatem
1249 4553 1411 4609 pone.
1439 4534 1650 4589 Eodem
1679 4550 1782 4605 pro
1802 4532 2005 4586 minori
2027 4548 2169 4586 nuce

570 4633 762 4690 addita
793 4628 1103 4687 elevatione
1133 4625 1352 4680 minimi
1383 4623 1563 4694 digiti,
1600 4622 1748 4694 quod
1779 4637 2003 4692 semper
2049 4636 2168 4674 rem

569 4738 797 4796 parvam
829 4719 1126 4791 significat.
1170 4717 1279 4770 Pro
1329 4712 1489 4783 signo
1520 4711 1665 4766 botri
1695 4727 1890 4765 omnes
1926 4709 2169 4764 sinistrae

570 4829 773 4867 manus
801 4810 1007 4881 digitos
1050 4805 1343 4877 aequaliter
1386 4802 1685 4872 conjunge,
1728 4800 2053 4869 cunctisque
2100 4799 2169 4854 de

568 4918 744 4957 manu
774 4900 953 4954 altera
970 4892 1383 4965 circumpositis
1404 4892 1462 4945 in
1482 4891 1648 4945 tinem
1673 4889 1946 4961 praedictae
1968 4889 2171 4942 leniter

569 4990 860 5047 contrahe.
893 4984 1055 5056 quasi
1081 4983 1435 5053 colligentem
1468 4996 1604 5036 uvas
1628 4979 1922 5033 simulans.
1952 4978 2061 5031 Pro
2092 4977 2170 5031 si-

565 5096 681 5154 gno
732 5075 965 5148 majoris
1020 5088 1235 5144 prunaz,
1280 5068 1532 5142 generali
1582 5067 1871 5140 praemisso
1929 5066 2169 5121 indicem

568 5184 741 5243 super
766 5167 1044 5229 dextrum,
1077 5160 1325 5216 medium
1352 5174 1481 5213 vero
1507 5174 1676 5228 super
1703 5156 1996 5210 sinistrum
2034 5171 2168 5209 ocu-

641 5310 757 5380 (46)
783 5306 1071 5376 Orispclla,
1116 5302 1331 5381 Rustici
1361 5299 1529 5381 _apud
1553 5300 1930 5381 _Normannos
1972 5301 2172 5381 vocant

566 5373 754 5453 caepe,
785 5397 889 5437 ova
907 5373 1096 5452 pauca
1118 5393 1244 5431 cum
1270 5373 1452 5429 farina
1492 5373 1684 5438 mixta,
1714 5377 1771 5425 et
1804 5373 1863 5425 in
1885 5373 2170 5440 sartagine

570 5456 752 5596 “("4373
782 5524 1032 5596 nam.
1062 5519 1203 5596 alias
1216 5518 1476 5596 aureola.
1496 5519 1555 5567 et
1583 5514 1827 5596 βέέΐείιέ·
1997 5512 2163 5596 ιρρεε

568 5584 830 5651 videntur
848 5584 1073 5648 dilferre
1091 5590 1161 5645 ab
1182 5589 1403 5644 oblatis.
1426 5601 1526 5641 seu
1547 5584 1727 5650 obliis,
1755 5584 1901 5644 Gall.
1926 5587 2164 5654 0ublies,

573 5667 839 5733 Gaum'es,
872 5664 1062 5720 Germ.
1092 5664 1330 5732 Hippcn,
1358 5660 1408 5716 si
1434 5658 1550 5714 sint
1574 5657 1839 5729 majores.

2252 4442 2333 4499 sol.
2358 4441 2580 4512 signum
2606 4442 2757 4513 porci
2792 4442 2954 4496 adde.
2978 4442 3087 4496 Pro
3126 4443 3291 4511 signo
3321 4443 3573 4505 lactucae,
3592 4445 3852 4514 generali

2250 4531 2538 4601 praemisso
2558 4530 2762 4600 digitos
2781 4547 2979 4584 manus
2998 4520 3204 4585 dextra:
3225 4548 3418 4585 omnes
3437 4531 3767 4603 comprime,
3794 4539 3854 4587 et

2252 4619 2546 4673 confestim
2576 4620 2856 4690 disjunge,
2887 4619 3047 4690 quasi
3079 4620 3368 4674 mollitiem
3395 4628 3453 4674 et
3482 4622 3604 4691 ejus
3646 4620 3854 4674 latitu-

2252 4708 2439 4762 dinem
2462 4708 2761 4765 simulans.
2784 4709 2892 4762 Pro
2925 4709 3085 4778 signo
3114 4708 3400 4774 ceraefolii,
3424 4708 3672 4778 generali
3688 4726 3855 4778 pra:-

2250 4797 2423 4852 misso
2434 4814 2574 4852 cerae
2595 4798 2817 4868 signum
2833 4798 2899 4851 ad
2901 4799 3094 4868 junge.
3121 4799 3229 4852 Pro
3250 4799 3411 4869 signo
3430 4798 3594 4863 cauli,
3613 4814 3853 4853 manum

2251 4886 2959 4957 complicatam.pra3misso
2973 4886 3247 4957 generali,
3272 4903 3464 4940 versus
3484 4893 3692 4940 terram
3715 4903 3856 4956 pau-

2251 4975 2429 5029 lulum
2455 4975 2726 5046 impinge,
2760 4975 2917 5047 quasi
2942 4975 3037 5047 qui
3065 4976 3299 5047 plantat.
3333 4976 3442 5030 Pro
3472 4976 3634 5046 signo
3654 4982 3855 5046 petro-

2252 5063 2423 5129 silini,
2444 5065 2695 5135 generali
2714 5063 3020 5136 praemisso,
3043 5065 3267 5135 signum
3300 5064 3504 5135 lapidis
3536 5063 3698 5118 adde.
3736 5064 3852 5119 Pro

2252 5153 2413 5223 signo
2438 5153 2720 5218 nasturtii,
2753 5153 2901 5224 quod
2924 5152 3233 5223 vulgariter
3270 5170 3441 5208 cressa
3466 5152 3587 5224 (49)
3616 5152 3849 5223 dicitur,

2324 5294 2433 5361 (48)
2462 5299 2737 5351 Catonum
2758 5339 2773 5361 ,
2804 5296 3115 5350 Cotoneum
3148 5295 3374 5357 malam,
3411 5296 3600 5349 Germ.
3635 5297 3848 5363 Kitten,

2252 5367 2398 5421 Gall.
2432 5369 2584 5422 δοίη.
2618 5369 2824 5424 Uotana
2853 5367 3059 5421 dicitur
3086 5368 3233 5438 apud
3264 5368 3324 5422 F.
3357 5368 3523 5422 Laur.
3564 5366 3626 5421 in
3654 5369 3845 5423 Annal.

2322 5439 2458 5506 (48';
2508 5441 2791 5504 Panocrta,
2861 5438 3087 5509 panacis
3148 5438 3380 5504 Species,
3438 5440 3842 5507 Rheinoviana,

2244 5510 2413 5573 dicta,
2455 5510 2600 5580 quod
2633 5510 2781 5565 circa
2806 5511 3062 5565 Rhenum
3118 5509 3337 5564 facilius
3365 5523 3597 5564 crescat.

2319 5581 2426 5647 (49)
2456 5587 2659 5647 cressa,
2699 5580 3053 5648 Cardamine,
3103 5581 3447 5638 nasturtium
3488 5581 3844 5654 aquaticum.

2247 5652 2394 5713 Gall.
2426 5652 2674 5708 Gresson.

2299 5667 2394 5708 au.
2426 5667 2674 5708 σνεσδοη.

3852 5774 3886 5813 ὲ
