3964 6378
105 375 209 457 945

1154 379 1575 438 CONSTITUT.
1626 379 1972 437 HIRSAUG.
2015 410 2081 423 —
2119 381 2258 437 LIB.
2297 380 2348 437 Ι.

3279 381 3385 442 946

106 466 395 575 premisso
420 502 671 574 generali
699 502 785 558 fac
816 520 1088 577 apparere
1114 504 1768 578 linguam,applicato-A
1788 506 1950 578 signo
1973 507 2137 571 aceti,
2154 506 2396 562 indicem
2424 507 2484 562 in
2513 506 2741 562 dextera
2759 511 2921 579 parte
2947 507 3196 578 gutturis
3212 508 3387 566 semei

106 609 212 663 que
236 591 424 646 indice
462 592 801 647 lambentem
833 594 1184 652 simula.Pro
1204 597 1364 666 signo
1394 596 1703 667 papaveris,

103 680 353 751 generali
373 681 664 752 praemisso
693 699 941 753 pugnum
970 700 1192 738 sursum
1224 685 1368 743 leva.
1410 684 1519 740 Pro
1547 685 1708 756 signo

103 770 204 824 lilii
245 770 536 841 praemisso
550 772 804 841 generali
849 772 1139 827 straminei
1154 773 1376 844 signum
1406 774 1567 829 adde.
1595 776 1702 830 Pro

103 860 264 929 signo
284 875 447 920 rosae,
468 860 754 930 praemisso
772 862 1048 931 generali,
1066 862 1290 933 signum
1311 863 1471 918 rubei
1499 864 1702 919 coloris

101 948 263 1004 adde.
282 945 395 1002 Pro
424 948 586 1019 signo
614 949 1057 1021 ysopi,generali
1089 952 1379 1022 praemisso
1406 951 1513 1007 hoc
1535 953 1699 1020 adde,

100 1044 164 1092 ut
188 1037 465 1091 interiora
503 1054 703 1093 manus
731 1055 990 1110 expansa;
1032 1040 1293 1095 deorsum
1344 1057 1501 1096 versa
1530 1058 1704 1114 prope

100 1133 310 1181 terram
324 1133 541 1194 teneas;
574 1144 640 1183 eo
665 1128 813 1199 quod
843 1129 1074 1183 humilis
1105 1129 1279 1184 herba
1306 1136 1410 1189 est.
1444 1136 1502 1185 et
1524 1131 1707 1185 humi-

100 1216 317 1270 litatem
346 1232 572 1287 semper
590 1217 935 1287 significans.
976 1218 1085 1272 Pro
1105 1218 1264 1289 signo
1288 1219 1545 1274 abrotani
1575 1219 1700 1291 (50),

103 1305 249 1376 quod
276 1305 390 1359 alio
420 1305 647 1359 nomine
674 1308 1002 1361 slabz‘wurtz
1049 1309 1383 1379 appellatur,
1418 1310 1703 1379 praemisso

98 1393 374 1465 generali,
407 1394 545 1465 ligni
575 1394 798 1465 signum
828 1396 991 1449 adde.
1023 1397 1131 1451 Pro
1184 1397 1344 1467 signo
1397 1397 1701 1470 absynthii,

98 1482 345 1553 generali
379 1483 665 1554 praemisso
687 1484 790 1538 hoc
818 1485 980 1547 adde,
1010 1493 1073 1539 ut
1093 1486 1233 1540 duos
1260 1487 1486 1557 digitos,
1517 1488 1574 1542 id
1595 1493 1699 1554 est,

99 1571 336 1625 indicem
363 1579 419 1625 et
459 1571 703 1626 medium
737 1578 795 1627 et
822 1590 856 1627 a
884 1574 1099 1628 caeteris
1120 1575 1433 1645 disjungas,
1469 1581 1526 1630 et
1553 1576 1701 1647 ipsos

1789 601 2010 651 tantum
2033 597 2295 652 deorsum
2325 597 2506 651 trahe.
2544 597 2654 652 Pro
2702 596 2862 668 signo
2907 596 3021 650 vini
3050 597 3208 652 rubei
3244 597 3389 652 indi-

1790 702 1909 739 cem
1934 685 1989 738 in
2020 702 2167 755 gena
2192 686 2487 741 trahePro
2515 686 2677 759 signo
2706 685 2823 741 vini
2850 684 3009 753 clari,
3030 684 3387 757 duosdigitos

1788 774 1948 830 oculo
1965 775 2340 847 circumpone.

2373 864 2609 920 CAPUT
2635 866 2760 922 XV.

2275 956 2354 1009 De
2379 956 2555 1021 signis
2591 971 2872 1011 uasorum.

1861 1056 1972 1109 (πω.
2005 1043 2113 1098 Pro
2134 1043 2295 1115 signo
2309 1044 2572 1111 scutellae,
2595 1060 2823 1100 manum
2862 1045 3036 1112 eleva,
3061 1043 3384 1117 digitosque

1786 1148 1900 1186 non
1926 1134 2252 1202 conjunctos
2281 1133 2692 1204 aliquantulum
2732 1135 2976 1194 inﬂecte,
3001 1151 3067 1189 eo
3088 1133 3237 1206 quod
3258 1134 3386 1205 ipsa

1786 1238 2026 1276 concava
2056 1223 2147 1276 sit.
2183 1222 2291 1276 Pro
2317 1222 2479 1293 signa
2507 1229 2714 1277 cavata:
2741 1221 2867 1289 (54;,
2901 1223 3116 1294 pollicis
3152 1223 3387 1278 summi-

1784 1314 1958 1364 tatem
1988 1310 2045 1364 in
2066 1310 2307 1366 sinistra
2332 1327 2530 1365 manus
2555 1311 2800 1364 medium
2831 1327 2975 1382 pone
2998 1329 3011 1377 ;
3035 1317 3278 1381 quatuor
3300 1328 3386 1366 se-

1786 1405 2023 1470 quentes
2052 1400 2257 1470 digitos
2289 1400 2566 1454 modicum
2598 1399 3039 1453 circumferendo
3067 1399 3379 1455 dimittens.

1783 1487 1893 1540 Pro
1924 1488 2083 1557 signo
2115 1488 2437 1547 cochlearis,
2454 1494 2676 1541 tantum
2699 1487 3003 1557 digitorum
3026 1487 3380 1542 summitates

1782 1577 2079 1646 conjunge,
2114 1584 2172 1630 et
2201 1578 2279 1631 sic
2292 1577 2567 1631 levantem
2596 1592 2723 1630 cum
2748 1576 2870 1647 ipso
2898 1576 3177 1630 cochleari
3207 1576 3385 1632 sorbi-

99 1676 320 1730 quoque
351 1660 423 1714 ab
449 1660 681 1715 invicem
705 1662 1013 1731 disjunctos
1030 1663 1109 1716 ita
1140 1678 1383 1718 moveas.
1408 1664 1520 1718 Pro
1539 1665 1699 1735 signo
1780 1664 2089 1719 tiunculam
2119 1666 2341 1720 simula.
2361 1667 2470 1720 Pro
2498 1666 2659 1736 signo
2689 1666 3078 1737 scyphi,quem
3091 1665 3382 1734 justitiam

99 1748 230 1810 allii,
270 1749 561 1819 praemisso
588 1751 858 1819 generali,
884 1751 1119 1805 extende
1146 1752 1384 1821 digitum
1412 1763 1609 1808 contra
1638 1772 1699 1809 os
1784 1752 1892 1817 (55,
1922 1771 2204 1818 vocamus,
2226 1754 2433 1809 inclina
2455 1770 2683 1809 manum
2706 1754 2990 1821 deorsum,
3021 1754 3168 1809 etita
3187 1770 3384 1808 cavam

97 1839 392 1909 paululum
417 1845 676 1909 apertum
727 1841 836 1893 Pro
879 1840 1038 1910 signo
1093 1841 1227 1894 rafse
1279 1842 1408 1911 (51),
1447 1843 1697 1912 generali
1721 1858 1759 1918 Β
1778 1849 1910 1898 tene
1929 1844 2122 1914 digitis
2153 1845 2563 1916 aliquantulum
2594 1845 2831 1899 inﬂexis.
2862 1845 2972 1899 Pro
2992 1845 3153 1915 signo
3172 1850 3381 1915 paterin

96 1927 388 1998 praemisso
417 1922 653 1983 extende
680 1929 919 1984 indicem
950 1930 1193 1985 sinistrae
1218 1947 1438 1996 manus,
1463 1938 1520 1985 et
1546 1933 1695 1986 indi-
1778 1950 1844 1987 ex
1876 1949 1987 2004 qua
2011 1933 2242 2000 bibitur,
2267 1941 2385 1989 tres
2446 1934 2652 2005 digitos
2708 1949 2907 2005 parum
2937 1933 3178 1998 inﬂecte,
3213 1940 3271 1988 et
3300 1934 3383 1988 sic

95 2033 214 2070 cem
247 2016 485 2070 alterius
508 2034 712 2072 manus
765 2018 824 2073 in
859 2036 926 2072 eo
962 2019 1154 2074 trahes
1180 2027 1377 2074 contra.
1418 2026 1494 2084 te,
1537 2022 1695 2092 quasi
1776 2040 2002 2079 sursum
2026 2029 2175 2080 tene.
2227 2025 2336 2078 Pro
2382 2024 2541 2095 signo
2596 2024 2799 2078 cicothi
2831 2020 2956 2087 (56),
2988 2023 3184 2077 eodem
3215 2022 3380 2093 signo

95 2105 388 2159 radentem
419 2106 669 2160 simules.
703 2106 811 2160 Pro
840 2109 1001 2178 signo
1051 2125 1223 2179 rapse,
1273 2110 1525 2179 generali
1560 2128 1694 2181 prae-
1774 2113 2084 2183 praemisso,
2112 2114 2216 2167 hoc
2244 2113 2387 2167 adde
2436 2120 2502 2167 ut
2524 2113 2760 2183 digitum
2792 2112 2969 2181 digito
2995 2111 3375 2166 circumferas.

95 2194 286 2262 misso,
318 2195 647 2266 praedictum
673 2195 912 2251 indicem
937 2214 1107 2269 super
1134 2198 1308 2253 alium
1331 2199 1392 2254 in
1420 2202 1691 2255 annulum
1772 2202 1882 2256 Pro
1906 2202 2067 2272 signo
2096 2202 2297 2272 phialae
2326 2202 2532 2267 vitreae,
2552 2201 2840 2273 praemisso
2859 2201 3018 2271 signo
3045 2206 3252 2271 paterae
3273 2199 3380 2254 hoc

96 2284 271 2339 trahe.

695 2378 929 2433 CAPUT
956 2379 1108 2433 XIII.

556 2467 632 2520 De
657 2470 833 2535 signis
861 2473 1199 2522 aromatum.

161 2552 273 2607 Pro
297 2553 460 2624 signo
486 2554 750 2625 gingibri,
771 2556 1024 2625 generali
1076 2556 1272 2611 itidem
1306 2557 1466 2628 signo
1490 2558 1694 2614 herba-

91 2659 213 2696 rum
246 2642 554 2713 praemisso,
581 2660 705 2698 cum
735 2661 926 2716 pugno
957 2645 1150 2699 dextro
1182 2645 1239 2700 in
1263 2648 1588 2702 summitate
1609 2650 1693 2702 al-

90 2733 265 2788 terius
295 2733 503 2788 simula
517 2734 999 2789 circumferentem
1035 2736 1278 2798 molam;
1324 2735 1460 2789 item
1490 2735 1696 2789 simula

89 2823 600 2877 circumducentem
647 2824 853 2878 molam
878 2844 891 2892 ;
942 2824 1143 2878 deinde
1173 2826 1261 2879 fac
1285 2841 1557 2897 apparere
1584 2825 1694 2878 lin-

86 2928 280 2981 guam,
313 2912 707 2982 applicatoque
736 2912 936 2975 indice,
968 2912 1307 2967 lambentem
1373 2913 1484 2967 Pro
1529 2913 1690 2982 signo

87 3001 291 3065 thuris,
320 3001 463 3055 fabae
495 3002 717 3073 signum
750 3003 1050 3073 praemitte,
1103 3009 1161 3056 et
1205 3008 1402 3074 postea
1433 3002 1689 3073 pollicem

86 3107 212 3144 cum
247 3089 357 3145 sibi
386 3091 637 3161 proximo
676 3091 906 3145 naribus
933 3092 1187 3145 admove.

684 3180 927 3234 CAPUT
953 3180 1096 3234 XIV.

482 3268 565 3323 De
589 3271 766 3337 signis
794 3270 1001 3322 dz‘vrrsi
1029 3272 1282 3337 liquoris.

154 3362 178 3383 ’
207 3358 324 3414 Pro
358 3358 519 3428 signo
549 3374 728 3428 aquae.
760 3374 955 3412 omnes
983 3358 1222 3412 dexterae
1253 3374 1453 3413 manus
1483 3359 1686 3430 digitos

83 3452 381 3521 conjunge,
417 3458 475 3503 et
506 3464 604 3519 per
631 3446 916 3518 obliquum
950 3464 1126 3501 move.
1161 3447 1267 3501 Pro
1317 3447 1474 3518 signo
1515 3449 1687 3503 bene-

82 3538 246 3593 dictae
299 3538 525 3609 [aquae],
597 3537 883 3607 praemisso
927 3535 1179 3606 generali
1234 3540 1465 3591 extenta
1516 3526 1686 3592 manu

83 3628 307 3698 signum
339 3628 519 3682 crucis
544 3628 707 3681 adde.
738 3626 845 3680 Pro
874 3626 1034 3695 signo
1070 3626 1347 3681 cerevisiee
1396 3627 1685 3697 praemisso

1773 2290 1936 2357 adde,
1964 2301 2027 2346 ut
2050 2292 2191 2345 duos
2219 2291 2426 2362 digitos
2449 2291 2596 2345 circa
2623 2290 2846 2345 oculum
2877 2306 3071 2361 ponas,
3098 2294 3164 2344 ut
3187 2288 3378 2360 splen-

1776 2378 1912 2433 dore
1937 2380 2104 2444 oculi,
2127 2380 2394 2452 splendor
2413 2380 2538 2434 vitri
2549 2380 2913 2450 signiﬁcetur.
2946 2380 3055 2433 Pro
3082 2378 3379 2449 signovas-

1776 2469 1906 2532 culi,
1934 2468 1992 2522 in
2016 2486 2126 2540 quo
2152 2470 2234 2523 sal
2264 2469 2521 2535 habetur,
2557 2469 2843 2541 praemisso
2872 2468 3033 2538 signo
3059 2466 3257 2521 itidem
3284 2482 3381 2538 pa-

1775 2562 1930 2622 terae,
1964 2559 2209 2629 adjunge
2244 2559 2467 2628 signum
2517 2558 2651 2612 salis
2732 2557 2841 2611 Pro
2888 2557 3048 2626 signo
3086 2555 3374 2626 sportulae,

1774 2649 2066 2717 praemisso
2096 2647 2256 2718 signo
2277 2647 2414 2718 ligni
2447 2646 2711 2717 cujusvis,
2731 2645 2973 2716 digitum
3003 2661 3229 2699 sursum
3250 2659 3377 2698 ver-

1777 2753 1900 2790 sum
1931 2737 2181 2801 incurva,
2215 2736 2417 2790 deinde
2446 2735 2668 2806 signum
2699 2734 2861 2806 panis
2880 2734 3072 2788 facias.
3103 2733 3376 2802 l‘rosigno

1775 2831 1963 2880 autem
1996 2825 2133 2896 ligni
2162 2825 2423 2895 cujusvis,
2453 2841 2579 2878 cum
2620 2829 2846 2877 extenta
2874 2837 3046 2876 manu
3075 2820 3273 2874 dextra
3310 2821 3377 2876 in

1772 2915 2006 2968 alterius
2038 2930 2239 2968 manus
2258 2924 2317 2967 et
2336 2912 2545 2966 brachii
2570 2912 2918 2982 compagine.
2938 2911 3100 2981 quasi
3118 2908 3376 2965 inciden-

1771 3010 1885 3057 tem
1917 3019 2042 3057 cum
2069 3003 2298 3057 dolabro
2326 3002 2548 3056 fabrum
2601 3000 2823 3054 simula.
2869 3000 2980 3054 Pro
3007 2999 3169 3069 signo
3198 2999 3370 3067 vasis,

1771 3093 1828 3146 in
1854 3108 1964 3164 quo
1994 3097 2213 3146 acetum
2259 3091 2472 3162 portari
2500 3091 2660 3154 solet,
2693 3088 2981 3160 praemisso
3034 3087 3372 3159 praecedenti

1781 3182 1962 3251 signo,
1995 3181 2138 3235 adde
2197 3180 2420 3250 signum
2469 3179 2627 3233 aceti.
2665 3179 2772 3232 Pro
2826 3180 2986 3248 signo
3014 3176 3184 3239 vasis,
3221 3176 3373 3248 quod

1764 3271 1930 3341 vulgo
1957 3272 2213 3326 Uannata
2248 3267 2352 3337 (57)
2377 3268 2601 3329 dicitur,
2633 3265 2882 3338 generali
2923 3265 3235 3337 prmmisso,
3263 3266 3372 3321 hoc

1768 3361 1931 3421 adde.
1964 3365 2045 3424 ut,
2080 3361 2227 3413 sicut
2265 3358 2594 3430 praedictum
2636 3362 2741 3419 est,
2794 3356 3033 3426 digitum
3091 3353 3368 3424 incurves,

1768 3450 2035 3519 adjuncto
2059 3449 2173 3503 vini
2199 3447 2377 3518 signo.
2411 3446 2618 3502 Eodem
2650 3446 2815 3500 modo
2841 3444 3011 3499 facies
3030 3444 3253 3516 signum
3280 3461 3371 3500 va-

1768 3539 1845 3592 sis
1873 3538 2101 3608 sinapis,
2136 3537 2328 3591 addito
2359 3536 2611 3607 ejusdem
2639 3533 2851 3606 sinapis
2874 3533 3057 3602 signo.
3082 3533 3191 3588 Pro
3207 3533 3370 3605 signo

1767 3627 1915 3681 vasis
1937 3626 2153 3689 vinarii,
2190 3625 2337 3697 quod
2389 3641 2423 3680 a
2452 3624 2612 3696 plebe
2653 3623 2823 3677 zuber
2852 3622 2957 3680 758)
2987 3629 3366 3694 nuncupatur,

83 3718 244 3789 signo
278 3717 526 3780 bibendi,
560 3716 835 3770 modicum
865 3716 1027 3769 sufﬂa
1057 3724 1252 3769 contra
1296 3716 1580 3769 dexteram
1625 3716 1681 3771 in
1763 3716 2017 3787 generali
2046 3716 2355 3785 praemisso,
2387 3730 2614 3769 rursum
2659 3712 2901 3766 indicem
2946 3716 3252 3782 utrumque
3277 3729 3370 3767 su-

86 3809 319 3879 longum
371 3814 679 3861 extensam.
716 3806 820 3859 Pro
860 3805 1021 3874 signo
1065 3805 1322 3858 medonis
1376 3804 1506 3874 (52),
1548 3823 1683 3875 prae-
1766 3823 1866 3877 pra
1891 3805 2038 3859 dicto
2069 3805 2234 3859 modo
2262 3802 2662 3873 incurva,quod
2696 3816 2993 3855 commune
3013 3800 3368 3855 estomnium

84 3898 255 3951 misso
285 3897 450 3966 signo
495 3894 737 3956 bibendi,
799 3910 1028 3947 manum
1066 3893 1149 3947 ori
1190 3892 1513 3964 applicabis,
1543 3894 1682 3948 lam-
1765 3910 2191 3964 vasorum.qua2
2228 3893 2386 3947 binas
2416 3908 2583 3946 aures
2600 3889 2808 3944 habere
2826 3888 3368 3957 *videntur,signum.

83 3986 423 4056 bentemque
467 3984 776 4057 simulabis,
810 3983 955 4054 quod
1004 3988 1062 4036 et
1088 3983 1273 4036 mellis
1322 3982 1543 4051 signum
1576 3988 1682 4037 est.
1766 4000 1875 4054 que
1905 3983 2015 4036 vini
2045 3984 2115 4037 ad
2142 3982 2402 4036 ultimum
2431 3979 2602 4037 adde.
2635 3978 2725 4032 Sic
2753 3978 2922 4032 etiam
2956 3976 3121 4039 vasis,
3149 3975 3209 4030 in
3235 3977 3364 4047 qui-

86 4076 190 4129 Pm
208 4076 373 4146 signo
401 4074 787 4135 vini,indicem
819 4071 1042 4125 inﬂecte
1066 4078 1123 4124 et
1142 4071 1219 4125 ita
1243 4070 1678 4142 labiisadjunge.
1765 4072 1869 4127 bus
1898 4072 2058 4143 panis
2089 4069 2300 4142 portari
2329 4069 2490 4125 solet.
2516 4082 2739 4137 semper
2761 4065 3080 4120 addendum
3107 4070 3192 4119 est
3206 4064 3365 4136 panis

88 4164 290 4219 Eodem
317 4164 485 4218 modo
507 4163 674 4216 etiam
700 4163 925 4232 signum
949 4159 1175 4214 bibendi
1203 4159 1504 4214 facies.Pro
1524 4161 1683 4231 signo
1765 4161 2009 4232 signum.
2042 4162 2151 4214 Pro
2180 4160 2340 4230 signo
2367 4157 2546 4217 fustis,
2580 4172 2690 4226 quo
2722 4155 2912 4239 vinum
2943 4153 3030 4207 vel
3070 4153 3222 4207 aliud
3252 4153 3362 4208 hu-

84 4254 751 4325 potionis—pigmentatae,
803 4268 925 4323 quae
976 4251 1247 4304 claretum
1300 4249 1426 4315 (53),
1479 4249 1536 4303 id
1599 4256 1685 4304 est
1758 4247 2241 4321 jusmodiportari
2267 4247 2425 4308 solet,
2457 4243 2706 4315 generali
2732 4242 3021 4314 praemisso
3050 4241 3362 4312 signoligni

85 4344 377 4397 liiuranch
405 4342 611 4396 dicitur
666 4357 699 4394 a
750 4340 1031 4411 pluribus;
1083 4335 1351 4392 conclude
1384 4344 1681 4409 utramque
1762 4339 1965 4411 pugnis
1995 4339 2163 4392 etiam
2187 4334 2604 4408 superinvicem
2630 4332 2861 4404 junctis,
2889 4331 3237 4402 humeroque
3266 4331 3365 4386 ad-

82 4448 334 4496 manum,
362 4438 420 4485 et
442 4431 953 4484 circumducentem
1002 4428 1226 4492 molam,
1271 4429 1538 4500 adjuncto
1568 4428 1678 4482 vini
1701 4494 1735 4500 _
1767 4428 1957 4483 hibitis
1987 4428 2168 4498 ipsum
2193 4431 2536 4496 portatorem
2567 4422 2788 4476 simula.
2825 4421 2933 4475 Pro
2962 4420 3124 4491 signo
3153 4421 3363 4475 scutel-

78 4522 262 4591 signo.
318 4494 430 4575 Pro
483 4520 642 4591 signo
684 4518 944 4591 potionis,
971 4535 1094 4589 quae
1144 4526 1229 4571 est
1278 4494 1403 4573 cu'm
1438 4518 1600 4571 melle
1624 4524 1681 4572 et
1701 4494 1745 4550 θ
1766 4519 1832 4571 lae
1880 4518 1937 4569 in
1969 4494 2078 4586 qua
2099 4494 2251 4568 micae
2280 4512 2523 4583 recolligi
2544 4512 2744 4571 solent,
2772 4510 3017 4565 scutellae
3046 4510 3206 4581 signo
3225 4526 3364 4581 pre-

78 4610 380 4683 absynthio
400 4610 670 4674 confecta,
706 4609 958 4679 ejusdem
1010 4607 1293 4678 absynthii
1346 4609 1506 4678 signo
1534 4624 1677 4678 prae-

78 4700 268 4764 misso,
298 4701 496 4754 itidem
520 4699 632 4753 vini
662 4699 883 4768 signum
911 4698 1171 4767 adjunge.
1214 4698 1323 4750 Pro
1345 4698 1505 4767 signo
1533 4696 1680 4750 sina-

79 4788 451 4860 pis,pugnum
473 4789 728 4843 dextrum
761 4788 1062 4841 inalterius
1101 4786 1676 4841 summitatecircum-

77 4876 181 4941 fer,
210 4877 374 4948 quasi
430 4878 733 4931 molentem
786 4876 1033 4937 simules,
1085 4875 1289 4929 deinde
1318 4875 1573 4946 pollicem
1617 4875 1677 4930 in

79 4968 298 5023 minimi
331 4967 496 5039 digiti
526 4976 775 5021 extremo
804 4964 1042 5019 articulo
1061 4964 1319 5036 prosilire
1343 4964 1534 5019 facias.
1568 4965 1677 5018 Pro

154 5124 261 5193 (50)
284 5129 653 5192 Abrotanum,
689 5141 792 5198 pro
820 5126 1170 5198 abrotonum.
1208 5124 1354 5179 Gall.
1402 5127 1672 5198 Aur-oms.

152 5198 253 5268 (5|)
280 5199 422 5264 Rafa
441 5203 499 5251 et
526 5195 708 5265 Rapa;
729 5198 781 5249 in
832 5196 937 5268 hoc
973 5196 1258 5260 differunt,
1301 5195 1447 5267 quod
1479 5195 1576 5249 illa
1603 5196 1677 5250 sit

78 5266 341 5339 oblonga,
370 5269 489 5339 haec
510 5268 754 5339 rotunda
767 5274 824 5321 et
844 5267 993 5339 alba.
1025 5268 1214 5322 Germ.
1242 5266 1439 5331 Retich,
1464 5268 1670 5339 Rubrn.

151 5337 441 5409 (52114110,
467 5338 655 5408 Meda,
696 5354 845 5409 aqua
885 5338 1085 5409 mulsa,
1110 5339 1261 5407 potio
1290 5339 1454 5392 melle
1485 5337 1676 5409 mixta.

154 5408 259 5475 (53)
286 5410 431 5464 Vide
455 5416 647 5464 notam
684 5407 898 5479 in’cap.
932 5407 1016 5464 13.
1048 5418 1191 5478 part.
1232 5427 1287 5463 Il.
1320 5408 1590 5464 Bemard.
1621 5408 1682 5463 in

79 5477 201 5534 0rd
247 5481 496 5537 Cluniac.

151 5549 262 5621 (54)
294 5557 514 5617 Uavata,
542 5550 759 5606 catinus
789 5551 1134 5621 profundior.

154 5620 243 5694 (55
276 5626 523 5680 Iustitia.
550 5620 809 5694 poculum
841 5622 1138 5686 vinarium,
1170 5628 1443 5694 quantum
1479 5620 1678 5691 cuique

78 5692 289 5747 sufficit
311 5700 508 5766 potum
537 5692 851 5762 continens,
875 5693 1000 5750 aliis
1018 5692 1205 5762 justa,
1223 5695 1351 5748 aliis
1370 5697 1623 5762 jusleua.

1762 4606 1953 4660 misso.
1986 4604 2187 4657 deinde
2213 4619 2338 4657 cum
2372 4602 2568 4656 dextra
2613 4617 2782 4654 manu
2833 4599 2892 4654 in
2934 4600 3191 4653 interiori
3221 4599 3360 4653 alte-

1761 4695 1879 4749 rius
1908 4694 2111 4747 simula
2132 4692 2549 4761 recolligentem
2582 4690 2804 4744 easdem
2840 4705 2965 4743 cum
2996 4687 3217 4742 ﬂabello
3250 4685 3363 4758 (59)

1761 4784 1831 4839 ad
1866 4784 1968 4837 hoc
2015 4782 2199 4852 ipsum
2228 4791 2440 4851 aptato.
2492 4780 2601 4833 Pro
2644 4779 2804 4849 signo
2836 4777 3088 4849 praedicti
3129 4775 3358 4842 ﬂabelli,

1759 4872 2045 4945 praemisso
2075 4870 2234 4941 signo
2256 4869 2412 4938 ligni,
2438 4868 2583 4938 quod
2617 4873 2964 4938 postremum
2993 4870 3080 4920 est
3120 4865 3357 4929 dictum,

1758 4964 2021 5034 adjunge.
2062 4961 2172 5014 Pro
2210 4958 2371 5028 signo
2418 4956 2584 5021 follis,
2628 4971 2773 5025 pone
2809 4970 3061 5027 pugnum
3100 4954 3360 5011 dextrum

1829 5120 1944 5191 (56)
1978 5122 2244 5188 Cicothus,
2275 5124 2483 5191 paterae
2502 5115 2734 5187 species,
2761 5115 2911 5186 apud
2935 5120 3216 5170 nostrates
3235 5130 3359 5170 mo-

1867 5195 1983 5249 hos.

1867 5211 1901 5247 n
1972 5237 1983 5249 .

1757 5211 2245 5329 naffi'iclstl'annata,
2270 5261 2530 5334 poculum
2549 5255 2825 5313 vinarium
2861 5258 3067 5328 majus,
3086 5256 3358 5329 oenopho-

1760 5354 1885 5392 rum
1931 5337 2197 5390 German.
2223 5334 2671 5399 0anne,0antwn.

1835 5406 1921 5470 (58
1965 5410 2161 5471 Zuber,
2196 5422 2293 5459 vas
2319 5397 2593 5458 vinarium
2624 5402 2875 5470 ligneum
2920 5398 3011 5453 hic
3026 5397 3357 5471 signiﬁcat;

1762 5468 1874 5533 duo
1897 5468 2295 5549 hujusgeneris
2311 5492 2442 5549 vasa
2461 5468 2715 5549 nonnihil
2742 5468 3116 5549 majora_vino
3144 5470 3361 5549 repleta

1762 5551 1850 5603 vir
1869 5540 2131 5603 robusth
2156 5548 2428 5601 ambabus
2442 5544 2700 5599 manibus
2728 5549 2932 5614 portat.
2966 5541 3089 5595 Vox
3109 5548 3194 5595 est
3222 5540 3358 5595 Ger-

1760 5622 1944 5695 manis
1966 5626 2117 5695 n_ota,
2146 5620 2285 5673 alias
2317 5618 2608 5695 Biitsc’trn.
2627 5617 2838 5695 ϐυζῑςη.
2875 5685 2888 5695 _
3056 5683 3070 5695 ‘
3235 5682 3248 5695 .

1833 5690 1936 5758 (59)
1970 5681 2274 5746 ﬂabellum
2302 5705 2407 5743 vox
2429 5693 2583 5753 nota,
2624 5687 2723 5741 sed
2756 5685 2849 5739 hic
2872 5683 3176 5754 legendum
3198 5681 3361 5739 vide-
