3964 6360
557 377 664 449 θήτ
1597 401 1654 458 s.
1695 385 2086 462 GUILLELMI
2122 399 2428 463 ABBATIS
2465 395 2806 463 HIRSAUG.
3740 387 3842 466 as

559 511 734 614 όθῇεὖ
1106 515 1165 579 εἰ
1214 511 1390 614 sicut,
1441 523 1536 614 qui
1589 511 1719 614 folle.
1776 527 1971 592 utitur.
2003 549 2160 588 move
2179 521 2220 594 Ᾰ
2241 534 2286 588 ci
2300 533 2448 605 nguli
2481 525 2831 588 femoralium
2863 531 2946 586 fac
2981 530 3128 586 idem
3185 531 3428 603 signum,
3461 519 3520 588 et
3546 531 3655 588 hoc
3677 531 3842 602 adde,

562 606 886 704 ξιξῇπηςξιέί
915 606 1020 704 Pro
1041 614 1198 702 signo
1226 611 1418 687 t-uppaz
1435 609 1678 694 vinariae.
1709 623 1993 688 pnemisso
2028 619 2162 693 ligni
2244 635 2307 676 ut
2339 641 2562 676 manum
2587 618 2846 676 deorsum
2873 621 2926 675 in
2952 621 3162 674 femore
3191 621 3384 674 trahas
3415 630 3647 696 propter
3668 623 3848 678 femo~

565 697 746 770 signa,
780 695 1008 755 mahhm
1045 695 1340 774 utramque
1373 705 1658 774 paululum
1691 705 1950 762 inflexam
1982 711 2050 764 ad
2085 711 2164 766 in-
2245 709 2387 762 ralia
2415 717 2472 763 et
2499 705 2724 780 caligas,
2753 710 2956 780 quibus
2986 711 3088 764 hoc
3121 709 3302 780 ipsum
3335 709 3620 780 cingulum
3653 719 3741 765 est
3767 711 3851 766 in-

561 789 740 842 vicem
765 792 1061 860 conjunge.
1078 799 1135 846 et
1161 792 1218 846 in
1247 800 1520 864 quantum
1547 798 1752 865 potest,
1774 797 2158 866 circumvolve,
2245 799 2567 853 serendum.
2603 799 2708 854 Pro
2739 801 2900 868 signo
2929 816 3080 862 acus,
3107 816 3233 853 cum
3277 815 3464 872 pugno
3494 809 3722 871 percute
3745 819 3850 872 pu-

565 876 758 932 addito
778 878 1006 933 demum
1027 879 1134 934 vini
1164 881 1362 965 signo.
1538 953 1544 965 Ι
1767 928 1772 932 .
2243 905 2440 958 gnum,
2475 887 2622 959 quod
2673 889 2962 942 metallum
3004 884 3304 960 signiﬁcat,
3341 895 3398 941 et
3425 899 3615 956 postea
3643 877 3854 943 simula

949 1051 959 1058 ν
995 1051 1024 1058 η
1167 958 1402 1027 CAPUT
1429 953 1574 1028 XVi.
1610 1049 1616 1058 ‘
2245 953 2406 1048 quasi
2437 953 2506 1030 in-
2527 993 2634 1030 una
2666 993 2834 1030 manu
2879 977 3032 1032 filum
3056 953 3284 1036 teneas.
3317 977 3375 1030 et
3402 953 3562 1052 acum
3596 978 3649 1031 in
3670 977 3856 1032 altera

683 1125 698 1134 _
783 1053 857 1111 ne
883 1051 1078 1126 tignis,
1104 1072 1222 1128 qua:
1240 1064 1312 1114 ad
1336 1049 1660 1117 vestimenta
1681 1068 1983 1133 pertinent.
2247 1073 2302 1119 et
2332 1067 2556 1120 mittere
2584 1067 2717 1119 velis
2741 1067 2896 1119 tilum
2927 1083 3029 1136 per
3056 1065 3308 1118 foramen
3337 1082 3490 1120 acus.
3538 1049 3649 1120 Pro
3685 1067 3854 1136 signo

585 1217 590 1222 _
635 1142 786 1201 ‘Pf'o
805 1142 964 1218 signo
985 1139 1244 1204 sta'minei
1267 1141 1392 1222 (60).
1417 1151 1692 1206 manicam
1717 1153 1839 1224 ejus
1878 1159 2007 1210 tene
2037 1174 2164 1212 cum
2245 1153 2430 1220 cultri,
2459 1155 2619 1208 trahe
2650 1171 2876 1208 omnum
2910 1171 3008 1224 per
3047 1154 3292 1207 medium
3342 1155 3574 1208 alterius
3622 1156 3848 1226 palmae,

564 1231 746 1290 ti'lb'u's
775 1229 1053 1308 digitis.id
1075 1243 1178 1298 est.
1205 1233 1437 1294 minimo
1459 1247 1516 1294 et
1540 1242 1758 1296 duobus
1780 1245 2164 1314 sequentibus.
2250 1243 2410 1314 qUasi
2435 1242 2528 1314 qui
2553 1260 2678 1296 cum
2713 1243 2938 1297 cultello
2969 1243 3163 1296 incidit
3189 1243 3419 1312 aliquid.
3452 1243 3558 1296 Pro
3577 1243 3740 1314 signo
3753 1261 3854 1298 va-

565 1322 675 1380 P'ro
703 1319 865 1396 signo
891 1318 1267 1390 l’emoralium,
1294 1330 1582 1399 praemisso
1599 1333 1849 1401 generali
1867 1333 2168 1402 signolinei
2249 1333 2394 1401 ginta
2418 1334 2572 1402 ejus;
2607 1332 2990 1385 summitatem
3026 1348 3226 1384 manus
3251 1332 3488 1384 dextera:
3504 1333 3856 1402 peralterius

566 1408 760 1504 panni,
795 1413 1022 1504 manum
1054 1411 1110 1471 in
1142 1419 1350 1472 fe'more
1377 1415 1634 1473 deorsum
1667 1419 1847 1486 trahe,
1873 1425 2028 1493 quasi
2075 1427 2168 1496 qui
2253 1439 2452 1474 manus
2504 1421 2907 1490 longitudinem
2966 1421 3235 1490 impinge,
3285 1421 3442 1492 quasi
3479 1421 3574 1492 qui
3602 1422 3856 1476 cultrum

568 1501 628 1559 se
655 1495 1016 1562 i’emorallbus
1046 1508 1230 1562 vestit.
1277 1509 1384 1564 Pro
1433 1511 1592 1581 signo
1649 1509 1835 1568 irocci.
1894 1495 2168 1568 manicam
2252 1510 2428 1563 mittit
2459 1511 2514 1563 in
2549 1510 2825 1579 vaginam.
2864 1509 2970 1562 Pro
3001 1509 3162 1578 signo
3195 1509 3446 1579 pectinis,
3477 1518 3592 1563 tres
3639 1511 3858 1580 digitos

570 1588 690 1663 ejus
707 1585 838 1648 tene
861 1595 1054 1650 eodem
1079 1597 1260 1651 modo.
1300 1617 1412 1668 quo
1438 1598 1698 1653 staminei
1726 1601 1938 1654 manica
1975 1612 2169 1657 tenen-
2255 1597 2414 1651 trahe
2447 1616 2541 1668 per
2570 1615 2651 1668 ca;
2679 1595 2820 1652 illos.
2846 1598 3003 1667 quasi
3032 1598 3128 1668 qui
3159 1615 3217 1650 se
3247 1597 3436 1668 pectit.
3462 1597 3567 1651 Pro
3586 1599 3748 1668 signo
3768 1605 3860 1650 ta-

571 1675 641 1734 da
665 1687 770 1736 est.
821 1672 928 1737 Pro
965 1684 1124 1755 signo
1155 1686 1355 1756 pellicii
1409 1685 1477 1740 de
1508 1705 1615 1741 una
1639 1705 1834 1742 onmes
1853 1689 2057 1759 digitos
2087 1709 2176 1745 ex-
2255 1686 2536 1750 bularum,
2572 1687 2626 1739 in
2666 1685 2867 1756 quibus
2887 1687 3066 1739 notari
3098 1686 3254 1739 solet.
3291 1686 3575 1758 praemisso
3597 1681 3860 1758 generali

555 1762 775 1843 'pande.
809 1759 868 1825 et
905 1761 984 1825 ita
1006 1771 1060 1826 in
1087 1781 1306 1854 pectore
1340 1773 1545 1844 positos
1572 1777 1858 1836 contrahe.
1891 1780 2050 1848 quasi
2075 1779 2169 1850 qui
2256 1776 2389 1846 ligni
2443 1775 2602 1846 signo
2652 1792 2878 1828 manum
2938 1775 3225 1828 sinistram
3283 1775 3551 1846 expande,
3601 1783 3660 1828 et
3687 1775 3854 1846 quasi

571 1853 1116 1949 lit-namcoiistriug‘it
1156 1853 1262 1914 Pro
1280 1861 1690 1932 signoguncllze
1741 1862 1850 1924 6|).
1883 1863 2583 1949 [ammissoBsrribentem
2618 1866 2672 1918 in
2730 1882 2796 1918 ea
2844 1865 3066 1918 siruula.
3117 1865 3223 1917 Pro
3252 1864 3410 1935 signo
3441 1861 3667 1930 tabulae,
3707 1881 3855 1934 pra:-

568 1941 732 2018 sig'no
759 1947 946 2012 frocci,
971 1939 1112 2002 adde
1141 1946 1362 2020 signum
1397 1953 1616 2006 subtilis
1643 1952 1766 2016 (62).
1792 1956 2164 2023 praetermisso
2187 1939 2229 1949 ν
2248 1953 2419 2008 misso
2450 1954 2609 2023 signo
2629 1954 2875 2022 generali
2906 1954 3041 2024 ligni
3108 1971 3306 2007 manus
3335 1953 3530 2007 ambas
3556 1953 3852 2026 complica,

569 2031 761 2092 tamen
791 2039 970 2092 crucis
999 2037 1158 2110 signo
1212 2036 1318 2093 Pro
1357 2033 1516 2112 signo
1553 2043 1889 2105 calceorum,
1923 2045 2159 2114 digitum
2245 2051 2300 2098 et
2324 2045 2400 2097 ita
2425 2045 2787 2114 c-‘unplicatas
2816 2043 3017 2096 simula
3047 2043 3234 2096 evolve
3283 2043 3392 2095 Pro
3421 2042 3582 2109 signo
3602 2041 3853 2113 graphii.

569 2119 746 2197 digito
770 2119 1087 2187 circumfer.
1122 2127 1278 2198 quasi
1313 2130 1406 2200 qui
1433 2129 1646 2185 calceos
1675 2150 1798 2186 cum
1823 2133 2060 2202 corrigia
2093 2135 2160 2188 li-
2243 2149 2367 2186 cum
2403 2149 2587 2202 pugno
2620 2138 2846 2204 percute
2877 2149 3148 2202 pugnum.
3185 2139 3241 2185 et
3284 2148 3411 2184 cum
3442 2129 3624 2184 tribus
3658 2129 3859 2200 digitis

568 2211 684 2288 gat.
713 2204 908 2271 addito
935 2212 1096 2288 signo
1128 2207 1238 2272 diei
1293 2207 1400 2272 Pro
1422 2219 1582 2290 signo
1622 2221 2035 2276 notturnalium
2065 2225 2174 2278 cal-

571 2309 795 2359 c'eorum
849 2295 950 2358 ho'c
992 2295 1154 2367 adde.
1198 2314 1260 2359 ut
1299 2300 1624 2382 inanumin
1665 2311 1946 2362 maxillam
2001 2330 2174 2382 ponas

571 2389 719 2448 sicut
745 2387 1048 2448 dormiehs.
1078 2383 1183 2447 Pro
1209 2395 1370 2465 signo
1396 2381 2168 2470 'peduliumfacidemsignum

575 2481 720 2555 quod
755 2492 812 2537 et
834 2477 934 2556 pro
960 2485 1177 2544 calceis.
1213 2482 1270 2538 et
1303 2478 1404 2538 hoc
1434 2469 1596 2544 adde.
1624 2491 1682 2539 ut
1713 2505 1837 2540 cum
1887 2469 2076 2558 digitis
2097 2499 2175 2543 te-

573 2588 710 2628 neas
742 2568 1015 2628 manicam
1063 2561 1248 2627 irocci.
1291 2575 1398 2628 Pro
1447 2575 1606 2644 signo
1648 2574 1931 2645 pedulium
1963 2575 2176 2630 villoso-

573 2665 723 2729 rum,
757 2663 852 2735 qui
878 2664 1084 2718 usitato
1111 2679 1262 2716 more
1284 2667 1525 2730 ('ucinga
1557 2672 1842 2722 vocantur.
1861 2667 2007 2718 idem
2027 2667 2173 2736 quod

573 2769 677 2825 pro
708 2739 907 2807 calceis
938 2738 1156 2807 diurnis
1215 2751 1564 2824 praemissum
1598 2761 1699 2818 est,
1754 2754 1942 2814 fames.
1981 2755 2172 2810 addito

573 2829 779 2916 pellicii
811 2843 991 2913 signo.
1032 2831 1138 2896 Pro
1183 2841 1342 2913 signo
1393 2827 1620 2896 liltronii
1647 2845 1772 2908 (U3),
1807 2841 2172 2899 nihilominus

574 2921 796 3003 signum
823 2933 1134 2985 calcem-um
1156 2931 1321 2984 l'acies
1341 2920 1443 2984 hoc
1459 2932 1690 2990 addens.
1723 2939 1786 2985 ut
1811 2949 1936 2986 cum
1956 2930 2174 2986 duobus

575 3019 767 3091 digitis
781 3019 1007 3074 manum
1028 3019 1335 3079 sinis‘t'ram.
1362 3019 1452 3072 ubi
1487 3021 1665 3089 longis
1695 3027 1779 3074 est
1809 3019 2008 3091 spissa.
2040 3037 2173 3074 con-

573 3111 784 3178 tingas.
809 3099 916 3164 Pro
933 3111 1094 3181 signo
1111 3106 1486 3166 i‘asciolarum.
1516 3107 1852 3164 inculcatum
1867 3095 2180 3165 calceorum

577 3195 801 3271 signu'm
833 3199 1204 3268 praemissum.
1232 3197 1442 3260 addito.
1488 3207 1550 3253 ut
1592 3209 1892 3272 utrumque
1941 3203 2180 3259 indicem

578 3285 734 3342 tibi-2e
764 3273 1140 3340 cireumi'eras.
1177 3273 1281 3340 Pro
1315 3287 1477 3356 signo
1511 3296 1900 3358 coopertorum
1929 3287 2058 3352 (64),
2099 3294 2184 3346 fac

580 3378 732 3433 idem
763 3375 1006 3446 signum.
1037 3374 1181 3446 quod
1216 3380 1301 3428 est
1332 3373 1554 3446 pellicii,
1587 3365 1643 3430 et
1669 3377 1772 3430 hoc
1803 3371 1964 3439 adde.
1991 3389 2048 3434 ut
2071 3399 2184 3435 ma-

509 3540 514 3545 .
583 3467 719 3522 num
752 3455 809 3518 in
841 3452 1066 3518 brachio
1091 3465 1350 3518 deorsmn
1378 3449 1574 3546 trahas
1617 3483 1864 3532 rursum,
1897 3465 2056 3540 quasi
2089 3467 2183 3540 qui

583 3545 934 3624 coopertorlo
965 3569 1024 3606 se
1049 3552 1312 3622 contegit.
1350 3542 1454 3606 Pro
1477 3549 1636 3624 signo
1693 3542 1826 3608 cotti
1883 3555 1952 3610 65
1978 3597 1991 3610 .
2026 3558 2184 3612 trahe

585 3653 817 3700 maHUm
851 3657 948 3713 per
975 3640 1258 3695 brachium
1293 3641 1486 3695 eodem
1521 3642 1706 3705 modo,
1743 3639 1887 3713 quod
1919 3663 2106 3711 supra,
2129 3653 2187 3701 et

584 3733 692 3788 huc
712 3729 873 3789 adde.
899 3739 1096 3786 utcum
1145 3721 1335 3801 digitis
1353 3739 1546 3784 teneas
1570 3731 1844 3785 manicam
1880 3732 2063 3797 frocci,
2089 3752 2183 3788 ex-

583 3809 849 3877 teriorem
885 3826 1110 3872 manum
1132 3825 1604 3890 mentosuppo'nc,
1625 3826 1682 3872 et
1702 3817 1938 3872 indicem
1967 3821 2184 3890 sibique

585 3905 904 3984 proximum
953 3891 1214 3962 deorsum
1266 3920 1457 3962 versus
1517 3895 1806 3979 paulumni
1875 3925 2178 3972 commme.

586 3990 735 4074 quod
763 4007 849 4052 est
875 3997 1095 4068 Signum
1127 4009 1308 4068 capra;
1361 3995 1564 4050 deinde
1629 3991 1935 4069 subjunges
1983 4017 2188 4072 exlian-

587 4087 756 4144 dendi
778 4084 1024 4156 signum.
1053 4075 1159 4138 Pro
1175 4085 1336 4155 signo
1353 4085 1618 4155 stragulae
1640 4085 1722 4146 (66
1752 4126 1766 4146 .
1801 4103 1922 4157 quae
1943 4089 2188 4144 subster.

586 4177 762 4239 nitur.
788 4165 845 4232 et
861 4177 907 4232 ιε
929 4189 1002 4230 na
1035 4183 1260 4230 vocatur
1301 4191 1332 4230 a
1359 4160 1396 4229 S
1456 4161 1752 4229 Benedicto
1774 4179 1912 4245 (Reg.
1949 4196 2070 4250 cap.
2097 4179 2182 4238 55.

593 4269 696 4330 17),
723 4268 904 4339 primo
932 4263 1097 4320 frocci
1129 4263 1373 4334 signum,
1404 4263 1605 4319 deinde
1634 4264 1949 4320 dormiendi
1999 4269 2052 4321 fa
2089 4269 2185 4332 ito,

589 4355 874 4431 postremo
897 4371 1127 4410 manum
1163 4353 1563 4408 commovendo
1593 4355 1844 4426 expande
1871 4376 1884 4418 ;
1919 4359 2064 4426 quod
2094 4359 2192 4413 ali-

591 4443 740 4518 quod
765 4441 1074 4498 involutum
1107 4442 1453 4524 egpandendi
1503 4443 1726 4513 signum
1759 4446 1843 4498 est
1901 4441 2006 4498 Pro
2033 4443 2193 4522 signo

2255 2221 2588 2274 scribentem
2622 2221 2841 2274 simula.
2895 2221 2997 2274 l'ro
3051 2221 3210 2289 signo
3241 2221 3518 2273 scalarum
3551 2234 3579 2283 (ο
3606 2217 3636 2272 7
3661 2259 3675 2283 ,
3709 2235 3856 2288 prte-

2257 2311 2426 2364 mis~o
2449 2311 2608 2379 signo
2642 2309 2872 2372 metalli,
2899 2309 3003 2363 hoc
3027 2310 3188 2372 adde,
3210 2316 3271 2362 ut
3304 2326 3429 2362 cum
3461 2307 3678 2360 duobus
3706 2307 3861 2377 digi-

2255 2400 2328 2452 tis
2361 2401 2543 2452 medio
2572 2399 2783 2452 scilicet
2815 2409 2869 2451 et
2899 2394 3081 2451 indice
3131 2405 3413 2468 postrema
3459 2397 3615 2468 pedis
3638 2397 3864 2448 conclu-

2256 2489 2370 2542 das.
2402 2490 2506 2542 l'ro
2537 2489 2696 2558 signo
2727 2487 3195 2540 chirothecarum.
3230 2503 3396 2540 manu
3429 2487 3480 2538 dt
3503 2493 3660 2539 xtera
3689 2501 3866 2554 super

2257 2578 2491 2646 alteram
2523 2577 2708 2630 ducta.
2744 2575 3067 2629 induentem
3093 2591 3322 2628 eascum
3356 2573 3864 2630 extensionesimu-

2257 2663 2406 2728 labis
2450 2663 2554 2718 Pro
2585 2661 2983 2734 signolapidis,
3017 2663 3248 2717 inllexos
3278 2669 3520 2734 quatuor
3543 2663 3752 2716 dextrae
3779 2661 3866 2715 di-

2254 2754 2402 2824 gitos
2426 2771 2624 2806 manus
2657 2752 3000 2823 temporibus
3029 2767 3346 2823 appone.ac
3374 2749 3422 2804 si
3451 2757 3612 2822 petra
3641 2745 3864 2819 aliquid

2255 2839 2494 2897 tundere
2527 2841 2678 2895 velis.
3109 2903 3116 2910 ι

2825 2927 3058 2984 CAPUT
3081 2923 3269 2982 XVII.

2659 3017 2731 3072 De
2758 3024 2934 3086 signis
2959 3021 3468 3072 ecclesiasticarum.

2337 3107 2358 3129 ⁹
2390 3105 2498 3160 Pro
2537 3107 2699 3172 signo
2727 3105 3294 3180 alterius.cujuslibet
3312 3103 3514 3176 lapidis
3541 3101 3703 3175 signo
3726 3121 3868 3174 prie-

2269 3194 2461 3260 misso,
2493 3195 2712 3264 signum
2737 3204 2940 3249 sanctae
2967 3196 3146 3250 crucis
3178 3193 3321 3248 adde
3379 3195 3484 3248 Pro
3541 3193 3702 3264 signo
3742 3209 3868 3263 spe-

2265 3283 2388 3335 ciali
2421 3283 2976 3354 principalisaltaris.
3013 3280 3267 3354 generali
3309 3279 3592 3354 praemisso
3617 3282 3724 3336 hoc
3761 3281 3868 3335 ad-

2265 3370 2351 3424 de.
2389 3384 2446 3426 ut
2481 3389 2675 3425 omnes
2697 3368 2902 3442 digitos
2929 3355 3236 3443 dis-junctus
3265 3376 3318 3426 et
3345 3371 3574 3425 inﬂexos
3602 3369 3659 3424 in
3683 3371 3870 3440 altum

2268 3458 2489 3530 erigas;
2529 3459 2672 3529 quod
2706 3477 2968 3529 magnum
3005 3459 3214 3531 aliquid
3247 3473 3648 3532 nonnunquam
3685 3455 3872 3529 signi-

2269 3549 2416 3602 ficat.
2448 3532 2554 3602 Pro
2576 3547 2735 3618 signo
2758 3551 2950 3602 altaris
2978 3549 3276 3618 cujuslibet
3316 3547 3564 3618 virginis,
3613 3545 3872 3618 generali

2269 3637 2578 3708 praemisso.
2605 3639 2766 3692 trahe
2788 3637 3024 3692 indicem
3055 3639 3110 3691 in
3162 3639 3342 3691 fronte
3369 3637 3436 3690 de
3465 3633 3766 3706 supercilio
3797 3633 3870 3688 ad

2267 3727 2650 3797 snpercilium.
2675 3725 2820 3797 quod
2854 3721 2938 3780 est
2967 3727 3188 3806 signum
3222 3726 3454 3796 virginis
3485 3726 3567 3780 vel
3589 3719 3868 3780 mulir-ris.

2269 3816 2473 3870 Eodem
2499 3816 2663 3868 modo
2707 3821 2786 3868 lac
2809 3817 3086 3886 signumS
3133 3805 3321 3870 Mariae
3369 3805 3612 3896 adjunge
3643 3813 3872 3884 signum

2267 3903 2416 3974 regis
2448 3912 2506 3957 et
2530 3904 2725 3957 crucis.
2751 3903 2859 3958 Pro
2888 3905 3048 3974 signo
3099 3903 3245 3957 altar
3269 3921 3296 3957 s
3347 3903 3402 3958 S.
3443 3901 3752 3964 Michaelis,
3777 3919 3875 3972 ge-

2269 3991 2445 4046 nerali
2470 3989 2756 4062 praunisso
2789 3991 2906 4044 leva
2922 4008 3146 4046 manum
3195 3997 3252 4044 et
3281 3993 3638 4044 summitates
3670 3987 3874 4059 digito-

2269 4097 2392 4134 rum
2423 4079 2672 4139 iuilexas.
2693 4081 2852 4150 quasi
2869 4081 2934 4132 ad
2963 4080 3258 4134 volandum
3287 4071 3621 4150 move.quod
3645 4077 3874 4147 signum

2271 4169 2618 4244 angelorum.
2653 4187 2718 4223 eo
2771 4170 2916 4240 quod
2979 4171 3162 4224 volare
3219 4153 3522 4222 credantur
3573 4150 3680 4220 Pro
3709 4168 3874 4237 signo

2273 4257 2470 4312 altaris
2491 4261 2548 4315 S.
2582 4258 2811 4312 Joannis
2829 4259 3112 4329 Baptistae,
3149 4257 3397 4328 generali
3430 4255 3720 4328 praemisso
3749 4271 3875 4308 ma-

2274 4364 2408 4402 num
2461 4345 2660 4401 cervici
2706 4349 2928 4418 impone
2982 4353 3210 4418 propter
3249 4345 3696 4404 decollationem.
3723 4343 3875 4414 quod

2275 4452 2573 4492 commune
2610 4425 2695 4490 est
2721 4436 2995 4498 omnium,
3021 4436 3114 4506 qui
3163 4441 3382 4488 tantum
3423 4441 3717 4504 martyres.
3759 4436 3877 4485 non

591 4517 868 4608 capitalis.
895 4529 1039 4602 qvod
1075 4517 1376 4602 vulgarlter
1403 4531 1694 4587 Uussinmn
1721 4534 2054 4602 appellatur,
2075 4517 2257 4590 ἰωνίιῦ
2277 4525 2443 4579 etiam
2481 4525 2766 4595 pontiﬁces
2792 4521 3036 4579 luerunt.
3065 4519 3170 4578 Pro
3201 4525 3361 4603 signo
3379 4521 3572 4576 altaris
3601 4519 3658 4574 S.
3696 4517 3876 4582 Petri,

591 4620 822 4677 manum
856 4625 914 4674 et
939 4619 1292 4676 summitates
1319 4619 1624 4691 digitorum
1656 4621 1908 4688 inﬂexus,
1937 4623 2094 4692 quasi
2125 4616 2194 4678 ad

593 4697 893 4766 velandum
919 4701 1222 4786 commove,
1262 4714 1454 4781 postea
1478 4728 1622 4781 pone
1654 4727 1880 4765 manum
1914 4713 1982 4766 ad
2009 4713 2198 4766 maxil-

591 4801 728 4860 lam.
756 4799 900 4854 sicut
919 4797 1202 4852 dormiens
1235 4798 1394 4852 solet.
1420 4800 1528 4853 Pro
1570 4800 1729 4868 signo
1765 4799 2012 4854 culcitrae
2050 4801 2200 4854 simi-

591 4889 722 4944 liter
739 4873 926 4950 iacies,
965 4887 1156 4942 addito
1186 4888 1346 4958 signo
1376 4887 1744 4956 expandendi.
1791 4873 1896 4942 Pro
1927 4889 2085 4960 signo
2107 4908 2198 4943 zo-

591 4993 698 5045 nte,
730 4978 843 5031 slve
870 4977 1121 5048 corrigite
1138 4978 1204 5030 ad
1229 4976 1588 5036 stamineum.
1619 4974 1856 5046 digitum
1897 4977 2072 5047 digito
2098 4979 2202 5033 cir-

591 5067 825 5142 cumfer,
857 5072 912 5120 et
939 5067 1009 5120 de
1041 5072 1278 5138 utroque
1307 5066 1482 5119 latere
1511 5065 1703 5119 confer
1748 5065 1956 5135 digitos
1996 5084 2198 5122 manus

588 5157 907 5227 utriusque,
941 5155 1100 5227 quasi
1150 5155 1244 5225 qui
1293 5171 1353 5207 se
1383 5154 1625 5223 corrigia
1662 5154 1856 5226 cingit.
1898 5155 2007 5208 Pro
2037 5155 2196 5226 signo

587 5265 686 5315 tur
707 5250 1016 5329 ﬂagellum,
1034 5258 1088 5312 id
1111 5262 1195 5312 est
1225 5256 1632 5330 scopula.qu‘od
1656 5267 1720 5310 ex
1751 5257 2003 5330 p'uribus
2023 5255 2194 5330 virgis

588 5328 758 5386 simul
779 5330 996 5400 junctis
1013 5330 1125 5382 ﬁat.
1147 5331 1220 5382 At
1247 5329 1292 5381 si
1311 5343 1375 5381 ex
1400 5328 1624 5398 plumis,
1642 5334 1742 5382 aut
1754 5328 1940 5383 avium
1973 5328 2193 5400 pennis,

587 5400 740 5458 recte
767 5400 1055 5470 ﬂabellum
1085 5400 1192 5454 dici
1225 5407 1427 5470 potest.

667 5470 773 5541 (60)
807 5473 1170 5536 ﬂumineum.
1206 5471 1346 5524 Vide
1375 5470 1668 5541 Cangium.

661 5540 767 5612 ltili
799 5542 1035 5598 Gunella
1057 5542 1454 5598 diminutitum
1485 5540 1550 5596 ex
1599 5553 1772 5611 gum,
1805 5543 1951 5612 quod
1982 5548 2193 5597 vestem

587 5611 881 5686 pelliceam
913 5615 1212 5682 significat.

584 5682 606 5706 ·’
661 5682 1002 5756 (tempore
1041 5687 1206 5738 vestis
1233 5685 1721 5752 subdiaconOrum,
1755 5701 1880 5756 quae
1917 5690 1976 5739 et
1999 5690 2195 5742 stricta

587 5755 786 5820 unica,
812 5751 1039 5808 dicitur.

2277 4614 2390 4668 sive
2419 4614 2668 4668 omnium
2699 4615 3101 4684 apostolorum,
3131 4609 3382 4683 generali
3422 4609 3724 4682 praemisso.
3759 4623 3878 4662 ma-

2279 4721 2412 4758 num
2438 4703 2689 4756 dextram
2719 4703 2788 4757 ab
2829 4704 3062 4756 humero
3091 4687 3286 4754 dextro
3316 4701 3577 4754 deorsum
3607 4691 3786 4767 usque
3818 4695 3878 4751 in

2282 4796 2446 4846 ﬁnem
2481 4793 2720 4863 pectoris
2764 4793 2944 4854 trahe,
3001 4792 3309 4862 eodemque
3360 4781 3523 4868 modo
3553 4787 3622 4842 de
3644 4771 3880 4866 sinistro

2282 4880 2348 4936 ad
2378 4883 2633 4935 dextrum
2668 4889 2898 4952 propter
2939 4879 3362 4934 similitudinem
3397 4866 3570 4950 pallii,
3613 4871 3725 4948 quo
3755 4876 3879 4946 epi-

2281 4972 2432 5041 scopi
2460 4979 2729 5038 Utuntur;
2756 4967 2966 5024 addens
2991 4967 3112 5034 hoc,
3143 4977 3209 5024 ut
3233 4973 3404 5022 manu
3447 4979 3582 5022 cava
3608 4978 3878 5020 coronam

2280 5062 2338 5114 in
2369 5061 2552 5131 capite
2580 5061 2811 5116 similes.
2839 5062 2946 5114 Pro
2983 5059 3143 5130 signo
3173 5058 3558 5128 episcoporum
3590 5059 3649 5109 et
3667 5055 3884 5108 contes-

2278 5167 2465 5204 sorum
2487 5149 2734 5220 generali
2749 5150 2906 5220 signo
2926 5150 3212 5220 praemisso
3227 5147 3370 5202 adde
3387 5147 3616 5217 signum
3627 5137 3882 5215 praedicti

2350 5255 2454 5318 (63)
2482 5255 2663 5310 Calcei
2694 5255 2908 5310 ﬁltratl.

2351 5329 2440 5388 (64
2491 5330 2675 5396 ιτοορρρ
2695 5329 2873 5380 torum
2908 5328 3030 5396 lege
3063 5327 3491 5396 coojiertori'um:
3520 5324 3600 5379 sic
3619 5321 3773 5377 enim
3799 5322 3886 5376 le-

2274 5401 2428 5470 gitur
2450 5399 2504 5452 in
2536 5415 2636 5452 ms.
2665 5399 2721 5454 S.
2757 5398 3016 5470 Victoris.

2351 5469 2456 5534 [6-5)
2483 5473 2698 5526 Collum
2753 5469 2942 5530 Cotus.
2977 5469 3242 5524 tlulcitra.

2350 5531 2770 5612 (66iStragula,
2809 5557 3028 5612 pannus
3079 5541 3168 5594 hic
3220 5541 3433 5600 laneus.
3487 5533 3582 5612 qui
3636 5531 3889 5612 culcitras

2277 5608 2744 5682 supersternitur,
2775 5608 2832 5664 et
2845 5624 2952 5682 ί]υο
2983 5612 3289 5666 etiamnum
3307 5608 3562 5664 monachi
3594 5608 3890 5662 reformati

2277 5693 2534 5738 utuntur.

2346 5751 2454 5823 (67)
2484 5755 2646 5809 Scala
2659 5754 2800 5809 forte
2817 5770 2918 5825 pro
2933 5755 3126 5821 Scilla,
3157 5770 3258 5808 seu
3282 5754 3484 5819 Slu'lla,
3511 5764 3888 5820 campanam.
