3964 6358
514 311 616 371 951

1549 327 1606 384 S.
1649 330 2039 390 GUILLELMI
2075 332 2378 391 ABBATIS
2415 335 2751 391 HIRSAUG.

3684 330 3791 391 952

516 442 711 535 Postea
728 440 915 512 profer
929 459 1125 505 omnes
1145 446 1349 519 digitos
1365 453 1660 526 utriusque
1685 462 2113 521 manus.deinde
2131 469 2174 524 A
2197 480 2392 518 omnes
2417 463 2621 535 digitos
2650 464 2923 518 incurves.
2953 462 3061 517 Pro
3089 461 3251 532 signo
3268 459 3520 532 Regulae.
3534 460 3791 533 generali

517 525 783 595 indicem,
822 548 947 586 cum
990 536 1192 599 medio.
1247 542 1464 596 cmteris
1509 544 1747 600 inﬂexis.
1796 549 1903 603 Pro
1952 552 2110 621 signo

520 623 711 715 mattte
754 619 862 685 (73)
893 660 906 683 ,
954 626 1203 715 generali
1244 628 1404 698 signo
1451 632 1751 689 herbarum
1803 619 2106 708 przemisso,

526 706 803 761 manicam
834 706 1048 775 tene,e't
1077 715 1300 786 signum
1334 722 1684 790 expandendi
1706 706 1966 797 adjunge.

1125 804 1359 860 CAPUT
1384 809 1499 862 XX.

585 883 660 937 De
686 886 882 952 signis.
906 905 1023 957 qua:
1044 892 1117 945 ad
1143 895 1399 949 divinum
1428 899 1743 968 obsequium
1764 906 2064 970 pertinent.

596 973 621 995 *
650 972 758 1026 Pro
791 975 951 1045 signo
971 978 1244 1047 lectionis,
1281 987 1471 1039 manui
1504 993 1561 1041 et
1596 991 1838 1059 pectoris
1874 991 2112 1061 digitum

523 1059 763 1115 indicem
810 1065 1080 1136 impinge,
1116 1075 1173 1122 et
1216 1073 1509 1141 paululum
1556 1082 1859 1133 attractum
1900 1059 1981 1134 ita
2031 1082 2116 1135 fac

522 1148 757 1215 resilire,
789 1154 948 1221 quasi
980 1156 1073 1225 qui
1102 1157 1296 1213 folium
1329 1163 1535 1218 codicis
1563 1168 1779 1222 evertit.
1817 1170 1924 1224 Pro
1954 1170 2113 1239 signo

520 1240 883 1330 responsorii,
932 1244 1169 1299 articulo
1213 1247 1411 1304 indicis
1448 1253 1704 1322 pollicem
1752 1275 2022 1330 suppone.
2058 1266 2116 1314 et

521 1322 603 1378 ita
627 1325 713 1380 fac
743 1344 869 1382 eum
914 1334 1196 1401 prosilire.
1253 1337 1361 1391 Pro
1404 1341 1565 1411 signo
1612 1322 2113 1407 versus-articulo

522 1413 740 1512 minimi
775 1417 936 1512 digiti
970 1422 1221 1512 pollicem
1250 1442 1521 1498 suppone.
1554 1438 1612 1486 et
1639 1434 1769 1499 hoc;
1794 1440 1939 1507 quod
1969 1458 2116 1512 prae-

520 1502 755 1598 missum
780 1512 883 1567 est,
905 1508 974 1562 de
1004 1511 1243 1567 saliente
1272 1516 1415 1571 adde
1458 1519 1566 1573 Pro
1587 1522 1745 1592 signo
1771 1502 2109 1598 antiphonaa,

522 1593 903 1687 summitatem
933 1599 1146 1688 pollicis
1176 1618 1242 1654 ac
1289 1606 1505 1661 minimi
1549 1609 1705 1680 digiti
1738 1593 2036 1688 conjunge,
2059 1593 2117 1675 et

523 1685 1113 1775 sic-parumpollicem
1143 1689 1403 1746 deorsum
1450 1698 1629 1751 trahe.
1682 1700 1790 1755 Pro
1829 1685 1989 1775 signo
2028 1708 2117 1761 In-

2193 554 2501 623 przemisso,
2538 555 2640 607 hoc
2667 553 2829 618 adde,
2852 558 2915 607 ut
2942 552 3208 622 capillum
3239 549 3350 613 (76»
3381 569 3554 623 super
3586 568 3785 606 aurem

2194 642 2529 713 pendentem
2553 658 2679 696 cum
2699 641 2916 695 duobus
2937 640 3128 712 digitis
3147 642 3794 713 apprehendas.propter

2195 730 2306 785 duo
2328 730 2574 792 nomina.
2608 730 2810 802 quibus
2834 732 2997 785 abbas
3034 737 3266 785 vocatur
3293 735 3350 784 et
3377 731 3635 788 domnus;
3658 728 3795 800 quia

2196 824 2254 874 et
2275 821 2331 874 S.
2368 820 2700 874 Benedictus
2728 822 2925 872 auctor
2954 818 3161 888 regulae
3183 818 3353 888 hujus
3374 822 3497 872 erat
3522 823 3581 871 et
3599 817 3789 870 ofﬁcii.

2196 908 2305 961 Pro
2334 908 2494 978 signo
2544 907 2846 979 hymnarii,
2884 906 3135 977 generali
3176 906 3461 978 praemisso
3505 906 3669 971 adde,
3725 909 3794 960 ut

2196 996 2453 1066 pollicem
2486 1003 2544 1051 et
2571 996 2811 1051 indicem
2841 996 3048 1051 dextras
3072 1014 3273 1052 manus
3304 997 3612 1068 proferens.
3641 1012 3794 1051 sum-

2197 1085 2421 1139 mitates
2441 1102 2633 1139 eorum
2656 1087 2966 1155 conjungas
3019 1102 3130 1157 quo
3159 1102 3405 1157 praesens
3451 1091 3676 1157 tempus
3705 1085 3793 1138 vel

2199 1174 2344 1244 quod
2403 1174 2647 1245 primum
2699 1181 2799 1237 est,
2844 1174 3211 1244 significatur,
3272 1181 3330 1230 et
3371 1175 3478 1229 hoc
3514 1175 3677 1245 signo
3719 1172 3793 1229 ad

2198 1262 2556 1333 hymnarium
2591 1271 2818 1334 propter
2845 1263 2950 1317 hoc
2994 1263 3174 1317 solum
3227 1262 3452 1318 verbum
3498 1264 3793 1317 inventum

2197 1357 2299 1405 est.
2330 1352 2385 1405 id
2415 1357 2517 1417 est,
2545 1354 2731 1406 Primo
2761 1351 3001 1405 dierum.
3038 1353 3147 1406 Pro
3177 1352 3337 1422 signo
3377 1352 3654 1417 Psalterii,
3688 1368 3793 1423 ge-

2195 1442 2370 1496 nerali
2401 1441 2710 1513 przemisso.
2750 1441 2856 1495 hoc
2883 1441 3044 1503 adde.
3084 1448 3150 1496 ut
3182 1442 3536 1497 summitates
3577 1441 3791 1512 digito—

2195 1548 2319 1585 rum
2372 1531 2579 1584 dextrze
2622 1546 2757 1584 cava
2794 1546 2963 1584 manu
3018 1530 3075 1583 in
3112 1537 3281 1601 caput
3319 1547 3510 1601 ponas,
3559 1535 3795 1600 prepter

2196 1618 2619 1672 similitudinem
2677 1634 2915 1677 coronae.
2966 1634 3134 1688 quam
3191 1634 3287 1671 rex
3327 1618 3469 1671 solet
3516 1624 3790 1688 portare:

2197 1706 2331 1776 quia
2361 1706 2529 1760 David
2557 1712 2754 1760 auctor
2783 1707 3125 1776 psalmorum
3165 1723 3261 1761 rex
3308 1713 3430 1760 erat
3478 1707 3590 1760 Pro
3625 1705 3793 1775 signo

523 1766 1011 1866 ti'oitus,pollicem
1046 1783 1104 1866 et
1133 1777 1182 1830 ei
1209 1781 1521 1850 proximum
1553 1787 1740 1856 profer
1770 1766 2112 1849 sumvmitati-
2130 1779 2174 1838 Β
2196 1766 2322 1848 libri
2350 1766 3052 1866 prophetarum-generali
3079 1795 3387 1866 praemisso,
3422 1795 3528 1849 hoc
3556 1766 3799 1849 adde.ut

522 1851 627 1951 bus
652 1871 846 1913 eorum
889 1862 1120 1930 junctis,
1163 1875 1358 1923 contra
1400 1888 1462 1925 os
1509 1890 1737 1930 manum
1778 1882 2014 1951 applica.
2048 1901 2112 1938 ac

520 1942 747 2041 demum
801 1949 982 2005 missae
1020 1952 1243 2023 signum
1273 1957 1535 2031 adjunge.
1572 1964 1678 2018 Pro
1708 1942 1869 2036 signo
1899 1970 2112 2041 Gloria,

525 2031 730 2102 digitos
754 2052 948 2092 omnes
974 2040 1179 2097 dextrae
1203 2061 1400 2101 manus
1420 2049 1660 2113 inﬂecte.
1694 2031 1949 2111 eamdem
1999 2031 2115 2114 ma:-

687 2123 771 2219 ori
800 2127 1036 2219 applica,
1071 2133 1216 2201 quod
1248 2142 1473 2190 cantum
1496 2139 1792 2210 signiﬁcat.
1820 2145 1923 2200 Pro
1954 2148 2114 2219 signo

519 2212 780 2302 alleluia.
815 2214 938 2270 leva
972 2234 1197 2274 manum
1226 2229 1282 2276 et
1309 2227 1666 2283 summitates
1696 2212 2115 2302 digitorumin-

519 2298 711 2394 ﬂexas.
746 2304 906 2371 quasi
944 2306 1014 2359 ad
1054 2310 1348 2366 velandum
1383 2332 1540 2370 move
1574 2298 1804 2388 promer
1830 2325 2109 2394 Angelos;

520 2387 665 2455 quod
701 2396 763 2442 ut
789 2392 1057 2461 creditur,
1090 2397 1160 2450 ab
1187 2400 1417 2470 Angelis
1461 2404 1514 2458 in
1536 2387 1977 2467 coelocantatur
2008 2387 2114 2468 Pro

519 2473 680 2568 signo
710 2478 889 2534 Prosas
919 2481 1046 2550 (7i).
1075 2503 1242 2556 quam
1268 2491 1494 2558 quidam
1520 2495 1874 2564 Sequentiam
1895 2509 2109 2568 vocant,

519 2562 643 2617 leva
673 2581 901 2622 manum
932 2571 1275 2637 inclinatam.
1311 2587 1367 2632 et
1397 2588 1617 2650 pectore
1647 2602 1769 2639 eam
1804 2593 2110 2645 amovendo

518 2650 753 2717 inverte.
779 2656 852 2710 ila
878 2664 940 2712 ut
967 2664 1112 2730 quod
1146 2665 1297 2735 prius
1319 2675 1441 2723 erat
1463 2676 1796 2737 sursum,sit
1825 2678 2108 2735 deorsum.

520 2739 631 2834 Pro
670 2743 830 2814 signo
862 2754 1233 2819 responsorii;
1279 2758 1440 2812 trahe
1472 2777 1700 2815 manum
1734 2780 1833 2834 per
1860 2778 2111 2823 ventrem

518 2827 805 2921 deorsum,
838 2836 985 2904 quod
1016 2841 1239 2894 tractim
1271 2844 1393 2898 ﬁeri
1441 2864 1664 2919 semper
1691 2851 2037 2921 signiﬁcetur
2058 2863 2115 2911 et

519 2918 803 3015 praedicto
822 2925 986 2978 modo
1018 2943 1247 2984 manum
1293 2934 1362 2987 ad
1410 2951 1471 2989 os
1515 2918 1767 3007 applica:
1802 2942 1911 2995 Pro
1952 2943 2112 3015 signo

2198 1899 2428 1937 manum
2470 1884 2740 1937 directam
2771 1884 2964 1938 trahas
2996 1900 3096 1954 per
3123 1884 3354 1954 capillos
3382 1889 3579 1937 contra
3595 1899 3795 1937 aurem

2197 1972 2473 2031 dextram.
2506 1973 2652 2042 quod
2686 1978 3031 2026 senectutem
3054 1972 3351 2043 significat.
3386 1973 3494 2026 Pro
3520 1973 3683 2042 signo
3717 1971 3798 2025 bi-

2196 2061 2505 2119 bliothecae.
2528 2061 2778 2131 generali
2798 2061 3106 2132 praemisso.
3138 2062 3243 2115 hoc
3266 2061 3428 2116 adde.
3456 2068 3520 2114 ut
3539 2061 3795 2131 proferas

2196 2167 2392 2204 omnes
2421 2151 2627 2221 digitos
2674 2168 2872 2205 manus
2919 2152 3231 2222 utriusque.
3262 2152 3369 2205 Pro
3399 2151 3559 2221 signo
3588 2150 3796 2220 episto-

2196 2240 2377 2292 larum
2412 2238 2587 2297 Pauli.
2620 2238 2905 2309 praemisso
2928 2240 3351 2309 generali.adde
3382 2239 3603 2309 signum
3625 2239 3790 2293 calvi.

2196 2327 2306 2381 Pro
2334 2327 2496 2397 signo
2533 2327 2805 2381 librorum
2844 2329 2967 2389 Job.
2999 2328 3250 2398 generali
3288 2327 3597 2398 praemisso.
3631 2344 3793 2382 men-

2196 2422 2315 2468 tum
2349 2432 2474 2468 cum
2505 2416 2698 2469 dextra
2716 2421 2864 2479 tene,
2899 2415 3099 2469 deinde
3129 2415 3667 2491 eamdemdextram
3704 2431 3799 2469 ex-

2197 2520 2429 2574 pansam
2476 2521 2645 2573 super
2682 2511 2874 2575 pectus
2913 2522 3107 2575 ponas.
3151 2504 3300 2575 quod
3338 2511 3424 2559 est
3455 2504 3678 2574 signum
3711 2504 3797 2558 in-

2198 2592 2502 2646 ﬁrmitatis.
2551 2593 2658 2646 Pro
2683 2593 2842 2663 signo
2868 2591 3160 2657 Glossarii,
3192 2593 3445 2663 generali
3480 2593 3791 2659 prmmisso,

2195 2681 2338 2734 adde
2359 2682 2581 2751 signum
2615 2681 2885 2746 lectionis,
2907 2688 3103 2753 postea
3131 2698 3326 2735 omnes
3350 2681 3555 2752 digitos
3583 2682 3799 2736 dextrae

2195 2769 2253 2823 in
2284 2786 2458 2823 unum
2500 2771 2797 2842 conjunge,
2847 2771 2993 2841 quod
3032 2786 3226 2825 omnes
3267 2771 3473 2824 fratres
3513 2770 3799 2839 signiﬁcat

2193 2859 2535 2913 convenisse.
2570 2860 2677 2912 Pro
2707 2860 2866 2929 signo
2893 2859 3020 2914 libri
3052 2859 3495 2930 sequentiarum,
3540 2859 3795 2927 generali

2196 2948 2502 3017 praemisso.
2553 2947 2775 3018 signum
2819 2948 2962 3001 adde
2998 2947 3277 3019 Martyris.
3320 2949 3428 3002 Pro
3474 2948 3634 3019 signo
3663 2947 3797 3001 libri

522 3004 833 3108 Qﬂ‘ertorii,
850 3015 1140 3108 praemisso
1157 3022 1406 3087 generali
1434 3023 1802 3093 signocantus
1821 3031 2109 3099 efferendi,
2142 3094 2180 3108 ﬂ
2204 3035 2491 3095 Breviarii.
2512 3037 2763 3105 generali
2780 3036 3090 3108 praemisso,
3119 3036 3359 3090 indicem
3384 3053 3483 3108 per
3500 3036 3797 3107 obliquum

518 3110 741 3194 Sig-num
767 3100 929 3154 adde.
960 3103 1069 3194 Pro
1098 3106 1258 3176 signo
1290 3110 1735 3182 Communionis,
1767 3118 1902 3172 item
1949 3138 2115 3191 gene-
2138 3094 2370 3194 Csuper
2398 3141 2561 3178 nares
2592 3126 2769 3187 trahe.
2799 3125 3186 3179 obtruncatam
3218 3142 3336 3179 rem
3367 3125 3657 3179 simulans.
3684 3125 3797 3179 Pro

649 3184 811 3255 signo
842 3192 1130 3259 praamisso
1152 3202 1370 3266 cantus,
1403 3199 1626 3270 signum
1664 3183 2115 3264 communicandi

633 3287 683 3324 e.

633 3287 683 3327 Β.

1113 3373 1346 3432 CAPUT
1372 3379 1518 3434 XXI.

1021 3462 1091 3515 De
1119 3467 1294 3529 signis
1320 3469 1617 3525 librorum.

2196 3212 2358 3282 signo
2415 3213 2541 3266 libri
2601 3214 3093 3275 consuetudinum.
3165 3213 3416 3285 generali
3479 3213 3791 3284 praemisso,

2195 3314 2406 3355 vestem
2440 3308 2634 3355 contra
2678 3308 2872 3373 pectus
2913 3302 3239 3374 comprime.
3282 3304 3390 3356 Pro
3415 3302 3577 3372 signo
3599 3317 3799 3373 perga-

2196 3390 2371 3451 meni.
2403 3391 2563 3462 signo
2590 3391 2841 3461 generali
2871 3390 3141 3446 librorum
3164 3392 3468 3463 praemisso.
3497 3391 3603 3444 hoc
3625 3390 3798 3460 adde,

2196 3484 2261 3533 ut
2316 3479 2508 3549 digitis
2564 3480 2862 3550 utriusque
2917 3497 3118 3535 manus
3160 3480 3512 3551 conjunctis,
3559 3495 3797 3533 manum

594 3543 617 3564 ¹
646 3540 756 3597 Pro
784 3549 1033 3640 generali
1076 3551 1238 3640 signo
1269 3554 1556 3623 librorum,
1598 3561 1833 3617 extende
1860 3580 2111 3631 manum,
2199 3570 2388 3624 manui
2424 3570 2804 3624 circumferas.
2852 3570 3000 3640 quod
3031 3569 3199 3623 etiam
3227 3575 3315 3623 est
3348 3568 3568 3639 signum
3601 3568 3798 3640 signo-

523 3632 788 3731 fiinmPY-e,
817 3635 963 3731 sicut
990 3637 1183 3693 folium
1222 3643 1346 3731 libri
1382 3648 1589 3721 moveri
1624 3650 1786 3703 solet.
1812 3653 1920 3705 Pro
1954 3655 2113 3725 signo
2198 3676 2347 3713 rum.
2381 3660 2489 3713 Pro
2528 3659 2685 3730 signo
2708 3632 2903 3714 rotula:
2930 3660 3053 3728 (77).
3079 3659 3320 3729 digitum
3353 3632 3530 3728 digito
3559 3632 3802 3712 circum-

521 3717 675 3773 Libri
704 3723 960 3818 Missalis,
999 3730 1251 3797 generali
1296 3733 1455 3803 signo
1502 3739 1808 3806 praemisso.
1860 3742 2022 3807 adde,
2054 3751 2118 3798 ut
2198 3747 2299 3812 fer,
2324 3765 2389 3802 ac
2414 3749 2616 3803 deinde
2651 3749 2986 3803 scribentem
3023 3749 3246 3803 simula.
3299 3749 3406 3802 Pro
3446 3749 3607 3818 signo
3660 3747 3802 3802 Bre-

523 3824 754 3909 nianum
786 3812 1038 3909 dextram
1062 3826 1341 3874 extentam
1362 3823 1511 3878 inter
1542 3828 1786 3882 medium
1817 3831 2034 3900 pollicis
2063 3840 2119 3887 et
2200 3837 2281 3890 vis
2313 3836 2445 3903 (78),
2477 3838 2687 3908 primos
2725 3838 2992 3892 articulos
3039 3844 3280 3909 quatuor
3307 3812 3611 3907 digitor'um
3639 3839 3801 3892 inﬂe-

521 3898 721 3998 indicis
760 3901 992 3998 alterius
1033 3922 1232 3998 manus
1273 3913 1431 3980 quasi
1475 3914 1684 3969 ferrum
1716 3917 1964 3975 limando
1993 3927 2113 3975 tra-
2200 3931 2308 3985 cte,
2344 3925 2589 3996 itemque
2618 3925 2951 3979 scribentem
2971 3925 3193 3980 simula.
3219 3927 3323 3980 Pro
3345 3926 3505 3996 signo
3523 3927 3802 3998 Martyro-

521 3984 669 4087 has:
698 3990 800 4087 hoc
827 3993 997 4087 etiam
1023 3996 1294 4087 cujusque
1318 4002 1394 4053 rei
1421 4008 1528 4057 est.
1570 4022 1737 4075 quam
1762 4007 1818 4061 in
1849 4008 2113 4079 frequen-
2198 4012 2352 4083 logii,
2386 3984 2766 4067 summitatem
2792 4013 3006 4084 pollicis
3037 4030 3138 4084 per
3174 3984 3531 4068 summitates
3560 3984 3799 4069 caetero-

523 4078 605 4176 tia
634 4078 940 4176 habemus:
964 4083 1072 4136 Pro
1102 4085 1263 4156 signo
1291 4089 1419 4143 libri
1465 4092 1813 4162 Epistolaris.
1863 4078 2115 4167 generali
2199 4078 2323 4155 rein
2351 4101 2654 4170 digitorum
2687 4078 2899 4156 dextrae
2937 4078 3100 4172 quasi
3128 4102 3504 4172 computando
3536 4102 3801 4158 celeriter

526 4167 816 4260 signohoc
834 4173 998 4238 adde,
1032 4181 1096 4228 ut
1126 4176 1347 4247 signum
1377 4182 1557 4236 crucis
1592 4182 1651 4236 in
1671 4200 1895 4255 pectore
1925 4186 2112 4243 facias.
2202 4190 2381 4251 trahe.
2414 4189 2687 4260 incipiens
2711 4208 2744 4243 a
2773 4189 3027 4244 minimo.
3064 4191 3171 4244 Pro
3216 4190 3376 4260 signo
3407 4190 3535 4243 libri
3561 4193 3800 4246 saecula-

523 4253 634 4347 Pro
651 4255 812 4347 signo
825 4267 1008 4315 textus
1039 4264 1638 4339 Evangelii.przemisso
1658 4253 1911 4343 generali
1934 4276 2115 4347 signo,

525 4341 633 4395 hoc
676 4346 842 4407 adde.
873 4356 937 4401 ut
975 4351 1194 4421 signum
1248 4358 1429 4411 crucis
1476 4360 1647 4415 facias
1674 4362 1730 4416 in
1776 4363 1978 4418 fronte.
2013 4366 2163 4421 Pro.‘

526 4432 688 4502 signo
727 4434 873 4500 libri,
928 4437 986 4492 in
1036 4457 1145 4511 quo
1200 4444 1497 4515 legendum
1545 4456 1630 4503 est
1665 4450 1735 4504 ad
1780 4451 2116 4516 Nocturnos.

527 4522 818 4591 praemisso
852 4531 1103 4597 generali
1148 4532 1308 4603 signo
1344 4543 1402 4589 et
1440 4537 1567 4591 libri
1610 4545 1667 4592 et
1696 4540 1968 4603 lectionis.
2015 4544 2121 4597 hoc

526 4608 692 4668 adde.
723 4618 789 4664 ut
810 4629 1035 4670 manum
1063 4619 1132 4672 ad
1155 4622 1435 4677 maxillam
1467 4642 1660 4694 ponas.
1693 4628 1801 4682 Pro
1828 4630 1988 4700 signo
2018 4648 2123 4685 an-

527 4696 855 4768 tiphonarii,
877 4708 1128 4774 generali
1161 4711 1443 4778 praemisso
1473 4714 1601 4768 libri
1635 4717 1794 4787 signo
1825 4696 1928 4773 hec
1956 4721 2119 4786 adde,

527 4795 594 4841 ut
624 4793 1062 4880 omnesgdigitos
1106 4814 1306 4852 manus
1358 4802 1565 4856 dextrae
1596 4805 1849 4861 inﬂectas
1896 4817 2124 4880 propter

529 4892 766 4933 neumas
808 4878 938 4949 (75),
990 4883 1046 4936 in
1088 4902 1154 4938 eo
1202 4886 1472 4955 inﬂexus;
1523 4899 1716 4962 postea
1756 4878 2016 4966 pollicem
2064 4898 2122 4952 in

528 4968 715 5022 medio
745 4968 944 5026 indicis
991 4973 1231 5029 articulo
1278 4976 1534 5048 prosilire
1574 4982 1771 5040 facias.
1817 4985 1925 5039 Pro
1963 4986 2123 5057 signo

529 5053 660 5109 libri
695 5055 999 5115 Gradualis
1024 5063 1220 5116 eodem
1261 5066 1448 5133 modo,
1499 5084 1609 5138 quo
1657 5072 1984 5140 praedictum
2016 5053 2119 5140 est,

525 5181 714 5309 mgni)
734 5185 933 5308 gnua,
964 5192 1171 5247 storea.
1203 5194 1396 5260 teges;
1445 5191 1505 5246 in
1548 5194 1737 5248 mattis
1771 5196 2122 5255 dormiebant

701 5273 728 5308 c
773 5273 807 5309 ι.

664 5272 807 5309 aan

597 5326 706 5405 (Ἠ)
740 5326 890 5410 Libri
937 5328 1189 5410 Rituales
1228 5331 1751 5410 Ecclesiasticieam
1785 5338 2116 5409 orationem,

529 5413 653 5519 gnte
684 5402 737 5451 in
764 5402 934 5454 missa
958 5402 1179 5456 canitur
1203 5415 1334 5457 ante
1364 5407 1720 5477 I‘Zvangrlium
1740 5408 1796 5461 in
1815 5402 2122 5479 majoribss

552 5476 687 5519 estis
720 5472 964 5519 Prosam.
996 5489 1090 5519 seu
1122 5476 1470 5519 .Qy'mmnHam
1509 5487 1704 5519 vm-nnt

552 5472 687 5543 esth
720 5472 964 5543 Prosam,
996 5489 1090 5526 seu
1122 5476 1471 5543 Sz'quenh'am
1509 5472 1722 5532 voc-ant.

553 5537 713 5618 “(75)
741 5542 973 5618 deamo.
1014 5537 1252 5608 Jubilus.
1294 5548 1583 5618 productio
1627 5556 1827 5604 cantus
1865 5550 1924 5607 in
1965 5554 2118 5609 ﬁnali

527 5604 721 5662 littera
744 5612 1086 5670 antiphonaa.

605 5676 721 5745 (76)
760 5680 840 5747 Ex
867 5676 979 5737 hoc
1002 5685 1125 5739 loco
1163 5688 1390 5763 colliges
1431 5692 1836 5757 monachorum
1886 5696 2116 5771 capillos

2200 4276 2295 4340 ris,
2322 4293 2487 4347 quem
2514 4278 2718 4347 aliquis
2744 4278 3056 4349 composuit
3079 4279 3358 4348 Paganus.
3383 4279 3634 4349 generali
3661 4297 3803 4350 prae-

2204 4365 2375 4419 misso
2404 4366 2564 4436 signo
2595 4366 2741 4428 libri,
2775 4369 2879 4421 hoc
2906 4367 3068 4431 adde.
3119 4375 3184 4421 ut
3216 4384 3413 4422 aurem
3442 4384 3568 4422 cum
3616 4368 3800 4439 digito

2201 4460 2422 4525 tangas.
2455 4455 2599 4508 sicut
2626 4456 2779 4510 canis
2816 4473 2942 4510 cum
2975 4457 3111 4524 pede
3143 4458 3401 4527 pruriens
3441 4457 3611 4524 solet;
3644 4459 3800 4527 quod

2203 4558 2305 4597 nec
2331 4544 2614 4598 immerito
2654 4544 2756 4598 tali
2800 4546 3105 4599 animantis
3134 4545 3374 4599 inﬁdelis
3403 4553 3795 4616 comparatur,

2204 4633 2354 4704 quod
2393 4633 2560 4688 etiam
2616 4635 2840 4705 signum
2893 4641 2979 4689 est
3033 4635 3185 4689 canis
3260 4636 3368 4689 Pro
3412 4634 3572 4705 signo
3609 4636 3802 4690 analo-

2204 4722 2283 4792 gii
2312 4722 2437 4791 (79).
2464 4724 2750 4794 praemisso
2784 4725 2919 4795 ligni
2949 4725 3129 4794 signo.
3158 4725 3585 4795 conjunctisque
3613 4725 3803 4778 mani-

2206 4810 2310 4865 bus
2340 4811 2509 4865 simul
2539 4819 2596 4867 et
2622 4814 2860 4872 inﬂexis.
2893 4814 3165 4868 interiora
3202 4813 3450 4884 ipsarum
3501 4814 3662 4868 faciei
3703 4831 3801 4885 op-

2204 4915 2372 4969 pone.
2408 4901 2515 4954 Pro
2545 4902 2706 4973 signo
2732 4902 2871 4971 ligni
2910 4902 2980 4955 ad
3024 4902 3213 4997 lugeri
3244 4902 3551 4956 tenendum
3576 4918 3802 4973 compo-

2205 4986 2319 5047 siti.
2350 5005 2579 5044 manum
2609 4991 2895 5045 sinistram
2919 4986 3172 5053 extende.
3207 4990 3479 5046 interiora
3523 4992 3647 5061 ejus
3668 5009 3799 5046 sur-

2203 5092 2327 5132 sum
2359 5084 2599 5141 vertens.
2623 5080 2973 5152 alteramque
2990 5081 3047 5135 in
3062 5082 3330 5151 junctura
3358 5097 3559 5135 manus
3582 5080 3800 5137 brachii

2204 5218 2269 5274 ex
2290 5201 2507 5274 integro
2528 5219 2686 5256 rasos
2712 5220 2821 5257 non
2842 5204 3034 5257 fuisse.
3063 5204 3162 5259 Cui
3188 5204 3330 5258 adde
3375 5204 3521 5274 quod
3550 5206 3798 5274 pectines

2203 5272 2284 5326 eis
2306 5272 2377 5346 ad
2412 5290 2571 5326 usum
2594 5276 3058 5346 concedebantur.
3092 5283 3156 5330 ut
3179 5294 3243 5329 ex
3273 5272 3427 5346 seqq.
3454 5272 3683 5345 patebit.

2278 5342 2386 5408 (77)
2419 5346 2620 5398 [totum
2664 5345 2916 5399 Rolulus.
2952 5346 3180 5415 scheda,
3205 5342 3409 5401 charta
3437 5342 3494 5400 in
3523 5348 3790 5417 speciem,

2204 5419 2399 5468 rotu’w
2424 5431 2523 5469 seu
2554 5422 2682 5469 rota:
2709 5417 3021 5471 convoluta.

2277 5484 2383 5551 (78)
2426 5489 2628 5551 Brevis,
2659 5486 3054 5554 inventarium,
3086 5489 3282 5542 charta
3319 5489 3614 5544 continens
3641 5490 3796 5547 indi-

2203 5572 2344 5619 cem.
2379 5563 2485 5611 etc.

2273 5628 2383 5697 (79)
2408 5629 2767 5701 Analogium,
2794 5629 3095 5702 pulpitum,
3127 5628 3311 5685 ambo.
