3964 6352
180 336 289 394 953

1236 329 1658 388 CONSTITUT.
1700 324 2042 393 HIRSAUG.
2086 364 2151 376 —
2190 333 2334 391 LIB.
2374 334 2421 390 Ι.

3352 334 3463 396 954

174 479 353 536 super
379 464 563 536 ipsam
589 462 917 534 erige.sicut
940 459 1090 515 vides
1120 459 1302 531 ipsum
1335 458 1773 512 instrumentum
1792 450 2006 533 Arum,
2059 460 2346 532 praemisso
2384 459 2657 533 generali,
2696 477 2946 533 pugnum
2994 477 3165 535 super
3196 480 3461 535 pugnum

175 569 298 607 esse
346 553 579 617 factum,
626 557 683 607 et
730 550 874 605 adde
911 549 1139 605 luminis
1184 548 1434 621 signum.
1474 546 1583 599 Pro
1611 542 1771 613 signo

173 641 476 708 Formulze,
525 640 814 712 praemisso
864 638 1001 709 ligni
1048 638 1229 709 signo,
1265 651 1496 690 manum
1546 634 1771 686 inanem

173 731 432 794 extende,
480 747 545 784 ac
581 730 662 784 sic
691 728 1092 801 procumbendi
1132 727 1190 780 in
1233 731 1445 779 terram
1488 723 1662 777 facias
1702 719 1775 774 si-

170 834 370 887 gnum,
401 818 552 890 quod
582 817 751 872 etiam
780 817 1002 887 signum
1039 820 1125 870 est
1154 814 1347 868 veniae.

736 905 970 960 CAPUT
994 904 1169 959 XXII.

595 997 669 1049 De
724 997 902 1063 signis
944 1007 1338 1062 personarum.

242 1082 356 1137 Pro
385 1083 548 1153 signo
577 1082 768 1137 domni
790 1082 1028 1144 abbatis,
1063 1081 1151 1135 fac
1182 1080 1332 1134 idem
1366 1076 1767 1148 signum,un

1857 562 2002 616 pone
2049 550 2311 612 vicissim,
2346 550 2509 621 quasi
2541 550 2774 605 simules
2803 556 3191 606 construentes
3212 568 3459 608 murum.

1856 634 1965 691 Pro
2030 637 2188 709 signo
2248 640 2420 702 senis,
2469 639 2630 694 trahe
2669 655 2899 694 manum
2970 640 3240 695 directam
3294 657 3464 713 super

1858 726 2088 796 capillos
2133 739 2327 782 contra
2374 745 2570 783 aurem
2618 728 2895 785 dextram.
2936 729 3046 783 Pro
3076 729 3237 800 signo
3284 729 3467 785 Mare-

1858 815 2046 881 scalci,
2080 833 2206 871 cum
2249 818 2469 871 duobus
2494 817 2686 887 digitis
2716 828 2845 872 tene
2882 818 3114 889 capillos
3153 818 3464 873 anteriores

1858 911 2087 975 propter
2108 905 2441 977 jubas,quas
2471 906 2680 960 habent
2706 906 2926 961 caballi.
2943 907 3099 961 Idem
3129 912 3217 961 est
3235 907 3462 977 signum

1858 990 2077 1046 caballi.
2116 994 2225 1047 Pro
2264 994 2424 1064 signo
2454 994 2703 1057 asinarii,
2734 994 3118 1049 summitatem
3148 995 3364 1066 pollicis
3389 996 3460 1049 ad

1858 1097 2051 1135 aurem
2099 1098 2263 1151 pone,
2313 1089 2653 1153 czeterosque
2682 1083 2889 1153 digitos
2938 1089 3225 1154 porrectos
3277 1100 3457 1151 move,

170 1173 241 1226 de
262 1172 481 1242 Regula
507 1178 594 1227 est
620 1172 971 1243 praemissum
1021 1170 1132 1225 Pro
1161 1168 1324 1239 signo
1366 1165 1768 1220 monachicum
1854 1168 1998 1223 sicut
2015 1172 2207 1225 asinus
2237 1188 2454 1239 aurem,
2486 1172 2676 1227 addito
2705 1174 2863 1243 signo
2894 1171 3136 1226 videndi.
3161 1174 3267 1226 Pro
3296 1172 3457 1242 signo

170 1277 346 1315 manu
399 1265 530 1314 tene
583 1260 849 1331 capillum
907 1259 1152 1313 cucullas.
1200 1258 1306 1311 Pro
1345 1256 1505 1325 signo
1545 1253 1765 1319 inclusi,
1852 1260 2233 1328 compatriotae
2261 1261 2344 1314 vel
2368 1261 2792 1327 consanguinei,
2843 1267 2973 1315 tene
3004 1277 3231 1315 manum
3262 1267 3458 1315 contra

171 1349 316 1403 adde
337 1349 562 1418 signum
615 1349 891 1407 fenestrae.
947 1348 1004 1402 id
1055 1353 1139 1402 est
1178 1347 1399 1416 signum
1438 1342 1769 1415 splendoris.
1855 1346 2077 1414 faciem,
2098 1348 2180 1402 ita
2209 1355 2271 1403 ut
2300 1350 2544 1404 medium
2577 1350 2814 1421 digitum
2848 1366 2984 1403 naso
3014 1349 3290 1420 imponas,
3325 1366 3456 1420 pro-

160 1437 281 1491 ‘Pro
306 1438 473 1507 signo
504 1438 781 1503 monachi,
805 1438 899 1510 qui
932 1443 1019 1492 est
1046 1436 1292 1491 nutritus
1323 1435 1380 1488 in
1410 1431 1768 1493 monasterio.
1857 1442 1981 1506 pter
2004 1438 2355 1507 sanguinem,
2389 1440 2483 1510 qui
2536 1439 2667 1493 inde
2710 1454 3113 1509 nonnunquam
3158 1438 3302 1493 fluit.
3346 1438 3456 1492 Pro

172 1527 429 1596 generali
485 1527 795 1598 praemisso,
832 1526 1072 1597 digitum
1124 1525 1419 1578 minimum
1467 1521 1631 1576 labiis
1669 1520 1771 1573 ad-
1853 1525 2012 1594 signo
2041 1527 2234 1596 patris,
2263 1528 2458 1581 eodem
2489 1529 2794 1599 praemisso.
2829 1528 2978 1581 senis
3014 1527 3239 1597 signum
3285 1527 3450 1581 adde.

168 1631 348 1679 move,
401 1632 504 1686 pro
553 1633 620 1670 eo
667 1615 811 1687 quod
868 1615 949 1669 ita
1003 1614 1154 1685 sugit
1198 1614 1399 1667 infans.
1456 1612 1561 1664 Pro
1612 1609 1771 1679 signo
1854 1614 1964 1668 Pro
1994 1616 2154 1685 signo
2208 1617 2416 1677 fratris.
2461 1617 2747 1687 praemisso
2775 1617 2911 1671 item
2956 1615 3457 1686 consanguinitatis

168 1703 395 1775 prioris,
444 1704 650 1758 simula
678 1721 805 1758 cum
840 1703 1059 1758 duobus
1084 1703 1277 1772 digitis
1303 1701 1517 1755 scillam
1555 1705 1767 1752 tenere.
1786 1704 2032 1785 Bsigno,
2062 1721 2243 1775 parva;
2273 1706 2354 1759 rei
2399 1705 2620 1775 signum
2655 1705 2818 1759 adde.
2871 1706 2980 1759 Pro
3017 1705 3178 1775 signo
3235 1704 3456 1773 matris,

169 1799 227 1847 et
254 1792 335 1847 ita
369 1802 492 1847 eam
526 1809 726 1847 sonare
792 1793 900 1848 Pro
940 1792 1101 1862 signo
1134 1790 1383 1861 Majoris,
1438 1804 1652 1858 magna:
1690 1787 1770 1840 rei
1855 1792 2003 1847 idem
2034 1794 2120 1848 fac
2147 1794 2412 1864 adjuncto
2431 1797 2591 1865 signo
2622 1795 2891 1849 mulieris.
2923 1796 3029 1848 Pro
3060 1795 3219 1864 signo
3247 1793 3457 1847 sororis

167 1882 393 1952 signum
426 1882 717 1937 adde.Pro
746 1882 907 1952 signo
934 1880 1249 1935 claustralis
1279 1878 1499 1950 prioris,
1521 1875 1772 1947 generali

167 1970 484 2041 praemisso;
531 1970 771 2025 indicem
810 1971 1071 2025 deorsum
1140 1977 1312 2034 verte,
1363 1972 1421 2021 et
1475 1965 1773 2021 circumfer

171 2057 334 2127 quasi
365 2059 641 2129 gyrando.
682 2059 791 2112 Pro
820 2059 977 2128 signo
1007 2057 1280 2126 adjutoris
1303 2057 1471 2115 illius,
1505 2055 1639 2109 item
1670 2071 1771 2124 ge-

167 2147 346 2200 nerali
407 2147 714 2217 praamisso,
768 2147 1007 2215 digitum
1050 2146 1345 2200 minimum
1402 2145 1655 2207 extende,
1705 2160 1771 2197 eo

168 2234 314 2305 quod
359 2250 462 2305 per
491 2251 619 2288 eum
667 2252 888 2306 semper
914 2252 1082 2307 parva
1114 2251 1203 2288 res
1253 2234 1603 2304 significetur
1662 2232 1770 2284 Pro

168 2323 330 2393 signa
362 2323 592 2377 armarii
633 2330 691 2377 et
732 2325 1113 2388 Praecentoris,
1176 2323 1426 2393 generali
1460 2320 1767 2393 praemisso,

167 2411 309 2465 adde
365 2412 588 2482 signum
634 2413 896 2467 cantandi
934 2418 992 2466 et
1032 2412 1321 2483 pulsandi;
1364 2411 1498 2482 quia
1553 2409 1671 2481 ipse
1711 2409 1768 2463 in

164 2499 462 2553 duodecim
506 2501 836 2555 lectionibus
871 2502 940 2555 ad
987 2502 1255 2570 majorem
1309 2500 1558 2563 missam,
1603 2499 1765 2567 cujus

163 2588 410 2642 ofﬁcium
445 2595 546 2645 est.
590 2590 829 2660 primam
865 2590 1078 2643 scillam
1110 2589 1308 2660 incipit
1354 2588 1598 2659 pulsare.
1656 2586 1763 2638 Pro

164 2676 327 2747 signo
357 2675 463 2743 ‘80)
497 2678 813 2742 Circatoris,
849 2679 1010 2749 signo
1034 2678 1283 2749 generali
1331 2674 1585 2730 monachi
1622 2691 1766 2745 prie-

163 2782 359 2827 misso,
386 2766 669 2836 praedicto,
703 2768 867 2821 modo
914 2767 1152 2820 indicem
1186 2766 1390 2837 profer.
1442 2766 1549 2818 Pro
1601 2764 1762 2833 signo

165 2855 421 2909 custodis
470 2855 735 2922 ecclesiae,
781 2856 1032 2926 generali
1075 2857 1387 2928 praemisso,
1426 2870 1553 2909 cum
1594 2868 1765 2906 manu

166 2944 377 2998 simula
436 2962 764 3017 campanam
820 2962 1040 3000 sonare.
1093 2946 1202 2998 Pro
1257 2944 1417 3014 signo
1446 2940 1761 3004 camerarii,

1860 1882 2007 1936 idem
2035 1883 2121 1937 fac
2148 1884 2293 1954 quod
2319 1889 2377 1937 et
2403 1884 2622 1947 matris,
2654 1884 2916 1952 adjuncto
2948 1899 3130 1954 parvae
3160 1882 3241 1935 rei
3271 1882 3452 1952 signo.
3492 1890 3495 1891 ⁷

1856 1972 1965 2025 Pro
1994 1972 2155 2042 signo
2177 1972 2372 2026 Clerici
2403 1972 2638 2042 digitum
2669 1973 2791 2026 auri
2821 1972 3136 2036 circumfer,
3162 1970 3322 2041 quasi
3346 1987 3452 2041 gy-

1853 2060 2051 2119 rando,
2082 2066 2310 2131 propter
2334 2060 2756 2114 similitudinem
2785 2077 3023 2120 coronae.
3074 2075 3242 2130 quam
3271 2058 3329 2111 in
3356 2075 3451 2112 ca-

1853 2148 1968 2219 pite
2002 2149 2250 2203 Clericus
2298 2149 2484 2203 habet.
2521 2150 2626 2203 Pro
2656 2150 2816 2218 signo
2841 2148 3009 2211 Laici,
3035 2156 3285 2201 mentum
3315 2153 3446 2201 tene

1854 2254 1977 2292 cum
2013 2239 2211 2292 dextra
2235 2239 2389 2309 quasi
2408 2237 2638 2291 barbam
2665 2239 2912 2295 trahens.
2946 2238 3054 2291 Pro
3080 2237 3241 2307 signo
3266 2235 3453 2290 homi-

1852 2326 1958 2388 nis,
1991 2328 2084 2397 qui
2121 2327 2353 2381 alterius
2373 2333 2460 2381 est
2488 2327 2710 2396 linguae,
2727 2343 2854 2380 cum
2878 2325 3053 2395 digito
3083 2323 3229 2377 labia
3256 2327 3447 2393 tange,

1851 2422 2081 2486 propter
2101 2416 2380 2486 loquelam
2431 2415 2537 2469 Pro
2567 2415 2729 2484 signo
2759 2413 2967 2468 sutoris
2983 2412 3271 2483 prazmisso
3286 2411 3451 2481 signo

1850 2504 2019 2565 Laici,
2041 2504 2278 2557 indicem
2310 2505 2567 2558 dextrum
2589 2520 2759 2574 super
2796 2503 3039 2557 indicem
3068 2501 3357 2554 sinistrum
3391 2499 3449 2553 in

1848 2594 2075 2647 modum
2096 2592 2277 2647 crucis
2297 2610 2457 2664 pone,
2492 2592 2682 2663 sicque
2707 2607 2933 2645 movens
2963 2589 3124 2661 quasi
3151 2590 3244 2661 qui
3277 2587 3445 2643 subu-

1846 2682 1901 2735 la
1930 2682 2192 2753 perforat,
2218 2688 2471 2736 suentem
2503 2681 2725 2734 simula.

2417 2771 2651 2825 CAPUT
2680 2770 2889 2826 XXIII.

2193 2860 2268 2912 De
2292 2862 2467 2926 signis
2491 2861 2843 2913 diversarum
2874 2873 3089 2912 rerum.

1917 2946 2026 3001 Pro
2082 2948 2240 3017 signo
2290 2947 2564 3011 omnium,
2630 2946 3041 3019 comprehende
3098 2944 3329 3015 capillos
3384 2943 3444 2996 in

160 3033 417 3103 generali
449 3034 755 3105 prmmisso,
791 3035 993 3089 simula
1031 3034 1291 3088 denarios
1336 3038 1755 3088 numerantem.
1781 3044 1825 3107 ο
1849 3034 2048 3090 fronte.
2077 3036 2184 3090 Pro
2209 3036 2369 3106 signo
2396 3035 2674 3107 loquendi,
2701 3041 2898 3089 contra
2922 3051 2983 3088 os
3009 3039 3140 3087 tene
3167 3033 3442 3099 dextram,

165 3121 281 3176 Pro
319 3123 483 3192 signo
513 3123 808 3188 cellerarii,
840 3123 1090 3193 generali
1122 3123 1426 3194 praemisso,
1463 3121 1666 3176 simula
1707 3120 1762 3173 in

161 3197 397 3265 manum
431 3211 639 3266 clavem
661 3218 873 3276 tenere,
888 3218 945 3266 et
960 3213 1118 3283 quasi
1149 3212 1527 3266 serzeinflxam
1552 3209 1765 3263 immit-

160 3304 305 3354 tere.
354 3301 461 3353 Pro
491 3300 651 3372 signo
696 3301 977 3359 Granarii.
1018 3301 1113 3372 qui
1145 3317 1425 3354 annonam
1476 3300 1674 3369 recipit
1710 3302 1768 3351 et

161 3392 372 3444 servat.
396 3389 603 3443 simula
629 3407 754 3444 cum
788 3390 1059 3444 ambabus
1100 3389 1379 3447 manibus.
1413 3388 1572 3458 quasi
1601 3386 1768 3441 alicui

160 3477 281 3529 vasi
316 3494 597 3532 annonam
622 3478 950 3533 immitteres
975 3479 1042 3532 ad
1078 3478 1444 3533 metiendum.
1481 3478 1587 3530 Pro
1608 3476 1767 3545 signo

163 3566 499 3629 Ilortularii,
541 3566 788 3636 generali
823 3566 1128 3638 praeiizisso,
1161 3566 1403 3619 indicem
1451 3566 1671 3619 inﬂecte
1711 3570 1767 3618 et

164 3655 573 3716 attrahe,sicut
601 3658 691 3726 qui
725 3665 967 3709 rastrum
999 3656 1068 3709 de
1091 3662 1240 3710 terra
1265 3655 1454 3708 trahit.
1483 3658 1494 3704 Ι
1523 3671 1585 3706 ro
1606 3654 1767 3723 signo

165 3743 418 3796 custodis
465 3743 712 3813 hospitii.
762 3743 857 3797 ubi
896 3744 1165 3812 hospites.
1218 3743 1311 3813 qui
1348 3750 1482 3796 sunt
1512 3742 1764 3805 ditiores,

167 3832 540 3901 recipiuntur,
594 3833 845 3902 generali
903 3833 1210 3903 praemisso.
1242 3831 1445 3885 simula
1484 3830 1553 3884 de
1599 3846 1767 3883 manu

162 3921 414 3992 gladium
445 3922 685 3976 trahere.
723 3923 831 3975 Pro
851 3923 1012 3992 signo
1038 3921 1478 3992 eleeinosynarii.
1509 3922 1602 3991 qui
1635 3922 1771 3974 reci-

165 4012 250 4083 pit
284 4028 580 4082 pauperes,
613 4013 774 4065 trahe
809 4029 1034 4066 manum
1062 4012 1131 4065 de
1171 4013 1404 4066 humero
1441 4012 1671 4067 sinistro
1710 4012 1768 4065 in

1849 3129 1906 3177 et
1935 3124 2014 3177 ita
2063 3141 2185 3178 eam
2238 3140 2427 3190 move;
2476 3125 2580 3178 hoc
2608 3131 2694 3178 est
2722 3123 2945 3193 signum
2977 3122 3147 3176 etiam
3199 3119 3444 3191 legendi.

1851 3213 1957 3266 Pro
2007 3214 2168 3283 signo
2219 3213 2483 3267 audiendi
2549 3220 2677 3267 tene
2720 3212 2958 3266 indicem
3005 3217 3201 3265 contra
3229 3224 3445 3273 aurem.

1851 3302 1960 3355 Pro
1976 3302 2135 3372 signo
2156 3302 2459 3361 nesciendi.
2494 3318 2620 3356 cum
2661 3301 2842 3355 indice
2874 3312 3059 3355 erecto
3086 3298 3237 3353 labia
3253 3303 3446 3367 tange.

1850 3391 1959 3445 Pro
1986 3392 2147 3461 signo
2185 3391 2564 3454 obliviscendi,
2609 3390 2848 3445 indicem
2880 3390 2950 3443 de
2979 3405 3116 3443 aure
3143 3389 3340 3442 dextra
3376 3386 3449 3440 ad

1851 3480 2138 3534 sinistram
2186 3484 2446 3533 transfer.
2498 3480 2606 3534 Pro
2636 3479 2796 3547 signo
2828 3478 3156 3534 mentiendi.
3204 3475 3446 3530 indicem

1850 3585 2020 3638 super
2075 3568 2224 3621 labia
2298 3569 2539 3639 positum
2630 3568 2811 3623 trahe.
2880 3568 2988 3621 Pro
3061 3565 3222 3637 signo
3295 3580 3454 3619 oscu-

1847 3656 2020 3711 landi.
2096 3656 2336 3710 indicem
2412 3656 2573 3711 labiis
2646 3656 2890 3726 impone.
2972 3656 3080 3709 Pro
3154 3655 3315 3725 signo
3352 3653 3452 3707 de-

1848 3746 2056 3799 relicta:
2106 3746 2548 3809 consuetudinis,
2614 3745 2700 3799 vel
2767 3744 3000 3798 alterius
3070 3743 3152 3797 rei
3214 3741 3451 3796 interdi-

1850 3840 1975 3897 ctae,
2037 3835 2153 3887 sive
2196 3851 2320 3905 quae
2379 3836 2495 3904 jam
2546 3834 2828 3896 defecerit,
2876 3832 3117 3886 indicem
3158 3832 3450 3884 dexterum

1852 3929 1984 3976 ante
2057 3924 2468 3977 extremitatem
2535 3922 2747 3976 sinistri
2806 3921 3051 3988 dimitte,
3109 3919 3268 3990 quasi
3320 3935 3449 3972 cum

1851 4013 2031 4065 cultro
2106 4012 2316 4083 aliquid
2391 4016 2775 4081 amputantem
2837 4009 3087 4063 simules.
3129 4009 3237 4061 Pro
3287 4007 3448 4076 signo

165 4098 424 4153 dextrum
456 4099 622 4161 latus,
656 4100 802 4153 sicut
828 4100 1070 4169 corrigia
1098 4117 1244 4170 perae
1272 4101 1416 4175 solet
1443 4116 1474 4153 a
1507 4100 1765 4170 pauperi-
1852 4100 2143 4165 vestiendi,
2192 4101 2430 4154 maxime
2467 4116 2591 4153 cum
2629 4100 2773 4161 alba,
2830 4115 2927 4170 per
2970 4104 3164 4169 pectus
3214 4111 3445 4150 manum

167 4188 270 4242 bus
294 4188 526 4259 portari.
574 4188 683 4241 Pro
736 4189 894 4259 signo
938 4189 1251 4251 infirmarii,
1301 4188 1395 4259 qui
1440 4188 1768 4259 obsequitur
1848 4191 2009 4243 trahe
2029 4192 2287 4243 deorsum
2318 4184 3451 4258 Prosignoexuendivestem,quaindutus

167 4274 425 4341 infirmis,
456 4277 708 4347 generali
740 4281 1048 4348 praemisso,
1082 4279 1223 4331 adde
1263 4278 1483 4348 signum
1534 4278 1767 4332 infirmi-
1851 4295 1930 4337 es,
1961 4295 2087 4331 cum
2120 4279 2317 4348 pollice
2346 4284 2402 4331 et
2421 4277 2598 4331 indice
2624 4293 2659 4331 a
2690 4285 2913 4348 pectore
2942 4276 3123 4330 trahe.
3152 4276 3257 4328 Pro
3285 4273 3447 4344 signo

166 4367 444 4422 tatis.Pro
476 4369 635 4439 signo
675 4369 1038 4432 refectorarii,
1060 4370 1311 4439 generali
1344 4369 1648 4439 praamisso.
1679 4370 1833 4452 facD
1854 4367 2230 4425 discalciandi,
2258 4366 2542 4436 praemisso
2569 4366 2729 4436 signo
2758 4364 3030 4435 corrigiae,
3063 4363 3205 4418 adde
3226 4362 3450 4434 signum

166 4455 386 4528 signum
416 4456 747 4513 refectionis.
784 4461 891 4512 Pro
934 4459 1094 4529 signo
1136 4457 1429 4511 custodum
1460 4456 1764 4522 Juvenum,

167 4547 454 4615 praemisso
472 4548 743 4616 generali,
767 4548 1003 4601 admove
1023 4548 1260 4615 digitum
1288 4546 1603 4604 minimum.
1620 4546 1769 4617 quod

168 4641 251 4688 est
277 4636 503 4705 signum
544 4635 786 4705 juvenis,
841 4641 898 4689 et
938 4636 1180 4689 indicem
1222 4651 1367 4705 pone
1407 4636 1477 4688 ad
1518 4636 1764 4699 oculum,

169 4723 316 4793 quod
344 4728 432 4776 est
449 4722 672 4793 signum
702 4723 943 4781 videndi.
992 4724 1101 4777 Pro
1132 4723 1291 4793 signo
1341 4723 1592 4793 magistri
1643 4725 1768 4779 novi

167 4810 249 4872 tii,
285 4812 447 4865 trahe
498 4828 725 4866 manum
775 4812 1058 4883 obliquam
1112 4829 1210 4883 per
1259 4812 1489 4882 capillos
1543 4822 1770 4868 contra-

166 4897 430 4965 frontem,
464 4900 611 4970 quod
642 4906 727 4954 est
767 4901 960 4955 novitii
1000 4901 1222 4969 signum
1254 4906 1311 4953 et
1339 4900 1576 4970 alicujus
1616 4919 1769 4956 novae

166 4987 265 5051 rei,
285 4992 345 5040 et
370 4986 515 5041 adde
543 4987 765 5058 signum
799 4989 1155 5044 videndi.Pro
1182 4988 1343 5058 signo
1374 4989 1611 5059 alicujus
1629 4990 1767 5047 bene

166 5074 422 5130 litterati.
479 5076 564 5129 vel
590 5077 759 5130 etiam
793 5094 893 5149 pro
926 5080 1085 5148 signo
1107 5076 1338 5133 sciendi.
1372 5093 1500 5130 cum
1530 5081 1769 5134 summi-

165 5163 498 5217 tateindicis
516 5164 572 5217 in
602 5173 824 5236 pectore
843 5166 1255 5237 aliquantulum
1290 5165 1445 5219 frica.
1481 5166 1589 5221 Pro
1607 5169 1766 5240 signo

165 5251 477 5322 Praepositi,
523 5255 771 5321 generali
819 5255 1121 5326 praemisso,
1161 5255 1248 5309 fac
1285 5253 1525 5308 indicem
1558 5258 1768 5326 premi-

166 5340 373 5394 nerein
410 5340 614 5406 fronte,
651 5343 798 5413 quod
822 5351 908 5398 est
938 5345 1161 5415 signum
1192 5343 1362 5405 bovis,
1382 5359 1448 5396 eo
1469 5344 1616 5413 quod
1651 5345 1767 5418 ipse

167 5429 241 5483 sit
265 5430 466 5484 talium
496 5432 766 5499 provisor.
794 5433 902 5488 Pro
923 5433 1084 5504 signo
1114 5432 1368 5503 magistri
1397 5438 1767 5491 cementario-

1854 4455 2112 4509 exuendi.
2150 4455 2258 4509 Pro
2297 4455 2455 4525 signo
2502 4454 2723 4508 lavandi
2767 4454 2954 4525 pedes,
2995 4443 3290 4507 ambarum
3328 4468 3451 4505 ma-

1854 4559 2029 4596 nuum
2071 4542 2345 4596 interiora
2370 4544 2440 4596 ad
2472 4543 2705 4597 invicem
2737 4542 3049 4606 committe,
3071 4549 3128 4595 et
3155 4541 3448 4614 paululum

1852 4631 2009 4697 frica,
2040 4632 2198 4700 quasi
2227 4632 2504 4685 lavantem
2527 4632 2777 4685 simules.
2812 4633 2917 4685 Pro
2947 4632 3108 4701 signo
3138 4630 3453 4701 boni,quid-

1852 4720 1982 4791 quid
2016 4720 2089 4773 sit
2116 4726 2171 4773 et
2199 4720 2403 4774 bonum
2436 4725 2493 4774 et
2522 4722 2815 4792 pulchrum
2844 4720 3070 4786 dixeris,
3096 4738 3140 4791 p«
3168 4720 3351 4774 llicem
3391 4719 3450 4773 in

1851 4809 2149 4871 maxillam,
2186 4816 2243 4863 et
2270 4816 2569 4879 sequentes
2599 4811 2740 4864 duos
2767 4810 2971 4879 digitos
3009 4810 3063 4863 in
3107 4809 3364 4871 alteram,
3395 4812 3453 4861 et

1849 4899 1929 4953 ita
1957 4899 2042 4952 fac
2080 4915 2175 4952 eos
2206 4898 2261 4953 in
2287 4899 2642 4953 extremitate
2672 4899 2847 4953 menti
2878 4898 3079 4952 blande
3106 4896 3303 4951 collabi
3342 4896 3450 4950 Pro

1851 4988 2011 5058 signo
2040 4987 2195 5046 mali.
2216 4987 2408 5057 digitis
2437 5004 2694 5058 sparsum
2718 4988 2776 5041 in
2799 4987 2995 5041 faciem
3024 4984 3450 5056 positis,simula

1850 5094 2100 5147 unguem
2161 5076 2278 5129 avis
2325 5076 2537 5146 aliquid
2586 5076 2883 5129 laceranda
2939 5074 3294 5129 attrahentis.
3339 5075 3449 5128 Pro

1849 5167 2010 5237 signo
2056 5166 2343 5225 innuendi,
2394 5165 2507 5217 sive
2560 5164 2893 5235 apportandi
2942 5164 3176 5234 aliquid,
3210 5171 3453 5234 quatuor

1850 5256 2058 5326 digitos
2091 5272 2244 5309 more.
2272 5254 2436 5308 solito
2464 5259 2662 5307 contra
2715 5253 2910 5307 faciem
2944 5269 3102 5307 move
3156 5256 3260 5307 l’ro
3290 5253 3448 5325 signo

1851 5345 2186 5415 negationis.
2220 5343 2603 5400 summitatem
2638 5343 2804 5396 medii
2840 5342 3021 5412 digiti,
3064 5343 3249 5414 pollici
3282 5359 3445 5414 pone,

1850 5443 1907 5487 et
1932 5435 2011 5487 ita
2056 5434 2143 5489 fac
2189 5434 2476 5505 prosilere.
2527 5434 2634 5486 l’ro
2665 5432 2828 5502 signo
2853 5431 3178 5500 celeritatis,
3212 5431 3447 5487 extende

237 5568 347 5648 (Ψ)
366 5571 670 5648 Qircatores
692 5575 848 5643 dicti,
884 5574 956 5630 ad
992 5590 1132 5645 quos
1165 5576 1573 5632 monasterium
1601 5577 1848 5640 obeundi
1878 5593 2014 5634 cura
2038 5576 2350 5648 spectabat,
2379 5592 2576 5633 eorum
2605 5576 2851 5632 ofﬁcium
2867 5576 2958 5631 hic
2986 5574 3084 5630 lib.
3118 5590 3162 5632 ιι
3194 5574 3450 5648 pluribus

172 5640 556 5713 explicabitur.
