3964 6356
473 370 579 444 955

1508 376 1563 442 s‘.
1606 362 1998 443 oUi'LLiELMI
2035 362 2339 438 ABBATI'S
2377 368 2718 437 HIRsaUe.

476 522 709 603 manum
741 526 1017 595 dextram.
1062 535 1119 587 et
1149 546 1294 603 pone
1322 545 1492 601 super
1519 526 1805 585 sinistram
1854 546 1911 585 in
1959 543 2075 581 mo-

2165 507 2309 578 signn
2340 507 2490 561 cellae
2518 506 2877 568 novitiorum.
2907 494 3159 577 generali
3190 505 3499 579 prmrmisso,
3528 502 3757 585 signum

476 616 610 673 dum
626 636 784 674 serae.
805 628 862 674 et
878 622 953 675 ita
976 637 1099 676 eam
1116 620 1376 675 celeriter
1396 620 1741 689 move.quasi
1772 620 1865 690 qui
1891 633 2072 672 seram

475 700 669 765 trahit;
694 708 803 762 Pro
834 709 994 778 signo
1023 709 1325 767 tarditatis;
1360 708 1428 761 de
1457 707 1719 762 umbilico
1767 708 1929 761 trahe
1961 721 2076 759 ma-

475 809 610 849 num
642 794 912 867 paulatim
934 814 1103 868 super
1134 803 1381 850 ventrem
1414 802 1600 850 tuum.
1645 796 1753 850 Pro
1776 795 1936 865 signo
1967 793 2075 848 ira-

474 881 816 953 scendi,cum
833 890 1075 954 quatuor
1091 884 1283 954 digitis
1301 883 1458 955 quasi
1480 884 1822 953 prurientem
1846 881 2072 935 simula.

473 956 585 1024 Pro
617 969 775 1043 signo
790 971 1368 1043 delinquendi,digitis
1397 972 1603 1027 dextrae
1635 988 1834 1026 manus
1849 970 2075 1041 aequali-

474 1067 564 1114 ter
598 1059 939 1132 compositis,
965 1067 1158 1132 pectus
1191 1062 1370 1133 pulsa.
1398 1078 1462 1116 ac
1489 1062 1536 1116 si
1564 1061 1892 1133 ptenitentia
1918 1077 2073 1113 com-

472 1147 764 1225 Ρμιηεειτὶε.
795 1149 899 1205 hoc
925 1151 1255 1223 adiungens,
1286 1158 1352 1206 ut
1378 1151 1580 1207 iterum
1614 1168 1741 1205 cum
1775 1151 1954 1205 india:
1984 1169 2073 1217 με-

474 1239 597 1290 ctus
658 1245 878 1307 tangas,
934 1240 1094 1309 quasi
1148 1241 1508 1311 temetipsum
1557 1257 1811 1295 accuses.
1845 1240 1902 1296 Si
1942 1255 2071 1293 vero

472 1324 645 1379 alium
694 1342 957 1381 accusare
1008 1328 1250 1383 volueris
1297 1335 1424 1400 post
1470 1328 1753 1399 pulsatum
1784 1327 2069 1398 proprium

472 1419 687 1483 pectus,
719 1413 1043 1487 praedictum
1077 1417 1320 1472 indicem
1360 1425 1553 1472 contra
1583 1418 1741 1471 illum
1780 1422 1949 1481 verte,
1978 1432 2072 1469 ve-

474 1502 576 1575 luti
625 1520 754 1557 eum
797 1521 1056 1577 peccasse
1107 1506 1477 1561 demonstres.
1534 1499 1635 1560 Pro
1676 1507 1951 1575 cujusque
1989 1505 2071 1559 rei

474 1590 657 1664 signo,
690 1594 834 1666 quod
861 1593 1007 1649 facta
1036 1594 1128 1659 sit,
1161 1595 1449 1649 dexteram
1481 1611 1787 1667 parumper
1810 1593 2069 1647 inﬂexam

475 1686 670 1734 contra
708 1688 902 1754 pectus
947 1688 1078 1737 tene
1108 1683 1363 1738 interiori
1410 1690 1567 1743 parte
1616 1699 1839 1737 sursum
1892 1698 2069 1746 versa,

477 1764 669 1839 sicque
707 1786 828 1824 eam
870 1771 1126 1826 celeriter
1149 1789 1369 1827 sursum
1403 1773 1608 1827 evolve.
1667 1772 1776 1825 Pro
1810 1771 1971 1840 signo
2001 1769 2073 1822 li—

2156 613 2310 650 novae
2359 597 2436 651 rei
2486 597 2649 651 adde.
2704 597 2807 650 Pro
2860 597 3019 667 signo
3068 596 3461 667 processionis,
3510 596 3755 652 indicem

2156 702 2325 756 super
2361 685 2599 741 indicem
2639 686 2694 741 in
2744 685 2970 759 modum
3017 684 3198 740 cruris
3237 702 3396 755 pone,
3443 686 3760 761 adjungens

2157 775 2376 845 signum
2425 775 2824 830 circumeundi.
2870 775 2975 827 l‘ro
3015 774 3175 846 signo
3200 791 3360 841 cem,
3394 774 3659 851 manibus
3683 775 3759 829 ad

2158 863 2392 917 invicem
2424 864 2725 933 coaequatis
2756 865 3020 920 candelas
3052 865 3346 918 facientem
3379 863 3608 920 simula.
3648 865 3757 917 Pro

2157 951 2315 1021 signo
2341 951 2585 1006 candelae
2609 952 2755 1005 idem
2788 942 3186 1015 facias,addito
3215 952 3416 1006 caloris
3435 954 3613 1022 signo.
3646 951 3758 1006 Pro
3844 970 3851 976 '

2156 1040 2314 1111 signo
2342 1041 2569 1111 majoris
2602 1042 2878 1111 prmmitte
2904 1042 3127 1111 signum
3158 1058 3316 1105 certe,
3359 1048 3417 1095 et
3458 1041 3756 1096 sinistrum

2154 1129 2446 1185 brachium
2494 1147 2621 1184 cum
2678 1148 2848 1184 manu
2903 1132 3099 1185 dextra
3139 1130 3371 1202 stringe.
3428 1130 3537 1184 Pro
3594 1129 3758 1203 signo

2152 1219 2406 1273 candelae
2427 1219 2482 1271 in
2516 1219 2740 1272 modum
2772 1220 2961 1273 circuli
2990 1218 3572 1290 contortae.przemisso
3587 1234 3758 1290 gene-

2155 1307 2277 1371 rali,
2334 1307 2572 1360 indicem
2622 1315 2817 1362 contra
2848 1326 3074 1363 manum
3106 1309 3392 1383 sinistram
3425 1305 3747 1368 circumfer,

2154 1394 2365 1449 addens
2388 1396 2608 1465 signum
2628 1392 2963 1450 caloris.Pro
2996 1396 3156 1468 signo
3188 1396 3438 1469 laternaa,
3473 1393 3750 1466 premisso

2150 1484 2398 1551 generali
2429 1484 2588 1554 signo
2611 1485 2864 1554 justitize,
2894 1485 3113 1554 signum
3132 1470 3443 1555 splendoris
3475 1483 3616 1537 adde
3643 1481 3758 1536 Pro

2154 1573 2314 1642 signo
2343 1572 2647 1640 absconsaz,
2672 1574 2831 1645 signo
2873 1574 3108 1644 justitize
3137 1590 3202 1629 ac
3239 1573 3441 1628 caloris
3472 1573 3642 1638 facto,
3676 1572 3759 1625 si-

2157 1677 2330 1729 gnum
2364 1662 2564 1715 caloris
2600 1662 2760 1715 adde.
3600 1726 3603 1729 _

2225 1751 2245 1771 *
2274 1750 2382 1801 Pro
2412 1750 2572 1820 signo
2598 1750 2894 1822 scripto‘rii.
2923 1751 3104 1820 posito
3139 1749 3388 1823 generali
3419 1742 3756 1831 signoligni,

477 1852 678 1910 benter
701 1857 957 1923 faciendi,
990 1861 1386 1931 carnunculam
1416 1860 1520 1915 sub
1545 1866 1735 1915 mento
1759 1857 2048 1928 dependen
2095 1853 2362 1914 Bmam’s
2418 1846 2675 1931 (ῗξίθηδδδ
2726 1855 2897 1931 ευρξετ
2926 1845 3229 1931 uirumque
3260 1854 3411 1931 ge?“
3461 1835 3754 1931 siqua“th

474 1946 591 1998 tem
623 1946 841 2003 duobus
869 1948 1063 2018 digitis
1109 1950 1518 2020 comprehende
1570 1949 1675 2002 Pro
1703 1947 1862 2017 signo
1883 1944 2078 2000 simili-

477 2028 711 2097 tudinis,
747 2037 1020 2091 exteriora
1062 2054 1263 2092 manus
1306 2037 1513 2092 dextrae
1540 2037 1595 2091 in
1628 2036 1821 2089 dextra
1852 2032 2075 2086 maxilla

475 2119 739 2176 deorsum
772 2125 986 2183 trahas.
1011 2125 1213 2179 deinde
1242 2124 1513 2179 interiora
1536 2124 1592 2177 in
1625 2123 1852 2177 sinistra
1879 2121 2072 2173 eodem

476 2209 664 2263 modo.
698 2209 808 2264 Pro
861 2212 1020 2283 signo
1074 2212 1375 2273 dividendi,
1412 2212 1553 2266 duos
1604 2210 1830 2279 digitos.
1881 2209 1939 2262 id
1990 2214 2076 2262 est

474 2296 715 2373 indicem
762 2288 819 2354 et
865 2300 1130 2359 medium.
1162 2317 1259 2373 per
1307 2299 1551 2353 medium
1601 2297 1839 2351 sinistrae
1875 2313 2074 2349 manus

476 2372 688 2440 trahas.
723 2387 875 2440 ldem
903 2394 989 2442 est
1019 2372 1187 2443 etiam
1216 2389 1438 2459 signum
1469 2394 1754 2442 cantuum.
1786 2388 1890 2438 Pro
1912 2385 2071 2456 signo

479 2474 725 2547 ungendi
756 2475 1065 2543 inﬁrmum,
1095 2477 1381 2548 praemisso
1409 2478 1568 2550 signo
1591 2475 1800 2529 inﬁrmi
1840 2474 1924 2529 fac
1943 2490 2070 2527 cum

480 2562 681 2632 pollice
719 2563 774 2619 in
814 2565 998 2619 medio
1030 2566 1227 2636 palis-a3
1265 2565 1484 2636 signum
1534 2564 1732 2618 crucis.
1780 2565 1882 2616 Pro
1912 2562 2073 2634 signo

480 2651 1097 2721 lacrymandi.indicem
1128 2656 1288 2708 oculo
1315 2654 1666 2725 suppositum
1700 2652 1783 2705 bis
1813 2653 2073 2705 deorsum

480 2739 662 2793 trahe.
696 2740 802 2794 Pro
830 2741 989 2812 signo
1014 2742 1259 2798 vocabuli
1284 2744 1539 2815 alicujus.
1560 2744 1613 2795 id
1631 2742 1676 2795 si
1696 2758 1933 2811 quaeras,
1951 2740 2077 2810 quis

481 2826 747 2881 vocaris?
777 2844 901 2882 cum
950 2832 1280 2885 summitate
1330 2831 1529 2885 indicis
1574 2835 1744 2902 caput
1782 2828 1838 2881 in
1883 2829 2078 2881 dextra

482 2921 642 2985 parte
673 2921 888 2990 tangas.
920 2918 1121 2975 deinde
1155 2938 1380 2975 manum
1400 2928 1605 2996 contra
1627 2937 1775 2978 eum.
1795 2935 1962 2988 quem
1995 2918 2075 2973 in-

484 3010 754 3079 terrogas.
787 3015 1067 3064 extentam
1102 3013 1512 3082 aliquantulum
1544 3030 1722 3075 move,
1756 3011 1902 3082 quod
1928 3027 2078 3065 sem-

484 3111 584 3165 per
608 3104 694 3150 est
720 3097 942 3165 signum
972 3102 1275 3169 quaerendi.
1305 3103 1410 3156 Pro
1439 3102 1598 3171 signo
1636 3101 1868 3155 luminis
1896 3100 2111 3171 extim,

479 3182 709 3253 guendi,
730 3187 1014 3254 praemisso
1042 3188 1269 3243 luminis
1286 3191 1466 3259 signo.
1488 3191 1692 3244 mortui
1724 3190 1946 3259 signum
1979 3190 2074 3242 ad-

479 3272 686 3345 junge;
716 3275 821 3329 hoc
848 3283 933 3330 est
960 3277 1199 3333 indicem
1233 3296 1331 3349 per
1366 3279 1652 3349 obliquum
1689 3278 1935 3349 gutturis
1960 3286 2080 3332 tra-

483 3361 575 3414 he.
611 3362 717 3415 Pro
742 3363 901 3434 signo
932 3366 1256 3431 cmmeterii,
1289 3367 1529 3422 indicem
1550 3366 1814 3422 inﬂexum
1836 3367 2077 3422 attrahe.

483 3450 733 3524 itemque
771 3453 979 3509 mortui
1006 3454 1228 3523 signum
1260 3457 1421 3509 addc.

1052 3544 1290 3599 GAPUT
1323 3545 1512 3601 XXIV.

940 3633 1011 3685 De
1040 3635 1216 3701 signis
1247 3636 1624 3700 adi/imbrum.

558 3717 666 3772 Pro
698 3717 860 3789 signo
900 3720 1114 3775 aedilicii
1147 3722 1391 3790 cujusvis
1440 3721 1857 3778 summitatibus
1886 3720 2082 3791 digito-

484 3822 611 3860 rum
640 3805 789 3862 inter
816 3825 876 3861 se
912 3810 1236 3881 compositis
1268 3817 1325 3865 et
1362 3811 1588 3867 erectis.
1622 3827 1822 3866 manus
1852 3810 2083 3865 inferius

487 3893 797 3968 disjungas,
826 3915 891 3951 ac
917 3898 966 3974 si
999 3900 1128 3953 tecti
1146 3899 1571 3955 similitudinem
1591 3900 1907 3971 exprimere
1928 3898 2077 3953 velis.

487 3982 597 4038 Pro
622 3985 783 4053 signo
814 3987 1080 4051 ecclesiae,
1114 3990 1362 4059 generali
1395 3989 1699 4059 praemisso.
1716 3989 1937 4058 signum
1954 4004 2084 4042 cru—

487 4072 566 4127 cis
590 4073 750 4127 adde.
769 4074 873 4129 Pro
891 4076 1053 4146 signo
1078 4077 1157 4135 .8l
1177 4080 1186 4137 i
1208 4077 1750 4148 Capitolii,generali
1774 4077 2079 4147 praemisso.

488 4161 735 4233 signum.
760 4164 905 4235 quod
929 4182 1029 4235 pro
1047 4166 1207 4219 venia
1224 4165 1634 4237 facisadjunge.
1666 4165 1773 4219 Pro
1794 4165 1953 4235 signo
1982 4180 2084 4218 au-

488 4250 678 4304 ditorii
733 4253 1018 4321 praemisso
1063 4256 1338 4325 generali.
1382 4255 1622 4309 indicem
1669 4257 1790 4308 auri
1844 4269 2082 4325 appone,

489 4336 634 4410 quod
651 4340 1040 4396 confabulandi
1065 4344 1146 4396 vel
1169 4338 1432 4398 audiendi
1450 4344 1671 4415 signum
1694 4351 1779 4398 est
1811 4344 1913 4397 Pro
1925 4343 2085 4413 signo

489 4427 826 4496 dormitorii,
875 4432 1172 4502 praemisso
1201 4434 1471 4502 generali,
1504 4434 1727 4505 signum
1769 4432 2081 4487 dormiendi

489 4515 681 4570 addes.
731 4516 835 4571 Pro
868 4518 1027 4588 signo
1055 4521 1352 4587 refectorii,
1385 4523 1630 4592 generali
1674 4521 1960 4593 praemisso
1991 4538 2085 4575 co-

489 4603 748 4658 medendi
767 4596 988 4677 signum
1001 4609 1160 4666 adde.
1174 4610 1276 4665 Pro
1295 4612 1453 4682 signo
1472 4611 1769 4666 necessarii
1790 4608 2080 4681 [latrinae].

489 4693 781 4764 praemisso
797 4697 1066 4766 generali,
1098 4698 1336 4755 indicem
1368 4700 1545 4755 ventri
1565 4699 1885 4771 appositum
1929 4700 2087 4753 deor-

488 4797 613 4851 sum
640 4785 933 4840 trahe.Pro
947 4788 1105 4859 signo
1117 4789 1640 4859 calcfactorii,signu
1650 4788 1906 4844 mcaloris
1918 4789 2080 4843 adde.

491 4870 774 4944 Prosigno
790 4878 1340 4947 camerae,praamisso
1363 4878 1974 4955 generalimumerandi
2005 4878 2083 4931 si—

485 4978 659 5033 gnum
677 4963 841 5024 adde.
863 4964 972 5019 Pro
996 4965 1157 5037 signo
1176 4967 1518 5031 inﬁrmariae,
1540 4967 1761 5037 signum
1779 4966 2085 5036 aegrotandi

487 5052 650 5107 adde.
668 5052 772 5107 Pro
800 5053 962 5125 signo
990 5055 1556 5125 coquinae,prasmisso
1584 5056 2086 5125 generali.signum

487 5140 709 5211 caloris,
744 5143 1183 5214 comedendique
1212 5144 1375 5208 adde,
1397 5143 1465 5197 ad
1497 5144 1865 5198 differentiam
1886 5144 2089 5199 calefa-

487 5230 669 5287 ctorii.
690 5230 798 5284 Pro
817 5232 978 5305 signo
993 5232 1222 5287 armarii
1242 5234 1294 5299 (κ
1336 5236 1375 5300 ),
1400 5232 1620 5302 signum
1645 5232 1770 5287 libri
1793 5233 1953 5289 adde.
1985 5233 2089 5287 Pro

488 5320 650 5395 signo
671 5321 922 5384 claustri,
944 5321 1194 5392 generali
1217 5321 1524 5391 praemisso.
1557 5321 1796 5377 indicem
1827 5322 2088 5377 deorsum

486 5406 642 5456 verte
691 5401 919 5466 circum,
964 5400 1113 5473 quod
1170 5406 1256 5454 est
1302 5401 1524 5475 signum
1555 5402 1957 5458 circumeundi.
1986 5402 2093 5456 Pro

559 5522 620 5605 (8‘
633 5523 671 5605 1)
692 5525 982 5605 ﬂagitabit
993 5543 1042 5605 _m
1072 5544 1173 5598 pro
1196 5529 1467 5605 Capitula,
1493 5546 1590 5605 seu
1620 5529 1741 5605 loco
1762 5530 1958 5605 quo
1981 5547 2095 5587 mo-

495 5588 662 5667 nachi
692 5592 761 5648 de
781 5588 1089 5667 disciplina
1116 5588 1424 5654 monasti'ra
1459 5588 1638 5655 acturi
1661 5588 1975 5655 veniebam.

568 5666 672 5734 (82)
699 5666 1033 5721 Armorium
1078 5686 1179 5738 pro
1217 5673 1535 5728 bibliotheca
1562 5672 1833 5743 positum,
1870 5674 2020 5728 unde
2039 5681 2095 5729 et

2159 1944 2353 1997 ponas,
2381 1926 2694 1997 adjungens
2723 1927 2997 1981 scribendi
3037 1926 3280 1999 signum.
3325 1927 3432 1981 Pro
3461 1925 3623 1998 signo
3652 1924 3759 1979 ho-

2158 2021 2389 2074 locausti
2411 2020 2522 2085 (83)
2549 2022 2799 2094 generali
2824 2021 3005 2093 posito
3034 2021 3456 2095 aqualsignum
3479 2018 3763 2073 scribendi
3828 2062 3853 2081 ,

2158 2110 2319 2163 adde.
2358 2110 2464 2165 Pro
2495 2110 2653 2180 signo
2690 2110 2847 2164 minii
2891 2110 3114 2178 signum
3148 2109 3305 2163 rubei
3334 2109 3535 2163 coloris
3587 2124 3754 2178 pone,

2157 2199 2290 2255 item
2323 2198 2603 2252 scribendi
2634 2198 2857 2268 signum
2910 2198 3123 2252 addito.
3175 2199 3277 2252 Pro
3307 2198 3466 2269 signo
3516 2196 3755 2272 pumicis

2157 2305 2300 2359 pone
2326 2288 2591 2357 generale
2618 2286 2840 2359 signum
2869 2286 3068 2361 lapidis
3098 2290 3224 2343 cum
3249 2304 3434 2357 pugno
3478 2286 3677 2340 dextro
3703 2287 3760 2341 in

2155 2376 2409 2431 interiori
2443 2384 2599 2446 parte
2646 2376 2885 2430 sinistrte
2915 2384 3171 2431 extensae.
3202 2382 3532 2451 purgantem
3564 2391 3760 2448 perga—

2155 2483 2383 2522 menum
2429 2465 2647 2521 simula.
2702 2466 2809 2519 Pro
2856 2465 3015 2537 signo
3069 2482 3287 2539 pennae,
3328 2452 3492 2537 signo
3534 2462 3759 2517 volandi

2156 2554 2462 2624 praemisso,
2498 2554 2701 2607 iterum
2732 2554 3011 2611 scribendi
3042 2554 3264 2623 signum
3282 2553 3445 2607 adde.
3468 2553 3572 2606 Pro
3593 2553 3757 2626 signo

2157 2643 2369 2704 circini.
2400 2643 2457 2696 in
2488 2642 2672 2696 medio
2705 2660 2903 2697 manus
2932 2643 3172 2697 sinistrae
3213 2642 3449 2695 indicem
3496 2641 3754 2696 dextrum

2158 2748 2320 2802 pone,
2356 2737 2411 2783 et
2439 2730 2685 2785 medium
2723 2732 2792 2785 ad
2824 2731 3005 2786 instar
3034 2733 3157 2801 ejus
3185 2730 3501 2785 circumfer.

2584 2892 2587 2895 _
2746 2821 2984 2879 CAPUT
3009 2822 3175 2879 xxv.

2550 2912 2623 2965 De
2650 2913 2824 2980 signis
2853 2913 3349 2982 ferramentorum.

2229 2999 2251 3019 ’
2284 2999 2391 3055 Pro
2428 2999 2588 3069 signo
2613 2998 2938 3054 ferramenti
2958 3001 3028 3054 ad
3055 2999 3271 3057 oblatas
3296 2997 3578 3057 faciendas
3606 3000 3760 3067 facti,

2159 3088 2341 3157 posito
2391 3089 2640 3160 generali
2697 3088 2855 3161 signo
2896 3090 3125 3157 metalli.
3157 3090 3433 3145 exteriora
3469 3091 3767 3159 utriusque

2167 3193 2363 3230 manus
2394 3178 2465 3233 ad
2502 3177 2735 3230 invicem
2767 3179 3065 3248 conjuncta
3089 3196 3311 3232 rursum
3334 3178 3615 3253 disiunge.
3658 3179 3765 3232 l’ro

2162 3267 2323 3338 signo
2353 3265 2595 3335 forcipis.
2618 3267 2882 3333 generale
2924 3284 3065 3339 pone
3108 3267 3319 3323 metalli
3346 3269 3593 3341 signum,
3626 3269 3765 3323 item

2164 3354 2403 3411 indicem
2437 3361 2490 3408 et
2516 3355 2760 3409 medium
2785 3358 2964 3427 primo
2992 3356 3305 3426 disjunctos
3335 3357 3630 3429 conjunge.
3658 3358 3766 3411 Pro

2167 3444 2327 3517 signo
2355 3444 2692 3498 rasorii.sive
2716 3446 2999 3498 novaculae
3045 3446 3329 3519 praemisso
3348 3445 3560 3500 cultelli
3578 3444 3763 3515 signo,

2165 3532 2405 3585 indicem
2424 3533 2679 3587 dextrum
2699 3550 2868 3605 super
2888 3534 3127 3588 indicem
3145 3534 3435 3590 sinistrum
3460 3536 3511 3588 in
3533 3535 3764 3589 modum

2162 3622 2342 3675 crucis
2375 3638 2515 3692 pone
2572 3621 2843 3675 simulans
2882 3629 3174 3676 acuentem
3222 3623 3281 3677 in
3327 3640 3413 3677 ea.
3459 3624 3560 3677 Pro
3604 3623 3767 3693 signo

2166 3711 2394 3769 securis.
2428 3711 2662 3766 dolabri.
2687 3716 2953 3771 runcinae.
2986 3711 3212 3772 terebri.
3246 3713 3444 3782 planae.
3478 3713 3769 3783 praemisso

2165 3800 2326 3872 signo
2381 3800 2610 3855 metalli.
2666 3801 2869 3854 simula
2917 3800 3063 3873 quod
3118 3801 3525 3872 competentius
3564 3802 3765 3872 possis,

2167 3896 2493 3958 operantem
2534 3889 2590 3942 in
2618 3888 2715 3941 eis.
2745 3890 2849 3941 Pro
2880 3888 3040 3959 signo
3064 3888 3303 3947 subulae.
3336 3889 3625 3961 praemisso
3657 3906 3770 3945 me-

2167 3977 2291 4032 talli
2339 3977 2522 4049 signo.
2572 3974 2813 4032 indicem
2854 3978 3111 4033 dextrum
3145 3994 3316 4048 super
3343 3978 3584 4033 indicem
3627 3978 3769 4033 sini-

2166 4074 2345 4119 strum
2397 4067 2453 4119 in
2509 4066 2738 4121 modum
2794 4067 2976 4121 crucis
3047 4067 3238 4137 sicque
3296 4084 3542 4127 movens.
3605 4068 3771 4138 quasi

2167 4155 2264 4225 qui
2293 4172 2419 4209 cum
2469 4154 2670 4209 subula
2714 4155 2979 4226 perforat,
3019 4157 3243 4211 simula.
3298 4156 3403 4211 Pro
3428 4156 3588 4227 signo
3618 4156 3769 4218 auri.

2168 4244 2455 4315 praemisso
2511 4244 2671 4315 signo
2723 4246 2953 4306 metalli.
2988 4246 3132 4300 adde
3178 4245 3400 4315 signum
3448 4244 3627 4299 rubei.
3669 4247 3773 4301 Pro

2170 4335 2329 4405 signo
2376 4334 2615 4407 argenti,
2678 4335 2965 4409 praemisso
3018 4336 3270 4406 generali
3330 4335 3510 4403 signo,
3560 4334 3771 4389 simula

2171 4432 2559 4477 tmmerantem
2616 4423 2894 4478 denarios.
2956 4424 3059 4477 Pro
3096 4424 3255 4493 signo
3302 4424 3449 4486 teris,
3482 4424 3774 4496 praemisso

2170 4512 2327 4584 signo
2355 4514 2497 4577 auri,
2526 4514 2669 4567 adde
2698 4514 2919 4583 signum
2935 4513 3338 4567 metiendiPro
3374 4513 3534 4584 signo
3558 4510 3772 4578 stanni,

2167 4601 2456 4671 praemisso
2487 4602 2648 4672 signo
2693 4601 2935 4671 argenti.
2987 4602 3150 4661 adde,
3207 4605 3272 4654 ut
3310 4617 3500 4673 supra.
3545 4600 3772 4671 signum

2169 4690 2459 4757 metiendi.
2518 4690 2622 4743 Pro
2662 4690 2821 4761 signo
2874 4689 3110 4762 plumbi.
3180 4689 3468 4765 praemisso
3515 4689 3776 4760 generali

2169 4778 2347 4848 signo,
2400 4778 2542 4835 adde
2593 4778 2815 4848 signum
2846 4780 3029 4849 spissi.
3063 4779 3170 4833 Pro
3217 4780 3378 4850 signo
3427 4777 3592 4839 freni.
3624 4796 3773 4849 prae-

2166 4866 2337 4921 misso
2364 4868 2616 4937 generali
2648 4868 2807 4939 signo
2839 4868 3070 4929 metalli.
3103 4869 3346 4925 medium
3378 4867 3619 4938 digitum
3635 4884 3773 4923 con-

2167 4962 2257 5010 tra
2313 4974 2375 5010 os
2430 4963 2686 5037 apertum
2741 4957 2983 5031 porrige,
3031 4957 3247 5011 caeteris
3294 4956 3485 5028 digitis
3542 4957 3771 5027 compli-

2170 5047 2331 5101 catis.
2391 5045 2499 5100 Pro
2558 5046 2720 5115 signo
2787 5046 2959 5110 sellae,
3002 5062 3129 5099 cum
3194 5062 3366 5100 manu
3417 5045 3615 5100 dextra
3664 5046 3771 5099 hu-

2172 5150 2391 5189 merum
2452 5133 2743 5189 sinistrum
2817 5133 3034 5188 duabus
3077 5130 3289 5188 vicibus
3343 5133 3524 5205 pulsa,
3575 5133 3773 5203 adjun-

2171 5241 2311 5294 gens
2385 5222 2607 5294 signum
2676 5222 2892 5278 caballi.
2963 5222 3075 5277 Pro
3146 5223 3308 5295 signo
3372 5223 3573 5283 baculi.
3634 5240 3775 5294 prae-

2175 5312 2345 5366 misso
2375 5309 2534 5385 signo
2562 5310 2719 5383 ligni,
2767 5311 3017 5365 dextram
3063 5312 3121 5367 in
3165 5328 3413 5385 pugnum
3451 5311 3773 5368 conclusam

2176 5400 2382 5473 profer,
2418 5402 2578 5475 quasi
2614 5402 2796 5473 ipsum
2826 5400 3085 5457 baculum
3123 5408 3341 5458 tenens.
3376 5402 3483 5457 Pro
3504 5401 3665 5473 signo
3693 5403 3771 5457 si-

2175 5533 2476 5623 έτέῃαέτύε
2517 5530 2865 5587 bibliothecae
2898 5531 3210 5604 praefectus,
3243 5533 3306 5588 de
3331 5548 3436 5603 quo
3467 5532 3556 5585 hic
3593 5533 3690 5587 lib.
3731 5546 3772 5586 η

2177 5605 2782 5743 αῃῗὲἕζἨοιοοαωεωη
2805 5690 2907 5746 pro
2923 5677 3265 5741 ineundum,
3298 5654 3698 5729 atramentum.
3728 5692 3733 5695 -
