3964 6358
216 392 325 461 9'57

1266 386 1693 467 coiisTiTUT.
1736 386 2077 465 lilRSAUG.
2124 441 2189 451 —
2228 386 2366 466 ms.
2408 384 2452 465 ί.

3390 407 3499 469 958

218 526 365 606 gilii,
401 516 874 607 pmunsso‘signo
894 535 1078 595 brevis
1114 514 1382 595 conclude
1412 554 1661 610 pugnum
1690 514 1822 591 dex-
1841 540 1877 594 Α
1903 512 2046 607 tegit
2062 553 2190 593 cum
2222 536 2339 600 illa,
2384 541 2687 606 antequam
2729 505 2879 593 levet
2910 539 3044 593 ante
3077 534 3306 594 lectum.
3334 534 3499 591 Post-ﬁ

217 626 371 676 trum
397 622 453 677 in
492 640 661 680 manu
682 625 930 685 sinistra,
957 627 1102 682 sicut
1135 630 1228 699 qui
1269 629 1373 699 sigi
1399 629 1514 683 lum
1548 643 1687 681 cera.-
1718 627 1819 680 im-

218 711 441 782 primit.
476 713 583 767 Pro
611 715 773 784 signo
802 716 1053 773 caldarii.
1090 717 1378 788 praemisso
1399 716 1558 787 signo
1583 716 1815 777 metalli,

218 805 527 872 utrumque
552 802 789 857 indicem
816 810 1106 859 curvatum
1152 822 1375 860 sursum
1406 813 1551 859 tene.
1596 805 1704 859 Pro
1732 804 1817 857 si-

216 904 332 960 gno
360 890 705 953 ferramenti,
739 909 850 964 quo
882 893 1160 949 caldarius
1187 893 1820 965 suspenditur;utrum-

221 992 332 1049 que
361 976 599 1032 indicem
631 980 689 1033 in
722 980 948 1034 modum
979 986 1189 1036 catenae
1230 981 1459 1035 invicem
1484 982 1678 1053 junge.
1712 981 1821 1034 Pro

220 1065 384 1138 signo
409 1067 728 1137 sartaginis,
764 1069 1050 1139 praemisso
1080 1071 1261 1140 signo;
1284 1072 1535 1125 dextram
1559 1087 1589 1124 a
1601 1071 1822 1138 junctu-

218 1171 285 1208 ra
321 1155 564 1210 sinistra
594 1174 694 1227 per
718 1156 1007 1212 brachium
1050 1176 1271 1213 sursum
1306 1160 1487 1214 trahe.
1518 1160 1627 1213 Pro
1657 1160 1819 1228 signo

219 1243 364 1306 ollae,
399 1261 521 1314 quae
542 1251 629 1298 est
656 1245 725 1298 de
751 1247 997 1307 metallo,
1037 1248 1322 1317 praemisso
1361 1248 1612 1318 generali
1662 1246 1821 1316 signo

221 1333 458 1394 metalli,
506 1334 649 1387 adde
686 1335 906 1409 signum
928 1335 1190 1404 justitiae:
1227 1337 1271 1389 si
1296 1354 1422 1388 vero
1449 1344 1534 1389 est
1551 1336 1618 1389 de
1646 1343 1818 1399 terra,

219 1421 512 1491 praemisso
536 1424 787 1492 generali
813 1425 973 1493 signo
995 1425 1247 1493 justitiaa.
1276 1425 1510 1479 indicem
1532 1431 1820 1478 curvatum

220 1511 616 1581 attrahe,quod
635 1520 721 1566 est
749 1520 913 1566 teme
943 1513 1185 1582 signum.
1216 1515 1322 1568 Pro
1337 1514 1496 1583 signo
1516 1513 1817 1574 fuleinnlae,

219 1600 512 1670 prmmisso
558 1601 810 1669 generali
839 1602 999 1671 signo
1041 1603 1271 1668 mctalli,
1322 1620 1445 1655 cum
1478 1602 1658 1656 indice
1685 1602 1821 1654 sibi-

220 1703 331 1758 que
352 1688 602 1757 proximo
631 1690 896 1758 curvatis,
920 1691 1127 1745 simula
1144 1708 1340 1745 carnes
1356 1692 1670 1745 trahentem
1693 1705 1819 1744 cum

221 1792 308 1831 ea.
334 1776 447 1831 Pro
469 1778 628 1847 signo
651 1778 898 1849 forcipis,
926 1780 1160 1833 indicem
1184 1780 1605 1851 superindicem
1637 1780 1821 1834 inver-

1901 642 2066 696 quam
2087 642 2215 679 vero
2244 626 2570 690 surrexerit,
2595 626 2673 680 ita
2700 626 2901 681 stando
2931 624 3210 696 pellicium
3233 622 3382 681 aliud
3410 630 3502 680 suis

1900 731 2001 785 per
2027 716 2324 772 cucullam.
2345 715 2393 770 si
2426 716 2560 777 vult;
2592 715 2805 771 occulte
2836 721 3025 770 tamen
3078 712 3314 769 induere
3341 718 3503 783 pote-

1901 802 1995 856 rit.
2024 801 2215 872 Ipsum
2249 820 2473 874 quoque
2511 804 2717 860 lectum
2766 820 2878 857 non
2906 804 2999 873 ita
3042 802 3394 872 negligenter
3421 801 3504 856 di-

1903 890 2095 964 mittit,
2121 891 2335 955 Ub.)sed
2359 892 2592 946 honeste
2604 890 3013 961 coopertorium
3037 891 3282 962 desuper
3300 895 3503 946 exten-

1900 978 2083 1045 dendo
2112 980 2399 1051 componit
2419 982 2441 1003 "
2469 980 2720 1050 Capitale
2743 987 2923 1034 totum
2962 980 3208 1035 occultat
3247 977 3353 1034 sub
3380 978 3499 1043 illo,

1902 1066 2028 1120 dein
2071 1070 2311 1123 iroccum
2340 1068 2541 1130 induit,
2572 1074 2631 1122 et
2651 1069 2698 1122 si
2712 1074 2967 1139 opusest,
2992 1069 3135 1123 duos
3163 1068 3366 1123 fratres
3395 1065 3502 1123 sibi

1904 1157 2152 1226 proxime
2179 1158 2522 1213 dormientes
2550 1174 2674 1213 cum
2706 1158 2895 1213 sonitu
2916 1158 3157 1213 excitare
3180 1174 3291 1215 non
3318 1157 3502 1228 neglié

1902 1248 2002 1318 git.
2034 1248 2174 1300 Nam
2205 1247 2252 1300 si
2289 1263 2401 1301 non
2432 1246 2661 1301 excitati
2691 1246 2761 1300 ab
2792 1247 2907 1305 illo.
2938 1246 3224 1301 communi
3263 1246 3501 1302 fratrum

1904 1334 2145 1390 orationi
2183 1353 2295 1389 non
2325 1335 2698 1393 interfuerint.
2760 1335 2819 1390 in
2869 1336 3115 1390 crastino
3167 1335 3279 1390 illis
3335 1334 3502 1389 solito

1905 1442 2060 1479 more
2100 1426 2155 1479 in
2185 1426 2429 1497 capitulo
2448 1424 2662 1479 veniam
2692 1424 3027 1495 petentibus.
3064 1425 3184 1495 ipse
3207 1422 3377 1478 etiam
3411 1432 3500 1478 ve-

1902 1514 2051 1567 niam
2089 1514 2228 1585 petit
2260 1535 2270 1568 :
2305 1514 2351 1567 si
2382 1513 2781 1583 interrogatur,
2812 1512 2937 1583 quis
2987 1512 3043 1567 in
3094 1512 3346 1583 proximo
3374 1511 3502 1565 dor-

1904 1598 2126 1679 rnierit?
2148 1602 2385 1672 idipsum
2417 1602 2585 1656 debet
2606 1603 2808 1665 facere,
2841 1602 3064 1672 quando
3088 1601 3290 1656 fratres
3318 1598 3502 1655 meri-

1903 1691 2133 1745 diantur
2161 1689 2282 1755 ι8ὂ).
2311 1691 2465 1759 mn.)
2492 1692 2557 1745 In
2585 1698 2778 1745 aestate
2803 1690 3146 1745 neceSsarias
3170 1705 3283 1743 non
3305 1687 3501 1752 intrat,

1904 1780 2010 1834 nisi
2040 1786 2209 1851 caput
2238 1779 2448 1850 capello
2491 1779 2793 1850 cooperiat.
2836 1780 2901 1833 ln
2958 1777 3285 1833 dormitorio
3313 1781 3505 1831 autem

220 1881 345 1921 sum
381 1880 544 1936 pone,
563 1873 618 1920 et
635 1874 936 1939 utrumque
969 1857 1196 1922 mdvein
1223 1869 1446 1922 modum
1465 1868 1615 1921 illius
1644 1870 1814 1922 ferra-
1844 1850 1888 1908 Β
1907 1885 2087 1940 neque
2114 1850 2187 1922 lin
2239 1869 2349 1932 die,
2384 1884 2567 1939 neque
2594 1868 2651 1922 in
2693 1873 2873 1927 nocte,
2908 1869 2929 1890 ⁶
2960 1872 3188 1937 excepto
3216 1870 3341 1935 post
3358 1878 3507 1920 com-

222 1955 401 2009 menti
448 1956 551 2009 Pro
580 1956 739 2026 signo
769 1957 1101 2011 emunctorii
1140 1957 1426 2027 praemisso
1453 1957 1701 2027 generali
1735 1956 1822 2010 in-

223 2042 406 2098 dicem
447 2050 505 2098 et
536 2045 780 2098 medium
812 2046 1121 2114 disjunctos
1149 2046 1403 2108 extende,
1436 2045 1627 2099 addito
1659 2046 1822 2113 signo

222 2132 473 2187 luminis.
486 2133 589 2187 Pro
602 2134 762 2203 signo
780 2135 1039 2204 cymbali.
1052 2134 1335 2205 praemisso
1350 2134 1599 2203 generali
1619 2134 1824 2187 simula

224 2222 383 2278 illum
428 2223 831 2289 percutientem
863 2239 988 2276 cum
1019 2224 1222 2277 malleo
1277 2210 1381 2277 Pro
1410 2225 1570 2293 signo
1595 2222 1819 2287 tabulae,

224 2326 348 2381 quae
369 2311 437 2364 ad
459 2311 797 2381 loquendum
822 2312 1150 2381 percutitur.
1175 2312 1464 2383 praemisso
1480 2312 1638 2376 signa
1662 2311 1819 2379 ligni,

223 2399 432 2454 simula
452 2416 573 2454 eam
591 2400 1017 2469 percutientem.
1042 2402 1149 2454 Pro
1168 2402 1329 2471 signo
1351 2400 1567 2454 ridendi
1583 2401 1823 2454 indicem

224 2495 283 2541 et
306 2488 551 2543 medium
583 2489 894 2557 disjunctos
914 2489 982 2542 ad
1005 2506 1067 2543 os
1101 2490 1338 2559 porrige.
1374 2490 1481 2544 Pro
1512 2490 1670 2558 signo
1693 2504 1824 2543 san-

224 2577 414 2647 guinis
426 2578 496 2631 de
517 2592 652 2632 naso
675 2579 917 2632 ﬂuentis.
942 2579 1229 2648 praemisso
1246 2578 1405 2647 signo
1428 2578 1825 2647 consanguini.

226 2664 379 2719 tatis.
411 2664 548 2719 frica
593 2664 791 2719 subtus
818 2682 1012 2719 nasum
1036 2667 1218 2721 indice
1240 2672 1490 2729 curvato,
1514 2667 1655 2719 sicut
1685 2666 1829 2719 solet

224 2757 458 2826 sanguis
487 2758 736 2814 efﬂuere.
762 2759 868 2813 Pro
898 2759 1057 2828 signo
1079 2760 1358 2821 vomendi,
1379 2761 1630 2813 dextram
1652 2760 1828 2815 iuver-

228 2861 347 2899 sam
383 2856 573 2904 mento
602 2860 874 2916 suppone.
936 2857 992 2905 et
1038 2849 1297 2903 Celeriter
1343 2849 1399 2902 in
1428 2862 1615 2904 aerem
1647 2865 1823 2901 move-

228 2933 339 2991 Pro
367 2935 530 3003 signo
557 2935 773 2995 caballi,
797 2954 921 2991 cum
949 2937 1166 2991 duobus
1195 2938 1385 3007 digitis
1431 2944 1561 2992 tene
1599 2938 1829 3007 capillos

229 3024 562 3079 anteriores.
596 3026 704 3079 Pro
725 3025 884 3094 signo
916 3026 1077 3087 asini,
1116 3027 1498 3082 summitatem
1527 3026 1741 3097 pollicis
1757 3026 1827 3079 ad

229 3128 426 3166 aurem
460 3129 622 3183 pone.
662 3123 1003 3184 utaeterosque
1055 3115 1260 3185 digitos
1324 3123 1605 3185 porrectas
1647 3132 1827 3177 move,

232 3199 379 3255 sicut
392 3216 584 3257 aurem
603 3203 813 3256 asinus.
850 3204 956 3257 Pro
978 3203 1137 3272 signo
1169 3204 1325 3268 muli,
1356 3204 1642 3273 prmmisso
1672 3206 1831 3272 signo

231 3290 454 3352 caballi,
487 3291 728 3359 adjunge
748 3291 971 3359 signum
1003 3292 1171 3348 asini.
1206 3293 1312 3345 Pro
1345 3294 1506 3362 signo
1535 3292 1670 3354 ovis,
1705 3305 1830 3346 cum

232 3378 454 3433 duobUs
481 3379 671 3449 digitis
694 3380 895 3434 simula
925 3382 1246 3435 tondentem
1273 3398 1402 3434 ovrs
1428 3398 1553 3434 cum
1600 3381 1830 3450 tori-ipe.

232 3467 343 3522 Pro
368 3468 529 3538 signo
549 3469 741 3524 arietis
801 3470 903 3522 hoc
948 3470 1108 3531 adde,
1156 3478 1218 3524 ut
1261 3470 1502 3524 indicem
1543 3477 1834 3523 curvatum

229 3561 395 3631 juxta
414 3574 607 3617 aurem
625 3563 878 3616 dextram
907 3569 1121 3617 teneas.
1152 3563 1258 3617 Pro
1278 3564 1439 3632 "signo
1460 3579 1659 3632 caprae,
1682 3569 1838 3615 exte-

235 3650 388 3705 riora
414 3666 616 3705 manus
663 3658 852 3704 mento
901 3669 1172 3721 suppone,
1230 3658 1286 3706 et
1336 3652 1569 3705 invicem
1621 3650 1837 3720 sibique

233 3739 555 3809 proximum
587 3739 847 3794 deorsum
872 3757 1057 3794 versos
1090 3741 1375 3810 paululum
1398 3753 1699 3794 commove.
1727 3741 1836 3793 Pro

235 3828 399 3897 signo
424 3828 594 3898 porri,
611 3842 859 3899 pugnum
881 3829 1053 3883 fronti
1074 3829 1148 3882 im
1159 3829 1355 3899 prime.
1372 3828 1478 3883 Pro
1501 3829 1661 3896 signo
1677 3829 1832 3888 c'atti.

237 3921 431 3992 digitis
458 3925 884 3992 ‘c‘omponentem
908 3928 1187 3992 grenones
1207 3921 1663 3979 {SilsimnlaPro
1677 3922 1836 3991 signo

236 4010 386 4065 cervi
418 4010 712 4080 utriusque
736 4018 933 4064 manus
961 4028 1154 4065 omnes
1179 4012 1386 4081 digitos
1416 4012 1502 4064 fac
1527 4011 1689 4082 quasi
1710 4028 1838 4064 cor-

236 4120 352 4157 nua
384 4103 721 4173 prominere.
757 4104 864 4157 Pro
890 4103 1049 4174 signo
1078 4104 1300 4174 leporis.
1347 4104 1588 4157 indicem
1620 4103 1836 4172 sibique

237 4191 555 4262 proximum
580 4192 744 4261 juxta
772 4208 966 4245 aurem
992 4201 1144 4247 retro
1165 4192 1418 4257 extende,
1438 4194 1494 4246 et
1513 4192 1660 4246 sicut
1679 4193 1838 4262 lepus

239 4286 308 4338 au
318 4300 406 4338 res
428 4284 716 4337 Commov'e

1905 1958 2224 2028 pletorium.
2255 1958 2301 2011 si
2332 1957 2437 2010 sibi
2470 1956 2715 2019 libuerit,
2740 1957 2844 2010 hoc
2870 1972 2985 2010 non
3002 1955 3273 2012 custodit.

1976 2048 2039 2101 in
2066 2046 2331 2100 memoria
2341 2046 2557 2116 jugiter
2584 2044 2752 2099 debet
2784 2044 3083 2110 habere,in
3111 2043 3349 2111 gradum
3372 2043 3503 2098 dor-

1905 2135 2111 2189 mitorii
2141 2142 2367 2205 sputum
2420 2150 2530 2188 non
2580 2134 2848 2205 projicere
2884 2132 3038 2187 Nihil
3067 2131 3294 2186 omnino
3320 2132 3391 2187 de
3419 2147 3506 2185 ve-

1904 2208 2183 2279 siimentis
2213 2224 2330 2277 suis
2370 2224 2423 2276 in
2456 2223 2700 2277 claustro
2750 2238 2978 2293 ponere,
3033 2229 3333 2291 antequam
3389 2226 3505 2275 tres

1904 2313 2188 2366 orationes
2209 2312 2478 2367 ﬁniantur
2501 2311 2771 2366 Tabulam
2794 2318 2894 2364 aut
2907 2309 3362 2380 antiphonurium
3392 2316 3506 2364 non

1907 2402 2203 2473 inspicere.
2237 2403 2381 2456 Ante
2403 2418 2605 2473 pueros
2654 2401 2736 2454 vel
2778 2401 2824 2453 si
2870 2400 2949 2455 illi
2982 2399 3039 2453 in
3066 2399 3186 2453 loco
3215 2412 3325 2452 non
3351 2402 3507 2467 aunt;
3586 2424 3597 2431 ν

1906 2498 2037 2544 ante
2062 2491 2221 2544 illum
2247 2491 2531 2559 juvenem,
2551 2489 2646 2560 qui
2662 2507 2788 2543 cum
2813 2490 3027 2543 laterna
3048 2487 3281 2543 ultimus
3309 2486 3508 2542 subse-

1908 2580 2102 2651 quitur
2132 2579 2352 2647 fratres,
2385 2580 2527 2632 solet
2540 2579 2729 2632 venire
2749 2578 2804 2632 in
2826 2577 3298 2645 ecclesiamprius
3315 2582 3507 2631 tamen

1907 2669 2037 2735 lotis
2070 2668 2346 2723 manibus.
2380 2668 2423 2721 si
2468 2684 2693 2721 necesse
2718 2667 2905 2726 habet.
2934 2668 3017 2719 vel
3053 2666 3098 2719 si
3125 2666 3191 2719 ad
3222 2664 3508 2719 invitatio-

1908 2757 2055 2810 rium
2090 2756 2276 2810 vestiri
2307 2750 2492 2817 debet,
2528 2763 2585 2809 et
2614 2755 2861 2826 quandiu
2892 2755 3051 2809 scilla
3082 2754 3338 2824 pulsatur
3383 2762 3510 2823 pro-

1909 2845 2197 2905 cumbens,
2227 2846 2311 2898 vel
2354 2845 2402 2899 si
2449 2845 2577 2898 talis
2626 2852 2715 2898 est
2741 2843 2859 2898 dies
2885 2843 3204 2899 inclinatus.
3236 2840 3508 2911 quidquid

1910 2935 2047 3002 vult,
2080 2940 2226 2987 orat.
2249 2935 2454 2987 Locum
2477 2943 2668 2987 autem
2706 2933 2874 3002 hujus
2893 2931 3106 2986 ordinis
3123 2929 3508 3000 unusquisque

1910 3023 2144 3077 sortitur
2168 3039 2269 3093 pro
2295 3029 2547 3093 tempore
2576 3039 2690 3075 suae
2722 3019 3099 3074 conversionis
3151 3020 3211 3074 Si
3237 3025 3324 3073 est
3350 3018 3508 3072 novi-

1886 3138 1893 3177 ;
1912 3110 2043 3172 tius.
2077 3111 2192 3163 sive.
2223 3107 2314 3163 ille
2367 3109 2442 3163 sit
2472 3109 2795 3173 monachus,
2828 3109 2915 3162 vel
2944 3108 3128 3162 adhuc
3172 3122 3283 3162 non
3319 3122 3510 3177 conse-

1914 3209 2103 3253 cratus
2141 3199 2289 3253 inter
2316 3215 2447 3252 suos
2466 3214 2758 3268 compares
2788 3195 2891 3266 r86)
2922 3198 2988 3250 ad
3016 3197 3255 3267 gradum
3284 3201 3389 3251 est.
3425 3194 3512 3250 Ab

1916 3288 2003 3341 his
2040 3278 2231 3341 tamen
2256 3289 2414 3357 juxta
2443 3288 2680 3358 gradum
2731 3286 2977 3356 spatium
3015 3285 3371 3356 relinquitur,
3411 3298 3514 3355 per

1917 3377 2065 3448 quod
2094 3377 2150 3430 in
2175 3362 2409 3430 alterum
2442 3376 2596 3431 chori
2632 3383 2854 3446 partem
2883 3381 3081 3435 eatur;
3120 3372 3513 3445 gradus...qui

1917 3466 2227 3537 posteriora
2256 3466 2411 3519 chori
2440 3466 2641 3519 debent
2659 3482 2950 3536 occupare.
2975 3482 3074 3536 per
3100 3465 3371 3519 minorem
3387 3463 3517 3519 cho-

1920 3572 2043 3608 rum
2064 3555 2495 3609 solentintrare.
2533 3555 2586 3608 Si
2615 3564 2701 3608 est
2723 3555 2964 3624 juvenis,
2993 3571 3119 3608 cum
3150 3553 3381 3608 custode
3411 3561 3513 3606 Sno

1919 3644 2066 3698 inter
2096 3645 2304 3698 formas
2335 3642 2440 3711 ,8?)
2482 3645 2628 3698 locat
2656 3661 2716 3697 se
2778 3651 2900 3714 post
2938 3642 3194 3707 novitios,
3243 3641 3514 3696 admixtis

1917 3750 2018 3804 pro
2049 3718 2245 3786 ordine
2279 3750 2381 3786 suo
2401 3733 2571 3786 etiam
2596 3732 2724 3786 aliis
2741 3730 3027 3793 fratribus,
3051 3737 3108 3784 et
3128 3730 3515 3800 unusquisque

1919 3839 2135 3884 eorum,
2195 3822 2289 3892 qui
2338 3821 2486 3875 inter
2512 3820 2722 3874 formas
2750 3821 2934 3874 solent
2959 3836 3140 3879 orare,
3174 3833 3286 3873 non
3330 3819 3516 3873 solum

1919 3910 1976 3964 in
2003 3911 2129 3969 isto.
2163 3910 2259 3965 sed
2290 3917 2346 3965 et
2366 3910 2421 3964 in
2450 3910 2559 3964 alio
2588 3919 2861 3980 tempore,
2900 3909 2948 3962 si
2972 3909 3084 3961 ullo
3114 3908 3278 3961 modo
3308 3912 3511 3979 potest,

1919 3999 2085 4054 debet
2110 3998 2403 4053 observare
2433 3998 2489 4052 in
2521 4015 2586 4052 ea
2615 3998 2767 4053 chori
2788 4005 2968 4069 parte,
3001 3996 3091 4051 cui
3137 3997 3257 4067 ipse
3285 3995 3518 4065 deputa-

1918 4100 2011 4144 tus
2039 4100 2143 4150 est,
2170 4090 2478 4143 orationem
2498 4089 2697 4143 facere.
2716 4088 2853 4152 Quis
2873 4092 3061 4141 autem
3083 4086 3220 4140 ordo
3241 4086 3513 4155 juvenurn

1920 4196 2047 4232 cum
2070 4177 2393 4231 custodibus
2413 4178 2530 4231 suis
2557 4177 2614 4231 in
2642 4176 2791 4231 omni
2816 4176 2935 4229 loco
2963 4173 3237 4228 habeatur
3256 4173 3312 4227 in
3334 4172 3516 4241 rapite

1921 4254 2070 4338 quod
2102 4268 2170 4321 de
2195 4266 2448 4336 utrisque
2486 4282 2681 4320 eorum
2715 4266 2772 4319 in
2803 4263 3063 4334 sequenti
3093 4262 3237 4318 libro
3265 4267 3352 4317 est
3375 4261 3515 4315 scri-

312 4373 383 4428 Et
421 4380 485 4427 ut
509 4371 922 4427 c'dnclusionem
951 4373 1020 4427 de
1060 4371 1267 4426 talibus
1297 4372 1518 4431 faciam.
1568 4362 2082 4449 quidquidDptujn
2112 4361 2236 4426 (cap
2285 4353 2397 4449 2'23
2430 4353 2971 4449 pleniusiuvenitgr.

242 4461 569 4532 hujusmodi
612 4462 834 4532 signare
880 4463 1117 4515 volueris
1153 4463 1404 4532 generali
1446 4462 1670 4534 semper
1699 4476 1840 4534 prie-

241 4551 434 4615 missd,
465 4551 760 4620 sequentia
785 4551 1096 4621 adjungito.
1136 4552 1233 4605 His
1280 4552 1348 4605 de
1378 4552 1713 4605 novitiorum
1761 4552 1843 4605 in-

243 4638 553 4694 structions
609 4639 928 4710 praemissis.
983 4656 1084 4709 per
1110 4640 1363 4693 ordinem
1394 4640 1629 4694 dicenda
1658 4646 1745 4693 est
1776 4656 1843 4694 ea

244 4727 560 4798 disciplina,
595 4744 703 4795 qua
726 4729 942 4798 jugiter
976 4727 1071 4782 ille
1101 4735 1341 4795 tenetur,
1402 4730 1498 4800 qui
1552 4726 1842 4784 ndbiscum

246 4814 488 4870 voluerit
513 4817 850 4870 conversari.

839 4905 1074 4961 CAPUT
1093 4906 1295 4960 XXVI;

249 4994 523 5062 Quohzodo
561 5011 613 5048 se
651 4996 782 5050 leuet
809 4998 989 5062 frater
1016 4997 1090 5048 ad
1120 4993 1433 5060 nocturnos,
1490 5000 1539 5049 et
1585 4994 1848 5064 quomodo

810 5070 1117 5121 orationem
1146 5071 1294 5133 agat.

318 5154 587 5222 (vneam)
613 5153 801 5208 Primo
820 5153 996 5224 igitur
1022 5155 1095 5209 ad
1125 5165 1428 5209 nocturnos
1464 5154 1657 5209 audito
1687 5155 1847 5227 signo

248 5243 398 5297 illico
408 5242 665 5296 selevare
675 5242 986 5309 festinat,et
1001 5243 1326 5315 priusquam
1351 5245 1761 5314 coopertorium
1780 5245 1849 5299 de

246 5331 422 5401 jiciat,
448 5331 649 5386 sedens
674 5331 731 5386 in
764 5332 909 5387 lecto
936 5332 1122 5388 induit
1178 5349 1241 5389 se
1294 5334 1530 5393 cuculla,
1573 5347 1850 5404 cruraque

288 5543 301 5555 ο
460 5458 697 5559 Barbam
723 5491 849 5559 quae.
872 5470 1017 5527 infra
1045 5480 1209 5559 nares
1239 5466 1342 5542 est,
1393 5464 1494 5531 Seu
1544 5474 1848 5547 mystacem

257 5545 553 5614 signiﬁcat.
594 5546 663 5598 de
694 5562 804 5631 quo
828 5547 948 5614 jam
972 5547 1251 5626 superius.
1338 5618 1349 5630 _
1606 5545 1612 5547 V

284 5685 293 5687 4
330 5614 438 5677 :85)
468 5616 526 5670 Id
559 5622 665 5669 est.
694 5623 820 5687 post
850 5618 1140 5670 meridiem
1170 5618 1459 5673 dormiunt
1482 5631 1492 5668 :
1515 5618 1665 5674 unde
1693 5619 1851 5671 Meri-

258 5685 487 5741 dz'anam
509 5690 686 5756 facere
696 5685 995 5753 dixerunt,
1025 5704 1129 5760 pro
1153 5692 1398 5744 dormire
1427 5694 1492 5744 in
1515 5691 1773 5745 meridie.

1999 4444 2055 4498 Si
2090 4460 2220 4498 vero
2245 4450 2330 4497 est
2358 4444 2427 4498 de
2453 4444 2560 4505 his,
2588 4443 2683 4514 qui
2710 4444 2767 4498 in
2797 4443 2993 4497 ordine
3011 4447 3145 4497 sunt
3163 4442 3411 4505 altiores,
3434 4441 3519 4495 lo-

1926 4549 2050 4586 cum
2085 4530 2253 4586 habet
2278 4530 2334 4587 in
2365 4533 2552 4604 aliquo
2573 4533 2890 4587 sedilnmad
2910 4533 3168 4604 parietes.
3195 4532 3253 4587 Si
3275 4538 3362 4586 est
3376 4540 3522 4586 unus

1926 4620 2230 4678 seniorum.
2260 4621 2316 4675 in
2347 4618 2614 4676 utrolibet
2662 4622 2907 4676 cancello
2956 4620 3404 4677 occidentalium.
3455 4619 3525 4674 Et

1926 4710 1972 4763 si
2004 4707 2421 4780 procumbendo
2442 4721 2653 4770 oratur,
2685 4711 2804 4783 ipse
2829 4728 2999 4781 super
3036 4723 3349 4774 scamnum,
3374 4709 3524 4780 quod

1926 4805 2055 4852 ante
2083 4799 2252 4870 pedes
2274 4800 2513 4870 positum
2547 4798 2651 4866 est,
2684 4806 3054 4855 sustentatur.
3084 4800 3139 4856 Si
3162 4800 3232 4854 ad
3262 4801 3523 4854 dextrum

1927 4876 2197 4958 parietem
2223 4888 2403 4941 locum
2435 4888 2624 4955 habet,
2656 4906 2826 4960 super
2878 4889 3053 4943 sedile
3110 4888 3525 4959 aliquantulum

1929 4980 2283 5030 transversus
2328 4977 2502 5046 jacet.
2550 4978 2608 5032 Si
2654 4978 2725 5031 ad
2784 4977 3096 5041 sinistrum,
3149 4976 3312 5031 ulnas
3367 4975 3527 5046 ponit

1930 5080 2098 5134 super
2123 5081 2411 5118 scamnum
2445 5066 2635 5139 ;.item
2676 5083 2869 5120 versus
2925 5066 2997 5119 ad
3045 5065 3194 5119 latus
3243 5064 3525 5118 dextrum.

1931 5154 1993 5207 In
2024 5161 2223 5208 neutro
2272 5161 2459 5208 autem
2514 5155 2746 5225 pariete,
2781 5155 2896 5211 sive
2926 5154 3126 5209 stando
3156 5159 3368 5221 oretur,
3412 5153 3528 5207 sive

1931 5243 2366 5315 procumbendo,
2402 5260 2689 5315 nunquam
2746 5244 2841 5297 alii
2880 5250 2965 5298 est
2994 5242 3351 5298 collateralis.
3384 5242 3531 5306 Quo—

1931 5324 2259 5403 tiescunque
2325 5332 2503 5387 oratio
2550 5333 2751 5387 stando
2815 5333 3023 5403 agitur,
3069 5332 3265 5398 frater,
3326 5332 3373 5386 si
3429 5331 3532 5385 im-

2006 5471 2120 5540 (86)
2147 5474 2434 5542 Compare:
2469 5458 2791 5547 legendum,
2822 5492 2935 5529 non
2954 5481 3278 5543 compatres,
3303 5450 3533 5529 utuien-

1934 5546 2073 5601 dese
2105 5559 2207 5603 ms.
2236 5546 2420 5601 habet.
2536 5546 2546 5547 “
2964 5610 2968 5614 λ
3086 5606 3095 5614 ,

2004 5617 2121 5687 (87)
2138 5620 2359 5683 Forma,
2388 5618 2544 5683 sella;
2572 5613 2773 5672 bonum
2797 5610 3121 5672 "cineiltldtil
3150 5616 3208 5673 in
3236 5615 3425 5672 eliciti.
