3964 6360
434 312 539 372 959

1461 325 1519 380 S.
1560 327 1953 385 GUILLELMI
1986 324 2288 383 ABBATIS
2325 327 2671 388 HIRSAUG.

3599 324 3714 385 950

433 427 653 495 becillis
678 445 767 497 est
786 442 1218 514 aliquantulum,
1250 447 1336 502 uti
1380 463 1492 504 non
1522 450 1892 522 prohibetur;
1936 453 2030 508 sed
2050 452 2462 513 Aorationihus
2502 454 2744 520 intersit,
2785 470 2928 527 quae,
2976 453 3125 509 sicut
3164 451 3380 508 dictum
3411 455 3516 518 est,
3548 450 3711 523 signo

432 526 540 581 hoc
569 530 787 595 taudiu,
812 532 989 587 donec
1017 534 1172 588 scilla
1202 535 1525 592 dimittatur
1576 541 1634 595 Si
1664 548 1851 596 autem
1870 543 2028 597 inva-

430 615 598 670 lidior
629 624 732 681 est,
758 627 816 673 et
842 619 1142 687 litteratus,
1173 624 1321 679 infra
1349 628 1590 698 spatium
1621 630 1768 685 idem
1817 632 1874 686 in
1923 632 2029 686 mi-

430 704 557 757 nori
584 705 752 759 choro
777 715 959 778 potest
986 711 1200 777 sedere,
1232 714 1329 767 sed
1388 716 1444 770 in
1494 720 1793 774 secretiore
1821 727 1981 791 parte
2011 741 2025 788 ;

431 796 684 848 attamen
730 796 960 851 dimisso
987 799 1145 869 signo
1176 802 1246 855 ad
1278 808 1393 858 tres
1420 805 1719 873 orationes,
1753 810 1944 877 choro,
1979 811 2027 865 si

429 896 544 951 pm
571 882 933 940 multitudine
974 894 1177 958 potest,
1202 890 1369 946 debet
1396 892 1686 955 interesse.
1727 897 1843 951 sive
1890 903 2027 953 tunc

428 972 489 1026 in
514 975 710 1030 ordine
730 994 855 1045 suo,
879 979 993 1034 sive
1021 997 1132 1035 non
1154 985 1330 1053 possit
1354 992 1524 1041 stare.
1555 989 1613 1043 Si
1644 1006 1772 1045 vero
1802 998 1886 1046 est
1916 993 2025 1047 illi-

429 1066 665 1126 teratus,
698 1072 855 1121 extra
899 1069 1127 1124 chorum
1176 1072 1401 1128 interim
1428 1077 1603 1141 sedet,
1635 1078 1706 1132 ab
1732 1080 2023 1135 introeun-

426 1151 570 1206 tium
594 1158 785 1209 tamen
805 1155 979 1211 oculis
1009 1166 1276 1217 remotus.
1312 1164 1541 1220 Juvenis
1573 1168 1757 1222 minus
1786 1170 2020 1238 validus,

428 1240 476 1293 si
508 1241 567 1294 in
596 1243 767 1297 choro
798 1250 946 1299 stare
967 1248 1034 1301 ad
1063 1250 1371 1305 orationem
1398 1254 1882 1329 inceperit,usque
1899 1267 2026 1330 post

428 1332 542 1383 tres
571 1331 852 1387 orationes
878 1337 1166 1405 perstabit,
1201 1345 1259 1393 et
1287 1346 1419 1396 tunc
1452 1343 1677 1399 licentia
1692 1346 2022 1416 signoinfir-

427 1417 642 1472 mitatis
665 1429 890 1492 accepta
910 1424 1029 1479 sine
1054 1429 1284 1483 custode
1301 1436 1569 1487 minorem
1586 1436 1820 1489 chorum
1852 1436 2023 1491 intra-

425 1502 524 1558 bit.
550 1506 706 1597 Quod
739 1512 784 1563 si
820 1518 1006 1567 custos
1038 1516 1157 1585 ejus
1183 1524 1341 1573 tanta
1368 1520 1698 1577 infirmitate
1728 1541 1854 1579 eum
1887 1544 2023 1597 prai-

424 1596 666 1650 senserit
692 1598 968 1667 laborare,
1014 1610 1077 1657 ut
1125 1622 1479 1678 nequaquam
1534 1611 1592 1665 in
1636 1613 1807 1667 choro
1838 1596 2021 1671 valeat

423 1680 529 1735 hoc
585 1700 687 1755 per
716 1688 958 1757 spatium
990 1693 1315 1761 perdurare,
1350 1713 1497 1753 mox.
1532 1705 1595 1753 ut
1622 1702 1910 1756 ecclesiam
1940 1705 2020 1758 in-

2112 541 2342 596 dimisso
2370 544 2533 599 fiunt.
2566 545 2709 599 Nam
2742 545 2788 598 si
2819 545 2904 599 his
2935 544 3021 597 vel
3050 543 3247 597 saltem
3271 542 3484 597 ultima:
3515 558 3715 596 earum

2111 646 2223 684 non
2244 632 2563 687 interfuerit
2589 633 2646 687 in
2673 633 2932 704 Capitulo
2956 632 3176 685 veniam
3202 631 3358 702 petit.
3382 630 3543 695 Quod
3570 630 3618 683 si
3640 631 3715 684 ad

2109 718 2349 789 primam
2372 722 2681 775 orationem
2712 722 2772 776 in
2800 722 2970 775 choro
2992 737 3102 774 non
3136 718 3409 783 interfuit,
3434 724 3621 789 potest
3640 718 3715 772 ad

2107 808 2247 862 duas
2272 809 2516 880 reliquas
2535 810 2825 872 interesse,
2851 810 2932 863 ita
2959 814 3150 862 tamen
3173 813 3238 861 ut
3264 806 3333 859 ad
3373 806 3548 860 alium
3576 807 3715 860 cho-

2109 915 2234 952 rum
2265 904 2399 953 tunc
2424 915 2533 953 non
2562 904 2853 963 transeat;
2894 898 2991 952 sed
3022 898 3123 951 hoc
3160 895 3220 949 in
3266 911 3373 949 usu
3404 910 3516 948 non
3544 894 3718 950 debet

2107 985 2333 1040 habere.
2370 986 2457 1041 Ad
2487 986 2711 1041 tertiam
2735 1002 2845 1041 non
2877 986 3069 1047 intrat,
3095 982 3193 1038 sed
3220 987 3351 1036 ante
3377 982 3445 1036 ad
3473 982 3714 1037 chorum

2108 1091 2231 1129 eam
2262 1075 2412 1140 facit,
2437 1081 2494 1129 et
2518 1092 2551 1129 a
2577 1075 2738 1129 venia
2762 1073 2905 1129 liber
2937 1073 3064 1127 erit.
3109 1073 3375 1127 Attamen
3404 1070 3452 1125 si
3496 1075 3555 1125 et
3602 1071 3712 1125 hoc

2105 1171 2163 1225 in
2192 1188 2299 1226 usu
2324 1171 2514 1236 habet,
2546 1172 2903 1227 inclamatur.

2649 1265 2879 1320 CAPUT
2918 1263 3167 1318 XXVIII.

2106 1354 2175 1407 De
2204 1355 2384 1421 frater
2412 1357 2512 1422 qui
2532 1359 2647 1421 past
2671 1357 2871 1421 ﬁnatas
2891 1358 2997 1406 tres
3018 1358 3294 1405 orationes
3321 1354 3476 1404 lertos
3500 1352 3562 1405 in
3582 1352 3712 1404 dor-

2224 1429 2468 1491 mitorio,
2494 1431 2543 1478 et
2571 1427 2775 1492 fratres
2807 1431 2967 1478 extra
2997 1425 3225 1477 chorum
3251 1424 3570 1490 perlustrat.

2175 1512 2196 1535 "
2227 1512 2425 1566 Finitis
2459 1512 2544 1566 his
2558 1512 2738 1566 tribus
2763 1511 3129 1573 orationibus,
3163 1510 3337 1563 frater
3361 1510 3429 1563 ad
3473 1509 3577 1563 hoc
3596 1510 3703 1564 de-

2100 1606 2351 1671 putatus,
2385 1601 2479 1672 qui
2518 1618 2686 1672 snpra
2734 1599 3125 1655 dormitorium
3158 1600 3215 1653 in
3247 1596 3532 1652 vicinitate
3568 1598 3708 1652 ostii

2101 1689 2405 1755 dormiens,
2462 1690 2597 1744 illud
2646 1707 2748 1745 suo
2795 1690 2851 1744 in
2891 1695 3146 1760 tempore
3177 1687 3388 1742 claudit
3416 1693 3473 1741 et
3497 1687 3701 1758 aperit,

420 1786 651 1841 gressus
681 1775 852 1831 fuerit
903 1796 1003 1849 per
1030 1784 1301 1851 majorem
1350 1786 1405 1839 in
1459 1788 1728 1843 minorem
1782 1792 2016 1849 chorum
2042 1776 2431 1862 Babsconsam
2489 1777 2791 1831 iuuminat'
2836 1794 3004 1848 quam
3036 1792 3224 1831 secum
3265 1774 3335 1829 de
3370 1774 3705 1876 “ﬂia?”

423 1874 552 1913 eum
583 1861 770 1927 ducat,
804 1865 991 1937 ibique
1020 1870 1136 1924 sint
1159 1872 1336 1927 donec
1360 1875 1516 1929 scilla
1531 1878 1907 1943 dimittantur.
1922 1884 2017 1953 ju-
2046 1861 2063 1862 ί
2103 1866 2313 1929 attulit.
2355 1865 2688 1965 medieasque
2720 1866 2853 1920 illuc
2865 1866 3000 1965 f’ice
3020 1863 3563 1965 clavstrali8_i)rioris
3593 1863 3707 1964 τηατ

421 1964 559 2003 vene
588 1951 835 2009 sedente.
868 1959 1098 2013 custode
1124 1967 1310 2015 autem
1337 1964 1500 2033 juxta
1550 1982 1676 2021 eum
1717 1969 1787 2022 ad
1817 1951 2022 2025 οηίίο,
2100 1961 2253 2009 trum
2298 1956 2471 2008 lectos
2501 1955 2805 2025 diligenter
2832 1954 3229 2024 circumspicit,
3253 1959 3312 2007 et
3338 1952 3486 2007 inter
3503 1969 3619 2013 eos,
3652 1952 3704 2007 si

420 2051 548 2090 nem
578 2038 902 2096 inclinante.
938 2046 1239 2118 Postquam
1270 2056 1384 2105 tres
1414 2054 1695 2108 orationes
1708 2058 1909 2111 stando
1936 2059 2018 2113 fe-

419 2126 616 2213 cerint,
661 2130 885 2198 juvenis
904 2143 1132 2206 accepta
1167 2143 1246 2193 (ut
1276 2141 1600 2210 praedictum
1633 2150 1742 2207 est)
1771 2146 2013 2213 licentia,

416 2212 494 2267 ibi
525 2224 796 2272 remanet.
820 2221 1021 2277 Custos
1042 2242 1169 2280 vero
1195 2228 1262 2281 ad
1282 2230 1581 2285 stationem
1600 2250 1758 2287 suam
1783 2238 2011 2291 secedit.

418 2300 673 2360 Juvenis.
702 2308 797 2378 qui
825 2322 1159 2368 conventum
1188 2317 1256 2371 de
1278 2318 1605 2375 dormitorio
1627 2323 2008 2394 subsequitur,

422 2396 476 2444 et
518 2394 589 2446 ad
639 2397 800 2466 cujus
844 2398 1182 2469 ingressum,
1230 2406 1384 2461 scilla
1430 2409 1753 2476 dimittitur,
1799 2413 2011 2469 lumine

419 2481 566 2575 quod
590 2485 799 2547 attulit,
834 2489 1094 2545 extincto.
1132 2493 1405 2549 laternam
1436 2515 1607 2569 super
1631 2502 1869 2569 gradum
1910 2521 2011 2575 po-

416 2568 521 2631 nit,
553 2571 599 2623 si
622 2571 802 2627 locum
836 2575 984 2631 inter
1011 2580 1149 2633 alios
1172 2582 1406 2651 juvenes
1435 2568 1517 2639 ad
1545 2568 1855 2643 orationem
1888 2568 2011 2646 esse

416 2672 529 2711 non
556 2661 749 2718 cernit.
801 2663 859 2717 in
892 2667 1073 2722 medio
1124 2672 1308 2741 spatii,
1354 2676 1500 2744 quod
1545 2677 1706 2746 juxta
1760 2681 2015 2739 Novitios

415 2747 670 2802 relictum
702 2767 841 2815 esse,
872 2757 1219 2825 praemissum
1253 2768 1357 2826 est,
1391 2780 1516 2817 cum
1548 2768 1777 2821 custode
1805 2786 1905 2823 suo
1935 2772 2005 2825 ad

416 2836 561 2926 quod
591 2844 705 2893 tres
726 2843 1008 2898 orationes
1036 2864 1096 2900 se
1127 2848 1290 2905 locat.
1319 2851 1416 2906 ita.
1445 2859 1509 2906 ut
1540 2855 1585 2907 si
1627 2856 1752 2926 quis
1782 2865 1908 2926 post
1934 2860 2005 2913 il-

414 2923 528 2978 lum
560 2925 753 2991 intrat,
787 2931 966 2987 locum
998 2938 1194 2990 orandi
1216 2939 1422 2994 habere
1448 2923 1646 2997 valeat.

484 3013 908 3074 Procumbendo
934 3032 1123 3078 autem
1163 3027 1233 3080 ad
1256 3030 1566 3085 orationem
1590 3050 1762 3104 super
1789 3035 2005 3091 cubitos

2100 2044 2345 2114 aliquem
2378 2044 2656 2097 detectum
2690 2044 2774 2097 vel
2811 2044 3163 2113 negligenter
3190 2047 3514 2113 coopertum
3542 2042 3704 2097 inve-

2099 2132 2265 2195 nerit,
2325 2133 2405 2187 ita
2463 2133 2893 2204 incompositum
2924 2132 3219 2203 relinquit,
3261 2137 3318 2185 et
3356 2131 3414 2184 in
3452 2132 3700 2202 capitulo

2096 2222 2242 2275 hanc
2266 2222 2661 2291 negligentiam
2688 2222 3014 2293 publicabit.
3053 2221 3109 2276 Si
3133 2237 3262 2275 vero
3288 2236 3455 2291 quem
3479 2218 3575 2286 ibi,
3612 2220 3698 2273 vel

2096 2311 2166 2364 ad
2189 2311 2553 2369 necessarias,
2596 2328 2734 2382 quas
2757 2317 2895 2365 tunc
2938 2311 3107 2365 etiam
3141 2310 3531 2381 perlustrarat,
3572 2308 3700 2363 dor-

2095 2401 2363 2455 mientem
2401 2401 2693 2466 invenerit,
2756 2416 2883 2455 cum
2938 2400 3127 2453 sonitu
3159 2396 3450 2453 excitabit.
3481 2397 3699 2452 Deinde

2093 2488 2425 2543 indirectum
2476 2506 2576 2561 per
2624 2490 2896 2543 minorem
2921 2489 3153 2542 chorum
3202 2487 3260 2541 in
3288 2485 3598 2541 sacristiam
3621 2485 3695 2539 ad

2091 2577 2263 2631 lectos
2294 2578 2587 2632 custodum
2610 2578 2854 2632 ecclesiae
2877 2576 3048 2632 vadit.
3081 2582 3139 2630 et
3162 2574 3235 2629 ibi
3254 2574 3515 2629 similiter
3536 2573 3692 2639 facit,

2091 2672 2147 2719 et
2176 2683 2277 2736 per
2306 2667 2560 2720 eamdem
2595 2667 2738 2720 viam
2771 2666 3010 2728 rediens,
3033 2672 3166 2719 tunc
3187 2665 3431 2736 primum
3456 2678 3569 2723 eos,
3594 2662 3694 2733 qui

2089 2755 2146 2807 in
2176 2755 2378 2809 minori
2405 2756 2595 2817 choro,
2624 2764 2681 2809 et
2709 2755 3027 2826 ubicunque
3078 2760 3233 2808 extra
3281 2753 3516 2807 chorum
3558 2752 3695 2806 resi-

2088 2843 2240 2898 dent.
2272 2845 2593 2914 perlustrat.
2622 2845 2680 2899 Si
2717 2845 3061 2898 dormientes
3092 2843 3308 2914 aliquos
3328 2842 3538 2913 absque
3565 2858 3695 2895 san-

2086 2932 2257 3002 guine
2292 2932 2536 2987 minutos
2592 2932 2725 3003 (88),
2769 2932 2973 2987 viderit
3035 2949 3127 2987 eos
3160 2948 3286 2986 cum
3316 2930 3588 2984 absconsa
3617 2930 3689 2984 ab

2088 3022 2323 3076 humero
2352 3039 2544 3076 eorum
2594 3023 2652 3076 in
2687 3039 2846 3076 muro
2889 3038 3112 3076 sursum
3173 3036 3374 3075 sonore
3426 3025 3607 3074 tracta
3653 3036 3690 3074 a

412 3105 467 3154 et
490 3119 679 3172 genua
705 3108 947 3164 froccum
988 3119 1114 3182 post
1138 3122 1354 3186 tergum
1383 3121 1641 3187 attrahit,
1667 3140 1737 3177 ne
1758 3124 1837 3178 ita
1866 3143 2002 3196 pen-
2021 3116 2064 3176 C
2087 3127 2282 3165 somno
2308 3112 2533 3165 excitat.
2587 3110 2647 3165 Si
2685 3112 2996 3166 litteratum
3028 3110 3177 3164 inter
3202 3125 3499 3164 conversos
3528 3125 3689 3177 aspe-

410 3189 551 3285 deat
568 3209 738 3285 super
765 3198 932 3267 pedes
964 3202 1034 3254 ad
1065 3208 1294 3258 terram.
1350 3206 1546 3262 Modus
1599 3218 1786 3267 autem
1836 3189 2002 3285 h-ujus

410 3280 681 3337 orationis
702 3285 845 3339 solet
889 3304 1027 3352 esse,
1062 3292 1202 3346 utin
1234 3310 1572 3368 unaquaque
1600 3299 1737 3367 vice,
1770 3302 2005 3373 quilibet

406 3367 586 3422 frater
631 3372 914 3429 orationes
956 3382 1177 3434 trattim
1233 3384 1408 3452 possit
1456 3367 1702 3442 cantare.
1748 3367 1906 3455 Quod
1954 3393 2001 3447 si

408 3458 651 3513 multum
685 3460 1029 3529 observatur,
1074 3471 1518 3544 quandocunque
1551 3494 1583 3530 a
1630 3478 1898 3535 fratribus
1930 3483 2001 3536 si-

407 3546 527 3640 mul
546 3548 631 3601 vel
662 3550 949 3620 sigillatim
983 3561 1097 3610 tres
1126 3567 1388 3628 aguntur,
1416 3573 1641 3636 excepto
1664 3568 1733 3621 ad
1763 3571 2003 3640 comple-

406 3635 616 3728 torium
639 3642 862 3710 quando
894 3661 1244 3719 unaquaeque
1274 3651 1439 3706 citius
1468 3635 1677 3709 finitur.
1731 3658 1873 3728 Ergo
1890 3635 2000 3716 ubi

406 3725 646 3819 quisque
690 3728 840 3785 intra
897 3735 1270 3804 pulsationem
1321 3741 1489 3796 scillae
1524 3745 1724 3799 stando
1754 3725 1837 3800 vel
1868 3766 1998 3819 pro-

403 3813 716 3871 cumbendo
745 3821 943 3880 oravit.
989 3823 1064 3878 ibi
1094 3827 1332 3897 primam
1390 3830 1617 3889 faciens.
1652 3833 1709 3888 in
1754 3813 2000 3892 secunda

400 3917 601 3972 parum
627 3908 696 3961 ad
718 3908 1002 3966 sinistram
1027 3916 1255 3977 secedit.
1278 3917 1335 3971 in
1353 3920 1518 3975 tertia
1542 3921 1745 3976 iterum
1768 3925 1835 3977 ad
1855 3930 1994 3995 prio-

402 4007 519 4045 rem
544 3993 722 4051 locum
758 3999 929 4068 redit;
956 4001 1000 4055 si
1030 4008 1215 4058 tamen
1243 4006 1371 4060 talis
1402 4014 1487 4061 est
1515 4009 1691 4077 locus,
1740 4013 1836 4067 ubi
1855 3993 1993 4069 haec

400 4084 774 4140 secessionum
807 4088 1128 4146 vicissitudo
1170 4092 1449 4149 observari
1487 4104 1688 4167 potest,
1722 4100 1865 4157 sicut
1902 4104 1989 4158 in-

399 4174 489 4224 ter
515 4172 757 4242 parietes
786 4181 843 4230 et
866 4177 1094 4233 formas.
1116 4181 1219 4235 Ubi
1237 4189 1422 4237 autem
1445 4186 1584 4241 adeo
1615 4197 1747 4243 sunt
1770 4193 1990 4246 confer-

399 4258 462 4349 ti,
492 4261 638 4349 quod
661 4263 730 4316 ad
758 4271 1018 4319 neutrum
1042 4268 1189 4323 latus
1209 4287 1239 4324 a
1265 4288 1546 4344 quoquam
1568 4283 1751 4346 potest
1769 4280 1987 4349 diverti,

400 4346 470 4399 ab
500 4347 605 4441 hac
626 4350 754 4441 lege
782 4360 917 4441 sunt
945 4354 1123 4410 liberi.
1159 4359 1356 4430 Itaque
1385 4364 1455 4417 ad
1485 4364 1625 4418 duas
1650 4366 1794 4421 vices
1823 4346 1990 4441 hujus

2084 3200 2247 3257 xerit.
2270 3200 2321 3253 ei
2352 3201 2623 3254 minorem
2644 3201 2874 3254 chorum
2900 3200 2968 3253 ad
2997 3200 3137 3253 alios
3168 3199 3445 3252 litteratos
3472 3198 3686 3251 intrare

2084 3288 2287 3352 innuit,
2320 3295 2377 3342 et
2400 3289 2445 3342 si
2471 3296 2724 3359 prompte
2746 3289 2795 3341 ei
2818 3305 2929 3342 non
2962 3287 3252 3345 obedierit,
3285 3286 3368 3340 vel
3389 3286 3561 3339 talem
3592 3285 3687 3338 in-

2083 3377 2428 3440 ﬁrmitatem,
2482 3393 2604 3447 quas
2658 3393 2788 3431 eum
2831 3377 2902 3430 ab
2953 3377 3057 3431 hoc
3087 3376 3376 3447 impediat,
3410 3390 3523 3428 non
3550 3374 3685 3428 insi-

2083 3466 2356 3530 nuaverit,
2389 3466 2448 3519 in
2469 3466 2714 3536 capitulo
2730 3482 2857 3520 eum
2880 3466 3222 3520 inclamabit.
3263 3465 3322 3520 Si
3351 3480 3683 3519 conversum

2083 3554 2447 3607 valentiorem
2501 3571 2534 3607 a
2585 3554 2701 3607 suis
2745 3553 3101 3624 comparibus
3137 3559 3495 3623 segregatum
3530 3552 3682 3606 inter

2082 3642 2474 3696 imbecilliores
2506 3642 2819 3707 offenderit,
2879 3643 2935 3695 in
2986 3642 3275 3696 remotiori
3304 3649 3461 3711 parte
3490 3642 3681 3712 aliqua

2081 3731 2440 3790 occultatum,
2489 3732 2559 3785 ad
2617 3732 2755 3785 alios
2797 3747 3092 3785 conversos
3141 3731 3250 3798 (N9)
3291 3731 3426 3785 facit
3448 3732 3551 3797 ire,
3582 3730 3679 3801 qui

2080 3820 2280 3874 suntin
2301 3819 2560 3874 exteriori
2579 3820 2809 3891 parietis
2830 3826 2988 3891 parte
3003 3819 3070 3874 ad
3101 3820 3357 3873 dextrum
3390 3820 3625 3874 chorum
3660 3838 3672 3873 :

2079 3908 2124 3961 si
2154 3915 2343 3963 tamen
2376 3910 2526 3962 inter
2554 3925 2649 3962 eos
2678 3910 2883 3979 poterit
2912 3909 3117 3963 habere
3142 3910 3324 3962 locum
3358 3927 3370 3975 ;
3415 3908 3493 3962 ibi
3521 3924 3679 3963 nam-

2075 4013 2182 4067 que
2221 3998 2357 4051 ordo
2396 4003 2482 4051 est
2517 3997 2777 4051 sedilium
2819 3997 2965 4052 sicut
3012 4004 3069 4052 et
3126 3998 3271 4052 infra
3309 3998 3563 4053 chorum.
3609 3999 3677 4053 Et

2074 4087 2394 4157 quicunque
2406 4088 2701 4141 validiores
2712 4088 2959 4142 conversi
2976 4106 3086 4159 prie
3101 4088 3459 4142 multitudine
3477 4088 3534 4141 in
3547 4087 3677 4142 cho-

2077 4191 2140 4229 ro
2169 4176 2706 4230 consuetudinaliter
2757 4193 2879 4230 esse
2922 4193 3034 4230 non
3077 4177 3283 4241 valent,
3318 4193 3444 4231 cum
3474 4176 3673 4231 eadem

2077 4264 2390 4335 disciplina,
2414 4282 2537 4335 quae
2558 4265 3021 4327 interius,stando
3056 4267 3136 4319 vel
3168 4266 3433 4331 sedendo,
3466 4273 3523 4321 et
3564 4265 3675 4337 ipsi

2076 4354 2357 4420 exterius;
2386 4353 2481 4408 sed
2512 4354 2568 4407 in
2599 4354 2717 4407 solo
2738 4356 2985 4424 ejusdem
3011 4355 3243 4425 parietis
3289 4354 3504 4419 ordine,
3557 4370 3675 4409 ma-

400 4437 692 4507 Orationis,
746 4440 904 4511 signo
952 4461 985 4497 a
1023 4446 1207 4516 priore
1273 4450 1443 4519 facto,
1481 4457 1865 4528 unusquisque
1896 4437 2229 4514 vseDnent.
2252 4443 2309 4496 Si
2340 4443 2436 4513 qui
2461 4459 2589 4497 vero
2620 4443 2803 4497 adhuc
2855 4450 3179 4514 supersunt,
3229 4443 3547 4513 ubicunque
3589 4444 3673 4499 eis

399 4524 585 4595 erigit.
619 4533 677 4582 et
700 4529 755 4583 in
780 4532 975 4587 eodem
1013 4535 1132 4590 loco
1161 4544 1315 4593 stans
1346 4541 1506 4611 signo
1558 4552 1763 4599 sanctae
1816 4542 1993 4602 c'rucis

398 4629 458 4666 se
499 4617 681 4670 munit
721 4626 778 4673 et
814 4620 1048 4677 inclinat
1108 4626 1170 4679 In
1201 4628 1370 4681 tertia
1403 4647 1530 4683 vero
1556 4632 1673 4686 vice
1694 4641 1989 4705 postquam

399 4710 618 4759 erectus
646 4724 706 4761 se
737 4708 1068 4767 benedicens
1099 4714 1417 4787 ubicunque
1459 4724 1589 4781 stet,
1647 4721 1693 4775 si
1744 4725 1989 4794 spatium

396 4790 568 4847 habet
618 4796 689 4850 ad
758 4797 1041 4854 sinistram
1083 4820 1279 4873 parum
1319 4805 1599 4862 diVertens
1638 4790 1863 4866 ante-et
1899 4832 1989 4869 re-

395 4885 485 4934 tro
546 4883 698 4951 facit,
767 4894 823 4941 et
877 4889 982 4943 hoc
1046 4892 1115 4944 ad
1156 4909 1350 4948 omnes
1389 4897 1671 4952 oratio.;es
1709 4900 1983 4969 observat,

395 4987 534 5041 quas
570 4974 658 5029 vel
695 4977 868 5046 solus,
916 4980 1001 5033 vel
1039 4997 1165 5035 cum
1232 4993 1509 5040 conventu
1577 4988 1744 5043 simul
1808 4993 1989 5062 posito

392 5059 530 5129 agit.

940 5156 1175 5214 CAPUT
1212 5161 1438 5217 XXVII.

390 5239 545 5306 Quod
571 5243 769 5298 eisdem
794 5248 1139 5327 orationibus
1178 5266 1295 5327 qua
1319 5257 1449 5327 ante
1481 5260 1779 5311 nocturnos
1817 5260 1981 5327 ﬁunt,

962 5321 1220 5375 interesse
1245 5325 1447 5377 debrat.

460 5401 698 5471 Oportet
719 5413 906 5461 autem
939 5424 1067 5462 eum
1100 5410 1397 5465 sollicitum
1424 5428 1567 5477 esse,
1590 5420 1654 5469 ut
1672 5415 1792 5470 istis
1806 5418 1985 5474 tribus

460 5509 581 5590 (8S)
623 5512 970 5590 Phlebotomi
998 5521 1236 5590 minuti.
1296 5536 1392 5573 seu
1441 5525 1715 5590 sanguine
1773 5527 1986 5581 minuti

388 5578 602 5651 pluries
620 5584 676 5637 in
707 5584 794 5638 his
818 5586 1057 5644 Constit.
1088 5590 1474 5647 nominantur.

2074 4532 2276 4601 placet,
2300 4532 2597 4585 stationem
2619 4531 2722 4585 sibi
2749 4533 2990 4602 elegant,
3015 4550 3126 4586 non
3156 4533 3623 4601 constringuntur
3653 4551 3668 4601 ;

2074 4638 2204 4675 nam
2256 4621 2424 4675 simul
2462 4621 2656 4675 sedere
2721 4638 2833 4676 non
2894 4622 3279 4692 prohibentur.
3340 4622 3671 4692 Quicunque

2073 4715 2244 4763 tantae
2269 4710 2375 4763 sibi
2406 4710 2751 4763 fortitudinis
2793 4710 2997 4764 Conscii
3028 4717 3181 4775 sunt,
3213 4727 3317 4764 sua
3345 4716 3543 4781 sponte
3567 4728 3671 4781 pa-

2072 4797 2200 4851 rieti
2225 4798 2679 4867 junguntur.Qui
2705 4816 2832 4852 vero
2854 4800 2923 4853 ad
2952 4801 3053 4853 hoc
3081 4801 3197 4853 suis
3228 4799 3666 4864 viribusdiffidit,

2071 4885 2127 4939 in
2162 4886 2301 4940 alios
2331 4888 2442 4941 illic
2472 4893 2621 4941 stare
2653 4904 2763 4942 non
2794 4889 3353 4959 negliget.Quidquid
3367 4888 3436 4943 ab
3456 4889 3670 4960 aliquo-

2071 4974 2210 5028 libet
2235 4992 2427 5030 eorum
2450 4976 2552 5029 sibi
2576 4977 2763 5047 agitur
2790 4977 2972 5030 ordini
3002 4978 3369 5038 contrarium,
3406 4980 3477 5031 ad
3502 4979 3664 5045 alios,

2071 5069 2127 5117 et
2158 5063 2399 5118 maxime
2457 5065 2525 5118 ad
2558 5065 2882 5136 praedictum
2936 5066 3264 5121 circatorem
3298 5068 3546 5138 pertinet
3571 5084 3667 5124 re-

2068 5152 2216 5205 ferre
2232 5152 2301 5206 ad
2318 5153 2646 5224 capitulum.
2688 5154 2794 5218 Qui
2812 5155 3201 5212 (sicutdictum
3222 5161 3333 5223 est)
3367 5163 3665 5227 posmuam

2070 5257 2137 5293 ea
2161 5258 2283 5313 quae
2309 5249 2464 5295 extra
2491 5243 2720 5297 chorum
2749 5250 2880 5296 sunt
2909 5261 3033 5297 cum
3065 5243 3334 5298 absconsa
3354 5246 3665 5316 perlustra-

2068 5330 2229 5387 verit.
2254 5330 2321 5383 ad
2352 5331 2531 5384 altare
2563 5331 2708 5401 quod
2728 5332 2890 5400 juxta
2920 5331 3124 5385 ostium
3149 5332 3392 5386 ecclesiae
3424 5338 3510 5387 est
3537 5349 3662 5388 eam

2067 5418 2244 5489 ponit,
2278 5419 2454 5473 donec
2474 5420 2566 5473 ite:
2584 5436 2675 5472 um
2707 5419 2775 5473 ad
2805 5420 2945 5473 duos
2970 5428 3245 5475 extremos
3269 5422 3526 5476 secundae
3553 5423 3665 5478 No-

2142 5525 2252 5595 (89)
2280 5526 2428 5581 Laici
2457 5526 2731 5581 monachi.
2764 5527 2918 5581 laicis
2946 5528 3242 5590 exercitiis,
3275 5538 3330 5583 et
3355 5532 3660 5588 monacho-

2067 5613 2195 5652 rum
2223 5597 2504 5671 obsequiis
2532 5597 2741 5655 addicti
2759 5603 3004 5654 converst'
3032 5601 3407 5671 appellantur.
