3964 6388
212 338 317 398 961

1271 335 1691 391 CONSTITUT.
1733 334 2077 396 HIRSAUG.
2120 367 2179 380 —-
2218 337 2358 394 LIB.
2398 338 2445 395 Ι.

3382 337 3487 399 962

213 471 452 530 cturnus,
494 469 551 520 et
594 464 667 519 ad
701 463 961 518 ultimum
993 462 1053 516 in
1088 460 1384 517 Matutinis
1410 461 1654 533 psalmos
1680 475 1803 513 cum
1825 463 1870 520 A
1891 461 2092 516 stando
2123 462 2207 516 vel
2241 462 2655 533 procumbendo
2686 463 2903 527 orandi,
2936 464 3161 520 interim
3187 466 3318 521 dum
3349 485 3488 539 pres

215 572 284 609 ea
300 554 665 609 circationem
686 553 836 608 facit.
868 553 971 607 Sed
1002 557 1135 605 tunc
1179 551 1420 622 primum
1455 551 1525 604 ad
1554 550 1678 603 illos
1717 547 1812 618 qui

212 643 273 698 in
305 643 510 697 minori
538 643 707 697 choro
733 651 882 704 sunt,
916 641 1118 696 deinde
1165 657 1292 694 eum
1341 638 1720 710 pertransiens
1742 636 1813 690 si-

210 732 550 787 nistrorsum
588 731 658 786 ad
705 731 803 784 illa
835 730 1053 793 altaria,
1084 730 1401 799 iterumque
1429 745 1527 799 per
1554 728 1808 781 eamdem

208 820 360 875 viam
388 820 613 874 rediens
654 820 722 873 ad
770 836 883 883 eos,
916 818 1011 889 qui
1049 824 1209 873 extra
1233 818 1463 872 chorum
1492 831 1810 887 usquequa-

210 926 322 981 que
351 917 503 963 sunt.
534 909 663 962 Haec
695 915 881 961 autem
929 907 1199 961 absconsa
1250 923 1361 960 non
1413 913 1500 960 est
1528 905 1641 961 illa.
1684 920 1811 958 cum

210 1014 325 1069 qua
377 998 581 1052 chorus
637 997 1015 1068 pel-lustratur
1059 995 1212 1050 inter
1259 995 1527 1050 lectiones
1564 993 1663 1048 sed
1690 993 1807 1055 illa.

210 1103 384 1159 quam
435 1086 752 1140 claustralis
801 1085 956 1156 prior
989 1091 1116 1156 post
1154 1083 1591 1156 Completorium
1624 1082 1813 1153 posuit

206 1177 373 1246 juxta
399 1175 591 1229 lumen
619 1174 767 1244 quod
815 1173 1210 1228 dormitorium
1258 1178 1316 1227 et
1343 1172 1487 1227 viam
1513 1172 1810 1226 ducentem

211 1265 286 1318 ad
310 1263 678 1328 necessarias,
709 1262 1020 1320 illuminat.

789 1352 1022 1406 CAPUT
1042 1350 1241 1405 XXIX.

211 1443 490 1509 Quomodo
529 1443 712 1508 frater
750 1458 803 1494 se
839 1442 1030 1494 habeat
1073 1442 1234 1507 infra
1274 1441 1535 1508 psalmos,
1561 1441 1662 1508 qui
1690 1442 1808 1507 post

517 1531 810 1600 praedictas
848 1532 1122 1583 orationes
1162 1532 1492 1585 recitantur.

276 1621 417 1674 Post
466 1619 761 1690 praedictas
808 1625 922 1673 tres
968 1618 1249 1673 orationes
1296 1617 1607 1672 recitantur
1644 1617 1809 1687 quin-

204 1710 390 1765 decim
422 1710 643 1763 Gradus
673 1710 759 1762 vel
784 1710 1020 1779 triginta
1059 1708 1276 1779 psalmi,
1307 1708 1355 1761 si
1384 1707 1514 1762 talis
1552 1713 1638 1761 est
1665 1707 1804 1769 dies,

1893 550 2025 604 dicti
2056 558 2357 606 cantantur
2385 552 2611 615 Psalmi,
2648 552 2822 606 frater
2861 553 2955 624 qui
2982 571 3204 609 necesse
3227 556 3488 611 habuerit

1893 638 1962 691 ad
2010 639 2400 695 dormitorium
2446 642 2548 706 ire,
2601 647 2657 694 et
2699 641 2746 695 si
2789 643 3026 696 voluerit.
3060 643 3117 697 in
3148 661 3215 698 eo
3247 647 3489 701 transitu

1892 727 2143 782 tabulam
2175 735 2231 783 et
2268 729 2725 800 antiphonarium
2777 730 3069 802 inspicere.
3114 735 3340 803 poterit.
3381 735 3488 799 Qui

1891 820 2103 882 tamen,
2131 818 2178 872 si
2204 819 2497 872 inclamari
2528 819 2736 889 aliquid
2762 819 2943 881 timet,
2993 837 3121 875 raro
3163 822 3269 876 hoc
3306 824 3488 878 facere

1893 922 2249 976 summopere
2277 908 2483 962 studet.
2509 907 2687 962 Alicui
2725 924 2854 961 vero
2885 926 3100 973 eorum,
3129 910 3222 980 qui
3252 912 3357 965 sub
3391 930 3489 968 cu-

1892 995 2075 1049 stodia
2104 993 2208 1061 (9'2!
2232 1006 2364 1050 sunt
2390 996 2577 1067 positi.
2613 1013 2968 1067 nequaquam
3001 1005 3133 1053 tunc
3178 1000 3309 1055 licet
3336 1017 3491 1072 egre-

1891 1082 1968 1148 di,
2011 1083 2118 1138 nisi
2165 1089 2282 1138 tam
2338 1084 2675 1140 inevitabilis
2721 1087 3024 1141 necessitas
3065 1088 3115 1141 ei
3143 1094 3370 1160 repente
3398 1091 3488 1145 in-

1889 1180 2207 1245 gruat,quae
2236 1175 2558 1228 nullatenus
2580 1192 2755 1246 usque
2776 1176 2845 1229 ad
2880 1177 3047 1231 finem
3069 1179 3320 1249 ejusdem
3344 1180 3490 1249 psal-

1893 1263 2094 1317 modiae
2144 1263 2356 1317 differri
2402 1265 2608 1318 valeat.
2655 1265 3113 1337 Quandocunque
3143 1275 3332 1321 autem
3370 1269 3488 1323 haec

1892 1352 2271 1422 superveniat.
2304 1352 2460 1423 prius
2488 1359 2678 1407 tamen
2710 1354 2778 1407 de
2816 1355 2984 1409 choro
3015 1372 3125 1410 non
3157 1357 3289 1419 exit,
3315 1373 3485 1427 quam

1892 1448 2196 1495 conventus
2243 1441 2426 1496 omnis
2473 1442 2777 1496 consideat.
2811 1443 2965 1496 Nulli
2985 1460 3206 1515 quoque
3236 1462 3335 1516 pro
3366 1446 3488 1500 sola

1892 1546 2062 1583 causa
2107 1529 2358 1583 tabulam
2406 1537 2507 1584 aut
2549 1530 2752 1585 librum
2783 1530 3130 1602 inspiciendi,
3164 1539 3300 1588 tunc
3336 1534 3487 1589 exire

1891 1618 2041 1678 licet.
2077 1618 2184 1672 nisi
2206 1620 2471 1675 armario.
2507 1625 2563 1673 et
2587 1620 2673 1673 his
2707 1621 2802 1691 qui
2833 1620 3138 1690 aliquando
3183 1623 3252 1676 ad
3283 1622 3489 1677 invita-

1892 1706 2100 1760 torium
2141 1707 2412 1761 vestiendi
2460 1707 2528 1760 ad
2576 1707 2796 1761 initium
2838 1709 3047 1763 Psalmi
3093 1712 3164 1764 De
3190 1713 3490 1780 profundis

203 1800 433 1871 quando
476 1816 588 1853 non
609 1799 817 1853 debent
846 1799 915 1852 ad
945 1798 1255 1852 orationem
1286 1796 1676 1867 procumbere.
1723 1795 1808 1849 Ad
1831 1801 2097 1868 Bexeunt
2123 1796 2193 1850 de
2219 1797 2388 1849 choro
2413 1815 2426 1860 ;
2476 1796 2574 1850 sed
2604 1796 2710 1867 ipsi
2741 1802 2875 1851 tunc
2902 1805 3205 1869 apportant
3234 1801 3491 1872 antipho-

204 1886 334 1941 illas
355 1887 681 1941 eorumdem
704 1886 1019 1958 quindecim
1046 1886 1325 1956 graduum
1375 1884 1461 1942 90)
1485 1885 1806 1951 incisiones,

202 1975 284 2041 hi,
317 1976 415 2046 qui
444 1992 614 2046 super
644 1976 843 2030 sedilia
875 1975 1091 2035 sedent,
1125 1984 1316 2029 exerta
1350 1991 1538 2036 manu,
1576 1979 1807 2045 prapter

201 2065 311 2119 hoc
338 2081 539 2137 parum
570 2071 720 2118 retro
753 2064 895 2118 versi
917 2065 1101 2118 solent
1130 2064 1332 2118 leniter
1359 2080 1425 2117 ea
1453 2064 1688 2133 erigere,
1708 2079 1804 2117 eo-

206 2154 451 2224 demque
475 2153 640 2207 modo
672 2170 769 2225 pro
787 2153 973 2207 sonitu
999 2153 1297 2207 devitando
1317 2153 1626 2224 deponere:
1656 2152 1805 2223 quod

203 2248 264 2297 et
304 2242 543 2314 quilibet
565 2259 758 2297 eorum
798 2243 1093 2297 observare
1136 2242 1319 2306 debet,
1364 2242 1806 2312 quotiescunque

201 2332 292 2385 vel
332 2331 506 2397 solus,
529 2333 614 2385 vel
645 2347 771 2385 cum
801 2332 928 2385 aliis
955 2331 1132 2385 sedet.
1167 2330 1257 2384 Illi
1288 2348 1434 2390 vero.
1481 2330 1575 2401 qui
1604 2330 1662 2384 in
1691 2347 1808 2384 sca-

206 2420 375 2484 mnis,
400 2437 525 2491 quae
558 2419 705 2474 infra
734 2421 803 2474 ad
828 2421 1035 2474 formas
1058 2421 1239 2492 posita
1267 2426 1419 2476 sunt.
1452 2421 1665 2475 sedent.
1696 2436 1806 2473 non

209 2515 346 2563 tunc
373 2525 453 2564 se.
480 2509 626 2563 sicut
655 2525 757 2563 nec
785 2509 1088 2580 aliquando
1130 2515 1281 2563 retro
1320 2514 1678 2571 sustentant;
1711 2509 1808 2562 sed

207 2598 296 2652 ita
344 2598 591 2651 sedendo
638 2597 693 2651 in
724 2599 1007 2652 anteriora
1037 2607 1309 2669 quantum
1333 2599 1535 2660 valent,
1569 2615 1631 2651 se
1659 2596 1811 2651 incli-

208 2693 372 2741 nant.
418 2687 877 2757 Quandocunque
923 2687 1049 2758 quis
1094 2705 1264 2759 super
1295 2688 1554 2742 sedilium
1591 2685 1808 2739 miseri-

208 2776 432 2830 cordias
460 2776 567 2843 (91a
612 2776 890 2829 habuerit.
926 2794 985 2830 se
1025 2782 1305 2832 sustentat
1332 2777 1427 2840 ibi,
1456 2776 1601 2830 sicut
1629 2784 1715 2829 est
1740 2775 1812 2828 ad

209 2865 404 2920 ϐίονιά
453 2866 630 2929 Patri,
663 2869 799 2918 tunc
840 2865 935 2918 alii
982 2865 1195 2937 absque
1239 2864 1623 2920 sustentaculo
1661 2867 1815 2917 stant

207 2952 487 3006 inclinati.
552 2953 787 3016 Quando
825 2962 1012 3008 autem
1053 2955 1238 3009 cuncti
1277 2954 1484 3008 debent
1510 2971 1632 3007 esse
1661 2952 1817 3006 incli-

208 3052 416 3095 nantes
446 3041 681 3112 longiori
714 3059 889 3105 niora,
923 3045 1069 3097 sicut
1098 3050 1183 3097 est
1211 3043 1279 3097 ad
1322 3060 1513 3115 preces
1543 3049 1599 3096 et
1617 3043 1813 3096 suifra-

207 3130 325 3200 gia,
353 3130 469 3192 isti,
501 3138 566 3184 ut
596 3131 921 3201 praedictum
971 3139 1073 3196 est,
1107 3133 1306 3186 sedent
1351 3148 1521 3202 super
1561 3147 1810 3188 scamna.

212 3219 353 3273 item
394 3219 730 3274 inclinantes
778 3219 836 3274 in
884 3221 1169 3275 anteriora
1209 3222 1474 3292 :quando
1514 3220 1598 3274 illi
1644 3237 1814 3290 super

211 3307 444 3373 formas,
494 3308 586 3362 isti
618 3309 709 3380 qui
743 3316 896 3364 stant
938 3317 1069 3364 ante
1116 3311 1345 3375 formas,
1386 3327 1555 3381 super
1573 3309 1814 3363 scabella

212 3406 348 3452 ante
377 3413 438 3451 se
473 3397 654 3468 posita
681 3399 890 3468 jacent.
921 3399 1209 3470 Quotquot
1252 3406 1440 3453 autem
1479 3399 1548 3453 de
1577 3398 1683 3463 his,
1716 3397 1813 3469 qui

213 3487 434 3557 priores
457 3494 591 3541 sunt
616 3487 686 3540 ad
716 3487 923 3541 lineam
955 3490 1190 3558 positam
1217 3489 1546 3552 ascendunt,
1564 3496 1621 3543 et
1644 3504 1814 3559 super

215 3573 425 3629 formas
461 3585 811 3631 transversas
840 3584 1034 3631 contra
1065 3578 1243 3632 altare
1282 3579 1594 3648 procidunt,
1626 3577 1813 3632 caeteri

217 3665 314 3736 qui
343 3665 526 3720 adhuc
561 3673 866 3736 supersunt
906 3683 1076 3737 super
1125 3667 1376 3737 ejusdem
1428 3668 1588 3722 lineae
1616 3667 1814 3721 sedilia

214 3754 612 3825 procumbunt.
657 3754 716 3808 Si
761 3754 934 3825 aliqui
975 3755 1044 3808 de
1072 3754 1177 3822 his,
1212 3756 1305 3826 qui
1336 3764 1515 3810 certas
1545 3755 1813 3810 stationes

215 3844 446 3909 habent,
477 3844 660 3898 adhuc
691 3852 1011 3915 supersunt,
1051 3846 1109 3899 hi
1137 3847 1204 3900 ad
1243 3847 1479 3917 gradum
1520 3846 1718 3900 sedent
1757 3848 1815 3899 et

212 3932 623 4005 praecumbunt.
655 3933 740 3986 Ad
785 3932 1105 3988 Nocturnos
1148 3952 1278 3988 vero
1328 3935 1372 3989 si
1405 3942 1718 4006 opportune
1755 3931 1813 3985 in

213 4022 384 4076 choro
405 4038 529 4076 esse
568 4038 682 4075 non
723 4029 975 4093 possunt,
1015 4029 1173 4078 extra
1213 4024 1482 4077 secedunt
1533 4024 1677 4077 Nam
1710 4022 1814 4075 hoc

212 4127 440 4182 semper
471 4117 801 4173 cavetur,ne
818 4116 967 4165 retro
997 4113 1066 4166 ad
1096 4114 1303 4167 formas
1324 4120 1475 4167 stent
1494 4128 1678 4166 coram
1709 4110 1809 4175 eis,

212 4199 429 4254 scilicet
456 4198 552 4270 qui
602 4199 675 4253 ad
720 4199 960 4270 parietes
996 4200 1180 4254 locum
1229 4201 1455 4257 habent.
1489 4200 1812 4254 Notandum

215 4296 406 4345 autem
438 4288 586 4359 quod
630 4289 816 4343 nullus
865 4290 991 4344 illas
1037 4298 1153 4344 tres
1200 4292 1482 4346 orationes
1531 4308 1652 4362 quae
1695 4295 1820 4361 post

1893 1885 2114 1938 narium
2138 1885 2195 1938 in
2227 1885 2573 1951 vestiarium,
2596 1890 2659 1939 ut
2677 1886 3037 1956 praevideant,
3072 1889 3221 1959 quod
3247 1890 3327 1944 eis
3355 1895 3490 1945 tunc

1888 1979 1975 2028 est
2003 1975 2338 2028 canendum.

1959 2063 2236 2117 Caeterum
2263 2063 2392 2133 quia
2414 2062 2553 2116 nulli
2583 2063 2651 2116 ad
2674 2063 2901 2133 aliquod
2929 2065 3173 2120 ofﬁcium
3204 2067 3486 2139 descripto

1886 2151 2018 2205 licet
2038 2151 2343 2221 negligere.
2377 2152 2510 2222 quin
2542 2152 2721 2222 pridie
2749 2153 3069 2223 prae-videat,
3095 2154 3228 2225 quid
3258 2156 3328 2210 ad
3368 2158 3489 2211 No-

1887 2246 2115 2295 cturnos
2145 2240 2348 2294 debeat
2378 2257 2544 2310 agere
2578 2259 2589 2293 :
2622 2241 2752 2295 hinc
2799 2242 2847 2296 si
2898 2245 3027 2314 quis
3057 2260 3157 2314 pro
3191 2244 3280 2299 sui
3303 2246 3483 2316 negli-

1886 2330 2080 2400 gentia
2119 2331 2224 2385 hoc
2273 2346 2387 2384 non
2434 2346 2781 2401 procurasse,
2815 2331 2913 2385 sed
2941 2339 3215 2387 nocturno
3242 2335 3486 2405 tempori

1890 2434 2226 2479 reservasse,
2259 2424 2316 2472 et
2340 2419 2445 2472 hoc
2474 2418 2530 2472 in
2559 2436 2662 2474 usu
2689 2419 2894 2474 habere
2931 2421 3313 2492 deprehensus
3358 2424 3486 2479 fue-

1891 2507 1998 2574 rit;
2034 2507 2269 2578 publicae
2300 2508 2687 2577 redargutioni
2709 2509 2829 2562 sine
2855 2509 3024 2564 dubio
3059 2512 3485 2582 subjacebit.At-

1892 2600 2102 2661 tamen,
2138 2597 2185 2650 si
2215 2598 2321 2651 hoc
2348 2598 2564 2667 pridem
2613 2605 2776 2652 caute
2815 2600 2940 2670 quis
2980 2602 3279 2673 prospexit,
3310 2603 3487 2658 noctis

1892 2684 2208 2739 interventu
2252 2685 2512 2740 oblivioni
2552 2687 2782 2741 forsitan
2822 2689 3137 2748 tradiderit.
3190 2690 3273 2745 vel
3326 2692 3373 2747 si
3417 2691 3488 2746 ab

1895 2775 2005 2828 alio
2035 2775 2209 2829 fratre
2227 2776 2408 2850 in’hoc
2427 2782 2699 2830 nocturno
2718 2779 2984 2849 temporis
3003 2780 3237 2833 articulo
3257 2786 3488 2852 rogatus

1894 2863 2120 2933 aliquod
2142 2863 2384 2917 officium
2440 2880 2540 2934 pro
2571 2881 2635 2918 eo
2665 2881 2831 2935 agere
2860 2867 3097 2921 voluerit
3132 2886 3144 2921 :
3177 2868 3272 2938 qui
3296 2874 3489 2923 tamen

1895 2951 1964 3004 de
1998 2951 2119 3014 hoc,
2160 2951 2266 3005 nisi
2322 2953 2623 3006 necessitas
2667 2960 2909 3022 cogeret,
2941 2971 2974 3007 a
3004 2972 3285 3025 quoquam
3316 2955 3488 3010 inter-

1896 3040 2090 3110 pellari
2135 3056 2247 3093 non
2292 3040 2503 3094 debuit.
2555 3041 2643 3095 Sic
2688 3043 2771 3095 vel
2822 3042 2967 3095 infra
3007 3044 3325 3113 quindecim
3353 3061 3491 3115 gra-

1894 3129 2065 3182 duum
2096 3130 2339 3199 psalmos
2374 3147 2385 3181 :
2420 3147 2484 3184 eo
2526 3135 2715 3184 tamen
2750 3131 2963 3190 ordine.
3008 3148 3118 3202 quo
3157 3132 3488 3203 praedictum

1894 3224 1998 3283 est,
2033 3218 2116 3271 vel
2169 3224 2378 3289 postea,
2417 3220 2863 3289 quandocunque
2890 3225 3267 3290 opportunum
3296 3221 3489 3287 fuerit,

1895 3306 2137 3360 breviter
2164 3307 2369 3363 videre.
2397 3309 2545 3378 quod
2578 3309 2710 3367 vult.
2750 3309 2970 3378 poterit.
3006 3310 3110 3364 Sed
3145 3316 3202 3364 et
3248 3310 3352 3364 hoc
3384 3310 3493 3365 fre-

1896 3402 2171 3466 quentare
2207 3403 2381 3459 cavet,
2439 3398 2486 3451 si
2532 3397 2985 3452 inclamationem
3026 3399 3270 3469 effugere
3298 3415 3492 3454 curam

1894 3484 2065 3538 habet
2092 3485 2208 3539 Hoc
2236 3490 2423 3539 autem
2447 3502 2907 3557 unumquemque
2935 3486 3078 3541 scire
3098 3494 3320 3559 Oportet
3343 3488 3493 3559 quod

1895 3573 1966 3627 ad
1995 3573 2288 3628 lectionem
2330 3575 2574 3645 aliquem
2616 3576 2882 3630 vicarium
2923 3576 3028 3630 sibi
3065 3578 3354 3648 acquirere
3379 3593 3493 3632 non

1894 3662 2079 3725 debet,
2118 3663 2225 3717 nisi
2256 3664 2423 3717 talem
2472 3664 2569 3735 qui
2598 3666 2665 3718 ad
2697 3673 2959 3719 neutrum
2992 3666 3190 3720 horum
3222 3673 3308 3721 est
3338 3674 3495 3721 nota-

1896 3758 2005 3805 tus.
2051 3753 2193 3806 Nam
2235 3754 2540 3807 secundum
2572 3754 3033 3809 consuetudinem
3085 3773 3248 3809 nemo
3273 3756 3492 3811 duobus

1896 3840 1983 3894 his
2013 3841 2210 3894 officiis
2241 3842 2299 3895 in
2333 3858 2444 3896 una
2475 3851 2633 3896 nocte
2665 3844 2895 3913 agendis
2924 3850 3009 3897 est
3032 3844 3344 3915 descriptus
3389 3862 3401 3896 :
3444 3844 3492 3899 si

1894 3935 2083 3984 tamen
2114 3932 2272 4001 cOpia
2301 3932 2431 3985 talis
2458 3930 2523 3984 ad
2554 3932 2816 3985 lectorem
2853 3938 2910 3986 et
2938 3938 3315 3986 cautorem...
3347 3933 3493 3996 Quia

1897 4035 2025 4072 vero
2056 4020 2351 4089 prmdictus
2384 4020 2526 4073 liber
2549 4027 2606 4073 et
2632 4019 2822 4073 tabula
2851 4019 2922 4073 ad
2952 4020 3285 4074 alterutrum
3316 4020 3495 4074 divisa

1894 4107 1951 4161 in
2011 4108 2250 4178 singulis
2295 4109 2430 4163 locis
2473 4122 2606 4162 sunt
2657 4108 2857 4179 posita,
2896 4108 3087 4162 tabula
3124 4109 3337 4162 scilicet
3359 4115 3492 4165 ante

1896 4197 2211 4257 ecclesiam,
2256 4197 2398 4251 liber
2442 4214 2571 4251 vero
2623 4196 2808 4250 infra:
2839 4197 2909 4251 ad
2967 4204 3229 4252 neutrum
3296 4214 3493 4253 eorum

1900 4286 2201 4356 aliquando
2225 4286 2411 4357 plures
2441 4303 2607 4357 quam
2628 4286 2740 4340 duo
2754 4286 2919 4340 simul
2933 4287 3247 4342 consistunt
3264 4288 3489 4355 fratres,

219 4376 661 4448 Completorium
687 4378 1026 4448 procidendo
1042 4386 1290 4449 aguntur
1309 4386 1463 4433 extra
1488 4380 1698 4434 formas
1718 4385 1881 4449 aut_
1898 4391 2079 4444 neque
2117 4375 2173 4428 hi
2212 4375 2443 4429 invicem
2492 4380 2612 4429 tam
2658 4392 2847 4447 prOpe,
2878 4381 2942 4430 ut
2962 4376 3149 4439 simul,
3179 4377 3327 4448 quod
3349 4393 3493 4448 pra:-

217 4465 465 4536 parietes
493 4466 645 4528 facit,
692 4466 802 4521 nisi
832 4468 983 4521 Solus
1023 4470 1174 4538 prior
1201 4485 1325 4522 cum
1348 4468 1565 4523 duobus
1593 4438 2131 4524 collate-Ddictum.
2176 4465 2397 4518 valeant
2441 4465 2751 4535 inspicere;
2785 4465 2883 4519 sed
2912 4483 3040 4520 cum
3079 4483 3228 4521 unus
3254 4482 3495 4521 recesse-

216 4553 452 4608 ralibus.
497 4553 706 4608 Similis
740 4572 962 4627 quoque
991 4556 1126 4610 ordo
1165 4557 1233 4609 ad
1262 4564 1558 4627 utramque
1588 4555 1813 4609 missam

215 4642 368 4696 infra
419 4640 728 4708 Canonem,
778 4648 835 4697 et
873 4644 941 4697 ad
987 4660 1231 4707 versum,
1265 4644 1360 4716 qui
1403 4644 1658 4715 sequitur
1691 4647 1818 4714 post

215 4731 539 4803 prandium,
564 4731 648 4785 vel
679 4731 748 4785 ad
780 4733 1089 4787 orationem
1120 4750 1359 4804 quoque,
1394 4751 1516 4804 quae
1538 4734 1589 4786 in
1613 4740 1815 4804 quarta

217 4827 275 4875 et
299 4827 464 4875 sexta
502 4819 643 4874 feria
683 4827 813 4874 ante
843 4822 1250 4893 processionem
1290 4822 1499 4893 agitur,
1540 4823 1610 4876 ab
1638 4822 1811 4877 omni-

156 4930 173 4941 -
212 4908 320 4964 bus
341 4914 430 4964 est
452 4907 832 4964 observandus
878 4911 991 4965 Hoc
1020 4928 1241 4983 quoque
1269 4911 1675 4966 observandum
1707 4917 1810 4978 est,

213 5004 276 5053 ut
321 4998 543 5070 quoties
590 4998 669 5067 hi,
715 4999 812 5071 qui
855 5000 924 5054 ad
973 5002 1249 5056 cancellos
1278 5008 1334 5055 et
1364 5001 1605 5072 parietes
1637 5006 1809 5065 stant,

212 5104 381 5160 super
410 5087 621 5142 formas
668 5089 1064 5159 procumbunt,
1098 5090 1332 5144 extremi
1370 5090 1518 5145 inter
1543 5107 1638 5145 eos
1666 5090 1813 5145 tanti

214 5178 348 5231 alias
360 5176 433 5231 ad
454 5177 930 5248 procumbendum
961 5179 1250 5237 secedunt.
1278 5185 1344 5234 ut
1373 5179 1589 5250 priores
1618 5196 1813 5234 eorum

216 5281 385 5337 super
407 5264 617 5319 formas
632 5265 824 5337 jacere
845 5269 1089 5323 valeant.
1123 5268 1254 5323 Sive
1277 5273 1468 5323 autem
1497 5268 1571 5322 sit
1594 5274 1816 5340 tempus

266 5424 405 5501 '(90)
429 5431 721 5486 Incisionis
746 5426 1059 5501 sectiones.
1085 5428 1348 5500 capitula.

292 5496 395 5566 (91'
430 5500 838 5557 Misericordia.
870 5501 1079 5555 sellulae
1105 5496 1304 5555 erectis
1335 5501 1643 5555 formarum
1682 5500 1819 5556 sub-

222 5569 396 5627 selliis
423 5569 1215 5644 appositae.quibusstantibus
1228 5572 1457 5627 senibus
1472 5574 1554 5627 vel
1578 5571 1820 5628 inﬁrmis

213 5655 326 5709 pro
385 5642 773 5700 misericordia
826 5642 1073 5699 insidere
1126 5644 1471 5713 conceditur,
1529 5644 1666 5700 dum
1722 5644 1826 5699 alii

1896 4552 1989 4614 rit,
2021 4553 2165 4606 alius
2197 4553 2247 4607 ei
2278 4554 2349 4608 ad
2375 4554 2674 4609 videndum
2707 4555 2970 4610 succedit.

1966 4642 2286 4695 Lectionmn
2321 4660 2490 4714 quam
2520 4643 2589 4697 ad
2612 4644 2928 4698 Nocturnos
2955 4645 3144 4715 legere
3159 4647 3284 4715 quis
3304 4646 3490 4714 debet,

1897 4731 1955 4785 in
1985 4731 2088 4784 hoc
2118 4736 2372 4802 tempore
2401 4749 2756 4803 nequaquam
2790 4733 3055 4803 praevidet
3103 4732 3336 4788 Interim
3365 4751 3493 4789 cum

1896 4827 2025 4893 post
2079 4821 2337 4892 praefatos
2402 4823 2647 4892 psalmos
2712 4823 2823 4876 duo
2880 4824 2966 4877 vel
3029 4824 3192 4894 plura
3241 4824 3312 4877 ad
3376 4824 3493 4877 No-

1897 4917 2126 4964 cturnos
2157 4909 2319 4981 signa
2346 4912 2663 4982 pulsantur,
2706 4911 2783 4974 hi,
2829 4911 2925 4982 qui
2963 4921 3144 4966 certas
3188 4912 3340 4982 leges
3389 4910 3494 4966 ha-

1895 4999 2047 5060 bent,
2070 4997 2275 5053 ibidem
2309 4998 2751 5069 persistunt.Qui
2785 5007 2974 5053 autem
3003 4999 3071 5053 ad
3099 4999 3311 5070 gradus
3339 4999 3496 5070 prius

1896 5089 2184 5144 sedebant.
2227 5087 2275 5142 si
2302 5087 2430 5141 talis
2450 5092 2536 5142 est
2563 5087 2681 5141 dies
2733 5087 2845 5141 illic
2874 5088 2932 5141 in
2963 5087 3159 5142 ordine
3186 5105 3288 5143 suo
3320 5094 3494 5157 stant,

1896 5196 2075 5250 usque
2106 5177 2238 5232 dum
2272 5177 2485 5249 pariter
2524 5175 2894 5247 procumbant
2922 5175 3147 5243 ibidem,
3173 5182 3230 5231 et
3258 5183 3393 5231 tunc
3413 5177 3501 5231 vel

1898 5284 2109 5333 omnes,
2146 5267 2233 5322 vel
2281 5266 2510 5338 quidam
2557 5281 2774 5332 eorum,
2822 5266 2871 5318 si
2918 5264 3071 5320 intus
3119 5273 3270 5321 stare
3304 5266 3499 5338 nequi-

1901 5435 2082 5572 btzig'ti)
2104 5500 2216 5555 Sub
2244 5500 2489 5572 custodia
2524 5501 2705 5572 positi.
2732 5497 2828 5569 qui
2858 5497 3182 5572 magisterio
3211 5516 3312 5555 seu
3332 5498 3495 5553 disci-

1903 5569 2076 5645 plinae
2099 5571 2345 5626 veterani
2367 5569 2661 5643 cujusdam
2692 5570 2950 5625 monachi
2971 5569 3229 5625 subsunt.
