3964 6388
423 261 530 320 963

1461 255 1517 308 s.
1553 250 1950 330 GUILLELMI
1988 244 2292 320 ABBATIS
2330 240 2670 315 ΗΙΒΞΑῌςὶ.

3600 231 3713 304 sui

426 390 625 454 verint,
674 389 743 442 de
787 387 958 441 choro
1009 383 1258 437 exibunt.
1318 380 1377 433 Si
1426 395 1553 432 vero
1600 377 1719 430 dies
1774 391 1886 429 non
1933 367 2250 430 estAterit,
2282 382 2406 418 mox
2439 363 2554 424 ubi,
2598 379 2627 416 e
2667 359 2996 414 dormitorio
3027 359 3259 423 venerit,
3292 360 3712 427 competentem

428 471 851 550 procumbendi,
890 490 1014 527 mox
1053 479 1117 525 ut
1143 471 1312 524 iidem
1361 467 1558 539 psalmi
1617 465 1825 519 fuerint
1856 461 2020 528 ﬁniti,

427 570 582 622 intus
628 581 689 620 se
726 567 930 627 locant,
963 562 1010 615 si
1054 564 1305 630 possunt,
1339 558 1427 610 sin
1476 563 1664 609 autem
1709 570 1821 607 non
1871 567 2024 605 rece-

429 658 590 711 dunt

1017 737 1248 792 CAPUT
1277 735 1443 788 XXX.

429 820 500 882 tte
532 833 605 880 eo,
641 817 739 883 qui?
769 812 1087 879 ingreditur
1121 810 1346 866 chorum
1395 807 1468 858 ad
1505 805 1775 870 Gloriam,
1803 804 1884 855 uel.
1911 805 2027 868 post

1090 889 1357 954 Gloriam.

505 987 527 1007 ⁵
555 983 662 1056 Qui
684 982 755 1053 ad
787 980 1009 1052 initium
1033 976 1216 1046 operis
1237 974 1336 1028 Dei
1362 979 1477 1038 tam
1501 988 1626 1034 sero
1643 971 1872 1031 veniret,
1885 976 1936 1022 ut
1953 969 2026 1025 ad

431 1074 678 1140 Gloriam
718 1069 882 1140 primi
918 1084 1111 1133 versus
1157 1080 1267 1130 non
1299 1063 1356 1129 in
1401 1063 1518 1126 loco
1552 1077 1674 1122 suo,
1701 1059 1796 1120 sed
1827 1059 1883 1116 in
1905 1059 2023 1127 ipso

431 1147 584 1225 chori
613 1158 848 1232 introitu
879 1173 1001 1228 esse
1022 1153 1336 1226 possit,no_n
1363 1150 1439 1212 ibi
1469 1165 1594 1212 cum
1618 1148 1743 1211 aliis
1772 1162 2026 1217 procum-

430 1249 532 1322 bit,
579 1249 662 1302 vel
703 1247 951 1316 inclinat,
986 1243 1092 1312 nisi
1122 1243 1178 1295 in
1212 1241 1406 1306 eadem
1455 1237 1808 1302 extremitate
1845 1236 2026 1296 locum

431 1338 652 1398 habeat
684 1336 789 1393 Sed
816 1351 944 1401 cum
977 1331 1304 1401 nocturnale
1334 1327 1601 1391 officium,
1631 1326 1715 1377 vel
1747 1325 1857 1384 alia
1885 1340 2031 1393 quaa-

431 1411 570 1488 libet
605 1427 745 1482 hora
781 1421 1101 1493 inclinando
1158 1419 1475 1488 inchoatur,
1517 1414 1681 1474 debet
1733 1413 1921 1474 Venire
1960 1412 2030 1468 ad

431 1517 615 1569 locum
671 1529 859 1577 suum,
895 1511 942 1564 si
990 1508 1214 1580 poterit,
1246 1515 1546 1574 antequam
1576 1506 1716 1565 sicut
1756 1501 2032 1562 eratinci-

431 1604 635 1674 piatur.
661 1603 719 1656 Si
748 1610 937 1672 autem
970 1604 1260 1670 postquam
1299 1595 1544 1659 Psalmos
1571 1593 1674 1647 {vel
1706 1591 1752 1644 si
1795 1597 1880 1643 est
1915 1591 2031 1659 Hy-

2106 467 2241 509 tunc
2289 453 2391 507 sibi
2439 452 2623 505 locum
2665 450 2723 502 in
2763 449 3013 507 ecclesia,
3060 445 3154 499 ubi
3199 452 3391 521 postea
3431 444 3709 514 quiescat,

2106 543 2284 613 eligit.
2317 541 2423 604 Qui
2445 548 2656 594 autem.
2691 546 2984 608 postquam
3017 537 3246 588 chorum
3279 534 3594 597 intraverit,
3628 538 3714 586 ta-

2108 635 2217 686 lem
2249 630 2354 684 sibi
2387 629 2774 682 intirmitatem
2807 626 3115 678 increscere
3143 621 3400 676 senserit.
3419 623 3564 692 quod
3599 638 3714 675 non

2109 725 2298 790 sperat
2323 735 2381 771 se
2414 733 2573 786 posse
2604 716 2756 768 intus
2790 713 3112 783 perdurare,
3139 713 3260 764 sine
3301 710 3525 764 licentia
3555 716 3719 763 extra

2107 808 2334 866 secedit,
2381 812 2438 859 et
2473 813 2700 874 propter
2726 805 2827 855 hoc
2855 809 2986 855 ante
3014 810 3071 855 et
3097 810 3248 854 retro
3285 817 3395 853 non
3425 799 3576 858 facit,
3612 815 3721 852 nec

2101 899 2263 966 juxta
2288 912 2346 948 se
2374 894 2566 955 stanti,
2592 900 2656 945 ut
2683 893 2739 944 in
2777 891 2958 944 locum
2991 907 3153 943 suum
3187 888 3470 950 ascendat,
3507 887 3716 940 innuit.

2108 985 2268 1048 Quod
2299 983 2345 1037 si
2377 983 2519 1035 infra
2551 981 2798 1051 quinque
2845 985 2944 1032 aut
2983 995 3076 1032 sex
3121 977 3366 1048 psalmos
3389 976 3467 1028 ita
3506 993 3714 1029 conva-

2108 1074 2284 1138 lescit,
2327 1072 2472 1142 quod
2499 1071 2567 1124 de
2599 1066 2799 1122 ca'atero
2829 1084 2888 1122 se
2915 1068 2973 1120 in
3007 1069 3176 1120 choro
3210 1065 3517 1136 perdurare
3551 1081 3717 1134 posse

2109 1167 2316 1232 sperat,
2351 1160 2573 1213 redibit.
2624 1159 2681 1211 Si
2731 1163 2921 1211 autem
2977 1155 3190 1209 diutius
3238 1160 3396 1208 extra
3430 1162 3706 1217 moratur,

2111 1251 2335 1304 etiamsi
2384 1248 2750 1309 convalescat,
2795 1263 2975 1316 neque
3020 1244 3089 1296 ad
3152 1243 3510 1304 matutinum,
3573 1248 3629 1295 et
3669 1243 3718 1295 si

2116 1339 2291 1406 prima
2326 1355 2450 1390 mox
2482 1335 2863 1406 subsequitur,
2890 1351 3068 1404 neque
3088 1333 3156 1386 ad
3188 1334 3352 1397 hanc,
3375 1333 3604 1385 chorum
3628 1333 3720 1384 in-

2117 1427 2306 1480 trabit.
2352 1426 2654 1494 Postquam
2696 1439 2828 1475 vero
2872 1422 3038 1476 statio
3070 1423 3190 1490 ejus
3229 1427 3356 1490 post
3394 1427 3480 1472 tot
3507 1419 3715 1484 ﬁnitas,

2117 1523 2252 1586 quot
2283 1512 2560 1584 pricdictae
2578 1518 2724 1563 sunt.
2747 1551 2787 1565 ..
2818 1527 2991 1563 vacua
3020 1508 3344 1580 apparuerit
3375 1507 3716 1560 collateralis

2118 1605 2239 1672 ejus
2289 1602 2532 1654 reditum
2592 1600 2781 1652 fratris
2831 1599 3157 1667 desperans.
3215 1597 3357 1650 hanc
3404 1595 3718 1665 occupabit.

437 1694 624 1758 mnus)
655 1688 973 1758 incipiatur,
1013 1687 1084 1737 ad
1125 1684 1420 1749 stationem
1454 1698 1612 1734 suam
1647 1680 1888 1744 veniens,
1919 1681 2030 1734 alte

2127 1694 2253 1744 ﬁam
2287 1690 2535 1760 amplius
2579 1689 2682 1740 hac
2711 1689 3027 1756 quantitate
3052 1688 3395 1757 psalmorum
3420 1685 3720 1755 quisquam

436 1780 688 1854 inclinat.
726 1778 782 1848 Si
802 1783 989 1844 autem
1020 1771 1435 1845 procumbendo
1464 1771 1609 1832 idem
1643 1769 1887 1832 ofﬁcium
1918 1768 2028 1822 ini-

2127 1788 2268 1834 axtra
2297 1781 2550 1841 chorum,
2586 1777 2678 1846 qui
2719 1777 3002 1829 rediturus
3032 1786 3135 1829 est.
3168 1776 3298 1827 illuc
3321 1791 3428 1827 non
3450 1773 3719 1838 tardabit,

435 1869 631 1942 tiatur,
668 1873 724 1925 et
773 1866 890 1938 ipse
937 1863 1008 1932 ad
1065 1861 1309 1934 praedicti
1357 1859 1622 1924 introitus
1655 1858 1922 1928 parietem
1970 1858 2028 1913 in

2127 1877 2338 1936 excepto
2369 1867 2414 1919 si
2445 1866 2718 1933 sanguine
2751 1865 2892 1916 ﬂuit.
2926 1863 3172 1926 Quilibet
3193 1872 3382 1914 autem
3405 1860 3606 1912 horum
3631 1858 3724 1910 in—
3785 1893 3788 1896 ‹

437 1958 623 2027 aliqua
652 1954 931 2006 vicinitate
951 1953 1133 2004 locum
1162 1949 1346 2011 habet,
1384 1948 1605 2000 interim
1637 1947 1771 2000 dum
1811 1947 1895 2007 sui
1920 1947 2030 2000 col-

2127 1956 2458 2009 ‘irmantiuin
2505 1955 2552 2007 si
2583 1963 2667 2006 est
2702 1955 3002 2007 litteratus.
3039 1959 3095 2005 et
3127 1968 3185 2004 se
3228 1948 3456 2019 aliquod
3493 1948 3728 2016 adjuto-

437 2045 698 2114 lateralcs
733 2045 974 2112 jaceant,
1025 2056 1132 2112 non
1175 2045 1324 2104 retro
1356 2045 1480 2106 post
1517 2037 1639 2098 illos
1661 2036 1728 2088 ad
1759 2052 1922 2092 suum,
1951 2052 2034 2090 se—

437 2135 550 2188 dile
581 2133 750 2196 vadit,
793 2131 889 2184 sed
931 2131 1094 2203 juxta
1137 2135 1448 2192 extremum
1491 2130 1792 2194 exspectat.
1822 2131 1878 2181 et
1909 2141 2035 2178 mox

440 2232 502 2291 ut
523 2223 624 2294 ipsi
647 2222 714 2274 de
731 2220 909 2278 forma
933 2223 1190 2286 surgunt,
1217 2215 1487 2283 illesuper
1503 2214 1758 2266 eamdem
1777 2213 2032 2277 formam,

442 2301 609 2380 quam
643 2309 879 2362 maxime
905 2315 1093 2374 tamen
1123 2321 1224 2358 suo
1254 2303 1415 2358 sedili
1447 2302 1656 2354 vicinus
1708 2302 1872 2363 valet,
1910 2315 2040 2370 pro-

441 2399 685 2464 cumbit;
717 2399 821 2460 hoc
849 2411 1175 2468 procurans,
1208 2401 1269 2462 ut
1291 2391 1500 2463 pariter
1535 2408 1658 2452 cum
1689 2390 1800 2454 illis
1830 2390 1886 2444 in
1920 2391 2039 2447 loco

445 2505 546 2541 suo
591 2504 650 2540 se
698 2486 947 2538 collocet.
983 2483 1040 2536 Si
1080 2499 1208 2534 vero
1233 2481 1300 2533 ad
1333 2480 1564 2544 alterius
1584 2479 1739 2543 cliori
1772 2480 2040 2548 parietem

442 2577 528 2631 vel
561 2574 779 2656 uspiam
829 2574 974 2625 inter
1016 2571 1224 2626 formas
1263 2569 1429 2634 statio
1468 2570 1590 2637 ejus
1621 2576 1723 2627 est,
1757 2585 1878 2626 cum
1915 2569 2040 2622 aliis

445 2666 530 2720 vel
554 2664 624 2732 ad
653 2662 889 2732 gradum
915 2660 1030 2726 ;vel
1056 2658 1101 2712 si
1133 2659 1213 2731 illi
1243 2657 1387 2710 tanti
1419 2665 1568 2723 sunt,
1596 2664 1743 2721 retro
1765 2664 1887 2725 post
1918 2657 2041 2710 illos

446 2753 732 2824 procidere
763 2756 962 2822 potest.
1006 2748 1161 2812 Quod
1191 2747 1234 2799 si
1267 2747 1322 2798 in
1345 2745 1669 2810 occidentali
1706 2753 1862 2814 parte
1891 2745 2038 2798 idem

446 2843 516 2898 ad
567 2825 840 2897 cancellos
883 2840 1062 2892 locum
1110 2836 1295 2893 habet.
1340 2835 1414 2905 ibi
1458 2835 1682 2904 quidem
1718 2843 1868 2888 retro
1919 2842 2043 2904 post

447 2931 873 3003 procumbentes
893 2927 1098 2984 (brevis
1129 2935 1216 2983 est
1242 2925 1324 2978 via
1369 2925 1540 2978 sedile
1572 2942 1734 2978 suum
1758 2925 1914 2978 adire.
1946 2941 2039 2978 va-

2115 2047 2261 2098 rium
2315 2044 2440 2100 aliis
2479 2044 2534 2096 in
2579 2042 2858 2095 cantando
2903 2044 3020 2094 fore
3067 2040 3392 2110 speraverit,
3430 2037 3486 2090 in
3521 2033 3727 2088 minori

2121 2134 2291 2190 choro
2323 2134 2508 2185 sedem
2541 2131 2644 2190 sibi
2672 2132 2724 2184 iii
2749 2131 2850 2183 tali
2877 2132 2996 2182 loco
3016 2129 3191 2198 eligit,
3227 2127 3317 2180 ubi
3351 2123 3726 2179 continuatim

2122 2223 2316 2275 sedere
2351 2222 2558 2284 valeat,
2587 2228 2815 2288 excepto
2848 2219 2914 2271 ad
2951 2221 3264 2271 Benedictus
3293 2223 3351 2268 et
3374 2215 3712 2280 Magni/teat.

2124 2313 2192 2364 Et
2219 2311 2265 2363 si
2297 2321 2383 2363 est
2410 2319 2635 2362 notatus
2663 2311 2943 2361 litteratus
2971 2308 3038 2359 ad
3073 2306 3388 2364 lectionem,
3427 2303 3508 2354 vel
3542 2301 3614 2354 ad
3637 2318 3729 2354 re—

2122 2401 2493 2470 Sponsorium,
2531 2405 2630 2451 aut
2659 2399 3044 2466 antiphouam.
3081 2395 3198 2464 ipse
3229 2395 3273 2447 si
3314 2393 3581 2463 potuerit,
3626 2392 3730 2443 hoc

2123 2487 2225 2541 sibi
2258 2488 2474 2558 peragit
2503 2486 2746 2538 ofticium
2778 2530 2785 2544 ,
2820 2485 2904 2537 sin
2930 2493 3139 2542 autem,
3168 2481 3272 2534 sibi
3293 2482 3355 2532 vir
3378 2478 3733 2532 ariumsubs-

2123 2577 2374 2641 tituerit;
2410 2575 2824 2645 responsorium
2859 2573 3006 2643 quod
3046 2573 3232 2624 Gloria
3261 2572 3415 2622 Patri
3445 2569 3726 2638 sequitur,

2124 2666 2227 2718 etsi
2269 2666 2336 2718 ad
2383 2666 2485 2717 hoc.
2545 2664 2620 2716 sit
2657 2663 2891 2718 validus.
2933 2678 3040 2715 non
3074 2661 3147 2713 ibi
3201 2667 3424 2712 cantat:
3457 2660 3552 2712 sed
3583 2659 3628 2710 si
3661 2657 3731 2711 ab

2123 2771 2233 2807 uno
2265 2754 2338 2806 sit
2365 2753 2724 2810 cantandum,
2761 2752 2932 2804 alium
2969 2768 3066 2819 pro
3108 2767 3166 2802 se
3197 2758 3424 2801 cantare
3451 2755 3643 2816 roget;
3680 2747 3729 2800 si

2125 2853 2315 2895 autem
2347 2859 2470 2895 cum
2493 2843 2604 2894 alio
2624 2848 2850 2894 cantare
2879 2841 3062 2892 debet.
3087 2845 3143 2892 et
3171 2845 3373 2907 potest,
3413 2836 3465 2889 in
3489 2838 3730 2889 chorum

2127 2933 2193 2984 al
2228 2933 2406 2984 locum
2438 2947 2600 2984 somn
2634 2948 2731 3000 pro
2763 2931 2864 2982 hoc
2902 2929 3180 2982 cantando
3210 2927 3378 2979 venit.
3428 2934 3484 2978 et
3524 2924 3730 2978 iterum

446 3021 538 3074 let.
574 3019 630 3074 Si
666 3019 810 3080 infra
844 3017 1096 3087 eamdem
1136 3015 1376 3080 veniam,
1427 3031 1604 3082 usque
1643 3015 1711 3068 ad
1747 2991 2100 3069 interitumC
2127 3021 2290 3073 redit.
2320 3019 2374 3071 si
2403 3036 2529 3072 vero
2559 3020 2635 3072 nil
2667 3018 2909 3088 prazsidii
2929 3019 2982 3070 in
3003 3035 3063 3070 se
3091 3017 3217 3068 aliis
3246 3017 3365 3068 fore
3392 3014 3729 3084 speraverit,

445 3108 602 3174 chori
630 3107 917 3180 pervenire
949 3123 1056 3160 non
1091 3106 1312 3177 poterit.
1361 3103 1510 3170 intra
1561 3104 1702 3165 illos,
1747 3103 1842 3171 qui
1885 3112 2040 3161 extra

445 3197 678 3252 chorum
699 3202 848 3258 sunt,
883 3211 992 3247 non
1022 3191 1366 3263 procumbit;
1415 3191 1511 3258 sed
1543 3190 1598 3243 iii
1629 3192 1868 3250 transitu
1899 3193 2045 3246 sicut

447 3284 517 3355 de
562 3284 867 3344 inclinante
925 3279 1248 3356 priedictum
1287 3285 1404 3341 est;
1445 3286 1746 3348 antequam
1789 3279 2036 3340 inclinet,

449 3371 668 3429 veniam
718 3370 874 3440 petit.
929 3367 1088 3430 Quod
1119 3367 1350 3434 sijuxta
1392 3367 1559 3418 tinem
1607 3367 1803 3436 psalmi
1852 3369 2036 3436 primi,

448 3461 594 3514 sicut
620 3465 706 3514 est
720 3447 788 3518 ad
823 3458 1157 3518 Nocturnos,
1193 3455 1558 3524 Vesperas,et
1578 3455 2039 3526 Completoriuiu,

449 3549 535 3604 vel
557 3547 623 3600 ad
649 3554 876 3600 caeteras
904 3545 1088 3598 horas.
1109 3545 1270 3612 juxta
1306 3544 1472 3596 finem
1517 3545 1711 3614 hymni
1759 3546 2045 3600 ecclesiam

450 3636 762 3710 intraverit,
798 3653 862 3688 eo
893 3633 1056 3686 modo
1085 3633 1316 3690 chorum
1346 3632 1562 3703 ingredi
1587 3633 1861 3698 observat,
1888 3642 1951 3688 ut
1979 3636 2049 3690 ad

449 3727 631 3780 locum
657 3742 820 3779 suum
855 3722 1140 3794 praemissa
1175 3721 1332 3774 venia
1360 3721 1429 3786 ad
1463 3723 1650 3776 Gaort'u
1682 3726 1858 3784 Patri,
1888 3725 1968 3776 vel
2002 3725 2048 3778 si

451 3823 537 3868 est
566 3816 807 3885 hymnus
855 3812 924 3865 ad
962 3811 1224 3874 ultimum
1250 3811 1372 3879 ejus
1404 3827 1621 3864 versum
1653 3828 1778 3864 cum
1810 3813 1935 3870 aliis
1970 3813 2051 3866 iii-

450 3905 661 3959 clinare
717 3901 966 3978 incipiat,
1007 3901 1086 3952 vel
1125 3899 1170 3952 si
1205 3899 1308 3952 hoc
1359 3900 1688 3968 neglexerit,
1716 3902 1913 3965 saltem
1948 3903 2050 3956 hoc

451 3999 734 4064 procurat,
764 3997 827 4046 ut
857 3997 984 4061 post
999 3989 1215 4042 veniam
1239 4005 1365 4044 cum
1397 3989 1496 4054 eis,
1530 3996 1833 4059 antequam
1866 4008 1924 4044 se
1949 3992 2054 4045 cri-

447 4090 607 4153 gant,
631 4081 880 4139 inclinet.

521 4171 596 4225 Ut
624 4176 811 4238 autem
852 4169 923 4223 ad
955 4167 1296 4237 Nocturnale
1337 4165 1577 4236 officium
1612 4168 1859 4232 redeam.
1891 4169 2050 4228 Post-

455 4275 624 4329 quam
656 4258 830 4322 semel
859 4257 916 4322 in
947 4256 1179 4309 chorum
1221 4256 1530 4324 intraverit,
1570 4257 1687 4322 sola
1736 4275 1902 4314 caUsa
1959 4276 2049 4312 se-

453 4346 766 4418 dendiinde
795 4361 904 4397 non
936 4343 1162 4398 secedit.
1184 4344 1556 4415 Priinordiuui
1588 4354 1774 4413 autem
1796 4349 2047 4416 ejusdem
2071 4337 2114 4403 ί)
2140 4352 2288 4405 niam
2336 4353 2479 4421 petit

453 4435 695 4509 ecclesia;
741 4434 906 4502 otticii
965 4433 1022 4486 in
1075 4439 1233 4500 tanta
1285 4435 1640 4503 veneratione
1705 4437 2050 4504 observatur,

458 4525 605 4594 quod
642 4541 706 4576 ex
746 4539 855 4592 quo
887 4522 1047 4591 signa
1092 4523 1369 4593 incipiunt
1404 4525 1575 4577 semel
1611 4525 1838 4594 pulsari,
1879 4545 2054 4599 usque

454 4613 589 4666 dum
639 4612 975 4674 inchoantur
1016 4612 1373 4666 nocturnales
1421 4613 1641 4683 psalmi,
1707 4631 1809 4677 nec
1857 4634 2051 4674 eorum

454 4702 657 4773 aliquis
689 4703 844 4768 sedet
873 4703 969 4772 qui
997 4703 1052 4756 in
1083 4703 1285 4775 minori
1318 4705 1486 4756 choro
1517 4712 1651 4757 sunt
1691 4706 1902 4777 absque
1936 4710 2049 4764 illo.

456 4790 552 4861 qui
588 4808 792 4862 magna
816 4791 1142 4863 inﬁrmitate
1174 4798 1260 4860 est
1285 4800 1578 4860 gravatus;
1617 4795 1801 4856 nullus
1833 4814 2055 4866 quoque

454 4881 514 4935 in
567 4899 631 4938 eo
679 4880 920 4938 ecclesia:
970 4881 1170 4950 spatio,
1233 4880 1380 4952 quod
1436 4881 1786 4950 dextrorsum
1837 4887 2057 4956 adjacet

456 4972 645 5034 choro.
683 4970 741 5024 Si
763 4970 888 5048 quis
918 4977 1107 5032 autem
1143 4985 1356 5031 eorum,
1384 4971 1479 5038 qui
1510 4971 1564 5034 in
1604 4989 1671 5036 ea
1715 4981 1872 5042 parte
1901 4982 2052 5038 sunt,

455 5078 570 5132 prae
599 5059 931 5128 inﬁrmitate
961 5065 1095 5122 tunc
1122 5065 1272 5110 stare
1312 5074 1423 5112 non
1467 5062 1691 5130 poterit,
1721 5064 1959 5122 aliorum
1987 5065 2056 5119 ab

457 5164 686 5236 aspectu
719 5153 1180 5232 praetereuntium
1207 5154 1438 5219 secedit.

1031 5243 1264 5312 CAPUT
1291 5242 1488 5310 XXXI.

453 5339 527 5393 De
563 5355 639 5403 eo,
668 5338 767 5404 qui
798 5334 872 5388 ad
903 5337 1198 5387 nocturnos
1233 5347 1336 5399 pro
1369 5334 1700 5399 inﬁrmitate
1735 5351 1843 5389 non
1867 5339 2054 5404 ingrc-

1168 5413 1347 5464 ditur.

528 5505 550 5527 ⁴’
577 5503 686 5566 Qui
714 5509 882 5557 noctu
910 5502 1232 5566 infirmatus
1269 5501 1503 5570 chorum
1547 5503 1768 5574 ingredi
1819 5521 1926 5559 non
1955 5523 2058 5577 po-

2127 3119 2262 3162 tunc
2301 3125 2370 3161 ne
2423 3109 2545 3161 aliis
2596 3115 2694 3161 aut
2736 3108 2968 3160 forsitan
3000 3106 3156 3159 oneri
3199 3106 3250 3157 in
3285 3105 3470 3172 aliquo
3500 3103 3737 3172 cxistat,

2128 3208 2284 3249 extra
2313 3197 2368 3248 in
2402 3197 2541 3257 loco,
2576 3195 2670 3265 qui
2701 3196 2765 3247 ad
2800 3196 2903 3248 hoc
2929 3200 3250 3262 competens
3283 3199 3383 3245 est.
3418 3209 3476 3244 se
3505 3191 3734 3260 locabit,

2127 3292 2185 3340 et
2211 3294 2436 3356 pi-Opter
2462 3286 2563 3337 hoc
2591 3285 2864 3352 capellam
2906 3299 3015 3336 non
3063 3282 3266 3347 induit,
3295 3281 3391 3334 sed
3431 3288 3623 3333 tamen
3664 3279 3736 3333 ad

2125 3383 2334 3428 terram
2367 3390 2426 3426 se
2457 3373 2725 3426 inclinare.
2749 3371 2971 3442 poterit.

2196 3463 2261 3530 In
2293 3463 2388 3515 illa
2419 3472 2578 3515 nocte
2601 3463 2793 3518 frater,
2827 3462 2920 3531 qui
2951 3461 3276 3514 absconsam
3310 3457 3652 3518 circumfert,
3681 3459 3729 3511 si

2135 3553 2518 3606 inﬁrmitatem
2551 3553 2672 3620 ejus
2705 3553 2783 3603 vel
2807 3551 2924 3620 ipse
2957 3549 3182 3606 scit.vel
3223 3548 3292 3600 ab
3313 3548 3421 3600 alio
3445 3547 3734 3612 didicerit,

2136 3642 2280 3694 hanc
2310 3641 2388 3693 illi
2425 3657 2531 3692 non
2567 3640 2818 3709 porrigit.
2855 3640 2912 3693 Si
2952 3648 3136 3694 autem
3165 3636 3440 3690 inlirmari
3473 3653 3601 3688 eum
3635 3653 3736 3689 ne-

2135 3730 2334 3786 sciens,
2370 3729 2666 3782 dormienti
2715 3729 2866 3788 illam
2899 3727 3237 3798 :qiposuerit,
3278 3742 3500 3778 necesse
3543 3731 3650 3786 est,
3675 3729 3738 3778 ut

2134 3829 2231 3872 aut
2255 3821 2373 3888 ipse
2404 3819 2678 3879 intirmus,
2712 3826 2806 3872 aut
2833 3819 2990 3887 juxta
3021 3834 3146 3869 cum
3171 3815 3736 3884 sedenssuasponte,

2136 3908 2217 3960 vel
2248 3908 2317 3960 ab
2351 3923 2415 3959 eo
2438 3914 2666 3976 rogatus
2697 3925 2819 3960 eam
2851 3907 3238 3970 circumterat;
3275 3903 3522 3973 alioquin
3553 3903 3739 3955 incla-

2136 3997 2402 4050 mabitur.
2457 3997 2589 4048 Post
2620 3997 2769 4049 illam
2805 4003 3020 4048 noctem
3057 3994 3305 4064 quandiu
3339 4001 3469 4044 ante
3501 3991 3736 4044 chorum

2134 4085 2368 4148 sedebit,
2399 4085 2669 4137 ahsuonsa
2687 4085 2737 4137 ei
2765 4094 3022 4153 ponetur,
3057 4085 3099 4135 si
3123 4082 3407 4135 dormiens
3428 4081 3733 4133 invenitur.

2135 4175 2260 4227 Sive
2293 4182 2480 4226 autem
2510 4174 2584 4227 sit
2608 4175 2718 4237 ille,
2767 4189 2862 4243 qui
2905 4172 3251 4226 inﬁrmitatis
3295 4186 3464 4223 causa
3495 4170 3734 4222 chorum

2133 4264 2452 4326 intraverit;
2510 4264 2624 4316 sive
2680 4264 2772 4332 qui
2804 4263 2870 4315 de
2901 4280 2965 4316 eo
2997 4260 3225 4315 exivei'it
3253 4260 3310 4312 in
3342 4259 3587 4312 crastino
3638 4275 3734 4312 ve-

2530 4371 2540 4404 :
2584 4353 2688 4405 iste
2735 4353 2967 4406 dicendo
3013 4355 3067 4404 in
3121 4355 3270 4402 nocte
3317 4353 3473 4400 extra
3503 4349 3737 4400 chorum

2133 4446 2359 4508 propter
2389 4457 2568 4493 meum
2600 4443 3004 4499 z'n/irnu'tatem.,
3031 4439 3122 4509 qui
3153 4439 3244 4491 ille
3271 4445 3458 4490 autem
3493 4437 3601 4502 Ego
3625 4453 3739 4489 non

2139 4532 2351 4582 intra-vi
2380 4535 2603 4597 propter
2643 4547 2816 4582 vneam
2853 4533 3256 4596 infirmitatem.
3293 4526 3400 4589 Qui
3433 4525 3743 4595 requisitus

2138 4635 2171 4670 ει
2203 4618 2455 4688 priore.si
2477 4619 2674 4683 melius
2691 4619 2928 4683 habeat;
2962 4619 3006 4671 si
3029 4616 3379 4686 responderit
3405 4633 3414 4666 :
3440 4616 3609 4667 etiam
3641 4615 3745 4668 Do-

2141 4707 2321 4772 mine;
2347 4708 2581 4777 jubetur
2614 4708 2694 4760 ire
2725 4725 2937 4767 sessum
2974 4726 2983 4758 :
3021 4707 3067 4760 si
3089 4712 3275 4758 autem
3308 4703 3510 4756 dixerit
3541 4721 3552 4754 :
3592 4719 3742 4766 non;

2132 4796 2364 4865 jubetur
2421 4802 2578 4850 extra
2625 4797 2855 4855 chorum
2911 4795 3235 4865 aliquandiu
3274 4810 3411 4846 esse.
3450 4792 3518 4845 Et
3545 4791 3590 4844 si
3614 4792 3744 4844 talis

2139 4892 2242 4946 est,
2276 4887 2370 4954 qui
2400 4903 2513 4954 prie
2561 4886 2890 4943 infirmitate
2921 4887 2997 4938 ita
3037 4884 3187 4936 refici
3209 4883 3277 4935 de
3307 4880 3590 4935 communi
3628 4881 3745 4933 fra-
3822 4876 3841 4890 ⁸

2138 4978 2288 5027 trum
2321 4974 2440 5026 cibo
2471 4975 2820 5044 nequiverat,
2852 4974 2918 5026 ad
2947 4989 3189 5042 praesens
3220 4959 3542 5041 praecipitur
3572 4970 3746 5022 cella-

2140 5062 2242 5118 rio.
2290 5070 2354 5116 ut
2399 5064 2455 5116 in
2497 5064 2787 5117 refectorio
2817 5079 3007 5117 curam
3041 5063 3162 5130 ejus
3193 5059 3408 5112 habent.
3445 5059 3649 5111 Postea
3685 5059 3744 5111 in

2143 5152 2263 5220 ejus
2292 5153 2536 5223 loco,qui
2559 5154 2678 5222 ejus
2705 5152 3038 5214 inﬁrmitati,
3075 5151 3185 5203 sive
3219 5149 3272 5201 iii
3308 5148 3508 5200 minori
3539 5147 3740 5212 choro;

2144 5241 2258 5295 sive
2286 5248 2439 5294 extra
2471 5243 2806 5295 conveniens
2837 5248 2939 5302 est,
2983 5239 3215 5293 sedebit.
3260 5237 3316 5291 Si
3349 5236 3478 5290 talis
3513 5241 3600 5288 est
3625 5236 3743 5304 ejus

2139 5329 2459 5396 inﬁrmitas,
2491 5348 2656 5401 quam
2701 5347 2798 5400 per
2834 5331 3076 5400 quietem
3110 5328 3211 5396 sibi
3245 5341 3586 5387 concessam,
3617 5341 3746 5378 eva-

2142 5418 2276 5472 dere
2299 5421 2490 5485 possit,
2525 5437 2651 5472 cum
2685 5420 2925 5490 primum
2970 5417 3113 5471 infra
3161 5413 3568 5483 hebdomadam
3602 5413 3744 5466 vires

2143 5508 2364 5578 plenius
2417 5509 2709 5586 receperit,
2760 5516 2892 5585 tunc
2930 5508 3017 5561 vel
3045 5506 3116 5581 ad
3147 5505 3375 5581 tertiam
3405 5503 3493 5578 vel
3533 5502 3603 5574 ad
3627 5501 3744 5574 pri-
