3964 6386
163 276 268 353 96.5
1218 276 1645 355 QeNsTrrUr.
1688 275 2026 357 Haeme.
2072 304 2134 316 -
2172 278 2309 341 ne.
2350 278 2395 332 ι.
3343 281 3449 363 996

163 418 339 461 mam,
362 418 486 485 quae
506 401 813 473 capitulum
838 400 1119 472 praecedit,
1148 402 1379 456 chorum
1401 402 1653 465 intrabit,
1674 404 1820 485 vel
1840 408 2062 469 tantum
2094 402 2389 465 inclinans,
2423 403 2494 457 ad
2531 402 2716 458 locum
2746 418 2915 469 suum
2943 402 3111 481 vadit,
3144 405 3258 459 sive
3291 406 3444 471 intus

160 486 220 544 in
270 484 445 561 priori
490 507 716 562 vespere
759 490 1051 544 duodecim
1103 492 1432 549 lectionum.
1474 494 1531 547 Si
1577 499 1763 547 autem
1806 484 1809 485 ν
1847 491 1961 545 sive
1992 498 2149 545 extra
2176 492 2250 545 sit
2276 491 2463 545 statio.
2496 490 2648 545 Infra
2674 490 2869 545 horam
2901 496 3088 544 autem
3130 493 3253 547 aliis
3282 495 3445 549 incli-

164 578 311 632 infra
334 579 659 650 praedictum
686 586 909 651 tempus
928 581 1227 633 inﬁrmitas
1247 581 1368 650 ejus
1385 582 1616 646 venerit,
1633 590 1766 636 tunc
1847 580 2112 634 nantibus
2139 580 2258 651 ipse
2289 597 2400 633 non
2431 580 2538 633 nisi
2586 585 2783 633 contra
2838 578 3016 632 altare
3055 579 3287 645 inclinat
3318 602 3328 636 :
3373 583 3444 651 ad

161 667 336 739 prior,
373 668 457 721 vel
487 667 606 738 ipso
636 667 859 721 inﬁrmo
885 668 1234 738 tegritudinis
1258 686 1372 723 sua:
1393 676 1757 738 augmentum
1846 685 2038 738 preces
2069 670 2182 723 sive
2228 669 2614 741 procumbant.
2652 667 2767 721 sive
2806 666 2920 720 sint
2953 666 3304 733 inclinantes,
3339 650 3446 725 ibi;

161 755 222 810 in
250 754 497 827 capitulo
534 773 634 827 per
662 757 880 810 veniam
912 758 995 810 vel
1039 758 1178 811 alias
1215 758 1264 811 ei
1302 759 1642 823 insinuante,
1675 761 1761 813 vel
1841 757 1968 810 dem
2023 775 2117 811 eos
2158 757 2431 812 imitatur.
2468 756 2570 810 Hic
2610 743 2751 813 talis
2803 755 3248 829 quandocunque
3304 758 3451 835 infra

161 861 266 899 sua
294 852 511 916 sponte.
536 843 621 898 vel
642 843 711 898 ab
732 846 920 916 aliquo
940 845 1114 899 fratre
1140 847 1759 907 admonitus.eumdem
1842 846 2087 917 psalmos
2141 847 2371 906 venerit.
2422 845 2491 899 ad
2534 845 2744 917 gradus
2797 845 2965 901 venit.
3011 845 3067 899 Si
3100 853 3289 901 autem
3320 853 3448 919 post

161 940 435 1004 aegrotum
467 934 534 1000 ad
567 932 933 988 inﬁrmariam
966 951 1066 1005 per
1093 934 1266 989 alium
1295 936 1532 990 fratrem
1558 936 1760 990 adduci
1847 930 2112 1004 psalmos,
2158 934 2292 988 foris
2335 935 2565 987 chorum
2611 932 2943 997 remanebit,
2992 938 3050 986 et
3084 939 3316 1006 propter
3345 935 3449 991 hoc

164 1021 329 1093 przeci
335 1021 433 1093 pit.

719 1120 952 1174 CAPUT
989 1119 1215 1174 XXXII.

165 1211 239 1264 De
270 1226 347 1275 eo,
388 1212 487 1278 qui
509 1215 630 1281 post
656 1212 898 1277 gloriam
925 1211 1103 1277 primi
1127 1214 1339 1278 psalmi
1364 1213 1439 1264 ad
1467 1213 1764 1280 quamlibet

744 1281 941 1333 horam
970 1282 1198 1334 venerit.

240 1379 261 1399 '
291 1375 449 1441 Quod
480 1376 526 1430 si
556 1376 744 1447 aliquo
772 1375 935 1429 modo
960 1376 1281 1446 contigerit.
1317 1383 1381 1431 ut
1416 1376 1620 1448 aliquis
1648 1382 1763 1431 tam

168 1481 362 1519 eorum
406 1464 505 1534 qui
549 1471 727 1534 extra,
778 1480 945 1534 quam
991 1465 1085 1536 qui
1123 1464 1275 1519 intra
1316 1466 1547 1519 chorum
1586 1466 1768 1519 solent

166 1570 308 1616 esse,
343 1570 525 1624 neque
570 1554 639 1607 ad
672 1551 895 1607 initium
939 1560 1339 1608 nocturnorum
1385 1572 1629 1624 praesens
1670 1554 1760 1617 sit,

1849 1023 2065 1076 veniam
2094 1020 2152 1075 in
2177 1022 2422 1105 capitulo
2452 1022 2612 1105 petit.

2388 1100 2621 1184 CAPUT
2658 1128 2909 1184 XXXIII.

1847 1220 1924 1272 De
1951 1235 2030 1285 eo,
2061 1221 2162 1289 qui
2185 1221 2461 1285 sanguine
2485 1220 2550 1285 de
2576 1220 2830 1341 Zartibas,
2866 1222 2950 1273 vel
2975 1221 3043 1281 de
3070 1224 3270 1291 erupta
3300 1236 3445 1293 vena

2620 1306 2673 1341 tu
2709 1328 2717 1338 .

2620 1292 2717 1341 uit.

1918 1379 1941 1401 θ
1966 1377 2024 1432 Si
2046 1394 2212 1448 quem
2236 1383 2423 1431 autem
2443 1377 2530 1429 vel
2555 1292 2623 1429 (il:
2644 1376 2871 1431 naribus
2895 1377 2977 1431 vel
2998 1378 3066 1431 de
3085 1385 3285 1450 erupta
3304 1397 3445 1435 vena

1849 1467 2029 1519 fluens
2072 1466 2302 1536 sanguis
2343 1466 2595 1536 impedit.
2646 1482 2715 1520 ne
2762 1466 2830 1519 ad
2877 1466 3075 1533 horam
3114 1470 3445 1538 tempestive

1847 1570 2138 1607 occurrere
2178 1554 2372 1624 possit,
2412 1554 2877 1625 quandocunque,
2911 1560 3210 1626 antequam
3246 1558 3447 1639 psalmi

165 1659 350 1713 neque
376 1649 571 1713 postea
593 1649 724 1696 ante
755 1641 1002 1698 Gloriam
1033 1643 1233 1713 psalmi
1275 1645 1467 1705 Venite,
1506 1644 1564 1697 in
1595 1644 1763 1698 choro
1848 1642 2135 1707 finiantur,
2168 1643 2481 1707 intraverit.
2518 1649 2745 1714 prepter
2782 1643 2887 1696 hoc
2929 1643 2999 1699 ad
3050 1645 3289 1713 gradum
3333 1663 3447 1717 non

165 1732 392 1802 quidem
424 1732 495 1784 ad
537 1732 711 1785 sedile
740 1748 924 1795 suum,
956 1740 1110 1785 extra
1141 1749 1268 1785 vero
1307 1733 1375 1786 ad
1406 1734 1651 1803 aliquem
1682 1733 1826 1827 lo-B
1846 1732 2023 1795 vadit;
2059 1732 2155 1785 sed
2178 1732 2303 1785 aliis
2337 1733 2405 1785 ad
2438 1733 2541 1784 hoc
2566 1749 2693 1785 eum
2726 1731 3078 1786 hortantibus
3105 1750 3329 1787 causam
3362 1735 3449 1801 sui

164 1836 291 1873 cum
327 1836 580 1879 vacuum,
614 1819 707 1872 ubi
736 1835 861 1872 cum
911 1820 1036 1872 aliis
1076 1828 1457 1890 competenter
1495 1821 1764 1874 inclinare
1794 1819 1797 1827 “
1848 1837 1947 1890 per
1975 1820 2195 1889 signum
2226 1822 2507 1891 patefacit.
2547 1821 2602 1874 Si
2636 1828 2721 1874 est
2744 1821 3044 1883 litteratus,
3079 1822 3223 1877 hanc
3253 1824 3450 1891 horam

166 1908 362 1977 possit,
398 1908 482 1961 vel
527 1908 597 1960 de
636 1906 908 1969 sacristia,
946 1907 1039 1960 ubi
1069 1909 1329 1962 custodes
1357 1910 1600 1963 ecclesiae
1632 1910 1761 1962 dor-
1847 1925 2033 1961 secum
2084 1917 2311 1962 cantare
2366 1925 2475 1962 non
2523 1909 2792 1979 negligit;
2841 1909 2886 1962 si
2940 1909 3282 1973 illitteratus,
3335 1898 3449 1982 non

169 1996 371 2060 miunt,
402 1995 649 2057 veniens,
675 1995 826 2048 intra
864 1995 1136 2049 minorem
1169 1996 1396 2071 chorum
1437 1998 1759 2061 orcurrerit,
1848 1997 2036 2054 aliam.
2066 2014 2230 2067 quam
2260 2015 2382 2067 qua:
2411 1997 2467 2049 in
2499 1997 2717 2067 publico
2747 2003 2972 2050 cantata
3003 2004 3105 2053 est.
3128 1999 3305 2071 audit.
3340 2000 3448 2064 Qui

164 2086 389 2139 intrans
420 2086 651 2139 chorum
684 2092 739 2137 et
769 2084 996 2137 veniens
1018 2084 1087 2137 ad
1118 2086 1355 2155 gradum
1389 2086 1619 2140 honeste
1647 2092 1765 2140 tra-
1850 2092 1908 2139 et
1928 2085 1997 2138 ad
2030 2086 2364 2139 lavatorium
2397 2086 2597 2139 stando
2630 2086 2770 2139 hanc
2798 2086 3011 2150 audire,
3041 2093 3098 2142 et
3122 2087 3169 2140 si
3202 2088 3448 2158 psalmos

164 2174 416 2245 ctimque
448 2174 588 2245 petit
624 2172 862 2235 veniam,
895 2190 1064 2244 super
1101 2191 1298 2229 manus
1326 2182 1380 2229 et
1410 2192 1595 2245 genua
1626 2193 1765 2245 pau-
1850 2174 2094 2242 ejusdem
2133 2175 2282 2229 hora:
2318 2174 2494 2232 scivit.
2528 2174 2688 2239 illos;
2723 2174 2808 2227 sin
2841 2182 3029 2228 autem
3064 2177 3226 2228 Pater
3264 2184 3448 2230 noster

164 2262 345 2317 Iulum
375 2261 825 2333 procumbendo;
874 2262 1260 2316 summitatem
1290 2263 1477 2327 frocci,
1508 2272 1571 2318 ut
1600 2281 1769 2335 super

166 2369 291 2406 eam
320 2358 514 2405 teneat
543 2368 769 2416 manus;
805 2361 862 2404 et
891 2368 1127 2420 surgens
1156 2359 1353 2405 contra
1390 2354 1568 2405 altare
1598 2354 1767 2407 altius

164 2442 430 2505 inclinat;
467 2442 613 2511 quod
635 2447 693 2494 et
715 2441 785 2493 ad
807 2441 1142 2494 matutinum
1164 2442 1316 2504 facit,
1342 2441 1385 2494 si
1413 2450 1536 2512 post
1556 2444 1762 2507 Gloria,

165 2532 253 2585 vel
274 2536 404 2602 post
428 2533 562 2584 Deus
586 2533 916 2583 misereatur
936 2529 1151 2583 venerit
1175 2548 1186 2582 :
1212 2538 1346 2584 tunc
1370 2531 1543 2585 fmter
1567 2530 1769 2602 aliquis

165 2636 385 2681 eorum,
419 2619 512 2690 qui
544 2619 600 2672 in
631 2618 914 2671 vicinitate
942 2619 1063 2688 ejus
1087 2626 1216 2675 stat.
1254 2620 1565 2690 providens,
1600 2628 1663 2673 ut
1698 2620 1769 2673 ad

163 2709 359 2763 fratris
397 2709 567 2769 illius,
599 2724 766 2777 quam
798 2716 990 2760 contra
1024 2713 1360 2761 conventum
1404 2713 1651 2763 tacturus
1682 2714 1769 2762 est

164 2797 609 2860 inclinationem,
628 2797 710 2849 vel
730 2796 798 2848 ad
823 2797 991 2849 tinem
1010 2796 1202 2867 hymni
1224 2798 1303 2850 vel
1328 2798 1523 2867 psalmi
1547 2806 1766 2868 tempus

166 2888 487 2943 conveniat.
500 2885 683 2949 Tales,
698 2885 948 2955 inquam,
967 2892 1185 2954 tempus
1200 2894 1581 2957 competenter
1597 2887 1768 2940 stanti

167 2976 220 3031 ei
266 2976 539 3039 insinuat,
571 2992 605 3028 a
634 2991 745 3045 quo
775 2990 874 3044 per
905 2974 1178 3027 modicam
1209 2976 1406 3045 capitis
1448 2976 1767 3029 inrlinatio-

1850 2262 2185 2332 aliquotiens
2210 2280 2396 2316 secum
2435 2262 2671 2323 recitare
2698 2262 2920 2315 interim
2954 2263 3153 2333 potuit.
3190 2263 3278 2318 Fit
3305 2280 3447 2336 quo-

1849 2368 1957 2422 que
1979 2352 2300 2424 aliquando.
2323 2362 2385 2406 ut
2403 2353 2471 2405 ad
2493 2360 2791 2406 nocturnos
2808 2346 3031 2421 quidem
3058 2358 3182 2423 post
3202 2352 3449 2410 Gloriam

1850 2440 2048 2510 psalmi
2101 2442 2299 2504 Venite,
2345 2440 2412 2493 ad
2459 2440 2599 2493 alias
2640 2457 2767 2501 vero
2815 2440 2981 2493 horas
3030 2446 3157 2511 post
3200 2443 3450 2497 Gloriam

1852 2528 2013 2599 primi
2046 2530 2265 2599 psalmi,
2301 2528 2523 2599 aliquis,
2564 2528 2658 2600 qui
2692 2529 2846 2599 prius
2878 2546 2989 2583 non
3036 2530 3143 2583 fuit
3173 2530 3226 2583 in
3258 2531 3448 2600 choro,

1852 2598 1945 2671 sed
1974 2598 2193 2671 tantum
2225 2626 2356 2671 ante
2388 2598 2640 2681 chorum,
2668 2598 2736 2671 ad
2769 2617 2990 2672 initium
3026 2619 3275 2689 ejusdem
3302 2598 3451 2675 hora:

1854 2723 1963 2760 non
1990 2707 2186 2769 defuit,
2212 2715 2346 2761 tunc
2368 2708 2608 2760 introeat
2638 2726 2648 2760 :
2674 2725 2774 2761 nec
2797 2715 2986 2761 tamen
3012 2714 3241 2780 propter
3261 2709 3363 2763 hoc
3379 2709 3451 2763 ad

1847 2794 2085 2864 gradum
2121 2795 2307 2849 veniat
2347 2814 2357 2847 :
2399 2803 2455 2847 et
2488 2796 2589 2847 hoc
2618 2794 2725 2847 isto
2763 2796 2926 2848 modo
2958 2815 2968 2847 :
3004 2796 3050 2849 si
3079 2797 3302 2867 quando
3331 2814 3455 2857 eve-

1851 2883 2016 2936 nerit.
2050 2890 2113 2936 ut
2140 2882 2311 2953 aliqui
2342 2900 2734 2937 conversorum
2759 2902 2872 2953 pra:
2900 2883 3260 2938 multitudine.
3278 2885 3449 2941 choro

1851 2971 2122 3025 interesse
2167 2988 2279 3025 non
2322 2972 2554 3042 possint,
2590 2978 2724 3024 tunc
2771 2971 2907 3025 foris
2949 2972 3111 3045 positi
3150 2973 3451 3045 diligenter

167 3083 299 3120 nem
336 3074 419 3123 (ut
465 3064 636 3117 moris
682 3069 783 3123 est)
828 3062 1053 3116 licentia
1096 3063 1227 3116 data
1268 3064 1335 3116 ad
1368 3058 2165 3128 absolvendumcobservant,
2223 3058 2269 3112 si
2322 3060 2447 3129 quis
2502 3075 2716 3113 eorum.
2766 3059 2861 3129 qui
2917 3060 3085 3113 choro
3142 3060 3444 3127 intersunt,

167 3156 406 3210 fratrem
438 3152 597 3207 redit.
642 3152 749 3216 Qui
779 3168 902 3204 cum
939 3168 1128 3212 manu,
1182 3168 1336 3205 more
1377 3152 1659 3205 licentiam
1691 3152 1768 3206 si-

165 3244 506 3315 gnificantis,
530 3241 785 3295 innuenti
809 3240 1097 3311 paululum
1123 3241 1374 3304 inclinat,
1391 3248 1449 3294 et
1471 3241 1616 3294 facto
1638 3248 1768 3294 ante

168 3343 228 3388 et
256 3341 409 3387 retro
437 3332 642 3385 recedit
668 3332 738 3383 ad
769 3330 1067 3383 stationem
1091 3346 1281 3383 suam:
1310 3329 1357 3382 si
1386 3330 1516 3383 talis
1542 3339 1644 3387 est.
1673 3330 1767 3401 qui

167 3424 227 3477 in
248 3422 423 3476 choro
443 3428 577 3474 tunc
596 3425 747 3473 stare
769 3419 945 3489 pOssit
964 3426 1019 3471 et
1044 3419 1228 3471 debet.
1255 3418 1328 3471 lbi
1353 3435 1576 3472 rursum
1599 3419 1767 3472 aliam

167 3519 367 3583 petens
400 3510 616 3564 veniam
645 3518 707 3563 ut
738 3509 911 3579 prius,
949 3508 1042 3562 sed
1071 3508 1238 3561 aliam
1268 3517 1460 3577 postea
1490 3525 1600 3561 non
1633 3508 1771 3579 peti-

167 3610 354 3666 turus,
387 3599 556 3653 etiam
598 3598 642 3651 si
674 3598 794 3651 dies
837 3598 910 3651 sit
940 3597 1300 3668 procidiendi,
1333 3614 1457 3650 cum
1493 3605 1768 3651 conventu

168 3691 497 3751 inclinante,
530 3694 589 3741 et
634 3704 754 3758 Ipse
801 3687 1015 3757 pariter
1059 3685 1305 3739 inclinat
1354 3685 1410 3738 Si
1442 3680 1631 3739 a'utem
1663 3685 1766 3738 ali—

168 3780 395 3850 quando
426 3778 546 3840 h0e,
580 3777 723 3847 quod
758 3775 1084 3845 prmdictum
1119 3782 1221 3833 est,
1263 3774 1331 3827 de.
1366 3774 1559 3826 eodem
1592 3773 1770 3827 inter-

168 3868 370 3922 nuntio
391 3866 685 3943 praevisum
718 3881 826 3918 non
857 3864 1023 3917 tuerit
1070 3864 1155 3916 vel
1186 3864 1231 3917 si
1257 3863 1368 3918 ille.
1400 3863 1495 3933 qui
1522 3870 1657 3916 tunc
1683 3880 1769 3915 or-

169 3958 359 4011 dinem
409 3961 583 4020 tenet,
615 3954 804 4007 videns
836 3970 963 4006 eum
1012 3953 1078 4005 ad
1126 3952 1387 4023 gradum,
1420 3968 1524 4005 sua
1569 3957 1767 4022 sponte

171 4062 299 4100 mox
328 4046 485 4099 abire
508 4060 608 4116 per
631 4044 890 4097 nuntium
914 4042 1148 4112 jUSSI‘rit
1193 4040 1469 4111 (quamvis
1501 4048 1555 4094 et
1606 4058 1770 4111 quos-

172 4134 320 4197 dam,
348 4134 450 4186 hoc
471 4131 665 4185 vitium
691 4132 745 4184 in
770 4147 874 4184 usu
898 4129 1187 4192 habentes,
1208 4128 1487 4181 interdum
1511 4128 1769 4182 dissimu-

173 4224 248 4277 let
294 4222 372 4276 ibi
402 4221 609 4289 videre)
640 4227 775 4274 tunc
819 4220 915 4273 ille
951 4218 1126 4272 frater
1155 4225 1281 4289 post
1322 4217 1540 4270 veniam
1572 4224 1769 4270 contra

1851 3148 2043 3200 eodem
2072 3148 2252 3202 modo.
2279 3164 2389 3218 quo
2409 3148 2481 3200 sit
2503 3148 2805 3204 rediturus.
2831 3159 3021 3208 exeat;
3049 3155 3112 3203 ut
3128 3150 3446 3221 quicunque

1850 3243 1984 3290 tunc
2012 3237 2161 3289 inter
2190 3253 2285 3290 eos
2324 3236 2534 3290 intrare
2560 3236 2751 3306 eligat,
2785 3254 2848 3291 ex
2878 3237 3165 3292 occasione
3194 3238 3450 3294 exeuntis

1852 3327 2030 3379 locum
2061 3324 2210 3379 intus
2247 3323 2451 3378 habere
2484 3326 2681 3379 valeat.

1923 3414 2067 3484 Ergo
2099 3414 2167 3467 ad
2216 3422 2518 3467 nocturnos
2566 3419 2692 3483 post
2728 3415 2973 3469 Gloriam
3006 3414 3208 3486 psalmi
3248 3418 3447 3487 Venite,

1850 3500 2161 3572 cuicunque
2178 3502 2454 3571 ejusmodi
2476 3502 2691 3555 occasio
2707 3502 2954 3557 intrandi
2975 3506 3191 3575 copiam
3211 3505 3449 3576 dederit,

1851 3591 1998 3644 infra
2020 3590 2225 3660 primos
2251 3592 2493 3660 psalmos
2521 3608 2619 3661 per
2644 3591 2916 3645 minorem
2941 3594 3171 3647 chorum
3194 3594 3450 3663 intrabit,

1854 3696 1925 3732 nc
1953 3697 1998 3731 si
2026 3697 2127 3750 per
2151 3680 2519 3733 universalem
2554 3679 2706 3733 chori
2734 3680 2949 3734 aditum
2982 3686 3115 3735 tunc
3142 3683 3450 3753 ingressus,

1851 3767 1921 3820 ab
1950 3769 2073 3821 aliis
2102 3776 2236 3821 tunc
2270 3770 2511 3839 primum
2542 3770 2832 3822 ecclesiam
2876 3770 3086 3824 intrare
3117 3779 3454 3844 putaretur;

1852 3862 1909 3909 et
1929 3856 2052 3909 ideo
2069 3858 2136 3910 ad
2159 3856 2396 3927 gradum
2420 3857 2501 3910 ire
2525 3858 2950 3927 propelleretur.
2966 3859 3107 3911 Nam
3131 3860 3454 3932 quicunque

1851 3962 1951 4016 pro
1980 3945 2144 3999 tardo
2174 3962 2405 3999 occursu
2439 3956 2522 4011 (ut
2551 3946 2761 3999 dictum
2794 3953 2893 4005 est)
2922 3946 2989 3999 ad
3020 3947 3257 4017 gradum
3290 3950 3455 4005 satis-

1849 4034 1999 4095 facit,
2032 4051 2318 4105 nunquam
2346 4053 2413 4089 ea
2442 4034 2556 4087 vice
2588 4051 2689 4105 per
2722 4035 2992 4088 minorem
3017 4036 3248 4090 chorum
3281 4038 3455 4093 intra-

1852 4122 2339 4195 bit.Quandocunq
2350 4140 2416 4177 ue
2428 4130 2614 4178 autem
2637 4128 2760 4195 post
2780 4140 2971 4177 versus
2989 4125 3185 4194 psalmi
3205 4126 3453 4182 intrandi

1850 4213 2066 4266 occasio
2116 4212 2167 4266 ei
2214 4211 2457 4277 dabitur,
2491 4229 2591 4284 per
2643 4212 2986 4282 superiorem
3036 4213 3192 4267 chori
3233 4215 3454 4271 aditum

174 4320 504 4366 conventum
551 4310 801 4375 inclinat,
851 4314 909 4361 et
944 4313 1248 4361 conventus
1294 4316 1489 4359 contra
1526 4322 1674 4359 eum.
1711 4306 1768 4360 Si
1851 4301 2197 4371 ingreditur;
2232 4299 2362 4370 quia
2390 4300 2460 4354 de
2488 4318 2553 4355 eo
2587 4301 2740 4355 nulla
2771 4300 3013 4371 suspicio
3041 4318 3166 4357 sero
3199 4303 3455 4364 veniendi

173 4417 301 4455 vero
332 4411 493 4454 extra
539 4401 770 4453 chorum
802 4397 969 4450 statio
1008 4396 1127 4465 ejus
1158 4395 1350 4463 fuerit,
1392 4396 1459 4448 de
1487 4395 1667 4465 gradu
1698 4395 1767 4448 ad
1788 4386 1985 4444 Dtunc
2007 4390 2133 4443 erit.
2154 4388 2426 4444 Similiter
2448 4389 2517 4442 ad
2540 4389 2878 4443 matutinum
2900 4390 3106 4465 agitur.
3121 4391 3206 4445 Ad
3223 4392 3455 4448 diurnas

175 4490 405 4543 chorum
434 4505 597 4543 suum
618 4488 855 4542 tendens
879 4486 1061 4539 locum
1080 4486 1199 4547 dat,
1227 4484 1323 4554 qui
1348 4484 1420 4536 ibi
1444 4484 1676 4537 ultimus
1696 4483 1766 4536 ad
1851 4496 1978 4532 vero
2008 4479 2174 4531 horas
2208 4486 2332 4548 post
2361 4478 2607 4532 Gloriam
2642 4478 2806 4546 primi
2841 4479 3040 4549 psalmi
3068 4497 3081 4547 ;
3134 4481 3454 4556 quicunque

172 4577 377 4632 lineam
411 4579 495 4632 vel
524 4578 593 4631 ad
633 4578 866 4630 formam
896 4581 1025 4637 stat,
1069 4574 1245 4627 donec
1273 4572 1492 4626 veniam
1522 4580 1579 4626 et
1604 4572 1770 4626 incli-

174 4669 479 4731 nationem,
505 4668 651 4721 sicut
694 4665 1043 4736 praemissum
1088 4670 1190 4727 est,
1236 4662 1421 4715 faciat.
1455 4663 1576 4725 Quo
1623 4661 1766 4714 facto

170 4771 328 4813 extra
356 4756 581 4821 secedit,
611 4755 696 4809 vel
723 4755 769 4808 si
790 4754 917 4807 talis
946 4759 1049 4817 est,
1080 4769 1174 4823 qui
1206 4752 1362 4805 item.
1392 4751 1538 4805 sicut
1562 4750 1766 4821 praedi-

170 4854 323 4902 ctum
353 4855 457 4911 est,
489 4846 642 4900 intus
670 4852 820 4898 stare
851 4842 1042 4914 possit,
1077 4841 1409 4895 remanebit.

239 4936 450 4991 Eodem
481 4935 646 4988 modo
675 4916 863 5003 agitur
890 4932 961 4985 ad
991 4931 1224 4984 diurnas
1266 4930 1431 4982 horas
1453 4944 1587 4998 erga
1617 4942 1765 4992 eum,

171 5026 265 5096 qui
288 5032 422 5079 ante
438 5026 683 5080 Gloriam
707 5021 872 5094 primi
896 5020 1093 5092 psalmi
1116 5020 1173 5073 in
1198 5018 1475 5090 praedictis
1501 5016 1634 5072 locis
1659 5031 1771 5069 non

170 5113 373 5178 aderit,
401 5118 648 5183 excepto,
672 5110 819 5181 quod
846 5110 893 5163 si
924 5110 1048 5179 quis
1080 5110 1181 5163 hoc
1208 5108 1402 5161 vitium
1431 5105 1773 5177 negligentia

172 5204 372 5275 magis,
405 5219 573 5277 quam
615 5198 945 5255 necessitate
987 5198 1189 5268 saepius
1226 5195 1562 5261 incurrerit;
1609 5193 1678 5247 ab
1707 5209 1771 5247 eo

175 5293 272 5364 qui
311 5299 447 5348 tunc
493 5291 748 5346 ordinem
788 5295 944 5342 tenet
990 5287 1270 5340 licentiam
1302 5285 1372 5338 de
1407 5283 1586 5354 gradu
1616 5296 1774 5335 rece-

173 5382 341 5436 dendi
370 5398 483 5437 non
510 5379 781 5451 accipiet;
833 5377 929 5431 sed
968 5384 1261 5447 postquam
1303 5373 1380 5427 ibi
1422 5373 1660 5427 veniam.
1711 5376 1775 5425 ut

173 5471 500 5541 praedictum
540 5478 644 5525 est.
675 5466 887 5533 iecerit,
936 5466 1067 5520 inde
1100 5482 1165 5519 se
1208 5479 1318 5520 non
1351 5467 1534 5516 movet
1575 5474 1776 5530 usque—

175 5566 310 5615 dum
351 5561 493 5615 hora
518 5559 793 5630 regularis
833 5557 908 5611 sit
949 5555 1127 5609 ﬁnita.
1156 5554 1313 5608 Tunc
1358 5556 1554 5607 contra
1595 5549 1775 5603 altare

1850 4584 1913 4621 ex
1936 4567 2014 4620 eis
2033 4584 2136 4621 sua
2157 4574 2355 4637 sponte
2381 4565 2596 4636 ingredi
2625 4566 2878 4631 voluerit,
2902 4568 3035 4621 item
3059 4585 3158 4641 per
3180 4570 3456 4635 minorem

1849 4656 2083 4710 chorum
2116 4654 2367 4709 intrabit.
2404 4657 2463 4709 Si
2511 4663 2699 4709 autem
2746 4656 2816 4710 ab
2843 4673 2930 4721 eo,
2966 4658 3062 4728 qui
3092 4665 3228 4714 tunc
3269 4660 3455 4715 ordini

1849 4745 2075 4816 praeerit
2102 4765 2113 4798 :
2146 4745 2230 4798 vel
2260 4743 2306 4797 si
2339 4744 2525 4799 nullus
2551 4744 2705 4815 prior
2726 4745 2796 4799 ad
2819 4742 3062 4816 praesens
3084 4748 3267 4803 aderit
3288 4750 3456 4822 (quod

1850 4849 2137 4903 nunquam
2166 4833 2287 4885 ﬁeri
2320 4830 2501 4895 debet;
2534 4832 2604 4886 ab
2634 4833 2823 4904 aliquo
2854 4834 3142 4897 circatore,
3171 4836 3264 4908 qui
3295 4853 3453 4895 seor-

1852 4939 1975 4976 sum
2010 4921 2225 4992 ingredi
2261 4922 2454 4991 jussus
2500 4920 2688 4976 fuerit.
2722 4929 2857 4976 tunc
2886 4923 3019 4993 quia
3048 4924 3182 4978 item
3212 4925 3455 4996 suspicio

1851 5011 1911 5065 in
1937 5028 2063 5065 eum
2095 5027 2207 5064 non
2234 5010 2361 5073 erit,
2392 5026 2491 5081 per
2520 5010 2866 5080 superiorem
2910 5012 3126 5066 aditum
3175 5013 3450 5081 introibit,

1854 5100 2102 5171 alioquin
2129 5099 2178 5154 si
2206 5106 2341 5153 tune
2382 5098 2639 5165 intraret,
2674 5099 2856 5166 vellet,
2888 5100 3079 5166 nollet,
3115 5102 3187 5156 ad
3212 5102 3455 5175 gradum

1854 5189 1983 5244 iret.

2394 5275 2632 5333 CAPUT
2668 5274 2915 5343 XXXIV.

2177 5366 2449 5435 Quomodo
2475 5383 2530 5419 se
2550 5367 2743 5420 habeat
2774 5368 2933 5433 infra
2960 5367 3143 5423 horas.

1927 5457 2042 5523 (un.
2066 5459 2212 5524 car)
2238 5455 2324 5509 Ad
2346 5456 2590 5509 Gloriam
2616 5450 2962 5524 singulorum
2991 5456 3334 5526 psalmorum
3359 5457 3456 5530 qui

1856 5552 1991 5615 sunt
2036 5545 2097 5600 in
2144 5543 2498 5623 regularibus
2539 5544 2695 5601 horis
2733 5549 2854 5627 tant
2897 5551 3084 5614 nocte.
3125 5561 3297 5621 quem
3341 5547 3454 5617 die.
