3964 6418
166 363 270 423 969

1207 366 1630 423 CONSTITUT.
1673 368 2015 426 HIRSAUG.
2058 399 2124 411 —
2163 367 2302 425 LIB.
2342 367 2390 423 Ι.

3325 370 3433 430 970

164 489 417 551 chorum,
457 502 494 540 a
519 484 833 541 senioribus
865 486 1092 558 quidem
1122 488 1414 561 incipiens,
1435 496 1493 546 et
1519 490 1600 546 ita
1633 509 1750 560 eos,
1772 497 1935 566 Aper
1952 494 2230 549 minorem
2268 494 2501 549 chorum
2535 492 2844 549 Conventui
2876 493 3036 565 quasi
3082 500 3426 561 occursntes,

166 576 259 648 qui
285 591 462 645 super
475 575 716 646 gradum
744 575 804 629 in
834 576 1030 631 dextra
1057 584 1216 648 parte
1243 580 1397 633 chori
1427 585 1485 634 et
1512 598 1613 652 per
1636 599 1757 637 me-

1839 583 2225 654 egrediuntur.
2270 583 2527 647 Econtra,
2578 582 2801 653 quando
2846 587 2972 653 post
3014 582 3319 653 capitulum
3361 584 3433 638 ad

165 666 316 719 dium
343 664 587 731 rediens,
617 664 675 718 id
705 669 791 718 est
817 664 877 718 in
923 666 1107 720 medio
1154 684 1351 721 eorum
1391 669 1487 739 qui
1532 670 1603 723 ad
1643 671 1759 724 for-
1842 673 2110 742 majorem
2157 671 2446 726 ecclesiam
2489 672 2732 734 venitur,
2772 688 2966 725 omnes
3004 677 3159 725 extra
3203 671 3437 727 chorum

170 769 317 807 mam
339 755 465 823 ejus
483 752 640 807 chori
657 758 714 806 et
736 753 803 807 ad
834 753 1041 808 lineam
1072 755 1330 811 sedentes
1349 758 1419 811 ad
1439 775 1500 811 se
1525 759 1762 812 invicem
1843 764 2153 822 remanent,
2189 760 2284 830 qui
2314 764 2371 813 et
2396 760 2473 814 ibi
2505 761 2689 815 locum
2714 759 2922 814 habent
2942 759 3014 814 ad
3044 760 3355 832 capitulum
3382 765 3441 814 et

169 841 496 913 respiciunt,
519 857 632 896 uno
659 841 922 908 transitu,
946 844 1212 910 nunchis,
1235 846 1513 900 nuncillis
1536 846 1764 901 abscon-
1843 857 1966 921 post
1997 848 2423 920 completorium
2450 867 2462 913 ;
2498 849 2596 920 qui
2632 850 2835 903 fratres
2873 866 2907 903 a
2944 849 3254 920 majoribus
3299 849 3441 903 inci-

172 947 293 985 sam
318 931 692 997 demonstrat,
723 936 782 985 et
807 948 872 985 co
892 938 1087 986 tenore
1115 934 1348 988 chorum
1380 936 1655 989 minorem
1684 935 1766 989 in-
1845 938 2083 1010 pientes,
2114 954 2216 1008 per
2242 937 2495 991 ordinem
2529 937 2598 991 de
2640 938 2809 991 choro
2852 938 3222 1009 egrediuntur
3254 939 3443 993 cuncti

174 1020 456 1090 grediens,
488 1025 546 1073 et
570 1019 629 1073 in
657 1020 843 1074 medio
872 1021 1230 1076 occidentalis
1279 1023 1439 1078 lineae
1471 1024 1761 1096 incipiens,

177 1109 432 1163 dextram
475 1109 594 1179 ejus
634 1113 876 1180 parteml
925 1127 1164 1181 moxque
1207 1128 1303 1166 eos
1349 1113 1445 1182 qui
1479 1114 1644 1183 juxta
1687 1113 1770 1167 in-

176 1198 412 1252 troitum
442 1198 693 1269 ejusdem
724 1204 875 1263 sunt,
891 1199 1095 1253 deinde
1116 1200 1401 1255 sinistram
1416 1208 1630 1272 partem
1649 1219 1771 1274 per-

177 1289 404 1352 lustrat,
426 1288 728 1343 novissime
754 1288 1038 1342 redeundo
1054 1289 1123 1343 ad
1143 1289 1435 1344 sinistrum
1451 1291 1682 1345 chorum
1704 1309 1769 1346 eo

175 1394 277 1449 per
293 1377 487 1432 omnia
504 1377 871 1444 ordine,sicut
890 1377 1045 1448 prius
1064 1377 1344 1445 dextrum,
1368 1380 1521 1433 nullo
1545 1380 1771 1434 interim

174 1471 552 1539 praesumente
573 1467 737 1536 juxta
762 1483 823 1520 se
842 1466 1077 1521 forsitan
1104 1467 1477 1522 dormientem
1506 1470 1769 1524 excitare.

180 1569 273 1610 UD.
327 1555 389 1610 Si
440 1571 608 1626 quem
630 1554 835 1609 viderit
859 1555 1225 1621 obdormisse,
1265 1560 1401 1610 tunc
1428 1563 1622 1612 contra
1655 1559 1774 1628 ejus

175 1644 366 1699 oculos
398 1643 593 1698 lumen
622 1648 709 1696 ter
733 1641 1011 1697 intendit:
1045 1643 1093 1697 si
1122 1643 1290 1697 tertia
1321 1643 1439 1697 vice
1465 1660 1576 1699 non
1609 1644 1777 1714 evigi-

176 1732 396 1799 laverit,
426 1732 587 1803 ponit
614 1738 745 1787 ante
773 1748 904 1786 eum
936 1733 1230 1800 laternam,
1249 1739 1313 1787 ut
1327 1732 1533 1804 abipso
1554 1750 1777 1804 quoque

1849 1027 2169 1090 exteriores,
2231 1026 2452 1095 quando
2496 1026 2567 1080 ad
2615 1027 2920 1097 capitulum
2973 1027 3250 1098 pulsatur.
3310 1028 3446 1083 Post

1850 1115 2279 1186 completorium
2315 1131 2447 1169 vero
2474 1131 2620 1182 mox,
2656 1121 2720 1169 ut
2759 1121 2890 1169 ante
2938 1121 2995 1170 et
3040 1120 3191 1170 retro
3232 1116 3438 1186 agitur,

1851 1222 1952 1276 per
1998 1203 2276 1257 minorem
2326 1203 2561 1257 chorum
2616 1205 2884 1275 majorem
2936 1204 3316 1274 ingredientes
3383 1205 3444 1260 in

1851 1293 2047 1348 ordine
2077 1309 2177 1346 suo
2207 1292 2338 1345 inde
2365 1297 2601 1359 exeunt;
2634 1298 2862 1363 excepto
2886 1294 3033 1364 quod
3050 1298 3177 1364 post
3205 1294 3448 1365 comple-

1852 1381 2059 1436 torium
2083 1380 2507 1451 phlebotomati,
2532 1380 2581 1434 si
2594 1380 2842 1450 quiforte
2864 1382 3089 1449 adsunt,
3111 1388 3448 1437 conventum

1855 1472 1925 1525 de
1954 1469 2189 1524 ecclesia
2213 1469 2556 1540 praecedunt.
2588 1469 2664 1524 Ut
2687 1476 2875 1524 autem
2916 1470 3127 1525 sciatur
3174 1471 3272 1542 qui
3315 1470 3447 1538 sint,

1857 1559 2059 1631 quibus
2087 1559 2146 1612 in
2173 1558 2371 1612 eodem
2400 1558 2569 1611 choro
2605 1574 2836 1612 manere
2869 1560 3225 1624 concedatur,
3265 1559 3325 1613 hi
3354 1561 3453 1630 qui

1857 1649 2008 1703 inter
2031 1648 2284 1703 literatos
2329 1646 2400 1700 ad
2437 1647 2721 1713 standum,
2758 1648 2845 1701 vel
2881 1648 3055 1701 etiam
3103 1648 3174 1702 ad
3219 1653 3448 1703 cantan-

1860 1737 1993 1791 dum
2024 1752 2137 1790 non
2166 1735 2306 1789 adeo
2329 1739 2462 1788 sunt
2488 1734 2658 1788 validi
2690 1754 2703 1802 ;
2738 1740 2802 1789 ut
2831 1735 2901 1788 ab
2923 1735 3002 1789 eis
3029 1736 3129 1789 alii
3163 1735 3222 1789 in
3253 1736 3457 1806 majori

177 1823 420 1877 excitato
439 1821 702 1876 similiter
718 1826 992 1892 portetur.
1025 1822 1085 1875 Si
1104 1826 1292 1875 autem
1318 1823 1398 1876 ita
1414 1823 1772 1892 evigilaverit,
1799 1827 2030 1906 Bchoro
2059 1825 2281 1878 valeant
2308 1823 2561 1894 adjuvari
2585 1842 2598 1891 ;
2631 1829 2689 1877 et
2722 1829 2911 1878 tamen
2964 1824 3023 1878 in
3077 1830 3354 1879 conventu
3398 1825 3459 1879 in

175 1916 244 1965 ut
269 1915 470 1966 contra
494 1909 655 1964 illum
682 1909 933 1973 inclinet,
962 1914 1267 1980 antequam
1295 1926 1355 1964 se
1384 1910 1666 1977 averterit,
1708 1910 1779 1964 ab

176 1999 300 2072 ipso
324 1999 633 2054 auferenda
659 2006 764 2066 est,
797 1998 894 2068 qui
923 2014 1047 2052 eam
1075 1999 1360 2069 apposuit.
1386 1998 1547 2062 Quod
1566 1999 1614 2052 si
1633 2000 1779 2053 tanti

177 2088 241 2143 in
279 2088 613 2143 dormiendo
659 2087 868 2142 fuerint
906 2086 1256 2157 deprehensi,
1305 2087 1424 2141 haec
1467 2087 1781 2158 deportatio

178 2177 534 2249 protrahitur
568 2192 747 2247 usque
766 2175 838 2229 ad
867 2176 1115 2230 Gloriam
1142 2175 1503 2246 responsorii,
1545 2176 1688 2246 quod
1722 2175 1780 2229 in

180 2284 249 2321 eo
277 2272 557 2321 nocturno
589 2270 674 2319 est
704 2263 988 2319 ultimum.
1022 2263 1080 2318 Si
1109 2264 1254 2334 quis,
1300 2265 1394 2334 qui
1434 2265 1505 2318 ad
1536 2281 1781 2334 praesens

180 2355 372 2424 legere
390 2353 478 2407 vel
506 2357 734 2407 cantare
757 2351 942 2417 debet,
955 2367 1085 2406 cum
1105 2368 1171 2405 ea
1190 2352 1573 2423 deprehensus
1591 2351 1778 2418 fuerit,

181 2443 456 2513 evigilans
498 2441 583 2495 illi
619 2440 938 2511 bajulatori,
988 2441 1035 2494 si
1077 2441 1259 2495 adhuc
1297 2446 1416 2495 tam
1466 2457 1639 2511 prope
1676 2445 1780 2507 est,

182 2546 417 2585 causam
441 2529 609 2584 oﬂicii
637 2528 726 2583 sui
755 2528 1026 2594 insinuat,
1070 2533 1137 2582 ut
1176 2528 1504 2583 absconsam
1544 2529 1778 2582 auferat.

1862 1913 1989 1967 aliis
2016 1912 2152 1966 locis
2193 1917 2425 1982 possunt
2451 1911 2679 1975 morari,
2712 1912 2770 1965 hi
2814 1913 2957 1965 tales
2985 1917 3216 1983 propter
3246 1912 3462 1967 miseri-

1862 2001 2109 2056 cordiam
2135 2001 2194 2054 in
2214 2001 2488 2054 minorem
2514 2000 2745 2054 chorum
2775 2006 2907 2054 sunt
2929 2001 3201 2070 deputati.
3233 2001 3377 2055 Sunt
3406 2006 3463 2055 et

1864 2091 1963 2144 alii
1983 2106 2096 2161 prae
2120 2089 2292 2143 nimio
2312 2089 2595 2143 servitutis
2624 2089 2725 2143 Dei
2746 2088 2936 2143 labore
2956 2089 3232 2155 exhausti,
3259 2088 3461 2160 quibus

1865 2179 2039 2233 etiam
2076 2179 2133 2231 in
2164 2177 2361 2233 eodem
2419 2178 2589 2231 choro
2624 2178 2845 2231 tamdiu
2896 2194 3218 2248 repausare,
3266 2178 3352 2231 vel
3389 2177 3462 2232 ad

1863 2272 2113 2322 sanctam
2137 2266 2369 2321 Mariam
2398 2271 2517 2319 tam
2543 2266 2761 2320 diurnis
2791 2282 2958 2337 quam
2988 2266 3280 2321 nocturnis
3309 2266 3463 2320 horis

1863 2356 2154 2421 interesse,
2187 2361 2245 2410 et
2274 2359 2402 2426 post
2429 2355 2772 2409 matutinum
2804 2355 3108 2409 dormitum
3128 2356 3209 2409 ire
3228 2355 3465 2426 permit-

1863 2446 2024 2513 titur,
2059 2460 2350 2516 quousque
2377 2443 2587 2498 viribus
2616 2442 2867 2514 pristinis
2898 2443 3288 2498 restituantur.
3324 2440 3469 2498 Sunt

1869 2535 2052 2588 adhuc
2069 2533 2309 2587 forsitan
2338 2538 2395 2586 et
2413 2532 2529 2595 alii,
2562 2532 2658 2603 qui
2688 2532 2888 2602 majori
2917 2532 3467 2603 aliquainﬁrmitate,

184 2620 246 2674 Si
268 2635 402 2673 vero
441 2619 621 2673 adhuc
636 2617 793 2682 abiit,
807 2617 881 2671 idi
889 2634 1050 2688 psum
1067 2633 1169 2671 suo
1182 2618 1492 2671 collaterali
1515 2617 1570 2670 in
1572 2617 1783 2687 jungit,
1869 2623 2014 2676 sicut
2034 2628 2121 2676 est
2150 2620 2817 2692 podagra,imbecilliores
2839 2626 2990 2686 sunt,
3015 2622 3248 2675 veladeo
3260 2621 3466 2686 claudi,

182 2711 243 2762 et
270 2707 354 2762 ita
373 2707 469 2762 ille
499 2707 671 2761 vicem
696 2706 860 2760 istius
878 2706 939 2760 in
961 2705 1360 2760 circumeundo
1391 2706 1697 2776 agit.Nulli
1729 2706 1787 2759 in
1870 2717 1932 2764 ut
1970 2710 2167 2765 baculo
2196 2726 2388 2764 carere
2428 2714 2730 2779 nequeant,
2765 2714 2822 2763 et
2848 2714 3035 2762 tamen
3067 2709 3206 2763 alias
3225 2710 3348 2763 sani
3377 2710 3468 2763 in-

182 2796 374 2850 reditu
422 2796 607 2851 denuo
646 2794 973 2866 porrigitur,
1005 2796 1113 2849 etsi
1165 2795 1450 2849 dormiens
1493 2811 1525 2848 a
1565 2799 1790 2864 prater-
1873 2804 2097 2854 tersunt
2131 2797 2428 2853 conventui
2456 2816 2468 2863 ;
2500 2798 2631 2863 illis,
2672 2798 2804 2868 quia
2835 2797 3372 2851 consuetudinaliter
3412 2797 3473 2850 in

182 2891 360 2940 eunte
387 2885 726 2952 inveniatur,
755 2884 866 2938 nisi
894 2885 1042 2939 infra
1062 2886 1225 2954 juxta
1255 2887 1467 2940 exitum
1510 2884 1687 2938 chori.
1731 2885 1791 2939 Si
1875 2888 2139 2958 praedicto
2171 2887 2339 2940 choro
2368 2902 2596 2939 manere
2623 2902 2734 2939 non
2780 2892 3034 2956 possunt,
3064 2885 3388 2939 conceditur
3412 2884 3470 2938 in

186 2974 262 3040 ei,
296 2974 397 3045 qui
424 2973 485 3027 in
519 2974 722 3045 majori
776 2974 1031 3028 custodia
1062 2980 1165 3041 est,
1209 2974 1391 3046 posita
1434 2973 1623 3039 fuerit,
1669 2973 1790 3044 ipse
1873 2975 2186 3030 inﬁrmaria
2215 2975 2299 3028 vel
2330 2974 2387 3028 in
2412 2974 2552 3027 cella
2571 2969 2912 3027 novitiorurh
2942 2973 3208 3041 dormire,
3239 2973 3311 3026 ad
3339 2988 3473 3027 san-

185 3079 322 3118 cum
360 3079 429 3117 ea
472 3064 747 3133 majorem
800 3063 1153 3117 solummodo
1207 3064 1440 3118 chorum
1494 3078 1560 3117 eo
1626 3062 1791 3116 modo
1874 3071 2020 3120 ctam
2046 3063 2281 3118 Mariam
2308 3063 2398 3116 die
2425 3066 2704 3132 noctuque
2730 3061 2884 3115 horis
2920 3061 3215 3130 interesse,
3243 3065 3476 3132 excepta

182 3152 338 3207 sicut
365 3152 578 3207 dictum
600 3157 703 3219 est,
757 3153 1082 3224 perlustrat,
1115 3156 1172 3206 et
1201 3152 1248 3206 si
1279 3152 1560 3206 neminem
1591 3150 1669 3205 ibi
1698 3151 1851 3219 de-C
1872 3154 1987 3219 illa,
2018 3169 2187 3224 quam
2218 3152 2428 3206 infirmi
2476 3155 2607 3204 ante
2654 3150 2955 3221 prandium
3009 3166 3174 3204 suum
3220 3149 3474 3221 proxime

182 3241 570 3315 prehenderit,
598 3243 761 3312 juxta
785 3241 1127 3311 analogium,
1177 3242 1326 3313 quod
1367 3247 1454 3296 est
1499 3242 1557 3295 in
1608 3240 1793 3295 medio

183 3331 393 3402 gradu,
437 3347 560 3385 eam
587 3330 764 3401 ponit.
791 3329 876 3385 Ibi
903 3330 1091 3401 aliquo
1136 3347 1400 3385 converso
1447 3335 1693 3401 accepta,
1738 3332 1795 3382 et

186 3421 276 3475 ita
305 3421 542 3475 chorum
579 3419 1021 3474 circumferenda
1058 3419 1331 3474 aufertur.

714 3508 949 3564 CAPUT
985 3506 1260 3562 XXXVII.

299 3600 410 3667 Qui
437 3598 663 3652 debeant
686 3612 750 3651 ιη
778 3599 1076 3652 intervallo
1104 3599 1680 3666 absconsamportarc.

261 3689 312 3742 Α
339 3685 620 3741 conversis
651 3691 861 3753 autem,
881 3686 977 3756 qui
996 3690 1129 3739 sunt
1152 3691 1310 3740 extra
1333 3686 1585 3751 chorum,
1611 3682 1799 3755 primi-

188 3782 285 3832 tus
307 3780 587 3847 portatur,
619 3780 677 3829 et
725 3791 838 3829 non
880 3790 982 3845 per
1011 3775 1286 3840 ordinem,
1337 3775 1434 3829 sed
1478 3774 1797 3845 quicunque

187 3865 398 3920 melius
427 3869 630 3935 potest,
662 3863 834 3917 alium
852 3862 1140 3934 anticipat.
1176 3863 1234 3918 Si
1256 3868 1444 3917 autem
1468 3862 1681 3934 portari
1704 3877 1796 3914 ne-

188 3954 450 4025 gligitur,
479 3954 765 4027 hi‘omnes
796 3968 897 4023 per
925 3952 1033 4006 hoc
1059 3952 1458 4006 inclamantur.
1502 3951 1568 4005 In
1590 3950 1796 4005 duode-

191 4042 301 4097 cim
329 4041 664 4097 lectionibus
691 4057 822 4095 mox
848 4040 920 4094 ad
956 4040 1181 4095 initium
1207 4041 1405 4106 teitim,
1438 4039 1708 4111 septimae,
1741 4043 1798 4093 et

189 4131 507 4186 undecimae
533 4130 791 4185 lectionis
819 4130 991 4184 choro
1020 4129 1278 4184 infertur.
1313 4129 1370 4184 Si
1403 4145 1622 4194 novem,
1654 4128 1799 4182 sicut

195 4226 330 4275 ante
360 4220 597 4286 Pascha,
619 4219 692 4275 ad
719 4219 1044 4282 secundam,
1075 4219 1330 4290 quintam
1359 4223 1417 4272 et
1441 4222 1714 4272 octavam.
1738 4216 1798 4272 Si

196 4315 314 4364 tres
342 4309 547 4379 longas,
599 4308 672 4363 ad
704 4324 1185 4379 unamquamque.
1229 4308 1289 4363 Si
1333 4307 1548 4374 breves,
1597 4306 1669 4361 ad
1709 4322 1802 4360 se-

204 4397 471 4453 cundam.

715 4484 948 4540 CAPUT
981 4482 1288 4540 XXXVIII.

660 4575 735 4629 De
754 4575 863 4642 lege
890 4576 1129 4629 minoris
1157 4575 1329 4628 chori.

277 4665 301 4688 ⁶
331 4662 477 4728 Quia
504 4662 692 4717 minor
717 4662 924 4718 chorus
955 4663 1155 4733 majori
1192 4661 1426 4717 inferius
1453 4661 1537 4716 ita
1585 4664 1672 4715 est
1706 4660 1807 4714 ad-

198 4753 456 4824 junctus,
478 4755 547 4806 ut
572 4750 793 4823 pervius
818 4751 894 4806 sit
915 4752 1155 4806 eundem
1179 4752 1449 4822 majorem
1475 4751 1704 4804 chorum
1729 4748 1811 4802 in-

200 4840 615 4912 gredientibus,
646 4857 759 4895 non
782 4841 965 4895 solum
986 4841 1057 4895 ad
1084 4846 1409 4904 nocturnos,
1441 4840 1539 4893 sed
1561 4836 1809 4909 quoties-

201 4945 449 5002 cunque,
474 4934 700 5001 excepto
722 4934 849 5000 post
874 4930 1236 4984 refectionem
1258 4935 1313 4983 et
1343 4928 1672 4999 capitulum,
1695 4926 1815 4980 fra-

206 5022 329 5072 tres
354 5017 417 5073 in
443 5017 735 5073 ecclesiam
777 5018 1030 5086 veniunt,
1090 5018 1337 5072 seniores
1391 5015 1689 5086 caeterique
1741 5013 1813 5067 ad

203 5106 459 5177 parietes
481 5107 543 5161 in
571 5106 825 5162 inferiori
878 5112 1040 5179 parte
1084 5106 1316 5177 majoris
1346 5105 1501 5159 chori
1543 5103 1813 5159 stationes

203 5194 490 5251 habentes
513 5211 615 5267 per
641 5196 921 5251 minorem
948 5196 1182 5251 chorum
1210 5195 1446 5249 intrant.
1478 5193 1586 5248 Ubi
1615 5197 1668 5246 et
1700 5207 1816 5245 om-

204 5282 275 5337 ni
298 5288 557 5356 tempore
585 5290 810 5353 exeunt,
842 5285 951 5340 nisi
979 5285 1203 5356 quando
1231 5300 1356 5339 cum
1384 5282 1510 5337 aliis
1541 5282 1610 5336 de
1646 5281 1816 5334 choro

203 5388 314 5444 per
329 5372 585 5429 ordinem
599 5374 978 5432 recedunt.De
996 5373 1289 5428 refectorio
1301 5377 1486 5427 autem
1496 5411 1509 5437 ,
1534 5373 1645 5427 Con
1653 5374 1818 5422 ventu

206 5461 511 5531 redeunte,
539 5463 727 5518 nullus
756 5469 887 5518 ante
913 5462 1292 5530 chorum,nisi
1314 5461 1409 5532 qui
1440 5458 1713 5530 sanguine
1735 5462 1822 5510 est

207 5549 496 5619 minutus,
526 5552 597 5606 de
626 5552 981 5624 processione
1001 5552 1246 5619 divertit,
1276 5551 1373 5606 sed
1397 5565 1591 5604 omnes
1610 5547 1823 5619 pariter

205 5638 355 5696 illuc
382 5638 799 5712 ingrediuntur,
828 5656 1071 5716 moxque
1093 5640 1155 5702 hi
1176 5639 1444 5714 quijuxta
1453 5642 1604 5694 stare
1618 5636 1819 5704 solent,

499 5740 764 5809 Ριτιθι.
794 5739 915 5807 CL.

1875 3247 2135 3309 cantant;
2166 3242 2311 3295 hanc
2336 3240 2484 3295 enim
2506 3239 2615 3310 ipsi
2641 3239 2700 3292 in
2720 3239 2953 3293 ecclesia
2981 3238 3185 3309 majori
3210 3238 3470 3294 audiunt.

1876 3332 2072 3401 Itaque
2100 3330 2209 3395 his,
2246 3328 2468 3399 quibus,
2502 3332 2567 3382 ut
2590 3327 2801 3381 dictum
2831 3332 2934 3394 est,
2972 3327 3031 3381 in
3063 3327 3271 3383 minori
3296 3328 3466 3382 choro

1875 3421 2031 3473 locus
2070 3418 2285 3489 jugiter
2331 3415 2679 3483 conceditur,
2725 3416 2977 3471 illiterati
3025 3433 3085 3471 se
3120 3432 3234 3471 non
3294 3416 3475 3471 intro-

1878 3508 2131 3572 mittunt,
2164 3506 2276 3561 nisi
2306 3506 2489 3560 locum
2516 3510 2804 3559 vacantem
2829 3505 3092 3572 viderint,
3123 3510 3182 3560 et
3206 3510 3343 3560 tunc
3393 3504 3479 3560 illi

1878 3595 2178 3667 praecipue.
2211 3594 2309 3664 qui
2337 3594 2617 3648 cantando
2647 3593 2785 3647 alios
2814 3594 3039 3655 valeant
3055 3594 3269 3665 aliquid
3306 3593 3475 3663 adju-

1848 3699 2028 3736 -vare.
2072 3681 2327 3736 Ecclesiae
2369 3686 2559 3735 tamen
2603 3680 2885 3752 portarius
2929 3679 3004 3735 ibi
3039 3682 3202 3751 juxta
3248 3680 3474 3747 ostium,

1880 3771 2026 3841 quod
2052 3770 2201 3824 foras
2216 3768 2464 3841 respicit,
2496 3769 2679 3822 locum
2711 3768 2895 3834 habet,
2928 3769 3042 3823 sive
3070 3769 3146 3822 sit
3168 3768 3473 3834 litteratus,

1879 3860 1992 3913 sive
2029 3876 2160 3912 non.
2185 3858 2356 3928 Ergo,
2388 3857 2531 3911 sicut
2562 3857 2771 3910 dictum
2803 3855 3130 3917 est,litcrati
3152 3856 3473 3926 quicunque

1877 3953 2011 4002 sunt
2036 3947 2388 4012 valentiores,
2410 3946 2478 3999 ad
2511 3945 2758 4015 ejusdem
2786 3944 2941 3998 chori
2963 3943 3238 4014 parietem
3255 3948 3408 3996 stant
3420 3948 3479 3998 et

1877 4037 1983 4091 hoc
2020 4036 2336 4100 observant,
2370 4039 2434 4089 ut
2452 4050 2579 4087 cum
2608 4033 2803 4087 eadem
2825 4032 3139 4102 disciplina,
3161 4047 3272 4101 qua
3289 4036 3346 4086 et
3372 4031 3473 4097 illi,

1880 4125 1977 4197 qui
2005 4125 2063 4179 in
2096 4123 2295 4195 majori
2323 4127 2456 4177 sunt
2482 4123 2669 4188 choro,
2694 4138 2753 4175 se
2781 4120 3122 4175 contineant.
3154 4120 3263 4184 Qui
3288 4124 3479 4174 tamen

1881 4215 1986 4270 hoc
2050 4213 2259 4267 habent
2315 4211 2669 4277 relevamen,
2696 4210 2917 4279 quoties
2963 4225 3101 4279 opus
3157 4208 3479 4277 habuerint,

1881 4318 2178 4359 conversos
2207 4301 2266 4355 in
2291 4299 2470 4354 vicino
2496 4299 2706 4370 positos
2733 4315 2833 4370 pro
2876 4315 2936 4353 se
2965 4298 3036 4352 ad
3064 4298 3481 4353 interstandum

1882 4393 1969 4446 vel
1990 4391 2131 4445 alios
2155 4390 2213 4443 in
2241 4393 2505 4460 promptu
2520 4387 2746 4452 habere,
2766 4392 2823 4442 et
2848 4386 2956 4458 ipsi
2984 4403 3155 4459 super
3183 4387 3401 4454 sedilia,
3434 4386 3483 4441 si

1819 4472 1870 4532 D
1889 4498 2011 4552 qua:
2040 4479 2117 4533 ibi
2146 4495 2317 4533 vacua
2350 4477 2613 4544 viderint,
2670 4476 2855 4531 denuo
2891 4481 3129 4547 possunt
3164 4476 3478 4547 quiescere.

1890 4570 2032 4625 Sunt
2063 4583 2307 4638 namque
2335 4566 2395 4620 in
2424 4567 2621 4621 eodem
2651 4567 2819 4620 choro
2851 4571 2909 4620 et
2933 4566 3054 4620 alite
3076 4558 3256 4631 sedes,
3277 4566 3336 4619 in
3367 4565 3490 4636 qui-

1887 4658 1993 4713 bus
2019 4656 2360 4710 inﬁrmiores
2384 4672 2485 4726 pro
2526 4655 2822 4709 devitanda
2858 4654 3046 4709 standi
3085 4653 3484 4720 vicissitudine,

1887 4746 2101 4818 jugiter
2128 4745 2344 4798 sedent.
2376 4746 2532 4799 Inter
2580 4761 2720 4815 quas
2749 4749 2807 4798 et
2832 4744 3013 4797 forma
3043 4743 3117 4797 ad
3145 4743 3295 4798 idem
3348 4759 3488 4813 opus

1893 4841 1980 4891 est
2009 4835 2208 4906 posita,
2251 4833 2350 4887 sed
2375 4833 2455 4886 ita
2488 4849 2665 4895 versa,
2697 4838 2760 4887 ut
2792 4833 2889 4903 qui
2918 4848 3088 4903 super
3115 4848 3239 4886 eam
3265 4830 3486 4899 sedent,

1896 4923 2093 4978 faciem
2110 4921 2167 4976 in
2181 4921 2418 4975 eundem
2441 4921 2712 4975 minorem
2728 4921 2960 4975 chorum
2981 4936 3197 4975 versam
3217 4918 3482 4985 habeant;

1896 5012 1992 5084 qui
2023 5016 2080 5066 et
2108 5011 2166 5064 in
2191 5015 2446 5080 tempore
2477 5009 2879 5081 procumbendi
2908 5008 3115 5063 ibidem
3138 5009 3325 5078 jacent
3349 5026 3362 5060 :
3382 5006 3491 5062 nisi

1896 5100 2069 5172 aliqui
2098 5100 2247 5154 inter
2273 5115 2370 5153 eos
2409 5114 2508 5170 pro
2528 5098 2841 5152 reverentia
2868 5098 3051 5152 locum
3077 5096 3153 5150 ibi
3181 5102 3317 5151 tunc
3336 5096 3488 5167 prio-

1896 5190 2052 5244 ribus
2089 5189 2207 5244 suis
2234 5188 2371 5242 dent
2395 5206 2407 5255 ;
2436 5186 2579 5249 aliis,
2613 5186 2708 5256 qui
2737 5186 2807 5239 ad
2834 5185 3109 5256 parietem
3131 5189 3286 5239 stant
3323 5199 3494 5256 super

1898 5277 2097 5333 sedilia
2124 5283 2182 5332 et
2205 5293 2374 5348 super
2393 5280 2601 5329 terram
2629 5273 2857 5327 interim
2888 5272 3493 5344 procumbentibus.In

1900 5366 2180 5438 praedictis
2208 5365 2436 5419 sedibus
2468 5367 2742 5435 quotquot
2780 5362 2975 5416 sedere
3004 5361 3210 5425 valent,
3258 5377 3358 5432 pro
3404 5360 3495 5414 in-

1902 5456 2061 5510 dulta
2089 5453 2472 5509 misericordia
2489 5451 2854 5506 continuatim
2876 5449 3085 5521 absque
3104 5448 3371 5520 surgendi
3392 5464 3497 5502 ne-

1904 5545 2164 5600 cessitate
2174 5560 2476 5615 repausare
2488 5541 2702 5596 licitum
2722 5540 2945 5595 habent.
2971 5539 3282 5610 Aliquando
3299 5538 3492 5606 etiam,

1906 5633 2004 5706 qui
2035 5632 2220 5689 subito
2248 5632 2309 5686 in
2338 5631 2429 5687 die
2457 5630 2779 5687 inﬁrmatur
2799 5628 2871 5685 ad
2897 5628 3147 5698 missam,
3169 5627 3257 5682 vel
3293 5626 3365 5682 ad
3392 5624 3499 5681 ali-

3170 5723 3244 5789 3i
