3964 6370
485 495 652 547 quam
694 495 889 524 nurum
930 495 1049 518 aluc
1091 495 1316 514 ιιυυιιιιι.
1364 495 1631 521 “Mser..-
1671 495 1862 518 νυν---
1912 495 1970 500 _,
2019 495 2069 498 ην

485 561 687 633 majori
704 555 954 612 custodia
969 551 1184 623 positis)
1209 549 1338 600 illuc
1357 544 1545 598 intrat.
1572 549 1625 594 et
1649 546 1837 594 tamen
1859 536 2076 588 veniam

484 669 598 708 non
629 649 790 720 petit,
822 659 1002 712 neque
1051 639 1120 692 ab
1151 637 1339 705 aliquo
1370 632 1725 691 inclamatur,
1761 627 1849 679 cui
1869 632 1924 678 et
1953 640 2078 688 mox

487 739 689 811 aliquis
718 751 912 790 eorum
945 733 1125 784 locum
1153 723 1382 778 sedendi
1415 721 1529 773 dat.

1028 815 1260 870 CAPUT
1298 809 1545 878 XXXIX.

489 916 762 987 Quomodo
787 911 1118 981 podagricus
1147 908 1192 956 et
1227 900 1460 954 claudus
1485 913 1535 949 se
1565 896 1801 948 habeant
1848 893 1910 944 in
1951 906 2079 944 con-

1181 995 1344 1059 ventu
1361 1033 1371 1042 .

559 1099 579 1121 *
609 1095 685 1160 Ut
710 1095 897 1146 autem
930 1084 999 1137 ad
1029 1083 1186 1135 illum
1212 1078 1458 1139 redeam,
1492 1073 1588 1142 qui
1639 1071 1905 1141 podagra,
1938 1067 2083 1126 sicut

485 1157 696 1241 dictum
722 1185 825 1241 est,
859 1174 1088 1235 laborat,
1123 1168 1253 1222 huic
1293 1163 1616 1219 conceditur
1658 1160 1728 1212 ad
1772 1157 2077 1227 capitulum

485 1276 655 1330 etiam
677 1271 723 1324 si
751 1263 966 1332 altioris
995 1262 1059 1328 fit
1080 1257 1312 1315 ordinis,
1344 1253 1538 1305 sedere
1565 1265 1733 1318 super
1749 1245 2074 1307 scabellum,

483 1363 617 1435 quia
645 1348 1184 1413 consuetudinaliter
1211 1341 1440 1397 sedendi
1471 1339 1605 1392 ordo
1640 1334 2075 1404 hujusmodiest,

483 1419 549 1508 tit
596 1449 691 1520 qui
738 1448 870 1499 sunt
907 1436 1123 1494 altioris
1169 1431 1378 1487 ordinis
1420 1428 1653 1481 sedeant
1697 1425 1862 1491 juxta
1909 1419 2077 1489 pedes

481 1510 676 1605 domni
723 1531 944 1588 abbatis
975 1526 1061 1579 vel
1089 1521 1320 1593 prioris:
1351 1517 1552 1570 deinde
1579 1512 1838 1567 utsintin
1859 1510 2073 1569 ordine,

482 1627 672 1689 medii,
707 1623 792 1675 vel
817 1617 982 1690 primi
1008 1635 1020 1682 ;
1045 1613 1141 1666 sed
1170 1610 1240 1663 ad
1271 1605 1626 1661 refectorium
1651 1603 1706 1655 in
1728 1600 1920 1654 ordine
1950 1613 2071 1662 suo;

477 1719 539 1772 in
568 1717 810 1772 claustro
841 1713 1028 1761 autem
1069 1701 1138 1754 ad
1158 1699 1452 1752 lectionem
1493 1692 1826 1760 ubicunque,
1858 1702 2074 1756 compe-
2097 1716 2140 1774 B

480 1811 667 1861 tenter
696 1800 944 1855 sedeant.
978 1792 1084 1855 Qui
1113 1805 1242 1842 vero
1274 1787 1352 1838 ita
1375 1782 1669 1838 claudicat.
1700 1785 1762 1832 ut
1799 1782 2074 1831 sustenta-

480 1895 605 1950 culo
637 1904 826 1945 carere
865 1901 976 1950 non
1004 1881 1205 1934 valeat.
1241 1874 1378 1928 nulli
1401 1867 1738 1942 processioni
1773 1864 2027 1919 intererit
2057 1883 2070 1928 ;

477 1987 536 2039 in
573 1978 818 2050 capitulo
847 1978 904 2027 et
932 1973 989 2037 in
1019 1965 1311 2022 refectorio
1373 1961 1528 2014 sedet
1565 1959 1624 2010 in
1669 1957 1895 2010 ultimo:
1944 1953 2073 2005 inde

478 2090 602 2128 cum
637 2068 854 2122 reditur
881 2063 1000 2131 ipse
1049 2057 1282 2110 ultimus
1320 2066 1498 2119 usque
1555 2048 1614 2100 in
1667 2042 2073 2100 monasterium

478 2155 856 2228 subsequitur.
887 2149 995 2213 Qui
1035 2147 1093 2199 in
1135 2140 1342 2196 minori
1388 2140 1558 2191 choro
1594 2135 1804 2204 jugiter
1849 2131 2064 2192 sedens,

477 2218 706 2321 propter
758 2235 1160 2295 increscentem
1207 2226 1596 2297 mgritudinem
1650 2222 1720 2275 ad
1761 2218 2071 2273 matutinos

477 2307 635 2393 extra
663 2331 888 2392 secedit,
932 2328 1159 2396 propter
1189 2321 1291 2373 lioc
1320 2316 1536 2369 veniam
1570 2328 1682 2365 non
1710 2309 1848 2379 petit
1875 2327 1888 2372 ;
1931 2307 2074 2360 sicut

475 2443 580 2482 nec
603 2435 900 2477 conversus
944 2419 1073 2467 ante
1125 2410 1362 2474 chorum
1407 2410 1562 2456 stans
1619 2416 1723 2470 pro.
1761 2396 1944 2452 subito
1995 2395 2074 2446 in-

475 2511 701 2586 gruenti
733 2505 1061 2562 inﬁrmitate
1090 2499 1240 2558 facit,
1273 2495 1318 2548 si
1360 2509 1458 2563 pro
1495 2487 1827 2559 aegritudine
1875 2500 1979 2538 sua
2017 2483 2075 2536 in

475 2571 782 2659 remotiora
797 2592 1023 2648 recedit.
1043 2585 1276 2651 Quando
1300 2597 1514 2638 omnes,
1539 2577 1749 2647 absque
1771 2571 2073 2637 conversis,

477 2693 622 2748 albis
650 2688 734 2741 vel
768 2681 955 2753 cappis
985 2678 1316 2732 induuntur,
1359 2671 1635 2739 quotquot
1673 2662 1879 2716 literati
1922 2659 2076 2730 prius

475 2784 535 2836 in
559 2775 761 2834 minori
795 2773 962 2826 choro
993 2765 1378 2822 morabantur,
1411 2763 1548 2810 tunc
1589 2753 1858 2820 majorem
1887 2749 2075 2818 ingre-

476 2871 746 2932 diuntur;
780 2862 880 2916 sed
909 2858 1006 2929 qui
1048 2851 1278 2908 invalidi
1323 2852 1472 2907 sunt,
1524 2844 1908 2911 cujuscunque
1964 2837 2078 2890 sint

481 2957 713 3019 ordinis,
745 2957 870 3023 post
892 2947 1158 3003 seniores,
1187 2941 1256 2992 ad
1308 2936 1576 3007 parietem
1615 2936 1769 2986 stant
1807 2934 1864 2982 et
1907 2926 2138 3006 conti-C
2163 2934 2193 2970 a

476 3047 694 3108 nuatim
722 3041 934 3102 sedent,
969 3042 1027 3088 et
1054 3028 1310 3103 quisquis
1326 3027 1474 3078 inter
1500 3039 1594 3076 eos
1622 3017 1951 3073 imbecillior
1970 3021 2074 3080 est,

479 3139 529 3192 si
557 3105 670 3189 tale
701 3136 785 3193 est
812 3131 1044 3190 festum,
1076 3119 1321 3173 sacristze
1353 3129 1555 3182 cappas
1595 3106 1955 3166 distribuenti,
2001 3105 2076 3160 si-

478 3241 652 3297 gnum
674 3214 1019 3274 infirmitatis
1049 3226 1162 3264 sua:
1192 3209 1532 3268 monstrans,
1565 3213 1796 3267 cappam
1829 3194 2086 3263 accipere,

477 3284 770 3369 iiumiliter
795 3308 1034 3359 recusat.
1069 3299 1128 3352 Si
1156 3311 1286 3348 vero
1335 3306 1528 3345 omnes
1575 3286 1716 3339 albis
1747 3284 2076 3350 induuntur.

480 3401 765 3458 interdum
787 3397 972 3448 locum
1003 3384 1312 3442 senioribus
1361 3380 1516 3440 dant,
1562 3375 1659 3444 qui
1701 3379 1832 3426 ante
1875 3388 1968 3425 eos
2009 3370 2082 3423 ad

481 3493 720 3547 formam
747 3488 918 3546 stant,
947 3485 1002 3532 et
1029 3475 1136 3547 ipsi
1158 3471 1452 3526 stationem
1487 3466 1710 3518 illorum
1757 3461 1832 3514 ad
1871 3459 2080 3512 formas

482 3577 709 3635 interim
724 3571 1002 3642 supplent,
1038 3563 1184 3635 quod
1212 3567 1402 3613 tamen
1430 3571 1536 3607 non
1561 3551 1788 3618 faciunt,
1817 3548 1867 3602 si
1897 3548 1980 3600 illi
2010 3547 2082 3599 ad

483 3671 692 3724 formas
725 3637 1020 3730 in-c-appis,
1058 3659 1114 3707 et
1143 3650 1222 3703 illi
1251 3648 1323 3701 ad
1352 3645 1592 3715 parietes
1643 3641 1701 3693 in
1747 3637 1886 3691 albis
1924 3640 2078 3690 sunt.

485 3758 686 3814 Nullus
716 3751 812 3823 qui
833 3725 1010 3818 ca'ppa
1029 3740 1282 3797 induitur
1310 3731 1611 3804 aliquando
1661 3729 1807 3781 infra
1851 3725 2082 3778 missam

489 3813 564 3902 ad
610 3813 918 3916 parietem-
940 3813 1071 3889 stat.
1116 3831 1179 3884 In
1213 3823 1462 3897 quolibet
1487 3820 1588 3874 tali
1628 3816 1825 3880 officio,
1860 3813 2084 3884 quando

490 3933 769 4009 processio
809 3944 921 3982 non
965 3923 1168 3993 agitur,
1210 3912 1461 3969 conversi
1511 3907 1825 3969 validiores,
1875 3909 1931 3956 et
1988 3902 2084 3972 qui

491 3997 634 4081 i‘orte
667 4020 798 4092 quid
821 4021 1051 4071 cantare
1086 4009 1286 4063 sciunt.
1307 4003 1576 4055 minorem
1610 3997 1840 4049 chorum
1870 4009 1982 4044 non
2004 4008 2086 4044 re-

492 4113 697 4175 vestiti,
729 4104 1141 4178 ingrediuntur,
1199 4109 1379 4162 neque
1427 4085 1628 4157 aliquis
1681 4083 1808 4137 alba
1854 4081 2086 4134 indutus

492 4203 640 4258 infra
668 4199 916 4258 missam,
941 4193 1168 4258 excepto
1189 4184 1296 4237 nisi
1327 4182 1500 4234 lector
1544 4177 1693 4228 inter
1735 4189 1830 4225 eos
1868 4170 1943 4223 ibi
1976 4185 2091 4221 mo.-

493 4297 672 4347 ratur.

545 4367 630 4434 hSi
669 4372 890 4447 quando
920 4373 1108 4426 autem
1148 4356 1428 4432 processi-0
1457 4357 1542 4447 est
1571 4349 1786 4420 agenda
1814 4347 1871 4400 in
1900 4346 2090 4442 hujus-
2108 4384 2154 4440 D

501 4432 654 4524 modi
684 4432 851 4525 i‘esto,
899 4455 1002 4527 ipsi
1043 4466 1263 4523 quoque
1302 4447 1358 4498 in
1410 4441 1552 4496 albis
1600 4444 1820 4492 tantum
1881 4432 2084 4490 vestiti,

499 4555 740 4611 eundem
786 4549 1018 4601 chorum
1053 4545 1138 4606 (ut
1176 4537 1389 4590 dictum
1438 4534 1541 4597 est)
1600 4530 1912 4595 occupant;
1959 4538 2088 4575 nam

499 4643 690 4714 cappis
718 4649 1005 4706 nunquam
1056 4623 1427 4683 communiter
1473 4617 1803 4676 vestiuntur.
1862 4612 1921 4667 Si
1968 4610 2092 4681 quis

501 4704 635 4788 vero.
660 4748 724 4784 ex
753 4704 1012 4781 omnibus
1041 4720 1120 4772 ita
1145 4711 1438 4769 imbecillis
1469 4713 1571 4771 est,
1605 4705 1755 4775 quod
1774 4719 1890 4756 non
1913 4704 2096 4771 potest

499 4823 574 4876 ad
599 4821 824 4874 missam
863 4809 1158 4866 revestitus
1214 4801 1540 4874 perdurare,
1594 4796 1824 4863 aecepta
1869 4788 2096 4844 licentia

496 4909 753 4972 exuendi,
813 4911 968 4958 extra
1015 4899 1139 4951 ill-os
1181 4889 1394 4946 sedebit
1447 4886 1542 4956 qui
1584 4885 1640 4937 in
1684 4880 1886 4935 minori
1927 4879 2100 4932 choro.

493 4987 641 5064 sunt.
670 4992 890 5053 Lectori
924 4989 998 5042 ad
1025 4989 1326 5039 nocturnos
1367 4975 1442 5029 ad:
1485 4971 1810 5040 analogiam
1851 4966 2096 5021 venienti

493 5111 606 5152 non
643 5085 935 5143 inclinant,
968 5079 1108 5129 Sicut
1141 5086 1242 5124 nec
1272 5067 1367 5119 ille
1391 5064 1549 5134 ipsis.
1576 5063 1647 5126 At
1667 5060 1710 5113 si
1731 5057 1952 5128 quando
1970 5071 2098 5108 con-

491 5187 690 5238 ventus
719 5171 952 5228 inclinat
972 5161 1133 5217 fratri
1162 5159 1434 5226 majorem
1465 5152 1697 5204 chorum
1730 5143 2090 5214 ingredienti,

488 5254 625 5328 tunc
660 5272 717 5321 et
744 5263 828 5317 illi
851 5255 1142 5312 inclinant.
1178 5249 1436 5307 Econtra,
1463 5255 1592 5293 cum
1623 5236 1728 5307 ipsi
1759 5233 1944 5298 alicui,
2001 5230 2099 5301 qui

563 5449 668 5516 (94)
704 5434 1070 5516 Idiotadicti,
1104 5428 1199 5512 qui
1225 5425 1442 5516 litteras
1490 5437 1602 5475 non
1641 5416 1870 5471 fuerunt
1921 5411 2087 5477 docti,

486 5496 606 5577 ηοξ
619 5496 800 5570 ass.
819 5507 1109 5565 ordinibus
1121 5496 1412 5577 insigni-ti.

547 5561 800 5662 Iesu
815 5561 948 5653 ibe
963 5561 1094 5650 vita
1117 5561 1370 5651 series
1406 5561 1664 5643 clarescit
1709 5561 1868 5634 nota.
1917 5571 2090 5638 autem

1513 328 1569 382 S.
1613 322 2002 381 GUILLELMI
2041 316 2342 374 ABBA‘PIS
2381 311 2718 368 HIRSAUG.

525 491 652 532 nam
692 473 889 524 horam
930 465 1049 518 sine
1088 458 1316 514 licentia
1364 452 1631 521 (exceptis
1671 447 1971 518 juvenibus
2016 445 2069 498 in
2093 448 2134 502 Α
2158 444 2227 496 ad
2262 444 2384 495 illos
2413 437 2742 508 ingreditur,
2791 433 3080 504 inclinant,
3121 434 3257 482 tunc
3295 428 3601 480 conventus
3642 438 3759 476 non

3651 295 3758 354 9η

2157 533 2413 586 inclinat.

2765 612 2999 667 CAPUT
3036 611 3150 662 XL.

2163 713 2282 777 Qua
2310 711 2608 775 disciplina
2634 707 2811 771 frater
2833 706 2949 777 post
2976 700 3280 777 'inatutinos
3299 696 3662 777 i‘ccolylocatus.
3673 694 3765 758 ja—

2233 786 2365 847 ceat,
2398 768 2478 834 τιῖι
2503 768 2882 847 quea-tempore
2912 773 3184 837 hymnum
3224 768 3686 829 intervalliagal.

2236 872 2353 940 (eo.
2395 873 2537 932 varii
2567 865 2650 919 Ad
2682 865 2885 924 lectum
2912 864 3039 931 post
3067 855 3375 916 matutinos
3401 853 3623 912 rediens
3654 850 3763 907 ite-3

2157 1139 2276 1206 jam
2309 1152 2436 1200 esse,
2461 1133 2795 1204 proximum.
2827 1129 2870 1181 Τ
2877 1144 2983 1190 unc
3024 1124 3172 1180 enim
3211 1120 3497 1180 diurnales
3544 1118 3762 1176 calceos

2162 1205 2362 1290 induit,
2399 1230 2456 1277 et
2475 1223 2556 1280 ita
2573 1238 2631 1285 se
2653 1219 2913 1296 vestitum
2953 1215 3012 1275 in
3032 1215 3180 1271 lecto,
3213 1210 3463 1270 collocat.
3515 1209 3540 1248 ἐ
3589 1205 3764 1266 Nullo

2163 1316 2326 1378 modo
2357 1319 2545 1366 autem
2585 1328 2643 1376 se
2674 1295 2984 1368 collocabit,
3014 1303 3060 1358 si
3087 1307 3172 1360 est
3200 1306 3318 1368 tam
3349 1299 3500 1359 clara
3523 1295 3663 1359 dies,
3697 1299 3764 1356 ut

2161 1406 2347 1473 legere
2371 1401 2565 1473 possit.
2599 1403 2673 1460 At
2699 1399 2744 1452 si
2766 1403 2989 1464 tempus
3029 1390 3287 1461 hyemale
3329 1386 3550 1458 quando
3579 1385 3760 1446 inter-.-

2161 1471 2385 1556 vallum
2400 1491 2606 1558 agitur,
2641 1483 2901 1557 praetersi
2924 1498 3063 1550 Opus
3083 1479 3254 1539 habet
3281 1476 3348 1532 ad
3365 1471 3761 1544 dormitorium

2160 1583 2262 1647 ire,
2295 1581 2353 1642 in
2375 1579 2659 1641 ecclesiam
2695 1573 3013 1636 revertitur,
3049 1574 3105 1622 et
3154 1573 3450 1637 postquam
3491 1561 3759 1623 comede-7

2160 1673 2251 1735 rit,
2303 1675 2470 1739 caput
2509 1666 2706 1736 operit,
2765 1669 2821 1723 et
2858 1662 2936 1714 ita
2977 1660 3035 1720 in
3084 1655 3244 1714 sedili
3279 1670 3378 1712 suo
3438 1649 3761 1713 matutinali

2160 1738 2478 1829 exspectat;
2505 1761 2753 1824 excepto,
2791 1752 2836 1810 si
2869 1755 2954 1808 est
2997 1747 3316 1808 illiteratus,
3351 1747 3406 1803 et
3427 1746 3614 1803 custos
3663 1738 3761 1798 ali-

2157 1846 2566 1918 eujnsjuvenis
2593 1868 2601 1896 :
2629 1851 2762 1902 tunc
2786 1840 2978 1900 relicta
3008 1853 3113 1896 sua,
3141 1834 3294 1892 sede,
3330 1830 3425 1891 ubi
3466 1829 3616 1891 infra
3656 1843 3760 1889 no?

2156 1917 2382 1998 cturnos
2403 1935 2578 1995 stetit,
2603 1931 2670 1986 ad
2705 1930 2965 1986 eumdem
2988 1928 3276 1995 juvenem,
3308 1919 3404 1973 ubi
3425 1918 3498 1978 ad
3519 1917 3764 1979 formam

2155 2030 2242 2087 vel
2261 2027 2332 2084 ad
2358 2027 2564 2079 lineam
2597 2021 2771 2083 sedet,
2797 2018 2966 2079 vadit,
3000 2015 3116 2076 illo,
3147 2012 3242 2082 qui
3281 2009 3436 2079 prius
3461 2021 3634 2069 causa.
3679 2004 3761 2060 in-

2153 2115 2426 2174 terstandi
2457 2114 2578 2180 ejus
2597 2106 2932 2169 collateralis
2962 2104 3089 2168 fuit,
3129 2102 3314 2159 locum
3344 2097 3532 2158 dante.
3567 2094 3629 2156 Si
3657 2108 3757 2155 au-

2154 2212 2266 2260 tem
2294 2210 2379 2260 est
2407 2203 2680 2260 literatus,
2731 2202 2788 2250 et
2825 2196 2893 2248 ad
2931 2192 3204 2263 parietem
3245 2189 3428 2250 locum
3474 2181 3756 2246 imbuerit,

2155 2296 2364 2350 scilicet
2394 2292 2478 2344 vel
2502 2288 2732 2360 orando,
2751 2285 2838 2342 vel
2855 2299 3027 2341 sacrae
3047 2275 3404 2337 meditationi
3423 2270 3756 2335 insistendo,

2156 2385 2222 2437 ad
2258 2381 2457 2437 altaria
2480 2385 2669 2436 tamen
2699 2390 2868 2432 causa
2898 2370 3194 2442 peculiaris
3220 2366 3488 2426 orationis
3514 2381 3631 2421 non
3664 2380 3758 2430 ao-

2156 2473 2321 2533 cedit,
2347 2469 2456 2525 nisi
2493 2469 2563 2523 de
2599 2461 2948 2534 gravioribus
2997 2457 3250 2528 personis
3283 2455 3377 2512 sit.
3420 2454 3766 2522 Priusquam

2158 2563 2226 2622 de
2248 2558 2404 2616 sedili
2439 2556 2638 2625 surgit,
2672 2557 2840 2622 caput
2864 2548 3076 2618 capella
3106 2545 3375 2601 denudat.

2749 2639 2982 2698 CAPUT
3021 2634 3164 2694 XLI.

2253 2737 2526 2805 Quomodo
2556 2749 2716 2788 mane
2748 2733 2962 2795 surgat,
2996 2731 3044 2781 et
3076 2725 3219 2792 quid-
3240 2725 3434 2779 stat-z'm.
3461 2725 3658 2790 faciat.

2235 2832 2365 2889 uin.)
2381 2825 2463 2881 Ad
2486 2823 2752 2883 sonitum,
2779 2818 2877 2889 qui
2890 2815 3138 2888 diluculo.
3155 2811 3413 2881 agiturin
3430 2808 3764 2866 dormitorio

2198 2917 2232 2970 (ἱ
2259 2913 2578 2972 excitandos
2627 2912 2848 2971 fratres,
2905 2903 3383 2975 quemadmodum
3424 2900 3490 2954 ad
3537 2899 3765 2968 signum

2163 3011 2587 3064 nocturnorum,
2637 2995 3000 3069 quantociens
3043 2991 3242 3060 surgit,
3290 2995 3342 3045 et
3397 2989 3600 3052 eadem.
3643 2987 3765 3041 vice

2163 3111 2276 3162 non
2305 3093 2442 3150 alios
2473 3092 2706 3152 calceos,
2729 3102 2894 3157 quam
2928 3083 3024 3153 qui
3047 3082 3117 3135 ad
3149 3081 3302 3153 diem
3329 3078 3460 3135 facti
3494 3081 3645 3137 sunt,
3675 3076 3766 3130 in-

2163 3185 2324 3248 duit;
2356 3180 2464 3235 nisi
2492 3181 2634 3236 forte
2659 3174 2930 3250 sanguine
2962 3172 3212 3227 minutus
3254 3169 3346 3225 sit.
3395 3165 3625 3222 Cultelli
3677 3165 3768 3220 sui

2166 3267 2628 3341 secumportandi
2649 3271 2806 3322 cavet
2829 3261 3078 3334 oblivisci
3139 3260 3311 3312 Lavat
3358 3271 3577 3316 manus,
3621 3258 3678 3310 et
3719 3253 3767 3307 si

2163 3363 2299 3424 vult,
2334 3359 2530 3413 faciem
2567 3376 2579 3422 ;
2623 3372 2750 3411 cum
2794 3358 3034 3422 quatuor
3078 3345 3432 3414 manutergia
3477 3343 3763 3414 pendeant

2163 3451 2328 3504 simul
2362 3450 2418 3501 in
2448 3449 2708 3506 claustro,
2742 3458 2852 3498 non
2877 3439 3045 3507 tergit
3079 3437 3148 3493 ad
3181 3435 3352 3499 aliud,
3405 3448 3573 3502 quam
3618 3429 3768 3500 quod

2163 3539 2278 3593 suis
2307 3535 2662 3605 comparibus
2688 3529 2973 3600 competit,
3007 3526 3140 3597 quia
3155 3525 3264 3578 duo
3296 3519 3684 3580 sacerdotibus
3712 3522 3769 3571 et

2153 3624 2490 3697 diaconibus
2519 3623 2842 3679 diﬂercnter
2869 3617 3156 3686 deputata,
3189 3612 3423 3670 tertium
3471 3608 3768 3665 subdiaco-

2166 3716 2331 3769 nibus
2363 3720 2420 3767 et
2450 3711 2638 3766 idiotis
2665 3709 2799 3781 (9.4),
2833 3711 3100 3776 quartum
3138 3702 3245 3760 his.
3283 3701 3384 3770 qui
3414 3714 3620 3756 manus
3656 3713 3776 3769 non

2169 3822 2334 3858 sanas
2373 3802 2601 3856 habent.
2627 3799 2805 3856 Pectit
2852 3800 3020 3863 caput
3061 3790 3194 3858 (95)ξ
3250 3788 3468 3859 spargit
3511 3803 3574 3844 se
3621 3802 3773 3855 aqua

2168 3893 2478 3948 benedicta.
2531 3888 2691 3952 Quod
2721 3886 2772 3943 si
2805 3891 2888 3938 est
2916 3882 3217 3940 illiteratus
3262 3894 3364 3935 nec
3407 3877 3481 3935 ad
3525 3875 3774 3945 aliquem

2167 3999 2387 4038 sacrum
2415 3979 2666 4034 ordinem
2710 3980 2999 4045 promotus
3017 3983 3427 4040 quemcumque
3447 3982 3508 4022 se
3528 3964 3773 4033 ibispar-

2167 4077 2399 4142 gentem
2450 4065 2742 4125 invenerit,
2799 4062 2874 4121 ab~
2935 4061 3031 4114 illo
3079 4057 3339 4116 eamdem.
3385 4053 3774 4124 aspersionem

2171 4161 2392 4230 accipit,
2427 4158 2572 4215 sicut
2627 4160 2684 4212 et
2733 4153 2988 4224 literatus
3029 4167 3066 4206 a
3111 4146 3320 4217 quovis,
3367 4143 3468 4213 qui.
3512 4142 3572 4201 in
3615 4157 3776 4199 sacro

2173 4250 2367 4304 ordine
2398 4247 2504 4301 sibi
2535 4250 2620 4298 est
2649 4242 2846 4301 similis
2872 4240 2958 4297 vel
2997 4237 3280 4308 praelatus.
3311 4234 3374 4292 Si
3412 4231 3544 4302 quis
3578 4235 3774 4289 autem

2174 4339 2307 4391 dum
2327 4353 2386 4389 se
2415 4333 2702 4405 sparserit,
2735 4331 2980 4398 aliquem
3007 4327 3065 4378 in
3088 4341 3244 4378 sacro
3276 4322 3472 4376 ordine
3493 4321 3776 4388 majorem.

2156 4434 2286 4480 'tam
2318 4441 2489 4494 prope
2511 4418 2915 4491 supervenisse,
2933 4416 3022 4474 \tel
3059 4413 3231 4472 etiam
3261 4414 3430 4480 caput
3471 4408 3542 4461 ad
3589 4424 3778 4478 asper-

2171 4515 2416 4586 gendum
2451 4511 2556 4565 sibi
2574 4510 2870 4563 inclinasse
2905 4503 3123 4565 viderit,
3269 4497 3562 4569 spongiam
3587 4496 3773 4566 ΡΟΓΓὶο

2173 4606 2275 4675 git,
2300 4619 2475 4672 eaque
2503 4617 2620 4656 non
2639 4602 2863 4666 recepta
2891 4593 3026 4651 abit.
3059 4589 3292 4652 Juvenia
3331 4586 3545 4658 spargit
3593 4590 3777 4650 custo-

2177 4673 2303 4748 dem
2328 4708 2491 4748 suum
2524 4689 2568 4744 si
2593 4704 2705 4743 non
2727 4691 2810 4742 est
2828 4684 3104 4742 literatus,
3131 4677 3493 4752 etnenninem.
3506 4673 3773 4743 amplius.

2178 4787 2289 4852 (UD.
2318 4794 2468 4835 var.)
2499 4779 2722 4833 latrans
2770 4774 3004 4831 chorum
3034 4768 3167 4828 facit
3192 4773 3313 4825 tres.
3328 4765 3630 4828 orationes,
3658 4778 3778 4819 ma...

2179 4873 2327 4926 xime
2359 4870 2408 4923 si
2437 4866 2687 4939 potuerit
2730 4879 2852 4921 esse
2881 4861 2938 4914 in
2992 4860 3118 4918 loco
3160 4856 3261 4926 qui
3287 4871 3396 4912 suo.
3413 4851 3604 4917 ordini
3630 4867 3783 4916 come

2179 4959 2338 5030 petit,
2373 4938 2518 5028 Sicut
2546 4954 2715 5011 etiam
2747 4950 2816 5004 ad
2864 4953 3202 5010 aceturnos;
3251 4943 3344 5002 sin.
3383 4946 3592 5002 autem.
3648 4938 3786 4997 ubi—.

2181 5029 2398 5116 cunque
2427 5044 2538 5101 sibi
2566 5042 2726 5112 copia
2752 5041 2884 5112 data
2912 5037 3078 5095 fuerit
3108 5040 3223 5093 tam
3247 5036 3408 5092 extra.
3431 5045 3606 5100 quam
3631 5029 3782 5084 infra

2180 5138 2411 5196 formas,
2446 5132 2554 5186 nisi
2583 5134 2743 5201 juxta
2782 5127 3074 5190 cancellos,
3119 5122 3218 5183 ubi.
3262 5125 3490 5181 tantum.
3525 5117 3778 5176 seniores

2179 5231 2361 5280 orant.
2416 5223 2534 5278 Hoc
2565 5221 2718 5278 enim
2765 5216 3041 5288 observat,
3082 5230 3156 5272 ne
3190 5217 3326 5270 tunc
3373 5213 3535 5268 extra
3564 5207 3779 5278 formas

2179 5423 2350 5476 supra
2365 5403 2649 5468 dedimus;
2673 5415 2880 5471 nempe
2895 5393 3302 5453 monachorum
3329 5387 3516 5461 capita
3540 5403 3614 5444 ex.
3635 5385 3782 5442 inte-

2174 5496 2284 5549 gro
2305 5494 2421 5546 non
2449 5476 2620 5545 tuisse
2646 5489 2802 5543 rasa:
