  <div class='ocr_page' id='page_1' title='image "/cluster/home/n/w/nwhite01/storage/ocr_20150623/150/umn.31951002477443u/562.png"; bbox 0 0 3964 6410; ppageno 0'>
   <div class='ocr_carea' id='block_1_1' title="bbox 187 377 286 436">
    <p class='ocr_par' dir='ltr' id='par_1_1' title="bbox 187 377 286 436">
     <span class='ocr_line' id='line_1_1' title="bbox 187 377 286 436; baseline -0.02 0"><span class='ocrx_word' id='word_1_1' title='bbox 187 377 286 436; x_wconf 69' lang='lat'>973:</span> 
     </span>
    </p>
   </div>
   <div class='ocr_carea' id='block_1_2' title="bbox 1175 361 2346 426">
    <p class='ocr_par' dir='ltr' id='par_1_2' title="bbox 1175 361 2346 426">
     <span class='ocr_line' id='line_1_2' title="bbox 1175 361 2346 426; baseline -0.009 -6"><span class='ocrx_word' id='word_1_2' title='bbox 1175 365 1592 426; x_wconf 71' lang='lat' dir='ltr'>CONS-TlTUT.</span> <span class='ocrx_word' id='word_1_3' title='bbox 1638 362 1975 418; x_wconf 74' lang='lat' dir='ltr'>HlRSAUG.</span> <span class='ocrx_word' id='word_1_4' title='bbox 2017 392 2088 409; x_wconf 91' lang='lat'>—.—</span> <span class='ocrx_word' id='word_1_5' title='bbox 2125 361 2259 420; x_wconf 74' lang='lat' dir='ltr'>LTB.</span> <span class='ocrx_word' id='word_1_6' title='bbox 2303 361 2346 422; x_wconf 70' lang='lat'>1,.</span> 
     </span>
    </p>
   </div>
   <div class='ocr_carea' id='block_1_3' title="bbox 3327 361 3442 426">
    <p class='ocr_par' dir='ltr' id='par_1_3' title="bbox 3327 361 3442 426">
     <span class='ocr_line' id='line_1_3' title="bbox 3327 361 3442 426; baseline -0.009 -9"><span class='ocrx_word' id='word_1_7' title='bbox 3327 361 3442 426; x_wconf 71' lang='grc'>974</span> 
     </span>
    </p>
   </div>
   <div class='ocr_carea' id='block_1_4' title="bbox 190 485 3431 568">
    <p class='ocr_par' dir='ltr' id='par_1_4' title="bbox 190 485 3431 568">
     <span class='ocr_line' id='line_1_4' title="bbox 190 485 3431 568; baseline -0.005 -15"><span class='ocrx_word' id='word_1_8' title='bbox 190 509 311 558; x_wconf 80' lang='lat' dir='ltr'>oret.</span> <span class='ocrx_word' id='word_1_9' title='bbox 344 501 564 568; x_wconf 82' lang='lat' dir='ltr'>quando</span> <span class='ocrx_word' id='word_1_10' title='bbox 593 497 832 566; x_wconf 82' lang='lat' dir='ltr'>spatium</span> <span class='ocrx_word' id='word_1_11' title='bbox 867 496 1013 555; x_wconf 81' lang='lat' dir='ltr'>inter</span> <span class='ocrx_word' id='word_1_12' title='bbox 1045 495 1250 544; x_wconf 78' lang='lat' dir='ltr'>fornms</span> <span class='ocrx_word' id='word_1_13' title='bbox 1290 491 1466 543; x_wconf 64' lang='lat' dir='ltr'>suffici</span> <span class='ocrx_word' id='word_1_14' title='bbox 1494 508 1571 540; x_wconf 54' lang='grc' dir='ltr'>ηις</span> <span class='ocrx_word' id='word_1_15' title='bbox 1595 496 1814 556; x_wconf 86' lang='lat' dir='ltr'>appa-_\</span> <span class='ocrx_word' id='word_1_16' title='bbox 1843 486 2149 537; x_wconf 57' lang='lat' dir='ltr'>celebrans.</span> <span class='ocrx_word' id='word_1_17' title='bbox 2196 485 2309 534; x_wconf 68' lang='lat' dir='ltr'>sive</span> <span class='ocrx_word' id='word_1_18' title='bbox 2373 502 2501 535; x_wconf 73' lang='lat' dir='ltr'>non.</span> <span class='ocrx_word' id='word_1_19' title='bbox 2548 501 2670 534; x_wconf 75' lang='lat' dir='ltr'>mox</span> <span class='ocrx_word' id='word_1_20' title='bbox 2724 491 2779 534; x_wconf 87' lang='lat' dir='ltr'>ut</span> <span class='ocrx_word' id='word_1_21' title='bbox 2834 501 2861 535; x_wconf 86' lang='lat' dir='ltr'>a</span> <span class='ocrx_word' id='word_1_22' title='bbox 2919 488 3073 537; x_wconf 74' lang='lat' dir='ltr'>venia</span> <span class='ocrx_word' id='word_1_23' title='bbox 3109 491 3431 552; x_wconf 68' lang='lat' dir='ltr'>surrexerit,</span> 
     </span>
    </p>
   </div>
   <div class='ocr_carea' id='block_1_5' title="bbox 191 580 1754 651">
    <p class='ocr_par' dir='ltr' id='par_1_5' title="bbox 191 580 1754 651">
     <span class='ocr_line' id='line_1_5' title="bbox 191 580 1754 651; baseline -0.012 -8"><span class='ocrx_word' id='word_1_24' title='bbox 191 600 276 644; x_wconf 81' lang='lat' dir='ltr'>ret.</span> <span class='ocrx_word' id='word_1_25' title='bbox 314 591 470 651; x_wconf 59' lang='lat' dir='ltr'>Quod:</span> <span class='ocrx_word' id='word_1_26' title='bbox 498 589 544 640; x_wconf 80' lang='lat' dir='ltr'>si</span> <span class='ocrx_word' id='word_1_27' title='bbox 577 587 804 639; x_wconf 77' lang='lat' dir='ltr'>interizn</span> <span class='ocrx_word' id='word_1_28' title='bbox 841 586 1058 649; x_wconf 63' lang='lat' dir='ltr'>signa”</span> <span class='ocrx_word' id='word_1_29' title='bbox 1096 584 1160 633; x_wconf 82' lang='lat' dir='ltr'>ad</span> <span class='ocrx_word' id='word_1_30' title='bbox 1200 582 1429 648; x_wconf 58' lang='lat' dir='ltr'>primum</span> <span class='ocrx_word' id='word_1_31' title='bbox 1486 580 1754 646; x_wconf 62' lang='lat' dir='ltr'>pulsatur.</span> 
     </span>
    </p>
   </div>
   <div class='ocr_carea' id='block_1_6' title="bbox 189 669 1760 747">
    <p class='ocr_par' dir='ltr' id='par_1_6' title="bbox 189 669 1760 747">
     <span class='ocr_line' id='line_1_6' title="bbox 189 669 1760 747; baseline -0.01 -16"><span class='ocrx_word' id='word_1_32' title='bbox 189 681 292 747; x_wconf 79' lang='lat' dir='ltr'>ipse</span> <span class='ocrx_word' id='word_1_33' title='bbox 322 695 422 730; x_wconf 72' lang='lat' dir='ltr'>nan</span> <span class='ocrx_word' id='word_1_34' title='bbox 451 676 691 744; x_wconf 80' lang='lat' dir='ltr'>amplius</span> <span class='ocrx_word' id='word_1_35' title='bbox 726 692 776 725; x_wconf 91' lang='lat' dir='ltr'>Ill</span> <span class='ocrx_word' id='word_1_36' title='bbox 813 676 1022 723; x_wconf 74' lang='lat' dir='ltr'>oramlu</span> <span class='ocrx_word' id='word_1_37' title='bbox 1051 680 1315 721; x_wconf 83' lang='lat' dir='ltr'>moratur.</span> <span class='ocrx_word' id='word_1_38' title='bbox 1343 669 1437 720; x_wconf 82' lang='lat' dir='ltr'>sed</span> <span class='ocrx_word' id='word_1_39' title='bbox 1468 686 1592 720; x_wconf 60' lang='lat' dir='ltr'>mox</span> <span class='ocrx_word' id='word_1_40' title='bbox 1620 669 1760 717; x_wconf 69' lang='lat' dir='ltr'>tincto</span> 
     </span>
    </p>
   </div>
   <div class='ocr_carea' id='block_1_7' title="bbox 189 759 1318 826">
    <p class='ocr_par' dir='ltr' id='par_1_7' title="bbox 189 759 1318 826">
     <span class='ocr_line' id='line_1_7' title="bbox 189 759 1318 826; baseline -0.011 -5"><span class='ocrx_word' id='word_1_41' title='bbox 189 774 376 826; x_wconf 82' lang='lat' dir='ltr'>anteet</span> <span class='ocrx_word' id='word_1_42' title='bbox 400 773 551 820; x_wconf 81' lang='lat' dir='ltr'>retro</span> <span class='ocrx_word' id='word_1_43' title='bbox 582 764 652 821; x_wconf 80' lang='lat' dir='ltr'>ad</span> <span class='ocrx_word' id='word_1_44' title='bbox 684 764 866 820; x_wconf 84' lang='lat' dir='ltr'>locum</span> <span class='ocrx_word' id='word_1_45' title='bbox 901 777 1060 816; x_wconf 86' lang='lat' dir='ltr'>suum</span> <span class='ocrx_word' id='word_1_46' title='bbox 1095 759 1318 812; x_wconf 77' lang='lat' dir='ltr'>recedit.</span> 
     </span>
    </p>
   </div>
   <div class='ocr_carea' id='block_1_8' title="bbox 743 849 1191 911">
    <p class='ocr_par' dir='ltr' id='par_1_8' title="bbox 743 849 1191 911">
     <span class='ocr_line' id='line_1_8' title="bbox 743 849 1191 911; baseline -0.022 -4"><span class='ocrx_word' id='word_1_47' title='bbox 743 851 974 911; x_wconf 65' lang='lat' dir='ltr'>CAPUT</span> <span class='ocrx_word' id='word_1_48' title='bbox 1026 849 1191 908; x_wconf 68' lang='lat' dir='ltr'>XLII.</span> 
     </span>
    </p>
   </div>
   <div class='ocr_carea' id='block_1_9' title="bbox 514 939 1422 1008">
    <p class='ocr_par' dir='ltr' id='par_1_9' title="bbox 514 939 1422 1008">
     <span class='ocr_line' id='line_1_9' title="bbox 514 939 1422 1008; baseline -0.009 -14"><span class='ocrx_word' id='word_1_49' title='bbox 514 943 785 1008; x_wconf 73' lang='lat' dir='ltr'>Quomodo</span> <span class='ocrx_word' id='word_1_50' title='bbox 811 941 984 991; x_wconf 69' lang='lat' dir='ltr'>sedeat</span> <span class='ocrx_word' id='word_1_51' title='bbox 1016 939 1088 990; x_wconf 72' lang='lat' dir='ltr'>ad</span> <span class='ocrx_word' id='word_1_52' title='bbox 1120 941 1422 989; x_wconf 73' lang='lat' dir='ltr'>lectionem.</span> 
     </span>
    </p>
   </div>
   <div class='ocr_carea' id='block_1_10' title="bbox 256 1021 1768 1100">
    <p class='ocr_par' dir='ltr' id='par_1_10' title="bbox 256 1021 1768 1100">
     <span class='ocr_line' id='line_1_10' title="bbox 256 1021 1768 1100; baseline -0.009 -14"><span class='ocrx_word' id='word_1_53' title='bbox 256 1033 382 1100; x_wconf 63' lang='grc' dir='ltr'>ςυω.)</span> <span class='ocrx_word' id='word_1_54' title='bbox 417 1031 626 1090; x_wconf 80' lang='lat' dir='ltr'>Sedens</span> <span class='ocrx_word' id='word_1_55' title='bbox 661 1030 726 1082; x_wconf 85' lang='lat' dir='ltr'>ad</span> <span class='ocrx_word' id='word_1_56' title='bbox 759 1028 1079 1086; x_wconf 75' lang='lat' dir='ltr'>lectionem,</span> <span class='ocrx_word' id='word_1_57' title='bbox 1129 1026 1208 1078; x_wconf 85' lang='lat' dir='ltr'>ita</span> <span class='ocrx_word' id='word_1_58' title='bbox 1238 1025 1414 1087; x_wconf 79' lang='lat' dir='ltr'>sedet,</span> <span class='ocrx_word' id='word_1_59' title='bbox 1448 1027 1513 1076; x_wconf 89' lang='lat' dir='ltr'>ut</span> <span class='ocrx_word' id='word_1_60' title='bbox 1537 1038 1650 1073; x_wconf 86' lang='lat' dir='ltr'>una</span> <span class='ocrx_word' id='word_1_61' title='bbox 1694 1021 1768 1073; x_wconf 85' lang='lat' dir='ltr'>sit</span> 
     </span>
    </p>
   </div>
   <div class='ocr_carea' id='block_1_11' title="bbox 191 1111 1772 1184">
    <p class='ocr_par' dir='ltr' id='par_1_11' title="bbox 191 1111 1772 1184">
     <span class='ocr_line' id='line_1_11' title="bbox 191 1111 1772 1184; baseline -0.012 -4"><span class='ocrx_word' id='word_1_62' title='bbox 191 1123 313 1180; x_wconf 68' lang='lat' dir='ltr'>uha</span> <span class='ocrx_word' id='word_1_63' title='bbox 347 1122 496 1180; x_wconf 82' lang='lat' dir='ltr'>inter</span> <span class='ocrx_word' id='word_1_64' title='bbox 523 1137 601 1183; x_wconf 86' lang='lat' dir='ltr'>se,</span> <span class='ocrx_word' id='word_1_65' title='bbox 618 1125 675 1176; x_wconf 83' lang='lat' dir='ltr'>et</span> <span class='ocrx_word' id='word_1_66' title='bbox 689 1118 858 1178; x_wconf 84' lang='lat' dir='ltr'>alium</span> <span class='ocrx_word' id='word_1_67' title='bbox 877 1117 1117 1184; x_wconf 77' lang='lat' dir='ltr'>juxtase</span> <span class='ocrx_word' id='word_1_68' title='bbox 1130 1115 1440 1180; x_wconf 75' lang='lat' dir='ltr'>sedentem.</span> <span class='ocrx_word' id='word_1_69' title='bbox 1471 1111 1772 1163; x_wconf 86' lang='lat' dir='ltr'>Anteriora</span> 
     </span>
    </p>
   </div>
   <div class='ocr_carea' id='block_1_12' title="bbox 192 1199 1770 1278">
    <p class='ocr_par' dir='ltr' id='par_1_12' title="bbox 192 1199 1770 1278">
     <span class='ocr_line' id='line_1_12' title="bbox 192 1199 1770 1278; baseline -0.008 -13"><span class='ocrx_word' id='word_1_70' title='bbox 192 1210 346 1268; x_wconf 72' lang='lat' dir='ltr'>frocci.</span> <span class='ocrx_word' id='word_1_71' title='bbox 371 1209 461 1266; x_wconf 79' lang='lat' dir='ltr'>sui-</span> <span class='ocrx_word' id='word_1_72' title='bbox 486 1224 709 1278; x_wconf 74' lang='lat' dir='ltr'>semper-</span> <span class='ocrx_word' id='word_1_73' title='bbox 734 1207 816 1269; x_wconf 81' lang='lat' dir='ltr'>ita</span> <span class='ocrx_word' id='word_1_74' title='bbox 861 1205 921 1264; x_wconf 84' lang='lat' dir='ltr'>in</span> <span class='ocrx_word' id='word_1_75' title='bbox 964 1203 1250 1274; x_wconf 82' lang='lat' dir='ltr'>gremium</span> <span class='ocrx_word' id='word_1_76' title='bbox 1283 1201 1474 1263; x_wconf 71' lang='lat' dir='ltr'>trahit,</span> <span class='ocrx_word' id='word_1_77' title='bbox 1515 1207 1576 1252; x_wconf 91' lang='lat' dir='ltr'>ut</span> <span class='ocrx_word' id='word_1_78' title='bbox 1603 1199 1770 1272; x_wconf 81' lang='lat' dir='ltr'>pedes</span> 
     </span>
    </p>
   </div>
   <div class='ocr_carea' id='block_1_13' title="bbox 191 1287 1773 1365">
    <p class='ocr_par' dir='ltr' id='par_1_13' title="bbox 191 1287 1773 1365">
     <span class='ocr_line' id='line_1_13' title="bbox 191 1287 1773 1365; baseline -0.011 -9"><span class='ocrx_word' id='word_1_79' title='bbox 191 1298 320 1356; x_wconf 79' lang='lat' dir='ltr'>bene</span> <span class='ocrx_word' id='word_1_80' title='bbox 370 1297 544 1358; x_wconf 79' lang='lat' dir='ltr'>videri</span> <span class='ocrx_word' id='word_1_81' title='bbox 594 1296 809 1365; x_wconf 70' lang='lat' dir='ltr'>pessiut</span> <span class='ocrx_word' id='word_1_82' title='bbox 837 1293 971 1360; x_wconf 76' lang='lat'>(96).</span> <span class='ocrx_word' id='word_1_83' title='bbox 1014 1293 1252 1346; x_wconf 86' lang='lat' dir='ltr'>Girones</span> <span class='ocrx_word' id='word_1_84' title='bbox 1295 1307 1515 1361; x_wconf 83' lang='lat' dir='ltr'>quoque</span> <span class='ocrx_word' id='word_1_85' title='bbox 1561 1287 1773 1358; x_wconf 77' lang='lat' dir='ltr'>colligit</span> 
     </span>
    </p>
   </div>
   <div class='ocr_carea' id='block_1_14' title="bbox 192 1376 1770 1456">
    <p class='ocr_par' dir='ltr' id='par_1_14' title="bbox 192 1376 1770 1456">
     <span class='ocr_line' id='line_1_14' title="bbox 192 1376 1770 1456; baseline -0.011 -11"><span class='ocrx_word' id='word_1_86' title='bbox 192 1388 458 1456; x_wconf 76' lang='lat' dir='ltr'>utrinque,</span> <span class='ocrx_word' id='word_1_87' title='bbox 474 1393 536 1440; x_wconf 89' lang='lat' dir='ltr'>ut</span> <span class='ocrx_word' id='word_1_88' title='bbox 557 1401 674 1444; x_wconf 70' lang='lat' dir='ltr'>non.</span> <span class='ocrx_word' id='word_1_89' title='bbox 698 1383 936 1453; x_wconf 67' lang='lat' dir='ltr'>sparsim</span> <span class='ocrx_word' id='word_1_90' title='bbox 957 1382 1183 1450; x_wconf 80' lang='lat' dir='ltr'>jaceant</span> <span class='ocrx_word' id='word_1_91' title='bbox 1205 1381 1269 1434; x_wconf 70' lang='lat' dir='ltr'>in,</span> <span class='ocrx_word' id='word_1_92' title='bbox 1293 1387 1462 1433; x_wconf 85' lang='lat' dir='ltr'>terra.</span> <span class='ocrx_word' id='word_1_93' title='bbox 1495 1380 1512 1399; x_wconf 78' lang='lat'>&#39;</span> <span class='ocrx_word' id='word_1_94' title='bbox 1537 1376 1770 1446; x_wconf 82' lang='lat' dir='ltr'>Quando</span> 
     </span>
    </p>
   </div>
   <div class='ocr_carea' id='block_1_15' title="bbox 193 1464 1774 1534">
    <p class='ocr_par' dir='ltr' id='par_1_15' title="bbox 193 1464 1774 1534">
     <span class='ocr_line' id='line_1_15' title="bbox 193 1464 1774 1534; baseline -0.009 -4"><span class='ocrx_word' id='word_1_95' title='bbox 193 1477 462 1534; x_wconf 77' lang='lat' dir='ltr'>sedentem</span> <span class='ocrx_word' id='word_1_96' title='bbox 493 1473 707 1532; x_wconf 78' lang='lat' dir='ltr'>invenit</span> <span class='ocrx_word' id='word_1_97' title='bbox 734 1478 864 1531; x_wconf 81' lang='lat' dir='ltr'>ante</span> <span class='ocrx_word' id='word_1_98' title='bbox 912 1486 990 1532; x_wconf 78' lang='lat' dir='ltr'>se,</span> <span class='ocrx_word' id='word_1_99' title='bbox 1026 1470 1284 1530; x_wconf 82' lang='lat' dir='ltr'>inclinat,</span> <span class='ocrx_word' id='word_1_100' title='bbox 1305 1473 1362 1522; x_wconf 87' lang='lat' dir='ltr'>et</span> <span class='ocrx_word' id='word_1_101' title='bbox 1393 1468 1496 1520; x_wconf 85' lang='lat' dir='ltr'>hoc</span> <span class='ocrx_word' id='word_1_102' title='bbox 1524 1467 1658 1520; x_wconf 90' lang='lat' dir='ltr'>item</span> <span class='ocrx_word' id='word_1_103' title='bbox 1690 1464 1774 1516; x_wconf 88' lang='lat' dir='ltr'>illi</span> 
     </span>
    </p>
   </div>
   <div class='ocr_carea' id='block_1_16' title="bbox 195 1552 1776 1633">
    <p class='ocr_par' dir='ltr' id='par_1_16' title="bbox 195 1552 1776 1633">
     <span class='ocr_line' id='line_1_16' title="bbox 195 1552 1776 1633; baseline -0.011 -12"><span class='ocrx_word' id='word_1_104' title='bbox 195 1565 408 1627; x_wconf 73' lang='lat' dir='ltr'>faciunt,</span> <span class='ocrx_word' id='word_1_105' title='bbox 445 1564 546 1633; x_wconf 66' lang='lat' dir='ltr'>qui,</span> <span class='ocrx_word' id='word_1_106' title='bbox 579 1562 826 1632; x_wconf 74' lang='lat' dir='ltr'>proxime</span> <span class='ocrx_word' id='word_1_107' title='bbox 869 1560 949 1612; x_wconf 83' lang='lat' dir='ltr'>illi</span> <span class='ocrx_word' id='word_1_108' title='bbox 982 1559 1332 1614; x_wconf 86' lang='lat' dir='ltr'>collaterales</span> <span class='ocrx_word' id='word_1_109' title='bbox 1365 1562 1510 1614; x_wconf 88' lang='lat' dir='ltr'>sunt.</span> <span class='ocrx_word' id='word_1_110' title='bbox 1551 1552 1776 1608; x_wconf 86' lang='lat' dir='ltr'>etiamsi</span> 
     </span>
    </p>
   </div>
   <div class='ocr_carea' id='block_1_17' title="bbox 193 1641 1779 1721">
    <p class='ocr_par' dir='ltr' id='par_1_17' title="bbox 193 1641 1779 1721">
     <span class='ocr_line' id='line_1_17' title="bbox 193 1641 1779 1721; baseline -0.005 -15"><span class='ocrx_word' id='word_1_111' title='bbox 193 1654 520 1721; x_wconf 62' lang='lat' dir='ltr'>velataque</span> <span class='ocrx_word' id='word_1_112' title='bbox 534 1651 625 1708; x_wconf 77' lang='lat' dir='ltr'>vel</span> <span class='ocrx_word' id='word_1_113' title='bbox 641 1651 911 1711; x_wconf 81' lang='lat' dir='ltr'>alteruter</span> <span class='ocrx_word' id='word_1_114' title='bbox 932 1665 1124 1703; x_wconf 87' lang='lat' dir='ltr'>eorum</span> <span class='ocrx_word' id='word_1_115' title='bbox 1144 1653 1388 1700; x_wconf 88' lang='lat' dir='ltr'>remotus</span> <span class='ocrx_word' id='word_1_116' title='bbox 1410 1644 1483 1697; x_wconf 91' lang='lat' dir='ltr'>sit</span> <span class='ocrx_word' id='word_1_117' title='bbox 1504 1660 1601 1713; x_wconf 86' lang='lat' dir='ltr'>per</span> <span class='ocrx_word' id='word_1_118' title='bbox 1621 1641 1779 1698; x_wconf 78' lang='lat' dir='ltr'>aliud</span> 
     </span>
    </p>
   </div>
   <div class='ocr_carea' id='block_1_18' title="bbox 192 1733 1771 1810">
    <p class='ocr_par' dir='ltr' id='par_1_18' title="bbox 192 1733 1771 1810">
     <span class='ocr_line' id='line_1_18' title="bbox 192 1733 1771 1810; baseline -0.009 -14"><span class='ocrx_word' id='word_1_119' title='bbox 192 1741 595 1810; x_wconf 69' lang='lat' dir='ltr'>bngiusculum</span> <span class='ocrx_word' id='word_1_120' title='bbox 624 1739 870 1808; x_wconf 76' lang='lat' dir='ltr'>spatium</span> <span class='ocrx_word' id='word_1_121' title='bbox 935 1737 1092 1801; x_wconf 71' lang='lat' dir='ltr'>Quod</span> <span class='ocrx_word' id='word_1_122' title='bbox 1127 1752 1238 1788; x_wconf 85' lang='lat' dir='ltr'>non</span> <span class='ocrx_word' id='word_1_123' title='bbox 1269 1735 1452 1786; x_wconf 89' lang='lat' dir='ltr'>solum</span> <span class='ocrx_word' id='word_1_124' title='bbox 1495 1733 1771 1792; x_wconf 79' lang='lat' dir='ltr'>observat,</span> 
     </span>
    </p>
   </div>
   <div class='ocr_carea' id='block_1_19' title="bbox 1845 574 2450 626">
    <p class='ocr_par' dir='ltr' id='par_1_19' title="bbox 1845 574 2450 626">
     <span class='ocr_line' id='line_1_19' title="bbox 1845 574 2450 626; baseline -0.01 0"><span class='ocrx_word' id='word_1_125' title='bbox 1845 577 1935 626; x_wconf 55' lang='lat' dir='ltr'>ill“</span> <span class='ocrx_word' id='word_1_126' title='bbox 1959 577 2100 625; x_wconf 74' lang='lat' dir='ltr'>:llit&#39;l&#39;</span> <span class='ocrx_word' id='word_1_127' title='bbox 2122 575 2184 622; x_wconf 85' lang='lat' dir='ltr'>:l&#39;l</span> <span class='ocrx_word' id='word_1_128' title='bbox 2221 594 2246 620; x_wconf 74' lang='lat' dir='ltr'>i&#39;</span> <span class='ocrx_word' id='word_1_129' title='bbox 2272 574 2450 624; x_wconf 52' lang='lat' dir='ltr'>anilem</span> 
     </span>
    </p>
   </div>
   <div class='ocr_carea' id='block_1_20' title="bbox 2500 575 3430 640">
    <p class='ocr_par' dir='ltr' id='par_1_20' title="bbox 2500 575 3430 640">
     <span class='ocr_line' id='line_1_20' title="bbox 2500 575 3430 640; baseline 0.013 -21"><span class='ocrx_word' id='word_1_130' title='bbox 2500 593 2512 617; x_wconf 67' lang='grc' dir='ltr'>ἰ</span> <span class='ocrx_word' id='word_1_131' title='bbox 2547 592 2648 623; x_wconf 53' lang='lat' dir='ltr'>‘na</span> <span class='ocrx_word' id='word_1_132' title='bbox 2682 592 2708 622; x_wconf 70' lang='grc' dir='ltr'>ι)</span> <span class='ocrx_word' id='word_1_133' title='bbox 2748 575 2997 628; x_wconf 66' lang='grc' dir='ltr'>ξιιξῙιΨΗῖ.</span> <span class='ocrx_word' id='word_1_134' title='bbox 3034 577 3098 623; x_wconf 62' lang='lat' dir='ltr'>de</span> <span class='ocrx_word' id='word_1_135' title='bbox 3133 597 3236 640; x_wconf 68' lang='grc' dir='ltr'>ιιιιιι</span> <span class='ocrx_word' id='word_1_136' title='bbox 3267 581 3430 631; x_wconf 63' lang='lat' dir='ltr'>“tiam</span> 
     </span>
    </p>
   </div>
   <div class='ocr_carea' id='block_1_21' title="bbox 1850 664 3434 736">
    <p class='ocr_par' dir='ltr' id='par_1_21' title="bbox 1850 664 3434 736">
     <span class='ocr_line' id='line_1_21' title="bbox 1850 664 3434 736; baseline 0.004 -23"><span class='ocrx_word' id='word_1_137' title='bbox 1850 664 2118 731; x_wconf 61' lang='lat' dir='ltr'>upmunis</span> <span class='ocrx_word' id='word_1_138' title='bbox 2172 666 2238 712; x_wconf 75' lang='lat' dir='ltr'>ab</span> <span class='ocrx_word' id='word_1_139' title='bbox 2293 665 2394 713; x_wconf 69' lang='lat' dir='ltr'>isto</span> <span class='ocrx_word' id='word_1_140' title='bbox 2445 673 2510 712; x_wconf 72' lang='lat' dir='ltr'>sit</span> <span class='ocrx_word' id='word_1_141' title='bbox 2566 678 2912 714; x_wconf 64' lang='lat' dir='ltr'>susielmnus</span> <span class='ocrx_word' id='word_1_142' title='bbox 2992 683 3095 716; x_wconf 69' lang='lat' dir='ltr'>Ihm</span> <span class='ocrx_word' id='word_1_143' title='bbox 3147 684 3204 718; x_wconf 77' lang='lat' dir='ltr'>se</span> <span class='ocrx_word' id='word_1_144' title='bbox 3253 670 3434 736; x_wconf 68' lang='lat' dir='ltr'>erigit,</span> 
     </span>
    </p>
   </div>
   <div class='ocr_carea' id='block_1_22' title="bbox 1848 752 3442 824">
    <p class='ocr_par' dir='ltr' id='par_1_22' title="bbox 1848 752 3442 824">
     <span class='ocr_line' id='line_1_22' title="bbox 1848 752 3442 824; baseline 0.004 -22"><span class='ocrx_word' id='word_1_145' title='bbox 1848 753 2171 824; x_wconf 70' lang='lat' dir='ltr'>priusquam</span> <span class='ocrx_word' id='word_1_146' title='bbox 2208 761 2260 802; x_wconf 82' lang='lat' dir='ltr'>ct</span> <span class='ocrx_word' id='word_1_147' title='bbox 2295 752 2368 802; x_wconf 89' lang='lat' dir='ltr'>illi</span> <span class='ocrx_word' id='word_1_148' title='bbox 2404 752 2791 815; x_wconf 64' lang='lat' dir='ltr'>interroganti,</span> <span class='ocrx_word' id='word_1_149' title='bbox 2829 770 2944 802; x_wconf 65' lang='lat' dir='ltr'>mm.</span> <span class='ocrx_word' id='word_1_150' title='bbox 2988 759 3168 818; x_wconf 60' lang='grc' dir='ltr'>(πίνω,</span> <span class='ocrx_word' id='word_1_151' title='bbox 3217 772 3256 805; x_wconf 85' lang='lat' dir='ltr'>r.</span> <span class='ocrx_word' id='word_1_152' title='bbox 3281 773 3442 824; x_wconf 82' lang='lat' dir='ltr'>spon-</span> 
     </span>
    </p>
   </div>
   <div class='ocr_carea' id='block_1_23' title="bbox 1847 839 3443 910">
    <p class='ocr_par' dir='ltr' id='par_1_23' title="bbox 1847 839 3443 910">
     <span class='ocr_line' id='line_1_23' title="bbox 1847 839 3443 910; baseline 0.004 -18"><span class='ocrx_word' id='word_1_153' title='bbox 1847 840 2128 901; x_wconf 74' lang='lat' dir='ltr'>derit.Qui</span> <span class='ocrx_word' id='word_1_154' title='bbox 2164 846 2220 890; x_wconf 90' lang='lat' dir='ltr'>ct</span> <span class='ocrx_word' id='word_1_155' title='bbox 2249 840 2316 890; x_wconf 84' lang='lat' dir='ltr'>ad</span> <span class='ocrx_word' id='word_1_156' title='bbox 2348 839 2606 890; x_wconf 79' lang='lat' dir='ltr'>ultimum</span> <span class='ocrx_word' id='word_1_157' title='bbox 2630 846 2920 908; x_wconf 78' lang='lat' dir='ltr'>postquam</span> <span class='ocrx_word' id='word_1_158' title='bbox 2947 841 3024 892; x_wconf 88' lang='lat' dir='ltr'>illi</span> <span class='ocrx_word' id='word_1_159' title='bbox 3058 845 3443 910; x_wconf 74' lang='lat' dir='ltr'>pmnltcntiam</span> 
     </span>
    </p>
   </div>
   <div class='ocr_carea' id='block_1_24' title="bbox 1848 927 3442 999">
    <p class='ocr_par' dir='ltr' id='par_1_24' title="bbox 1848 927 3442 999">
     <span class='ocr_line' id='line_1_24' title="bbox 1848 927 3442 999; baseline 0.002 -18"><span class='ocrx_word' id='word_1_160' title='bbox 1848 947 1948 998; x_wconf 88' lang='lat' dir='ltr'>pro</span> <span class='ocrx_word' id='word_1_161' title='bbox 1979 928 2244 986; x_wconf 68' lang='lat' dir='ltr'>Confessis</span> <span class='ocrx_word' id='word_1_162' title='bbox 2279 927 2495 990; x_wconf 74' lang='lat' dir='ltr'>indixit,</span> <span class='ocrx_word' id='word_1_163' title='bbox 2532 928 2700 979; x_wconf 80' lang='lat' dir='ltr'>etiam</span> <span class='ocrx_word' id='word_1_164' title='bbox 2736 946 2793 980; x_wconf 87' lang='lat' dir='ltr'>se</span> <span class='ocrx_word' id='word_1_165' title='bbox 2827 929 2894 980; x_wconf 90' lang='lat' dir='ltr'>de</span> <span class='ocrx_word' id='word_1_166' title='bbox 2926 931 3164 999; x_wconf 87' lang='lat' dir='ltr'>propriis</span> <span class='ocrx_word' id='word_1_167' title='bbox 3207 933 3442 988; x_wconf 77' lang='lat' dir='ltr'>excessi-</span> 
     </span>
    </p>
   </div>
   <div class='ocr_carea' id='block_1_25' title="bbox 1849 1016 3443 1090">
    <p class='ocr_par' dir='ltr' id='par_1_25' title="bbox 1849 1016 3443 1090">
     <span class='ocr_line' id='line_1_25' title="bbox 1849 1016 3443 1090; baseline 0.004 -21"><span class='ocrx_word' id='word_1_168' title='bbox 1849 1018 1952 1069; x_wconf 85' lang='lat' dir='ltr'>bus</span> <span class='ocrx_word' id='word_1_169' title='bbox 1975 1033 2243 1069; x_wconf 80' lang='lat' dir='ltr'>accusans</span> <span class='ocrx_word' id='word_1_170' title='bbox 2276 1016 2344 1068; x_wconf 88' lang='lat' dir='ltr'>ab</span> <span class='ocrx_word' id='word_1_171' title='bbox 2375 1016 2469 1067; x_wconf 89' lang='lat' dir='ltr'>illo</span> <span class='ocrx_word' id='word_1_172' title='bbox 2488 1016 2697 1084; x_wconf 88' lang='lat' dir='ltr'>aliquid</span> <span class='ocrx_word' id='word_1_173' title='bbox 2724 1033 2822 1084; x_wconf 91' lang='lat' dir='ltr'>pro</span> <span class='ocrx_word' id='word_1_174' title='bbox 2840 1018 3172 1085; x_wconf 66' lang='lat' dir='ltr'>poenitentia</span> <span class='ocrx_word' id='word_1_175' title='bbox 3190 1022 3443 1090; x_wconf 78' lang='lat' dir='ltr'>accipiet.</span> 
     </span>
    </p>
   </div>
   <div class='ocr_carea' id='block_1_26' title="bbox 1852 1105 3446 1167">
    <p class='ocr_par' dir='ltr' id='par_1_26' title="bbox 1852 1105 3446 1167">
     <span class='ocr_line' id='line_1_26' title="bbox 1852 1105 3446 1167; baseline 0.001 -8"><span class='ocrx_word' id='word_1_176' title='bbox 1852 1108 2007 1164; x_wconf 77' lang='lat' dir='ltr'>Hanc</span> <span class='ocrx_word' id='word_1_177' title='bbox 2031 1112 2221 1159; x_wconf 83' lang='lat' dir='ltr'>tamen</span> <span class='ocrx_word' id='word_1_178' title='bbox 2245 1105 2637 1157; x_wconf 75' lang='lat' dir='ltr'>discretionem</span> <span class='ocrx_word' id='word_1_179' title='bbox 2665 1105 2722 1156; x_wconf 90' lang='lat' dir='ltr'>in</span> <span class='ocrx_word' id='word_1_180' title='bbox 2750 1105 2851 1156; x_wconf 87' lang='lat' dir='ltr'>hac</span> <span class='ocrx_word' id='word_1_181' title='bbox 2873 1113 3066 1164; x_wconf 86' lang='lat' dir='ltr'>mutua</span> <span class='ocrx_word' id='word_1_182' title='bbox 3095 1109 3446 1167; x_wconf 77' lang='lat' dir='ltr'>confessione</span> 
     </span>
    </p>
   </div>
   <div class='ocr_carea' id='block_1_27' title="bbox 1851 1194 3449 1258">
    <p class='ocr_par' dir='ltr' id='par_1_27' title="bbox 1851 1194 3449 1258">
     <span class='ocr_line' id='line_1_27' title="bbox 1851 1194 3449 1258; baseline 0.002 -12"><span class='ocrx_word' id='word_1_183' title='bbox 1851 1194 2082 1256; x_wconf 83' lang='lat' dir='ltr'>habens,</span> <span class='ocrx_word' id='word_1_184' title='bbox 2112 1200 2174 1247; x_wconf 90' lang='lat' dir='ltr'>ut</span> <span class='ocrx_word' id='word_1_185' title='bbox 2205 1194 2250 1246; x_wconf 92' lang='lat' dir='ltr'>si</span> <span class='ocrx_word' id='word_1_186' title='bbox 2283 1194 2374 1246; x_wconf 93' lang='lat' dir='ltr'>ille</span> <span class='ocrx_word' id='word_1_187' title='bbox 2424 1194 2688 1248; x_wconf 86' lang='lat' dir='ltr'>sacerdos.</span> <span class='ocrx_word' id='word_1_188' title='bbox 2724 1209 2757 1244; x_wconf 89' lang='lat' dir='ltr'>a</span> <span class='ocrx_word' id='word_1_189' title='bbox 2798 1194 3002 1247; x_wconf 90' lang='lat' dir='ltr'>domno</span> <span class='ocrx_word' id='word_1_190' title='bbox 3047 1195 3247 1250; x_wconf 83' lang='lat' dir='ltr'>abbate</span> <span class='ocrx_word' id='word_1_191' title='bbox 3300 1199 3449 1258; x_wconf 73' lang='lat' dir='ltr'>inter</span> 
     </span>
    </p>
   </div>
   <div class='ocr_carea' id='block_1_28' title="bbox 1854 1283 3459 1352">
    <p class='ocr_par' dir='ltr' id='par_1_28' title="bbox 1854 1283 3459 1352">
     <span class='ocr_line' id='line_1_28' title="bbox 1854 1283 3459 1352; baseline 0.003 -16"><span class='ocrx_word' id='word_1_192' title='bbox 1854 1284 1992 1337; x_wconf 88' lang='lat' dir='ltr'>alios</span> <span class='ocrx_word' id='word_1_193' title='bbox 2024 1284 2366 1338; x_wconf 83' lang='lat' dir='ltr'>confessores</span> <span class='ocrx_word' id='word_1_194' title='bbox 2399 1289 2724 1335; x_wconf 79' lang='lat' dir='ltr'>numeratus</span> <span class='ocrx_word' id='word_1_195' title='bbox 2755 1288 2857 1346; x_wconf 81' lang='lat' dir='ltr'>est,</span> <span class='ocrx_word' id='word_1_196' title='bbox 2882 1283 2986 1336; x_wconf 85' lang='lat' dir='ltr'>iste</span> <span class='ocrx_word' id='word_1_197' title='bbox 3017 1286 3321 1346; x_wconf 85' lang='lat' dir='ltr'>occultiora</span> <span class='ocrx_word' id='word_1_198' title='bbox 3346 1306 3459 1352; x_wconf 72' lang='lat' dir='ltr'>sua</span> 
     </span>
    </p>
   </div>
   <div class='ocr_carea' id='block_1_29' title="bbox 1855 1371 3457 1442">
    <p class='ocr_par' dir='ltr' id='par_1_29' title="bbox 1855 1371 3457 1442">
     <span class='ocr_line' id='line_1_29' title="bbox 1855 1371 3457 1442; baseline 0.005 -17"><span class='ocrx_word' id='word_1_199' title='bbox 1855 1389 1955 1442; x_wconf 90' lang='lat' dir='ltr'>pro</span> <span class='ocrx_word' id='word_1_200' title='bbox 1986 1377 2048 1424; x_wconf 91' lang='lat' dir='ltr'>ut</span> <span class='ocrx_word' id='word_1_201' title='bbox 2073 1378 2206 1430; x_wconf 87' lang='lat' dir='ltr'>tunc</span> <span class='ocrx_word' id='word_1_202' title='bbox 2232 1371 2336 1423; x_wconf 83' lang='lat' dir='ltr'>sibi</span> <span class='ocrx_word' id='word_1_203' title='bbox 2369 1371 2544 1422; x_wconf 90' lang='lat' dir='ltr'>visum</span> <span class='ocrx_word' id='word_1_204' title='bbox 2576 1371 2766 1424; x_wconf 85' lang='lat' dir='ltr'>fuerit.</span> <span class='ocrx_word' id='word_1_205' title='bbox 2797 1371 2875 1423; x_wconf 86' lang='lat' dir='ltr'>illi</span> <span class='ocrx_word' id='word_1_206' title='bbox 2902 1373 3112 1440; x_wconf 85' lang='lat' dir='ltr'>pandat</span> <span class='ocrx_word' id='word_1_207' title='bbox 3138 1394 3149 1440; x_wconf 85' lang='lat'><strong>;</strong></span> <span class='ocrx_word' id='word_1_208' title='bbox 3182 1376 3228 1428; x_wconf 89' lang='lat' dir='ltr'>si</span> <span class='ocrx_word' id='word_1_209' title='bbox 3259 1381 3457 1438; x_wconf 83' lang='lat' dir='ltr'>tamen</span> 
     </span>
    </p>
   </div>
   <div class='ocr_carea' id='block_1_30' title="bbox 1853 1459 3442 1529">
    <p class='ocr_par' dir='ltr' id='par_1_30' title="bbox 1853 1459 3442 1529">
     <span class='ocr_line' id='line_1_30' title="bbox 1853 1459 3442 1529; baseline 0.004 -17"><span class='ocrx_word' id='word_1_210' title='bbox 1853 1469 1987 1516; x_wconf 91' lang='lat' dir='ltr'>tunc</span> <span class='ocrx_word' id='word_1_211' title='bbox 2026 1460 2429 1514; x_wconf 87' lang='lat' dir='ltr'>confessionem</span> <span class='ocrx_word' id='word_1_212' title='bbox 2461 1459 2641 1518; x_wconf 86' lang='lat' dir='ltr'>facere</span> <span class='ocrx_word' id='word_1_213' title='bbox 2672 1460 2826 1529; x_wconf 84' lang='lat' dir='ltr'>prius</span> <span class='ocrx_word' id='word_1_214' title='bbox 2855 1478 3042 1516; x_wconf 84' lang='lat' dir='ltr'>secum</span> <span class='ocrx_word' id='word_1_215' title='bbox 3073 1463 3442 1527; x_wconf 75' lang='lat' dir='ltr'>deliberabat.</span> 
     </span>
    </p>
   </div>
   <div class='ocr_carea' id='block_1_31' title="bbox 1858 1548 3460 1619">
    <p class='ocr_par' dir='ltr' id='par_1_31' title="bbox 1858 1548 3460 1619">
     <span class='ocr_line' id='line_1_31' title="bbox 1858 1548 3460 1619; baseline 0.003 -17"><span class='ocrx_word' id='word_1_216' title='bbox 1858 1550 1916 1606; x_wconf 90' lang='lat' dir='ltr'>Si</span> <span class='ocrx_word' id='word_1_217' title='bbox 1963 1555 2150 1604; x_wconf 84' lang='lat' dir='ltr'>autem</span> <span class='ocrx_word' id='word_1_218' title='bbox 2201 1549 2347 1602; x_wconf 90' lang='lat' dir='ltr'>idem</span> <span class='ocrx_word' id='word_1_219' title='bbox 2397 1548 2656 1602; x_wconf 80' lang='lat' dir='ltr'>sacerdos</span> <span class='ocrx_word' id='word_1_220' title='bbox 2710 1549 2775 1600; x_wconf 88' lang='lat' dir='ltr'>ad</span> <span class='ocrx_word' id='word_1_221' title='bbox 2832 1550 3155 1619; x_wconf 61' lang='lat' dir='ltr'>huiusmodi</span> <span class='ocrx_word' id='word_1_222' title='bbox 3206 1553 3460 1616; x_wconf 78' lang='lat' dir='ltr'>officium</span> 
     </span>
    </p>
   </div>
   <div class='ocr_carea' id='block_1_32' title="bbox 1857 1637 3457 1708">
    <p class='ocr_par' dir='ltr' id='par_1_32' title="bbox 1857 1637 3457 1708">
     <span class='ocr_line' id='line_1_32' title="bbox 1857 1637 3457 1708; baseline 0.005 -18"><span class='ocrx_word' id='word_1_223' title='bbox 1857 1639 2158 1708; x_wconf 83' lang='lat' dir='ltr'>(leputatus</span> <span class='ocrx_word' id='word_1_224' title='bbox 2204 1654 2319 1694; x_wconf 87' lang='lat' dir='ltr'>non</span> <span class='ocrx_word' id='word_1_225' title='bbox 2363 1642 2464 1699; x_wconf 90' lang='lat' dir='ltr'>est,</span> <span class='ocrx_word' id='word_1_226' title='bbox 2508 1637 2613 1691; x_wconf 90' lang='lat' dir='ltr'>iste</span> <span class='ocrx_word' id='word_1_227' title='bbox 2661 1639 2984 1694; x_wconf 82' lang='lat' dir='ltr'>summatim</span> <span class='ocrx_word' id='word_1_228' title='bbox 3032 1645 3088 1694; x_wconf 89' lang='lat' dir='ltr'>et</span> <span class='ocrx_word' id='word_1_229' title='bbox 3126 1640 3368 1703; x_wconf 75' lang='lat' dir='ltr'>breviter</span> <span class='ocrx_word' id='word_1_230' title='bbox 3397 1643 3457 1698; x_wconf 91' lang='lat' dir='ltr'>in</span> 
     </span>
    </p>
   </div>
   <div class='ocr_carea' id='block_1_33' title="bbox 1859 1726 3464 1802">
    <p class='ocr_par' dir='ltr' id='par_1_33' title="bbox 1859 1726 3464 1802">
     <span class='ocr_line' id='line_1_33' title="bbox 1859 1726 3464 1802; baseline 0.002 -22"><span class='ocrx_word' id='word_1_231' title='bbox 1859 1727 2050 1787; x_wconf 84' lang='lat' dir='ltr'>multis</span> <span class='ocrx_word' id='word_1_232' title='bbox 2093 1726 2394 1795; x_wconf 84' lang='lat' dir='ltr'>deliquisse</span> <span class='ocrx_word' id='word_1_233' title='bbox 2423 1743 2609 1784; x_wconf 86' lang='lat' dir='ltr'>coram</span> <span class='ocrx_word' id='word_1_234' title='bbox 2653 1726 2890 1784; x_wconf 84' lang='lat' dir='ltr'>Domino</span> <span class='ocrx_word' id='word_1_235' title='bbox 2912 1744 2970 1780; x_wconf 92' lang='lat' dir='ltr'>se</span> <span class='ocrx_word' id='word_1_236' title='bbox 2993 1736 3244 1793; x_wconf 63' lang='lat' dir='ltr'>accusat,~</span> <span class='ocrx_word' id='word_1_237' title='bbox 3266 1731 3464 1802; x_wconf 67' lang='lat' dir='ltr'>sicque</span> 
     </span>
    </p>
   </div>
   <div class='ocr_carea' id='block_1_34' title="bbox 193 1805 3458 1900">
    <p class='ocr_par' dir='ltr' id='par_1_34' title="bbox 193 1805 3458 1900">
     <span class='ocr_line' id='line_1_34' title="bbox 193 1805 3458 1900; baseline -0.004 -16"><span class='ocrx_word' id='word_1_238' title='bbox 193 1805 402 1900; x_wconf 56' lang='lat' dir='ltr'>quando</span> <span class='ocrx_word' id='word_1_239' title='bbox 433 1805 712 1898; x_wconf 75' lang='lat' dir='ltr'>imprimis</span> <span class='ocrx_word' id='word_1_240' title='bbox 737 1827 813 1882; x_wconf 84' lang='lat' dir='ltr'>ibi</span> <span class='ocrx_word' id='word_1_241' title='bbox 847 1825 1178 1888; x_wconf 77' lang='lat' dir='ltr'>consederit,</span> <span class='ocrx_word' id='word_1_242' title='bbox 1210 1824 1310 1876; x_wconf 87' lang='lat' dir='ltr'>sed</span> <span class='ocrx_word' id='word_1_243' title='bbox 1335 1821 1775 1892; x_wconf 81' lang='lat' dir='ltr'>quotiescunque</span> <span class='ocrx_word' id='word_1_244' title='bbox 1792 1805 1843 1870; x_wconf 80' lang='grc' dir='ltr'>Β,</span> <span class='ocrx_word' id='word_1_245' title='bbox 1862 1815 1930 1868; x_wconf 86' lang='lat' dir='ltr'>ab</span> <span class='ocrx_word' id='word_1_246' title='bbox 1962 1831 2026 1867; x_wconf 86' lang='lat' dir='ltr'>eo</span> <span class='ocrx_word' id='word_1_247' title='bbox 2059 1814 2270 1884; x_wconf 89' lang='lat' dir='ltr'>aliquid</span> <span class='ocrx_word' id='word_1_248' title='bbox 2300 1814 2402 1868; x_wconf 90' lang='lat' dir='ltr'>sibi</span> <span class='ocrx_word' id='word_1_249' title='bbox 2432 1831 2531 1883; x_wconf 88' lang='lat' dir='ltr'>pro</span> <span class='ocrx_word' id='word_1_250' title='bbox 2561 1814 2895 1886; x_wconf 67' lang='lat' dir='ltr'>poenitentia</span> <span class='ocrx_word' id='word_1_251' title='bbox 2929 1817 3048 1869; x_wconf 88' lang='lat' dir='ltr'>dari</span> <span class='ocrx_word' id='word_1_252' title='bbox 3093 1825 3272 1890; x_wconf 81' lang='lat' dir='ltr'>rogat,</span> <span class='ocrx_word' id='word_1_253' title='bbox 3310 1821 3458 1898; x_wconf 75' lang='lat' dir='ltr'>quod</span> 
     </span>
    </p>
   </div>
   <div class='ocr_carea' id='block_1_35' title="bbox 191 1910 1780 1982">
    <p class='ocr_par' dir='ltr' id='par_1_35' title="bbox 191 1910 1780 1982">
     <span class='ocr_line' id='line_1_35' title="bbox 191 1910 1780 1982; baseline -0.008 -10"><span class='ocrx_word' id='word_1_254' title='bbox 191 1919 312 1977; x_wconf 79' lang='lat' dir='ltr'>inde</span> <span class='ocrx_word' id='word_1_255' title='bbox 333 1918 622 1976; x_wconf 73' lang='lat' dir='ltr'>discedens</span> <span class='ocrx_word' id='word_1_256' title='bbox 657 1915 910 1977; x_wconf 77' lang='lat' dir='ltr'>i‘edierit.</span> <span class='ocrx_word' id='word_1_257' title='bbox 954 1914 1206 1982; x_wconf 79' lang='lat' dir='ltr'>Idipsum</span> <span class='ocrx_word' id='word_1_258' title='bbox 1245 1913 1316 1970; x_wconf 84' lang='lat' dir='ltr'>ad</span> <span class='ocrx_word' id='word_1_259' title='bbox 1363 1910 1674 1980; x_wconf 81' lang='lat' dir='ltr'>capitulum</span> <span class='ocrx_word' id='word_1_260' title='bbox 1723 1912 1780 1962; x_wconf 87' lang='lat' dir='ltr'>et</span> 
     </span>
    </p>
   </div>
   <div class='ocr_carea' id='block_1_36' title="bbox 192 1999 1784 2072">
    <p class='ocr_par' dir='ltr' id='par_1_36' title="bbox 192 1999 1784 2072">
     <span class='ocr_line' id='line_1_36' title="bbox 192 1999 1784 2072; baseline -0.008 -10"><span class='ocrx_word' id='word_1_261' title='bbox 192 2007 536 2067; x_wconf 70' lang='lat' dir='ltr'>collationem</span> <span class='ocrx_word' id='word_1_262' title='bbox 563 2004 713 2068; x_wconf 64' lang='lat' dir='ltr'>facit,</span> <span class='ocrx_word' id='word_1_263' title='bbox 746 2003 1196 2072; x_wconf 76' lang='lat' dir='ltr'>quandocumque</span> <span class='ocrx_word' id='word_1_264' title='bbox 1225 2000 1282 2060; x_wconf 80' lang='lat' dir='ltr'>in</span> <span class='ocrx_word' id='word_1_265' title='bbox 1309 1999 1503 2054; x_wconf 78' lang='lat' dir='ltr'>ordine</span> <span class='ocrx_word' id='word_1_266' title='bbox 1537 2013 1637 2056; x_wconf 88' lang='lat' dir='ltr'>suo</span> <span class='ocrx_word' id='word_1_267' title='bbox 1667 2012 1784 2055; x_wconf 84' lang='lat' dir='ltr'>non</span> 
     </span>
    </p>
   </div>
   <div class='ocr_carea' id='block_1_37' title="bbox 191 2091 1116 2164">
    <p class='ocr_par' dir='ltr' id='par_1_37' title="bbox 191 2091 1116 2164">
     <span class='ocr_line' id='line_1_37' title="bbox 191 2091 1116 2164; baseline 0.002 -16"><span class='ocrx_word' id='word_1_268' title='bbox 191 2096 480 2164; x_wconf 74' lang='lat' dir='ltr'>ingressus</span> <span class='ocrx_word' id='word_1_269' title='bbox 496 2099 694 2164; x_wconf 80' lang='lat' dir='ltr'>postea</span> <span class='ocrx_word' id='word_1_270' title='bbox 712 2091 1116 2161; x_wconf 74' lang='lat' dir='ltr'>supervenerit-</span> 
     </span>
    </p>
   </div>
   <div class='ocr_carea' id='block_1_38' title="bbox 757 2177 1211 2234">
    <p class='ocr_par' dir='ltr' id='par_1_38' title="bbox 757 2177 1211 2234">
     <span class='ocr_line' id='line_1_38' title="bbox 757 2177 1211 2234; baseline -0.007 -1"><span class='ocrx_word' id='word_1_271' title='bbox 757 2180 988 2234; x_wconf 74' lang='lat' dir='ltr'><strong>CAPUT</strong></span> <span class='ocrx_word' id='word_1_272' title='bbox 1013 2177 1211 2233; x_wconf 85' lang='lat' dir='ltr'>XLIII.</span> 
     </span>
    </p>
   </div>
   <div class='ocr_carea' id='block_1_39' title="bbox 192 2267 1777 2339">
    <p class='ocr_par' dir='ltr' id='par_1_39' title="bbox 192 2267 1777 2339">
     <span class='ocr_line' id='line_1_39' title="bbox 192 2267 1777 2339; baseline -0.008 -13"><span class='ocrx_word' id='word_1_273' title='bbox 192 2274 433 2339; x_wconf 75' lang='lat' dir='ltr'>Quando,</span> <span class='ocrx_word' id='word_1_274' title='bbox 467 2273 577 2333; x_wconf 76' lang='lat' dir='ltr'>cui,</span> <span class='ocrx_word' id='word_1_275' title='bbox 615 2275 663 2322; x_wconf 81' lang='lat' dir='ltr'>et</span> <span class='ocrx_word' id='word_1_276' title='bbox 707 2270 971 2336; x_wconf 83' lang='lat' dir='ltr'>quomodo</span> <span class='ocrx_word' id='word_1_277' title='bbox 1016 2270 1203 2319; x_wconf 70' lang='lat' dir='ltr'>veniat</span> <span class='ocrx_word' id='word_1_278' title='bbox 1252 2267 1323 2318; x_wconf 82' lang='lat' dir='ltr'>ad</span> <span class='ocrx_word' id='word_1_279' title='bbox 1369 2267 1777 2332; x_wconf 61' lang='lat' dir='ltr'>confessionem,</span> 
     </span>
    </p>
   </div>
   <div class='ocr_carea' id='block_1_40' title="bbox 258 2339 1707 2414">
    <p class='ocr_par' dir='ltr' id='par_1_40' title="bbox 258 2339 1707 2414">
     <span class='ocr_line' id='line_1_40' title="bbox 258 2339 1707 2414; baseline -0.008 -17"><span class='ocrx_word' id='word_1_280' title='bbox 258 2347 449 2414; x_wconf 76' lang='lat' dir='ltr'>quidve</span> <span class='ocrx_word' id='word_1_281' title='bbox 478 2345 530 2400; x_wconf 76' lang='lat' dir='ltr'>ei,</span> <span class='ocrx_word' id='word_1_282' title='bbox 549 2358 648 2411; x_wconf 81' lang='lat' dir='ltr'>pro</span> <span class='ocrx_word' id='word_1_283' title='bbox 674 2340 992 2407; x_wconf 65' lang='lat' dir='ltr'>pauitantia</span> <span class='ocrx_word' id='word_1_284' title='bbox 1025 2339 1382 2403; x_wconf 79' lang='lat' dir='ltr'>injungutur.</span> <span class='ocrx_word' id='word_1_285' title='bbox 1421 2353 1531 2388; x_wconf 73' lang='lat' dir='ltr'>mn.</span> <span class='ocrx_word' id='word_1_286' title='bbox 1566 2342 1707 2401; x_wconf 66' lang='lat' dir='ltr'>ear.)</span> 
     </span>
    </p>
   </div>
   <div class='ocr_carea' id='block_1_41' title="bbox 260 2422 1781 2494">
    <p class='ocr_par' dir='ltr' id='par_1_41' title="bbox 260 2422 1781 2494">
     <span class='ocr_line' id='line_1_41' title="bbox 260 2422 1781 2494; baseline -0.009 -8"><span class='ocrx_word' id='word_1_287' title='bbox 260 2434 278 2453; x_wconf 77' lang='grc'>⁶</span> <span class='ocrx_word' id='word_1_288' title='bbox 311 2432 518 2494; x_wconf 76' lang='lat' dir='ltr'>Horam</span> <span class='ocrx_word' id='word_1_289' title='bbox 544 2427 909 2490; x_wconf 79' lang='lat' dir='ltr'>confessionis</span> <span class='ocrx_word' id='word_1_290' title='bbox 930 2427 1144 2482; x_wconf 83' lang='lat' dir='ltr'>noverit</span> <span class='ocrx_word' id='word_1_291' title='bbox 1175 2443 1293 2478; x_wconf 86' lang='lat' dir='ltr'>esse</span> <span class='ocrx_word' id='word_1_292' title='bbox 1327 2424 1556 2494; x_wconf 83' lang='lat' dir='ltr'>privatis</span> <span class='ocrx_word' id='word_1_293' title='bbox 1585 2422 1781 2476; x_wconf 89' lang='lat' dir='ltr'>diebus</span> 
     </span>
    </p>
   </div>
   <div class='ocr_carea' id='block_1_42' title="bbox 192 2511 1778 2590">
    <p class='ocr_par' dir='ltr' id='par_1_42' title="bbox 192 2511 1778 2590">
     <span class='ocr_line' id='line_1_42' title="bbox 192 2511 1778 2590; baseline -0.008 -15"><span class='ocrx_word' id='word_1_294' title='bbox 192 2523 246 2586; x_wconf 93' lang='lat' dir='ltr'>i_n</span> <span class='ocrx_word' id='word_1_295' title='bbox 273 2522 470 2590; x_wconf 76' lang='lat' dir='ltr'>hyeme</span> <span class='ocrx_word' id='word_1_296' title='bbox 493 2527 622 2573; x_wconf 84' lang='lat' dir='ltr'>ante</span> <span class='ocrx_word' id='word_1_297' title='bbox 643 2519 891 2581; x_wconf 82' lang='lat' dir='ltr'>tertiam,</span> <span class='ocrx_word' id='word_1_298' title='bbox 919 2516 1062 2570; x_wconf 87' lang='lat' dir='ltr'>sicut</span> <span class='ocrx_word' id='word_1_299' title='bbox 1083 2515 1190 2574; x_wconf 88' lang='lat' dir='ltr'>alio</span> <span class='ocrx_word' id='word_1_300' title='bbox 1232 2521 1341 2568; x_wconf 89' lang='lat' dir='ltr'>tem</span> <span class='ocrx_word' id='word_1_301' title='bbox 1352 2531 1482 2586; x_wconf 86' lang='lat' dir='ltr'>pore</span> <span class='ocrx_word' id='word_1_302' title='bbox 1501 2519 1630 2564; x_wconf 86' lang='lat' dir='ltr'>ante</span> <span class='ocrx_word' id='word_1_303' title='bbox 1663 2511 1778 2580; x_wconf 84' lang='lat' dir='ltr'>pri-</span> 
     </span>
    </p>
   </div>
   <div class='ocr_carea' id='block_1_43' title="bbox 191 2600 1783 2680">
    <p class='ocr_par' dir='ltr' id='par_1_43' title="bbox 191 2600 1783 2680">
     <span class='ocr_line' id='line_1_43' title="bbox 191 2600 1783 2680; baseline -0.006 -17"><span class='ocrx_word' id='word_1_304' title='bbox 191 2625 358 2674; x_wconf 76' lang='lat' dir='ltr'>mam,</span> <span class='ocrx_word' id='word_1_305' title='bbox 410 2624 633 2680; x_wconf 80' lang='lat' dir='ltr'>semper</span> <span class='ocrx_word' id='word_1_306' title='bbox 681 2623 902 2676; x_wconf 83' lang='lat' dir='ltr'>quoque</span> <span class='ocrx_word' id='word_1_307' title='bbox 954 2610 1079 2678; x_wconf 85' lang='lat' dir='ltr'>post</span> <span class='ocrx_word' id='word_1_308' title='bbox 1135 2603 1460 2673; x_wconf 84' lang='lat' dir='ltr'>capitulum,</span> <span class='ocrx_word' id='word_1_309' title='bbox 1514 2600 1783 2672; x_wconf 81' lang='lat' dir='ltr'>quamdiu</span> 
     </span>
    </p>
   </div>
   <div class='ocr_carea' id='block_1_44' title="bbox 190 2690 1784 2768">
    <p class='ocr_par' dir='ltr' id='par_1_44' title="bbox 190 2690 1784 2768">
     <span class='ocr_line' id='line_1_44' title="bbox 190 2690 1784 2768; baseline -0.006 -18"><span class='ocrx_word' id='word_1_310' title='bbox 190 2696 388 2768; x_wconf 75' lang='lat' dir='ltr'>psalmi</span> <span class='ocrx_word' id='word_1_311' title='bbox 434 2698 594 2750; x_wconf 72' lang='lat' dir='ltr'>Verba.</span> <span class='ocrx_word' id='word_1_312' title='bbox 619 2712 737 2748; x_wconf 75' lang='lat' dir='ltr'>mea</span> <span class='ocrx_word' id='word_1_313' title='bbox 765 2712 863 2766; x_wconf 87' lang='lat' dir='ltr'>pro</span> <span class='ocrx_word' id='word_1_314' title='bbox 891 2694 1128 2746; x_wconf 85' lang='lat' dir='ltr'>fratrum</span> <span class='ocrx_word' id='word_1_315' title='bbox 1173 2691 1553 2744; x_wconf 81' lang='lat' dir='ltr'>anniversario</span> <span class='ocrx_word' id='word_1_316' title='bbox 1589 2690 1784 2741; x_wconf 89' lang='lat' dir='ltr'>dicun-</span> 
     </span>
    </p>
   </div>
   <div class='ocr_carea' id='block_1_45' title="bbox 195 2777 1787 2851">
    <p class='ocr_par' dir='ltr' id='par_1_45' title="bbox 195 2777 1787 2851">
     <span class='ocr_line' id='line_1_45' title="bbox 195 2777 1787 2851; baseline -0.006 -13"><span class='ocrx_word' id='word_1_317' title='bbox 195 2792 305 2851; x_wconf 78' lang='lat' dir='ltr'>tur.</span> <span class='ocrx_word' id='word_1_318' title='bbox 339 2784 446 2843; x_wconf 82' lang='lat' dir='ltr'>Ubi</span> <span class='ocrx_word' id='word_1_319' title='bbox 491 2790 679 2842; x_wconf 75' lang='lat' dir='ltr'>tamen</span> <span class='ocrx_word' id='word_1_320' title='bbox 729 2788 861 2838; x_wconf 87' lang='lat' dir='ltr'>tunc</span> <span class='ocrx_word' id='word_1_321' title='bbox 904 2789 1053 2835; x_wconf 88' lang='lat' dir='ltr'>stare</span> <span class='ocrx_word' id='word_1_322' title='bbox 1103 2780 1244 2833; x_wconf 90' lang='lat' dir='ltr'>nulli</span> <span class='ocrx_word' id='word_1_323' title='bbox 1302 2779 1644 2843; x_wconf 85' lang='lat' dir='ltr'>conceditur,</span> <span class='ocrx_word' id='word_1_324' title='bbox 1680 2777 1787 2830; x_wconf 91' lang='lat' dir='ltr'>nisi</span> 
     </span>
    </p>
   </div>
   <div class='ocr_carea' id='block_1_46' title="bbox 197 2866 1788 2937">
    <p class='ocr_par' dir='ltr' id='par_1_46' title="bbox 197 2866 1788 2937">
     <span class='ocr_line' id='line_1_46' title="bbox 197 2866 1788 2937; baseline -0.006 -9"><span class='ocrx_word' id='word_1_325' title='bbox 197 2874 417 2937; x_wconf 69' lang='lat' dir='ltr'>statim,</span> <span class='ocrx_word' id='word_1_326' title='bbox 442 2872 536 2928; x_wconf 85' lang='lat' dir='ltr'>cui-</span> <span class='ocrx_word' id='word_1_327' title='bbox 561 2871 964 2926; x_wconf 78' lang='lat' dir='ltr'>confessionem</span> <span class='ocrx_word' id='word_1_328' title='bbox 1014 2870 1202 2936; x_wconf 84' lang='lat' dir='ltr'>faciat,</span> <span class='ocrx_word' id='word_1_329' title='bbox 1254 2868 1599 2922; x_wconf 86' lang='lat' dir='ltr'>sacerdotem</span> <span class='ocrx_word' id='word_1_330' title='bbox 1636 2866 1788 2918; x_wconf 88' lang='lat' dir='ltr'>inve-</span> 
     </span>
    </p>
   </div>
   <div class='ocr_carea' id='block_1_47' title="bbox 195 2955 1793 3034">
    <p class='ocr_par' dir='ltr' id='par_1_47' title="bbox 195 2955 1793 3034">
     <span class='ocr_line' id='line_1_47' title="bbox 195 2955 1793 3034; baseline -0.006 -19"><span class='ocrx_word' id='word_1_331' title='bbox 195 2964 330 3027; x_wconf 79' lang='lat' dir='ltr'>niat.</span> <span class='ocrx_word' id='word_1_332' title='bbox 366 2962 474 3018; x_wconf 87' lang='lat' dir='ltr'>Sed</span> <span class='ocrx_word' id='word_1_333' title='bbox 504 2978 761 3034; x_wconf 78' lang='lat' dir='ltr'>egressus</span> <span class='ocrx_word' id='word_1_334' title='bbox 794 2977 919 3014; x_wconf 90' lang='lat' dir='ltr'>cum</span> <span class='ocrx_word' id='word_1_335' title='bbox 965 2965 1260 3023; x_wconf 86' lang='lat' dir='ltr'>conventu,</span> <span class='ocrx_word' id='word_1_336' title='bbox 1293 2958 1337 3009; x_wconf 88' lang='lat' dir='ltr'>si</span> <span class='ocrx_word' id='word_1_337' title='bbox 1361 2957 1542 3009; x_wconf 90' lang='lat' dir='ltr'>redire</span> <span class='ocrx_word' id='word_1_338' title='bbox 1570 2955 1704 3012; x_wconf 80' lang='lat' dir='ltr'>vult.</span> <span class='ocrx_word' id='word_1_339' title='bbox 1738 2959 1793 3006; x_wconf 88' lang='lat' dir='ltr'>et</span> 
     </span>
    </p>
   </div>
   <div class='ocr_carea' id='block_1_48' title="bbox 196 3045 1790 3122">
    <p class='ocr_par' dir='ltr' id='par_1_48' title="bbox 196 3045 1790 3122">
     <span class='ocr_line' id='line_1_48' title="bbox 196 3045 1790 3122; baseline -0.008 -16"><span class='ocrx_word' id='word_1_340' title='bbox 196 3058 498 3122; x_wconf 80' lang='lat' dir='ltr'>antequam</span> <span class='ocrx_word' id='word_1_341' title='bbox 522 3056 825 3108; x_wconf 80' lang='lat' dir='ltr'>conventus</span> <span class='ocrx_word' id='word_1_342' title='bbox 856 3049 1096 3106; x_wconf 81' lang='lat' dir='ltr'>exeatde</span> <span class='ocrx_word' id='word_1_343' title='bbox 1115 3047 1362 3110; x_wconf 85' lang='lat' dir='ltr'>ecclesia,</span> <span class='ocrx_word' id='word_1_344' title='bbox 1390 3045 1790 3098; x_wconf 77' lang='lat' dir='ltr'>confessionem</span> 
     </span>
    </p>
   </div>
   <div class='ocr_carea' id='block_1_49' title="bbox 1861 1902 3462 1972">
    <p class='ocr_par' dir='ltr' id='par_1_49' title="bbox 1861 1902 3462 1972">
     <span class='ocr_line' id='line_1_49' title="bbox 1861 1902 3462 1972; baseline 0.004 -16"><span class='ocrx_word' id='word_1_345' title='bbox 1861 1909 1918 1962; x_wconf 85' lang='lat' dir='ltr'>et</span> <span class='ocrx_word' id='word_1_346' title='bbox 1946 1902 2486 1960; x_wconf 85' lang='lat' dir='ltr'>consuetudinaliter</span> <span class='ocrx_word' id='word_1_347' title='bbox 2526 1919 2560 1954; x_wconf 90' lang='lat' dir='ltr'>a</span> <span class='ocrx_word' id='word_1_348' title='bbox 2609 1902 2843 1956; x_wconf 90' lang='lat' dir='ltr'>diacono</span> <span class='ocrx_word' id='word_1_349' title='bbox 2892 1905 3013 1957; x_wconf 81' lang='lat' dir='ltr'>fieri</span> <span class='ocrx_word' id='word_1_350' title='bbox 3063 1908 3222 1960; x_wconf 81' lang='lat' dir='ltr'>valet.</span> <span class='ocrx_word' id='word_1_351' title='bbox 3268 1910 3462 1972; x_wconf 75' lang='lat' dir='ltr'>Potest</span> 
     </span>
    </p>
   </div>
   <div class='ocr_carea' id='block_1_50' title="bbox 1863 1989 3460 2070">
    <p class='ocr_par' dir='ltr' id='par_1_50' title="bbox 1863 1989 3460 2070">
     <span class='ocr_line' id='line_1_50' title="bbox 1863 1989 3460 2070; baseline 0.001 -27"><span class='ocrx_word' id='word_1_352' title='bbox 1863 1992 2030 2044; x_wconf 87' lang='lat' dir='ltr'>etiam</span> <span class='ocrx_word' id='word_1_353' title='bbox 2062 1989 2291 2045; x_wconf 86' lang='lat' dir='ltr'>cuilibet</span> <span class='ocrx_word' id='word_1_354' title='bbox 2321 2007 2570 2062; x_wconf 75' lang='lat' dir='ltr'>personae</span> <span class='ocrx_word' id='word_1_355' title='bbox 2591 1996 2718 2059; x_wconf 91' lang='lat' dir='ltr'>post</span> <span class='ocrx_word' id='word_1_356' title='bbox 2736 1990 2979 2044; x_wconf 82' lang='lat' dir='ltr'>breviter</span> <span class='ocrx_word' id='word_1_357' title='bbox 2998 1996 3460 2070; x_wconf 77' lang='lat' dir='ltr'>comprehensam</span> 
     </span>
    </p>
   </div>
   <div class='ocr_carea' id='block_1_51' title="bbox 1863 2079 3460 2159">
    <p class='ocr_par' dir='ltr' id='par_1_51' title="bbox 1863 2079 3460 2159">
     <span class='ocr_line' id='line_1_51' title="bbox 1863 2079 3460 2159; baseline 0.004 -26"><span class='ocrx_word' id='word_1_358' title='bbox 1863 2085 2221 2159; x_wconf 83' lang='lat' dir='ltr'>peccatorum</span> <span class='ocrx_word' id='word_1_359' title='bbox 2259 2095 2487 2133; x_wconf 90' lang='lat' dir='ltr'>suorum</span> <span class='ocrx_word' id='word_1_360' title='bbox 2512 2079 2931 2133; x_wconf 85' lang='lat' dir='ltr'>universitatem</span> <span class='ocrx_word' id='word_1_361' title='bbox 2957 2082 3014 2134; x_wconf 91' lang='lat' dir='ltr'>in</span> <span class='ocrx_word' id='word_1_362' title='bbox 3037 2084 3319 2142; x_wconf 87' lang='lat' dir='ltr'>orationes</span> <span class='ocrx_word' id='word_1_363' title='bbox 3338 2089 3460 2158; x_wconf 81' lang='lat' dir='ltr'>ejus</span> 
     </span>
    </p>
   </div>
   <div class='ocr_carea' id='block_1_52' title="bbox 1864 2167 3458 2244">
    <p class='ocr_par' dir='ltr' id='par_1_52' title="bbox 1864 2167 3458 2244">
     <span class='ocr_line' id='line_1_52' title="bbox 1864 2167 3458 2244; baseline 0.004 -22"><span class='ocrx_word' id='word_1_364' title='bbox 1864 2186 1921 2222; x_wconf 89' lang='lat' dir='ltr'>se</span> <span class='ocrx_word' id='word_1_365' title='bbox 1951 2168 2345 2227; x_wconf 85' lang='lat' dir='ltr'>commendare</span> <span class='ocrx_word' id='word_1_366' title='bbox 2370 2185 2383 2230; x_wconf 85' lang='lat'>;</span> <span class='ocrx_word' id='word_1_367' title='bbox 2408 2167 2503 2220; x_wconf 88' lang='lat' dir='ltr'>sed</span> <span class='ocrx_word' id='word_1_368' title='bbox 2534 2167 2672 2220; x_wconf 86' lang='lat' dir='ltr'>nihil</span> <span class='ocrx_word' id='word_1_369' title='bbox 2696 2185 2794 2237; x_wconf 91' lang='lat' dir='ltr'>pro</span> <span class='ocrx_word' id='word_1_370' title='bbox 2817 2170 3145 2239; x_wconf 87' lang='lat' dir='ltr'>poenitentia</span> <span class='ocrx_word' id='word_1_371' title='bbox 3174 2175 3424 2244; x_wconf 87' lang='lat' dir='ltr'>accipere</span> <span class='ocrx_word' id='word_1_372' title='bbox 3439 2221 3458 2236; x_wconf 84' lang='lat'>._</span> 
     </span>
    </p>
   </div>
   <div class='ocr_carea' id='block_1_53' title="bbox 1935 2256 3465 2327">
    <p class='ocr_par' dir='ltr' id='par_1_53' title="bbox 1935 2256 3465 2327">
     <span class='ocr_line' id='line_1_53' title="bbox 1935 2256 3465 2327; baseline 0.005 -17"><span class='ocrx_word' id='word_1_373' title='bbox 1935 2256 2345 2311; x_wconf 87' lang='lat' dir='ltr'>Providendum</span> <span class='ocrx_word' id='word_1_374' title='bbox 2398 2262 2586 2309; x_wconf 89' lang='lat' dir='ltr'>autem</span> <span class='ocrx_word' id='word_1_375' title='bbox 2615 2257 2838 2327; x_wconf 87' lang='lat' dir='ltr'>utrique</span> <span class='ocrx_word' id='word_1_376' title='bbox 2885 2265 2972 2311; x_wconf 90' lang='lat' dir='ltr'>est</span> <span class='ocrx_word' id='word_1_377' title='bbox 3019 2277 3234 2326; x_wconf 90' lang='lat' dir='ltr'>eorum,</span> <span class='ocrx_word' id='word_1_378' title='bbox 3266 2280 3337 2317; x_wconf 89' lang='lat' dir='ltr'>ne</span> <span class='ocrx_word' id='word_1_379' title='bbox 3382 2265 3465 2327; x_wconf 78' lang='lat' dir='ltr'>ita</span> 
     </span>
    </p>
   </div>
   <div class='ocr_carea' id='block_1_54' title="bbox 1865 2346 3468 2428">
    <p class='ocr_par' dir='ltr' id='par_1_54' title="bbox 1865 2346 3468 2428">
     <span class='ocr_line' id='line_1_54' title="bbox 1865 2346 3468 2428; baseline 0.006 -30"><span class='ocrx_word' id='word_1_380' title='bbox 1865 2347 2205 2415; x_wconf 86' lang='lat' dir='ltr'>conjunctim</span> <span class='ocrx_word' id='word_1_381' title='bbox 2251 2346 2502 2408; x_wconf 85' lang='lat' dir='ltr'>sedeant,</span> <span class='ocrx_word' id='word_1_382' title='bbox 2538 2350 2601 2397; x_wconf 91' lang='lat' dir='ltr'>ut</span> <span class='ocrx_word' id='word_1_383' title='bbox 2629 2352 2810 2400; x_wconf 85' lang='lat' dir='ltr'>vestes</span> <span class='ocrx_word' id='word_1_384' title='bbox 2839 2363 3033 2400; x_wconf 90' lang='lat' dir='ltr'>eorum</span> <span class='ocrx_word' id='word_1_385' title='bbox 3077 2350 3265 2428; x_wconf 82' lang='lat' dir='ltr'>aliquo</span> <span class='ocrx_word' id='word_1_386' title='bbox 3297 2355 3468 2415; x_wconf 80' lang='lat' dir='ltr'>modo</span> 
     </span>
    </p>
   </div>
   <div class='ocr_carea' id='block_1_55' title="bbox 1864 2434 3463 2511">
    <p class='ocr_par' dir='ltr' id='par_1_55' title="bbox 1864 2434 3463 2511">
     <span class='ocr_line' id='line_1_55' title="bbox 1864 2434 3463 2511; baseline 0.003 -22"><span class='ocrx_word' id='word_1_387' title='bbox 1864 2437 1933 2489; x_wconf 90' lang='lat' dir='ltr'>ad</span> <span class='ocrx_word' id='word_1_388' title='bbox 1964 2435 2195 2488; x_wconf 87' lang='lat' dir='ltr'>invicem</span> <span class='ocrx_word' id='word_1_389' title='bbox 2232 2434 2591 2506; x_wconf 80' lang='lat' dir='ltr'>pertingant;</span> <span class='ocrx_word' id='word_1_390' title='bbox 2626 2452 2785 2487; x_wconf 82' lang='lat' dir='ltr'>voces</span> <span class='ocrx_word' id='word_1_391' title='bbox 2827 2454 3046 2506; x_wconf 87' lang='lat' dir='ltr'>quoque</span> <span class='ocrx_word' id='word_1_392' title='bbox 3086 2439 3144 2492; x_wconf 92' lang='lat' dir='ltr'>in</span> <span class='ocrx_word' id='word_1_393' title='bbox 3183 2440 3463 2511; x_wconf 84' lang='lat' dir='ltr'>loquendo</span> 
     </span>
    </p>
   </div>
   <div class='ocr_carea' id='block_1_56' title="bbox 1867 2523 3461 2600">
    <p class='ocr_par' dir='ltr' id='par_1_56' title="bbox 1867 2523 3461 2600">
     <span class='ocr_line' id='line_1_56' title="bbox 1867 2523 3461 2600; baseline 0.006 -23"><span class='ocrx_word' id='word_1_394' title='bbox 1867 2541 2032 2594; x_wconf 85' lang='lat' dir='ltr'>quam</span> <span class='ocrx_word' id='word_1_395' title='bbox 2067 2523 2305 2580; x_wconf 82' lang='lat' dir='ltr'>maxime</span> <span class='ocrx_word' id='word_1_396' title='bbox 2348 2523 2720 2600; x_wconf 72' lang='lat' dir='ltr'>supprimant,</span> <span class='ocrx_word' id='word_1_397' title='bbox 2748 2530 2804 2577; x_wconf 88' lang='lat' dir='ltr'>et</span> <span class='ocrx_word' id='word_1_398' title='bbox 2835 2542 2903 2578; x_wconf 90' lang='lat' dir='ltr'>ne</span> <span class='ocrx_word' id='word_1_399' title='bbox 2938 2526 3096 2596; x_wconf 89' lang='lat' dir='ltr'>prius</span> <span class='ocrx_word' id='word_1_400' title='bbox 3132 2529 3202 2582; x_wconf 88' lang='lat' dir='ltr'>ad</span> <span class='ocrx_word' id='word_1_401' title='bbox 3243 2532 3461 2593; x_wconf 65' lang='lat' dir='ltr'>conﬂas-</span> 
     </span>
    </p>
   </div>
   <div class='ocr_carea' id='block_1_57' title="bbox 1867 2612 3466 2681">
    <p class='ocr_par' dir='ltr' id='par_1_57' title="bbox 1867 2612 3466 2681">
     <span class='ocr_line' id='line_1_57' title="bbox 1867 2612 3466 2681; baseline 0.006 -17"><span class='ocrx_word' id='word_1_402' title='bbox 1867 2613 2080 2669; x_wconf 84' lang='lat' dir='ltr'>sionem</span> <span class='ocrx_word' id='word_1_403' title='bbox 2113 2612 2462 2673; x_wconf 85' lang='lat' dir='ltr'>conveniant,</span> <span class='ocrx_word' id='word_1_404' title='bbox 2499 2629 2666 2680; x_wconf 89' lang='lat' dir='ltr'>quam</span> <span class='ocrx_word' id='word_1_405' title='bbox 2716 2614 2901 2666; x_wconf 65' lang='lat' dir='ltr'>caeteri</span> <span class='ocrx_word' id='word_1_406' title='bbox 2951 2615 3152 2669; x_wconf 84' lang='lat' dir='ltr'>fratres</span> <span class='ocrx_word' id='word_1_407' title='bbox 3200 2618 3257 2676; x_wconf 85' lang='lat' dir='ltr'>in</span> <span class='ocrx_word' id='word_1_408' title='bbox 3309 2621 3466 2681; x_wconf 83' lang='lat' dir='ltr'>libris</span> 
     </span>
    </p>
   </div>
   <div class='ocr_carea' id='block_1_58' title="bbox 1869 2701 3466 2779">
    <p class='ocr_par' dir='ltr' id='par_1_58' title="bbox 1869 2701 3466 2779">
     <span class='ocr_line' id='line_1_58' title="bbox 1869 2701 3466 2779; baseline 0.006 -26"><span class='ocrx_word' id='word_1_409' title='bbox 1869 2703 2016 2756; x_wconf 83' lang='lat' dir='ltr'>clare</span> <span class='ocrx_word' id='word_1_410' title='bbox 2041 2701 2259 2753; x_wconf 85' lang='lat' dir='ltr'>valeant</span> <span class='ocrx_word' id='word_1_411' title='bbox 2284 2702 2486 2769; x_wconf 77' lang='lat' dir='ltr'>legere.</span> <span class='ocrx_word' id='word_1_412' title='bbox 2527 2701 2827 2770; x_wconf 86' lang='lat' dir='ltr'>Postquam</span> <span class='ocrx_word' id='word_1_413' title='bbox 2848 2720 2976 2755; x_wconf 83' lang='lat' dir='ltr'>vero</span> <span class='ocrx_word' id='word_1_414' title='bbox 2999 2706 3187 2759; x_wconf 87' lang='lat' dir='ltr'>omnia</span> <span class='ocrx_word' id='word_1_415' title='bbox 3208 2725 3330 2779; x_wconf 65' lang='lat' dir='ltr'>qua:</span> <span class='ocrx_word' id='word_1_416' title='bbox 3370 2727 3466 2766; x_wconf 74' lang='lat' dir='ltr'>vo-</span> 
     </span>
    </p>
   </div>
   <div class='ocr_carea' id='block_1_59' title="bbox 1870 2789 3459 2867">
    <p class='ocr_par' dir='ltr' id='par_1_59' title="bbox 1870 2789 3459 2867">
     <span class='ocr_line' id='line_1_59' title="bbox 1870 2789 3459 2867; baseline 0.005 -23"><span class='ocrx_word' id='word_1_417' title='bbox 1870 2791 2040 2844; x_wconf 87' lang='lat' dir='ltr'>luerit</span> <span class='ocrx_word' id='word_1_418' title='bbox 2068 2790 2488 2849; x_wconf 60' lang='lat' dir='ltr'>sacerdotitnon</span> <span class='ocrx_word' id='word_1_419' title='bbox 2508 2789 2747 2842; x_wconf 87' lang='lat' dir='ltr'>nimium</span> <span class='ocrx_word' id='word_1_420' title='bbox 2779 2798 2970 2844; x_wconf 84' lang='lat' dir='ltr'>tamen</span> <span class='ocrx_word' id='word_1_421' title='bbox 3001 2810 3067 2846; x_wconf 89' lang='lat' dir='ltr'>ea</span> <span class='ocrx_word' id='word_1_422' title='bbox 3097 2796 3459 2867; x_wconf 79' lang='lat' dir='ltr'>prologanda)</span> 
     </span>
    </p>
   </div>
   <div class='ocr_carea' id='block_1_60' title="bbox 1872 2877 3468 2958">
    <p class='ocr_par' dir='ltr' id='par_1_60' title="bbox 1872 2877 3468 2958">
     <span class='ocr_line' id='line_1_60' title="bbox 1872 2877 3468 2958; baseline 0.004 -28"><span class='ocrx_word' id='word_1_423' title='bbox 1872 2879 2125 2958; x_wconf 83' lang='lat' dir='ltr'>protulit,</span> <span class='ocrx_word' id='word_1_424' title='bbox 2160 2879 2228 2930; x_wconf 86' lang='lat' dir='ltr'>ad</span> <span class='ocrx_word' id='word_1_425' title='bbox 2281 2877 2576 2936; x_wconf 87' lang='lat' dir='ltr'>arbitrium</span> <span class='ocrx_word' id='word_1_426' title='bbox 2626 2879 2747 2946; x_wconf 85' lang='lat' dir='ltr'>ejus</span> <span class='ocrx_word' id='word_1_427' title='bbox 2796 2879 3180 2948; x_wconf 77' lang='lat' dir='ltr'>paenitentiam</span> <span class='ocrx_word' id='word_1_428' title='bbox 3226 2900 3325 2953; x_wconf 85' lang='lat' dir='ltr'>pro</span> <span class='ocrx_word' id='word_1_429' title='bbox 3378 2887 3468 2944; x_wconf 87' lang='lat' dir='ltr'>his</span> 
     </span>
    </p>
   </div>
   <div class='ocr_carea' id='block_1_61' title="bbox 1874 2966 3472 3038">
    <p class='ocr_par' dir='ltr' id='par_1_61' title="bbox 1874 2966 3472 3038">
     <span class='ocr_line' id='line_1_61' title="bbox 1874 2966 3472 3038; baseline 0.004 -16"><span class='ocrx_word' id='word_1_430' title='bbox 1874 2968 2125 3037; x_wconf 85' lang='lat' dir='ltr'>recipiet.</span> <span class='ocrx_word' id='word_1_431' title='bbox 2163 2968 2352 3021; x_wconf 85' lang='lat' dir='ltr'>Potest</span> <span class='ocrx_word' id='word_1_432' title='bbox 2381 2966 2508 3018; x_wconf 85' lang='lat' dir='ltr'>talis</span> <span class='ocrx_word' id='word_1_433' title='bbox 2532 2981 2651 3018; x_wconf 90' lang='lat' dir='ltr'>esse</span> <span class='ocrx_word' id='word_1_434' title='bbox 2687 2983 2957 3028; x_wconf 82' lang='lat' dir='ltr'>excessus,</span> <span class='ocrx_word' id='word_1_435' title='bbox 2999 2971 3147 3038; x_wconf 86' lang='lat' dir='ltr'>quod</span> <span class='ocrx_word' id='word_1_436' title='bbox 3179 2971 3472 3036; x_wconf 77' lang='lat' dir='ltr'>Dominica</span> 
     </span>
    </p>
   </div>
   <div class='ocr_carea' id='block_1_62' title="bbox 1877 3055 3470 3136">
    <p class='ocr_par' dir='ltr' id='par_1_62' title="bbox 1877 3055 3470 3136">
     <span class='ocr_line' id='line_1_62' title="bbox 1877 3055 3470 3136; baseline 0.004 -28"><span class='ocrx_word' id='word_1_437' title='bbox 1877 3057 2055 3108; x_wconf 87' lang='lat' dir='ltr'>oratio</span> <span class='ocrx_word' id='word_1_438' title='bbox 2087 3055 2384 3126; x_wconf 86' lang='lat' dir='ltr'>aliquoties</span> <span class='ocrx_word' id='word_1_439' title='bbox 2415 3055 2465 3112; x_wconf 84' lang='lat' dir='ltr'>ei</span> <span class='ocrx_word' id='word_1_440' title='bbox 2500 3055 2726 3108; x_wconf 89' lang='lat' dir='ltr'>recitari</span> <span class='ocrx_word' id='word_1_441' title='bbox 2762 3057 3097 3127; x_wconf 67' lang='lat' dir='ltr'>praecipitur,</span> <span class='ocrx_word' id='word_1_442' title='bbox 3133 3062 3216 3114; x_wconf 91' lang='lat' dir='ltr'>vel</span> <span class='ocrx_word' id='word_1_443' title='bbox 3261 3063 3470 3136; x_wconf 81' lang='lat' dir='ltr'>aliquis</span> 
     </span>
    </p>
   </div>
   <div class='ocr_carea' id='block_1_63' title="bbox 199 3119 3474 3224">
    <p class='ocr_par' dir='ltr' id='par_1_63' title="bbox 199 3119 3474 3224">
     <span class='ocr_line' id='line_1_63' title="bbox 199 3119 3474 3224; baseline -0.008 -23"><span class='ocrx_word' id='word_1_444' title='bbox 199 3142 379 3201; x_wconf 68' lang='lat' dir='ltr'>facere</span> <span class='ocrx_word' id='word_1_445' title='bbox 409 3156 521 3192; x_wconf 87' lang='lat' dir='ltr'>non</span> <span class='ocrx_word' id='word_1_446' title='bbox 550 3138 892 3218; x_wconf 69' lang='lat' dir='ltr'>prohibetur.</span> <span class='ocrx_word' id='word_1_447' title='bbox 926 3138 989 3190; x_wconf 90' lang='lat' dir='ltr'>In</span> <span class='ocrx_word' id='word_1_448' title='bbox 1012 3137 1207 3189; x_wconf 90' lang='lat' dir='ltr'>diebus</span> <span class='ocrx_word' id='word_1_449' title='bbox 1239 3135 1580 3189; x_wconf 87' lang='lat' dir='ltr'>solemnibus</span> <span class='ocrx_word' id='word_1_450' title='bbox 1613 3149 1788 3201; x_wconf 88' lang='lat' dir='ltr'>usque.</span> <span class='ocrx_word' id='word_1_451' title='bbox 1812 3119 1854 3176; x_wconf 82' lang='lat' dir='ltr'>C</span> <span class='ocrx_word' id='word_1_452' title='bbox 1879 3146 2144 3215; x_wconf 55' lang='lat' dir='ltr'>psalmus,</span> <span class='ocrx_word' id='word_1_453' title='bbox 2182 3119 2279 3200; x_wconf 49' lang='lat' dir='ltr'>&#39;vel</span> <span class='ocrx_word' id='word_1_454' title='bbox 2336 3149 2576 3212; x_wconf 63' lang='lat' dir='ltr'>utraque</span> <span class='ocrx_word' id='word_1_455' title='bbox 2629 3119 2816 3208; x_wconf 46' lang='lat' dir='ltr'>simu],</span> <span class='ocrx_word' id='word_1_456' title='bbox 2873 3119 2972 3204; x_wconf 40' lang='lat' dir='ltr'>an}</span> <span class='ocrx_word' id='word_1_457' title='bbox 3035 3119 3206 3209; x_wconf 34' lang='lat' dir='ltr'>etiam</span> <span class='ocrx_word' id='word_1_458' title='bbox 3253 3119 3474 3224; x_wconf 49' lang='lat' dir='ltr'>aliq&#39;uot:</span> 
     </span>
    </p>
   </div>
   <div class='ocr_carea' id='block_1_64' title="bbox 200 3223 1797 3294">
    <p class='ocr_par' dir='ltr' id='par_1_64' title="bbox 200 3223 1797 3294">
     <span class='ocr_line' id='line_1_64' title="bbox 200 3223 1797 3294; baseline -0.009 -8"><span class='ocrx_word' id='word_1_459' title='bbox 200 3229 272 3286; x_wconf 79' lang='lat' dir='ltr'>ad</span> <span class='ocrx_word' id='word_1_460' title='bbox 302 3230 489 3290; x_wconf 64' lang='lat' dir='ltr'>missae</span> <span class='ocrx_word' id='word_1_461' title='bbox 515 3227 802 3290; x_wconf 55' lang='lat' dir='ltr'>matutina</span> <span class='ocrx_word' id='word_1_462' title='bbox 831 3226 1208 3294; x_wconf 80' lang='lat' dir='ltr'>Evangelium,</span> <span class='ocrx_word' id='word_1_463' title='bbox 1243 3242 1344 3276; x_wconf 83' lang='lat' dir='ltr'>nec</span> <span class='ocrx_word' id='word_1_464' title='bbox 1366 3225 1514 3277; x_wconf 87' lang='lat' dir='ltr'>ultra</span> <span class='ocrx_word' id='word_1_465' title='bbox 1570 3223 1628 3274; x_wconf 90' lang='lat' dir='ltr'>ln</span> <span class='ocrx_word' id='word_1_466' title='bbox 1657 3238 1797 3291; x_wconf 85' lang='lat' dir='ltr'>qua-</span> 
     </span>
    </p>
   </div>
   <div class='ocr_carea' id='block_1_65' title="bbox 201 3309 1793 3390">
    <p class='ocr_par' dir='ltr' id='par_1_65' title="bbox 201 3309 1793 3390">
     <span class='ocr_line' id='line_1_65' title="bbox 201 3309 1793 3390; baseline -0.006 -19"><span class='ocrx_word' id='word_1_467' title='bbox 201 3319 520 3390; x_wconf 75' lang='lat' dir='ltr'>dragesima</span> <span class='ocrx_word' id='word_1_468' title='bbox 550 3321 664 3372; x_wconf 83' lang='lat' dir='ltr'>tres</span> <span class='ocrx_word' id='word_1_469' title='bbox 689 3317 827 3380; x_wconf 82' lang='lat' dir='ltr'>dies,</span> <span class='ocrx_word' id='word_1_470' title='bbox 860 3332 960 3386; x_wconf 87' lang='lat' dir='ltr'>per</span> <span class='ocrx_word' id='word_1_471' title='bbox 999 3332 1136 3385; x_wconf 81' lang='lat' dir='ltr'>quos</span> <span class='ocrx_word' id='word_1_472' title='bbox 1165 3314 1452 3367; x_wconf 88' lang='lat' dir='ltr'>silentium</span> <span class='ocrx_word' id='word_1_473' title='bbox 1483 3317 1707 3366; x_wconf 89' lang='lat' dir='ltr'>tenetur</span> <span class='ocrx_word' id='word_1_474' title='bbox 1737 3309 1793 3362; x_wconf 92' lang='lat' dir='ltr'>in</span> 
     </span>
    </p>
   </div>
   <div class='ocr_carea' id='block_1_66' title="bbox 197 3400 1790 3478">
    <p class='ocr_par' dir='ltr' id='par_1_66' title="bbox 197 3400 1790 3478">
     <span class='ocr_line' id='line_1_66' title="bbox 197 3400 1790 3478; baseline -0.006 -17"><span class='ocrx_word' id='word_1_475' title='bbox 197 3409 449 3470; x_wconf 82' lang='lat' dir='ltr'>claustro</span> <span class='ocrx_word' id='word_1_476' title='bbox 490 3423 666 3476; x_wconf 88' lang='lat' dir='ltr'>usque</span> <span class='ocrx_word' id='word_1_477' title='bbox 687 3405 762 3464; x_wconf 57' lang='lat' dir='ltr'>ad.</span> <span class='ocrx_word' id='word_1_478' title='bbox 779 3411 1011 3460; x_wconf 76' lang='lat' dir='ltr'>sextam.</span> <span class='ocrx_word' id='word_1_479' title='bbox 1048 3404 1110 3462; x_wconf 48' lang='lat' dir='ltr'>t‘i,</span> <span class='ocrx_word' id='word_1_480' title='bbox 1133 3421 1256 3478; x_wconf 67' lang='lat' dir='ltr'>quae</span> <span class='ocrx_word' id='word_1_481' title='bbox 1289 3403 1558 3455; x_wconf 85' lang='lat' dir='ltr'>festivitas</span> <span class='ocrx_word' id='word_1_482' title='bbox 1587 3400 1790 3469; x_wconf 81' lang='lat' dir='ltr'>agitur,</span> 
     </span>
    </p>
   </div>
   <div class='ocr_carea' id='block_1_67' title="bbox 189 3479 1794 3565">
    <p class='ocr_par' dir='ltr' id='par_1_67' title="bbox 189 3479 1794 3565">
     <span class='ocr_line' id='line_1_67' title="bbox 189 3479 1794 3565; baseline -0.006 -16"><span class='ocrx_word' id='word_1_483' title='bbox 189 3513 372 3565; x_wconf 73' lang='lat' dir='ltr'>usque</span> <span class='ocrx_word' id='word_1_484' title='bbox 404 3495 474 3547; x_wconf 89' lang='lat' dir='ltr'>ad</span> <span class='ocrx_word' id='word_1_485' title='bbox 519 3495 762 3554; x_wconf 87' lang='lat' dir='ltr'>tertiam.</span> <span class='ocrx_word' id='word_1_486' title='bbox 802 3494 870 3548; x_wconf 89' lang='lat' dir='ltr'>Et</span> <span class='ocrx_word' id='word_1_487' title='bbox 898 3479 1184 3552; x_wconf 80' lang='lat' dir='ltr'>sciendum</span> <span class='ocrx_word' id='word_1_488' title='bbox 1219 3498 1319 3555; x_wconf 88' lang='lat' dir='ltr'>est,</span> <span class='ocrx_word' id='word_1_489' title='bbox 1355 3491 1501 3560; x_wconf 91' lang='lat' dir='ltr'>quod</span> <span class='ocrx_word' id='word_1_490' title='bbox 1529 3495 1657 3542; x_wconf 87' lang='lat' dir='ltr'>ante</span> <span class='ocrx_word' id='word_1_491' title='bbox 1688 3487 1794 3558; x_wconf 83' lang='lat' dir='ltr'>pri—</span> 
     </span>
    </p>
   </div>
   <div class='ocr_carea' id='block_1_68' title="bbox 189 3578 1791 3653">
    <p class='ocr_par' dir='ltr' id='par_1_68' title="bbox 189 3578 1791 3653">
     <span class='ocr_line' id='line_1_68' title="bbox 189 3578 1791 3653; baseline -0.004 -18"><span class='ocrx_word' id='word_1_492' title='bbox 189 3601 376 3647; x_wconf 76' lang='lat' dir='ltr'>mam,</span> <span class='ocrx_word' id='word_1_493' title='bbox 404 3589 709 3653; x_wconf 28' lang='lat' dir='ltr'>postquam,</span> <span class='ocrx_word' id='word_1_494' title='bbox 733 3582 944 3652; x_wconf 87' lang='lat' dir='ltr'>pulsari</span> <span class='ocrx_word' id='word_1_495' title='bbox 983 3582 1230 3651; x_wconf 64' lang='lat' dir='ltr'>coeperit,</span> <span class='ocrx_word' id='word_1_496' title='bbox 1274 3579 1675 3638; x_wconf 83' lang='lat' dir='ltr'>confessionem</span> <span class='ocrx_word' id='word_1_497' title='bbox 1709 3578 1791 3628; x_wconf 88' lang='lat' dir='ltr'>fa-</span> 
     </span>
    </p>
   </div>
   <div class='ocr_carea' id='block_1_69' title="bbox 185 3653 1794 3739">
    <p class='ocr_par' dir='ltr' id='par_1_69' title="bbox 185 3653 1794 3739">
     <span class='ocr_line' id='line_1_69' title="bbox 185 3653 1794 3739; baseline -0.006 -13"><span class='ocrx_word' id='word_1_498' title='bbox 185 3691 314 3730; x_wconf 88' lang='lat' dir='ltr'>cere</span> <span class='ocrx_word' id='word_1_499' title='bbox 360 3672 503 3730; x_wconf 82' lang='lat' dir='ltr'>nulli</span> <span class='ocrx_word' id='word_1_500' title='bbox 545 3653 763 3734; x_wconf 61' lang='lat' dir='ltr'>licebit,</span> <span class='ocrx_word' id='word_1_501' title='bbox 797 3671 904 3724; x_wconf 90' lang='lat' dir='ltr'>nisi</span> <span class='ocrx_word' id='word_1_502' title='bbox 951 3670 1021 3736; x_wconf 86' lang='lat' dir='ltr'>ei,</span> <span class='ocrx_word' id='word_1_503' title='bbox 1073 3671 1168 3739; x_wconf 89' lang='lat' dir='ltr'>qui</span> <span class='ocrx_word' id='word_1_504' title='bbox 1199 3675 1328 3724; x_wconf 86' lang='lat' dir='ltr'>ante</span> <span class='ocrx_word' id='word_1_505' title='bbox 1375 3667 1675 3727; x_wconf 86' lang='lat' dir='ltr'>inchoavit,</span> <span class='ocrx_word' id='word_1_506' title='bbox 1710 3665 1794 3717; x_wconf 87' lang='lat' dir='ltr'>vel</span> 
     </span>
    </p>
   </div>
   <div class='ocr_carea' id='block_1_70' title="bbox 183 3755 1794 3830">
    <p class='ocr_par' dir='ltr' id='par_1_70' title="bbox 183 3755 1794 3830">
     <span class='ocr_line' id='line_1_70' title="bbox 183 3755 1794 3830; baseline -0.006 -14"><span class='ocrx_word' id='word_1_507' title='bbox 183 3763 394 3824; x_wconf 80' lang='lat' dir='ltr'>saltem</span> <span class='ocrx_word' id='word_1_508' title='bbox 444 3760 751 3830; x_wconf 87' lang='lat' dir='ltr'>capitulum</span> <span class='ocrx_word' id='word_1_509' title='bbox 807 3765 1034 3829; x_wconf 87' lang='lat' dir='ltr'>propter</span> <span class='ocrx_word' id='word_1_510' title='bbox 1098 3759 1201 3811; x_wconf 86' lang='lat' dir='ltr'>hoc</span> <span class='ocrx_word' id='word_1_511' title='bbox 1250 3757 1499 3820; x_wconf 87' lang='lat' dir='ltr'>intravit,</span> <span class='ocrx_word' id='word_1_512' title='bbox 1557 3755 1794 3808; x_wconf 86' lang='lat' dir='ltr'>breviter</span> 
     </span>
    </p>
   </div>
   <div class='ocr_carea' id='block_1_71' title="bbox 183 3845 1795 3921">
    <p class='ocr_par' dir='ltr' id='par_1_71' title="bbox 183 3845 1795 3921">
     <span class='ocr_line' id='line_1_71' title="bbox 183 3845 1795 3921; baseline -0.006 -18"><span class='ocrx_word' id='word_1_513' title='bbox 183 3852 462 3921; x_wconf 83' lang='lat' dir='ltr'>perﬁcere</span> <span class='ocrx_word' id='word_1_514' title='bbox 507 3848 731 3918; x_wconf 86' lang='lat' dir='ltr'>poterit.</span> <span class='ocrx_word' id='word_1_515' title='bbox 787 3848 1055 3901; x_wconf 86' lang='lat' dir='ltr'>Similiter</span> <span class='ocrx_word' id='word_1_516' title='bbox 1083 3853 1139 3899; x_wconf 90' lang='lat' dir='ltr'>et</span> <span class='ocrx_word' id='word_1_517' title='bbox 1186 3853 1314 3900; x_wconf 88' lang='lat' dir='ltr'>ante</span> <span class='ocrx_word' id='word_1_518' title='bbox 1371 3845 1615 3902; x_wconf 84' lang='lat' dir='ltr'>tertiam,</span> <span class='ocrx_word' id='word_1_519' title='bbox 1669 3848 1795 3913; x_wconf 88' lang='lat' dir='ltr'>post</span> 
     </span>
    </p>
   </div>
   <div class='ocr_carea' id='block_1_72' title="bbox 184 3932 1789 4006">
    <p class='ocr_par' dir='ltr' id='par_1_72' title="bbox 184 3932 1789 4006">
     <span class='ocr_line' id='line_1_72' title="bbox 184 3932 1789 4006; baseline -0.006 -14"><span class='ocrx_word' id='word_1_520' title='bbox 184 3939 461 3998; x_wconf 79' lang='lat' dir='ltr'>auditum,</span> <span class='ocrx_word' id='word_1_521' title='bbox 501 3938 724 4006; x_wconf 81' lang='lat' dir='ltr'>signum</span> <span class='ocrx_word' id='word_1_522' title='bbox 754 3937 830 3994; x_wconf 48' lang='lat' dir='ltr'>ad.</span> <span class='ocrx_word' id='word_1_523' title='bbox 856 3937 1175 3998; x_wconf 89' lang='lat' dir='ltr'>lavandum,</span> <span class='ocrx_word' id='word_1_524' title='bbox 1209 3936 1274 3994; x_wconf 83' lang='lat' dir='ltr'>is,</span> <span class='ocrx_word' id='word_1_525' title='bbox 1323 3936 1417 4004; x_wconf 87' lang='lat' dir='ltr'>qui</span> <span class='ocrx_word' id='word_1_526' title='bbox 1444 3937 1562 4004; x_wconf 87' lang='lat' dir='ltr'>jam</span> <span class='ocrx_word' id='word_1_527' title='bbox 1607 3932 1789 4002; x_wconf 82' lang='lat' dir='ltr'>coepit,</span> 
     </span>
    </p>
   </div>
   <div class='ocr_carea' id='block_1_73' title="bbox 180 4024 1790 4098">
    <p class='ocr_par' dir='ltr' id='par_1_73' title="bbox 180 4024 1790 4098">
     <span class='ocr_line' id='line_1_73' title="bbox 180 4024 1790 4098; baseline -0.007 -15"><span class='ocrx_word' id='word_1_528' title='bbox 180 4028 453 4083; x_wconf 83' lang='lat' dir='ltr'>celeriter</span> <span class='ocrx_word' id='word_1_529' title='bbox 510 4025 742 4098; x_wconf 84' lang='lat' dir='ltr'>perficit.</span> <span class='ocrx_word' id='word_1_530' title='bbox 797 4026 866 4078; x_wconf 91' lang='lat' dir='ltr'>In</span> <span class='ocrx_word' id='word_1_531' title='bbox 909 4025 994 4080; x_wconf 84' lang='lat' dir='ltr'>his</span> <span class='ocrx_word' id='word_1_532' title='bbox 1050 4042 1181 4096; x_wconf 82' lang='lat' dir='ltr'>ergo</span> <span class='ocrx_word' id='word_1_533' title='bbox 1227 4024 1403 4088; x_wconf 88' lang='lat' dir='ltr'>horis,</span> <span class='ocrx_word' id='word_1_534' title='bbox 1446 4037 1790 4092; x_wconf 65' lang='lat' dir='ltr'>quiscunque</span> 
     </span>
    </p>
   </div>
   <div class='ocr_carea' id='block_1_74' title="bbox 181 4109 1788 4180">
    <p class='ocr_par' dir='ltr' id='par_1_74' title="bbox 181 4109 1788 4180">
     <span class='ocr_line' id='line_1_74' title="bbox 181 4109 1788 4180; baseline -0.006 -10"><span class='ocrx_word' id='word_1_535' title='bbox 181 4124 388 4180; x_wconf 70' lang='lat' dir='ltr'>contra</span> <span class='ocrx_word' id='word_1_536' title='bbox 404 4116 644 4178; x_wconf 80' lang='lat' dir='ltr'>salutem</span> <span class='ocrx_word' id='word_1_537' title='bbox 667 4115 866 4170; x_wconf 77' lang='lat' dir='ltr'>animae</span> <span class='ocrx_word' id='word_1_538' title='bbox 887 4131 999 4174; x_wconf 67' lang='lat' dir='ltr'>suae</span> <span class='ocrx_word' id='word_1_539' title='bbox 1015 4114 1295 4170; x_wconf 86' lang='lat' dir='ltr'>commisit</span> <span class='ocrx_word' id='word_1_540' title='bbox 1315 4113 1367 4166; x_wconf 91' lang='lat' dir='ltr'>in</span> <span class='ocrx_word' id='word_1_541' title='bbox 1386 4113 1498 4165; x_wconf 86' lang='lat' dir='ltr'>vita</span> <span class='ocrx_word' id='word_1_542' title='bbox 1519 4109 1788 4168; x_wconf 71' lang='lat' dir='ltr'>saeculari,</span> 
     </span>
    </p>
   </div>
   <div class='ocr_carea' id='block_1_75' title="bbox 180 4199 1793 4284">
    <p class='ocr_par' dir='ltr' id='par_1_75' title="bbox 180 4199 1793 4284">
     <span class='ocr_line' id='line_1_75' title="bbox 180 4199 1793 4284; baseline -0.006 -24"><span class='ocrx_word' id='word_1_543' title='bbox 180 4206 446 4284; x_wconf 80' lang='lat' dir='ltr'>primum</span> <span class='ocrx_word' id='word_1_544' title='bbox 474 4205 544 4262; x_wconf 85' lang='lat' dir='ltr'>ad</span> <span class='ocrx_word' id='word_1_545' title='bbox 574 4204 978 4262; x_wconf 80' lang='lat' dir='ltr'>confessionem</span> <span class='ocrx_word' id='word_1_546' title='bbox 1020 4203 1342 4260; x_wconf 77' lang='lat' dir='ltr'>manifestat</span> <span class='ocrx_word' id='word_1_547' title='bbox 1369 4203 1574 4254; x_wconf 88' lang='lat' dir='ltr'>domno</span> <span class='ocrx_word' id='word_1_548' title='bbox 1605 4199 1793 4252; x_wconf 83' lang='lat' dir='ltr'>abbati</span> 
     </span>
    </p>
   </div>
   <div class='ocr_carea' id='block_1_76' title="bbox 179 4289 1792 4365">
    <p class='ocr_par' dir='ltr' id='par_1_76' title="bbox 179 4289 1792 4365">
     <span class='ocr_line' id='line_1_76' title="bbox 179 4289 1792 4365; baseline -0.003 -19"><span class='ocrx_word' id='word_1_549' title='bbox 179 4296 275 4350; x_wconf 84' lang='lat' dir='ltr'>vel</span> <span class='ocrx_word' id='word_1_550' title='bbox 303 4293 505 4365; x_wconf 86' lang='lat' dir='ltr'>priori,</span> <span class='ocrx_word' id='word_1_551' title='bbox 536 4299 729 4364; x_wconf 86' lang='lat' dir='ltr'>postea</span> <span class='ocrx_word' id='word_1_552' title='bbox 769 4309 917 4355; x_wconf 87' lang='lat' dir='ltr'>vero,</span> <span class='ocrx_word' id='word_1_553' title='bbox 952 4309 1078 4350; x_wconf 88' lang='lat' dir='ltr'>cum</span> <span class='ocrx_word' id='word_1_554' title='bbox 1110 4310 1247 4362; x_wconf 89' lang='lat' dir='ltr'>opus</span> <span class='ocrx_word' id='word_1_555' title='bbox 1277 4291 1444 4346; x_wconf 88' lang='lat' dir='ltr'>habet</span> <span class='ocrx_word' id='word_1_556' title='bbox 1473 4291 1542 4348; x_wconf 83' lang='lat' dir='ltr'>ad</span> <span class='ocrx_word' id='word_1_557' title='bbox 1574 4289 1792 4342; x_wconf 87' lang='lat' dir='ltr'>confes-</span> 
     </span>
    </p>
   </div>
   <div class='ocr_carea' id='block_1_77' title="bbox 179 4380 1793 4458">
    <p class='ocr_par' dir='ltr' id='par_1_77' title="bbox 179 4380 1793 4458">
     <span class='ocr_line' id='line_1_77' title="bbox 179 4380 1793 4458; baseline -0.006 -20"><span class='ocrx_word' id='word_1_558' title='bbox 179 4385 412 4446; x_wconf 76' lang='lat' dir='ltr'>sionem</span> <span class='ocrx_word' id='word_1_559' title='bbox 451 4399 558 4452; x_wconf 82' lang='lat' dir='ltr'>pro,</span> <span class='ocrx_word' id='word_1_560' title='bbox 583 4383 769 4458; x_wconf 79' lang='lat' dir='ltr'>aliquo</span> <span class='ocrx_word' id='word_1_561' title='bbox 802 4399 1030 4438; x_wconf 79' lang='lat' dir='ltr'>excessu</span> <span class='ocrx_word' id='word_1_562' title='bbox 1060 4381 1270 4442; x_wconf 87' lang='lat' dir='ltr'>venire,</span> <span class='ocrx_word' id='word_1_563' title='bbox 1324 4381 1395 4433; x_wconf 88' lang='lat' dir='ltr'>ad</span> <span class='ocrx_word' id='word_1_564' title='bbox 1444 4380 1793 4432; x_wconf 69' lang='lat' dir='ltr'>sacerdotem</span> 
     </span>
    </p>
   </div>
   <div class='ocr_carea' id='block_1_78' title="bbox 1878 3233 3475 3313">
    <p class='ocr_par' dir='ltr' id='par_1_78' title="bbox 1878 3233 3475 3313">
     <span class='ocr_line' id='line_1_78' title="bbox 1878 3233 3475 3313; baseline -0.006 -26"><span class='ocrx_word' id='word_1_565' title='bbox 1878 3233 2078 3313; x_wconf 80' lang='lat' dir='ltr'>psalmi</span> <span class='ocrx_word' id='word_1_566' title='bbox 2125 3251 2135 3284; x_wconf 94' lang='lat'>:</span> <span class='ocrx_word' id='word_1_567' title='bbox 2183 3237 2367 3302; x_wconf 87' lang='lat' dir='ltr'>potest</span> <span class='ocrx_word' id='word_1_568' title='bbox 2410 3238 2466 3286; x_wconf 88' lang='lat' dir='ltr'>et</span> <span class='ocrx_word' id='word_1_569' title='bbox 2515 3238 2634 3292; x_wconf 48' lang='lat' dir='ltr'>tam,</span> <span class='ocrx_word' id='word_1_570' title='bbox 2671 3233 2856 3302; x_wconf 84' lang='lat' dir='ltr'>gravis</span> <span class='ocrx_word' id='word_1_571' title='bbox 2907 3251 3027 3292; x_wconf 89' lang='lat' dir='ltr'>esse</span> <span class='ocrx_word' id='word_1_572' title='bbox 3069 3238 3277 3309; x_wconf 62' lang='lat' dir='ltr'>lapsus,</span> <span class='ocrx_word' id='word_1_573' title='bbox 3320 3243 3475 3311; x_wconf 66' lang='lat' dir='ltr'>quod</span> 
     </span>
    </p>
   </div>
   <div class='ocr_carea' id='block_1_79' title="bbox 1878 3320 3473 3402">
    <p class='ocr_par' dir='ltr' id='par_1_79' title="bbox 1878 3320 3473 3402">
     <span class='ocr_line' id='line_1_79' title="bbox 1878 3320 3473 3402; baseline 0.008 -29"><span class='ocrx_word' id='word_1_574' title='bbox 1878 3322 1964 3374; x_wconf 90' lang='lat' dir='ltr'>vel</span> <span class='ocrx_word' id='word_1_575' title='bbox 1989 3321 2099 3374; x_wconf 83' lang='lat' dir='ltr'>LX.</span> <span class='ocrx_word' id='word_1_576' title='bbox 2134 3320 2219 3374; x_wconf 88' lang='lat' dir='ltr'>vel</span> <span class='ocrx_word' id='word_1_577' title='bbox 2249 3320 2305 3374; x_wconf 92' lang='lat' dir='ltr'>C.</span> <span class='ocrx_word' id='word_1_578' title='bbox 2344 3320 2566 3389; x_wconf 87' lang='lat' dir='ltr'>psalmi,</span> <span class='ocrx_word' id='word_1_579' title='bbox 2596 3320 2682 3371; x_wconf 88' lang='lat' dir='ltr'>vel</span> <span class='ocrx_word' id='word_1_580' title='bbox 2703 3320 2872 3373; x_wconf 89' lang='lat' dir='ltr'>etiam</span> <span class='ocrx_word' id='word_1_581' title='bbox 2901 3327 3084 3378; x_wconf 90' lang='lat' dir='ltr'>totum</span> <span class='ocrx_word' id='word_1_582' title='bbox 3117 3329 3473 3402; x_wconf 43' lang='lat' dir='ltr'>psalterium,k</span> 
     </span>
    </p>
   </div>
   <div class='ocr_carea' id='block_1_80' title="bbox 1878 3405 3475 3482">
    <p class='ocr_par' dir='ltr' id='par_1_80' title="bbox 1878 3405 3475 3482">
     <span class='ocr_line' id='line_1_80' title="bbox 1878 3405 3475 3482; baseline 0.006 -21"><span class='ocrx_word' id='word_1_583' title='bbox 1878 3411 1965 3463; x_wconf 83' lang='lat' dir='ltr'>vel</span> <span class='ocrx_word' id='word_1_584' title='bbox 2009 3409 2178 3462; x_wconf 86' lang='lat' dir='ltr'>etiam</span> <span class='ocrx_word' id='word_1_585' title='bbox 2221 3408 2465 3476; x_wconf 86' lang='lat' dir='ltr'>idipsum</span> <span class='ocrx_word' id='word_1_586' title='bbox 2514 3408 2810 3478; x_wconf 87' lang='lat' dir='ltr'>aliquoties</span> <span class='ocrx_word' id='word_1_587' title='bbox 2851 3414 3238 3482; x_wconf 86' lang='lat' dir='ltr'>repetendum,</span> <span class='ocrx_word' id='word_1_588' title='bbox 3285 3421 3377 3474; x_wconf 85' lang='lat' dir='ltr'>vel</span> <span class='ocrx_word' id='word_1_589' title='bbox 3425 3405 3475 3476; x_wconf 78' lang='lat' dir='ltr'>si</span> 
     </span>
    </p>
   </div>
   <div class='ocr_carea' id='block_1_81' title="bbox 1877 3496 3472 3572">
    <p class='ocr_par' dir='ltr' id='par_1_81' title="bbox 1877 3496 3472 3572">
     <span class='ocr_line' id='line_1_81' title="bbox 1877 3496 3472 3572; baseline 0.003 -22"><span class='ocrx_word' id='word_1_590' title='bbox 1877 3498 2007 3551; x_wconf 89' lang='lat' dir='ltr'>talis</span> <span class='ocrx_word' id='word_1_591' title='bbox 2031 3502 2114 3550; x_wconf 86' lang='lat' dir='ltr'>est</span> <span class='ocrx_word' id='word_1_592' title='bbox 2144 3513 2401 3566; x_wconf 86' lang='lat' dir='ltr'>persona,</span> <span class='ocrx_word' id='word_1_593' title='bbox 2444 3496 2659 3566; x_wconf 86' lang='lat' dir='ltr'>aliquot</span> <span class='ocrx_word' id='word_1_594' title='bbox 2704 3498 2886 3552; x_wconf 67' lang='lat' dir='ltr'>missae</span> <span class='ocrx_word' id='word_1_595' title='bbox 2923 3499 3309 3572; x_wconf 67' lang='lat' dir='ltr'>injungantur.</span> <span class='ocrx_word' id='word_1_596' title='bbox 3343 3509 3472 3568; x_wconf 59' lang='grc' dir='ltr'>Ειελ.</span> 
     </span>
    </p>
   </div>
   <div class='ocr_carea' id='block_1_82' title="bbox 1875 3584 3475 3668">
    <p class='ocr_par' dir='ltr' id='par_1_82' title="bbox 1875 3584 3475 3668">
     <span class='ocr_line' id='line_1_82' title="bbox 1875 3584 3475 3668; baseline 0.009 -31"><span class='ocrx_word' id='word_1_597' title='bbox 1875 3586 2023 3655; x_wconf 81' lang='lat' dir='ltr'>gella</span> <span class='ocrx_word' id='word_1_598' title='bbox 2063 3584 2174 3636; x_wconf 85' lang='lat' dir='ltr'>sive</span> <span class='ocrx_word' id='word_1_599' title='bbox 2197 3584 2416 3652; x_wconf 84' lang='lat' dir='ltr'>jejunia</span> <span class='ocrx_word' id='word_1_600' title='bbox 2445 3601 2543 3653; x_wconf 89' lang='lat' dir='ltr'>per</span> <span class='ocrx_word' id='word_1_601' title='bbox 2575 3584 2854 3650; x_wconf 84' lang='lat' dir='ltr'>abbatem,</span> <span class='ocrx_word' id='word_1_602' title='bbox 2890 3588 2974 3639; x_wconf 90' lang='lat' dir='ltr'>vel</span> <span class='ocrx_word' id='word_1_603' title='bbox 3004 3591 3052 3642; x_wconf 92' lang='lat' dir='ltr'>si</span> <span class='ocrx_word' id='word_1_604' title='bbox 3080 3591 3198 3668; x_wconf 74' lang='lat' dir='ltr'>ipse</span> <span class='ocrx_word' id='word_1_605' title='bbox 3232 3593 3392 3656; x_wconf 48' lang='lat' dir='ltr'>abest.</span> <span class='ocrx_word' id='word_1_606' title='bbox 3418 3602 3475 3652; x_wconf 91' lang='lat' dir='ltr'>et</span> 
     </span>
    </p>
   </div>
   <div class='ocr_carea' id='block_1_83' title="bbox 1879 3673 3474 3762">
    <p class='ocr_par' dir='ltr' id='par_1_83' title="bbox 1879 3673 3474 3762">
     <span class='ocr_line' id='line_1_83' title="bbox 1879 3673 3474 3762; baseline 0.007 -36"><span class='ocrx_word' id='word_1_607' title='bbox 1879 3673 2146 3743; x_wconf 88' lang='lat' dir='ltr'>quamdiu</span> <span class='ocrx_word' id='word_1_608' title='bbox 2178 3673 2353 3732; x_wconf 84' lang='lat' dir='ltr'>abest,</span> <span class='ocrx_word' id='word_1_609' title='bbox 2388 3690 2485 3742; x_wconf 84' lang='lat' dir='ltr'>per</span> <span class='ocrx_word' id='word_1_610' title='bbox 2514 3673 2755 3742; x_wconf 74' lang='lat' dir='ltr'>priorem</span> <span class='ocrx_word' id='word_1_611' title='bbox 2783 3677 3324 3746; x_wconf 69' lang='lat' dir='ltr'>conceduntur.Quae</span> <span class='ocrx_word' id='word_1_612' title='bbox 3356 3682 3474 3762; x_wconf 55' lang='lat' dir='ltr'>qui,-</span> 
     </span>
    </p>
   </div>
   <div class='ocr_carea' id='block_1_84' title="bbox 1877 3759 3472 3841">
    <p class='ocr_par' dir='ltr' id='par_1_84' title="bbox 1877 3759 3472 3841">
     <span class='ocr_line' id='line_1_84' title="bbox 1877 3759 3472 3841; baseline 0.008 -28"><span class='ocrx_word' id='word_1_613' title='bbox 1877 3762 2001 3814; x_wconf 85' lang='lat' dir='ltr'>dcm</span> <span class='ocrx_word' id='word_1_614' title='bbox 2037 3761 2259 3829; x_wconf 79' lang='lat' dir='ltr'>ﬂagella</span> <span class='ocrx_word' id='word_1_615' title='bbox 2288 3759 2359 3811; x_wconf 87' lang='lat' dir='ltr'>ad</span> <span class='ocrx_word' id='word_1_616' title='bbox 2388 3759 2682 3812; x_wconf 86' lang='lat' dir='ltr'>intervalla</span> <span class='ocrx_word' id='word_1_617' title='bbox 2715 3761 3012 3826; x_wconf 82' lang='lat' dir='ltr'>Horarum,</span> <span class='ocrx_word' id='word_1_618' title='bbox 3049 3770 3105 3816; x_wconf 88' lang='lat' dir='ltr'>et</span> <span class='ocrx_word' id='word_1_619' title='bbox 3131 3766 3274 3821; x_wconf 87' lang='lat' dir='ltr'>infra</span> <span class='ocrx_word' id='word_1_620' title='bbox 3318 3759 3472 3841; x_wconf 47' lang='lat' dir='ltr'>prio.-</span> 
     </span>
    </p>
   </div>
   <div class='ocr_carea' id='block_1_85' title="bbox 1876 3849 3473 3920">
    <p class='ocr_par' dir='ltr' id='par_1_85' title="bbox 1876 3849 3473 3920">
     <span class='ocr_line' id='line_1_85' title="bbox 1876 3849 3473 3920; baseline -0.004 -17"><span class='ocrx_word' id='word_1_621' title='bbox 1876 3867 1994 3903; x_wconf 90' lang='lat' dir='ltr'>rem</span> <span class='ocrx_word' id='word_1_622' title='bbox 2022 3850 2249 3903; x_wconf 83' lang='lat' dir='ltr'>missam</span> <span class='ocrx_word' id='word_1_623' title='bbox 2281 3865 2311 3899; x_wconf 69' lang='grc' dir='ltr'>τι</span> <span class='ocrx_word' id='word_1_624' title='bbox 2340 3849 2680 3917; x_wconf 75' lang='lat' dir='ltr'>presbyteris</span> <span class='ocrx_word' id='word_1_625' title='bbox 2721 3851 3116 3917; x_wconf 86' lang='lat' dir='ltr'>suscipiuntur.</span> <span class='ocrx_word' id='word_1_626' title='bbox 3149 3856 3257 3909; x_wconf 77' lang='lat' dir='ltr'>Sed</span> <span class='ocrx_word' id='word_1_627' title='bbox 3292 3874 3327 3910; x_wconf 69' lang='grc' dir='ltr'><strong>α</strong></span> <span class='ocrx_word' id='word_1_628' title='bbox 3361 3860 3473 3920; x_wconf 46' lang='lat' dir='ltr'>par</span> 
     </span>
    </p>
   </div>
   <div class='ocr_carea' id='block_1_86' title="bbox 1879 3937 3470 4009">
    <p class='ocr_par' dir='ltr' id='par_1_86' title="bbox 1879 3937 3470 4009">
     <span class='ocr_line' id='line_1_86' title="bbox 1879 3937 3470 4009; baseline 0.001 -19"><span class='ocrx_word' id='word_1_629' title='bbox 1879 3940 2014 3991; x_wconf 84' lang='lat' dir='ltr'>scha</span> <span class='ocrx_word' id='word_1_630' title='bbox 2036 3955 2210 4007; x_wconf 89' lang='lat' dir='ltr'>usque</span> <span class='ocrx_word' id='word_1_631' title='bbox 2242 3937 2310 3988; x_wconf 87' lang='lat' dir='ltr'>ad</span> <span class='ocrx_word' id='word_1_632' title='bbox 2335 3938 2699 3991; x_wconf 87' lang='lat' dir='ltr'>Pentecosten</span> <span class='ocrx_word' id='word_1_633' title='bbox 2725 3944 2780 3990; x_wconf 87' lang='lat' dir='ltr'>et</span> <span class='ocrx_word' id='word_1_634' title='bbox 2801 3938 2943 3991; x_wconf 80' lang='lat' dir='ltr'>infra</span> <span class='ocrx_word' id='word_1_635' title='bbox 2966 3940 3228 3996; x_wconf 84' lang='lat' dir='ltr'>Octavam</span> <span class='ocrx_word' id='word_1_636' title='bbox 3259 3962 3323 4002; x_wconf 87' lang='lat' dir='ltr'>ex</span> <span class='ocrx_word' id='word_1_637' title='bbox 3335 3964 3470 4009; x_wconf 74' lang='lat' dir='ltr'>con-</span> 
     </span>
    </p>
   </div>
   <div class='ocr_carea' id='block_1_87' title="bbox 1873 4027 3474 4097">
    <p class='ocr_par' dir='ltr' id='par_1_87' title="bbox 1873 4027 3474 4097">
     <span class='ocr_line' id='line_1_87' title="bbox 1873 4027 3474 4097; baseline 0.005 -18"><span class='ocrx_word' id='word_1_638' title='bbox 1873 4027 2170 4079; x_wconf 88' lang='lat' dir='ltr'>suetudine</span> <span class='ocrx_word' id='word_1_639' title='bbox 2216 4043 2327 4078; x_wconf 91' lang='lat' dir='ltr'>non</span> <span class='ocrx_word' id='word_1_640' title='bbox 2372 4031 2640 4096; x_wconf 77' lang='lat' dir='ltr'>aguntur.</span> <span class='ocrx_word' id='word_1_641' title='bbox 2689 4027 2918 4094; x_wconf 88' lang='lat' dir='ltr'>Jejunia.</span> <span class='ocrx_word' id='word_1_642' title='bbox 2954 4031 3273 4097; x_wconf 87' lang='lat' dir='ltr'>persolvens</span> <span class='ocrx_word' id='word_1_643' title='bbox 3325 4035 3474 4096; x_wconf 81' lang='lat' dir='ltr'>infra</span> 
     </span>
    </p>
   </div>
   <div class='ocr_carea' id='block_1_88' title="bbox 1876 4113 3472 4194">
    <p class='ocr_par' dir='ltr' id='par_1_88' title="bbox 1876 4113 3472 4194">
     <span class='ocr_line' id='line_1_88' title="bbox 1876 4113 3472 4194; baseline 0.001 -28"><span class='ocrx_word' id='word_1_644' title='bbox 1876 4114 2173 4184; x_wconf 89' lang='lat' dir='ltr'>prandium</span> <span class='ocrx_word' id='word_1_645' title='bbox 2205 4114 2272 4165; x_wconf 89' lang='lat' dir='ltr'>ad</span> <span class='ocrx_word' id='word_1_646' title='bbox 2305 4122 2554 4166; x_wconf 88' lang='lat' dir='ltr'>sanctam</span> <span class='ocrx_word' id='word_1_647' title='bbox 2575 4113 2808 4166; x_wconf 79' lang='lat' dir='ltr'>Mariam</span> <span class='ocrx_word' id='word_1_648' title='bbox 2833 4117 2915 4167; x_wconf 92' lang='lat' dir='ltr'>vel</span> <span class='ocrx_word' id='word_1_649' title='bbox 2947 4117 3003 4168; x_wconf 91' lang='lat' dir='ltr'>in</span> <span class='ocrx_word' id='word_1_650' title='bbox 3035 4120 3275 4188; x_wconf 82' lang='lat' dir='ltr'>coquina</span> <span class='ocrx_word' id='word_1_651' title='bbox 3303 4140 3472 4194; x_wconf 87' lang='lat' dir='ltr'>regu-</span> 
     </span>
    </p>
   </div>
   <div class='ocr_carea' id='block_1_89' title="bbox 1878 4203 3472 4279">
    <p class='ocr_par' dir='ltr' id='par_1_89' title="bbox 1878 4203 3472 4279">
     <span class='ocr_line' id='line_1_89' title="bbox 1878 4203 3472 4279; baseline -0.001 -23"><span class='ocrx_word' id='word_1_652' title='bbox 1878 4205 1979 4256; x_wconf 83' lang='lat' dir='ltr'>lari</span> <span class='ocrx_word' id='word_1_653' title='bbox 2016 4220 2139 4256; x_wconf 91' lang='lat' dir='ltr'>cum</span> <span class='ocrx_word' id='word_1_654' title='bbox 2168 4203 2392 4255; x_wconf 87' lang='lat' dir='ltr'>licentia</span> <span class='ocrx_word' id='word_1_655' title='bbox 2425 4203 2776 4267; x_wconf 76' lang='lat' dir='ltr'>commorari,</span> <span class='ocrx_word' id='word_1_656' title='bbox 2811 4210 2869 4255; x_wconf 74' lang='lat' dir='ltr'>ct</span> <span class='ocrx_word' id='word_1_657' title='bbox 2908 4211 3100 4279; x_wconf 80' lang='lat' dir='ltr'>postea</span> <span class='ocrx_word' id='word_1_658' title='bbox 3137 4226 3264 4262; x_wconf 91' lang='lat' dir='ltr'>cum</span> <span class='ocrx_word' id='word_1_659' title='bbox 3302 4213 3472 4268; x_wconf 86' lang='lat' dir='ltr'>mini-</span> 
     </span>
    </p>
   </div>
   <div class='ocr_carea' id='block_1_90' title="bbox 1879 4291 3473 4358">
    <p class='ocr_par' dir='ltr' id='par_1_90' title="bbox 1879 4291 3473 4358">
     <span class='ocr_line' id='line_1_90' title="bbox 1879 4291 3473 4358; baseline -0.001 -13"><span class='ocrx_word' id='word_1_660' title='bbox 1879 4292 2027 4354; x_wconf 88' lang='lat' dir='ltr'>stris,</span> <span class='ocrx_word' id='word_1_661' title='bbox 2065 4292 2110 4345; x_wconf 88' lang='lat' dir='ltr'>si</span> <span class='ocrx_word' id='word_1_662' title='bbox 2152 4291 2322 4344; x_wconf 88' lang='lat' dir='ltr'>semel</span> <span class='ocrx_word' id='word_1_663' title='bbox 2355 4291 2621 4355; x_wconf 79' lang='lat' dir='ltr'>reﬁcitur,</span> <span class='ocrx_word' id='word_1_664' title='bbox 2669 4292 2749 4343; x_wconf 84' lang='lat' dir='ltr'>vel</span> <span class='ocrx_word' id='word_1_665' title='bbox 2790 4292 2860 4344; x_wconf 85' lang='lat' dir='ltr'>ad</span> <span class='ocrx_word' id='word_1_666' title='bbox 2905 4310 3118 4354; x_wconf 69' lang='lat' dir='ltr'>cmnam</span> <span class='ocrx_word' id='word_1_667' title='bbox 3161 4315 3286 4352; x_wconf 91' lang='lat' dir='ltr'>cum</span> <span class='ocrx_word' id='word_1_668' title='bbox 3337 4319 3473 4358; x_wconf 87' lang='lat' dir='ltr'>con-</span> 
     </span>
    </p>
   </div>
   <div class='ocr_carea' id='block_1_91' title="bbox 1881 4379 3472 4452">
    <p class='ocr_par' dir='ltr' id='par_1_91' title="bbox 1881 4379 3472 4452">
     <span class='ocr_line' id='line_1_91' title="bbox 1881 4379 3472 4452; baseline 0.009 -21"><span class='ocrx_word' id='word_1_669' title='bbox 1881 4388 2067 4444; x_wconf 88' lang='lat' dir='ltr'>ventu,</span> <span class='ocrx_word' id='word_1_670' title='bbox 2114 4379 2159 4431; x_wconf 91' lang='lat' dir='ltr'>si</span> <span class='ocrx_word' id='word_1_671' title='bbox 2209 4379 2292 4430; x_wconf 89' lang='lat' dir='ltr'>bis</span> <span class='ocrx_word' id='word_1_672' title='bbox 2323 4379 2652 4444; x_wconf 86' lang='lat' dir='ltr'>comeditur,</span> <span class='ocrx_word' id='word_1_673' title='bbox 2696 4380 2861 4433; x_wconf 84' lang='lat' dir='ltr'>debet</span> <span class='ocrx_word' id='word_1_674' title='bbox 2904 4385 3149 4441; x_wconf 82' lang='lat' dir='ltr'>reficere.</span> <span class='ocrx_word' id='word_1_675' title='bbox 3190 4387 3472 4452; x_wconf 66' lang='lat' dir='ltr'>Praeterea</span> 
     </span>
    </p>
   </div>
   <div class='ocr_carea' id='block_1_92' title="bbox 179 4468 3471 4546">
    <p class='ocr_par' dir='ltr' id='par_1_92' title="bbox 179 4468 3471 4546">
     <span class='ocr_line' id='line_1_92' title="bbox 179 4468 3471 4546; baseline 0.002 -22"><span class='ocrx_word' id='word_1_676' title='bbox 179 4473 363 4534; x_wconf 85' lang='lat' dir='ltr'>venit,</span> <span class='ocrx_word' id='word_1_677' title='bbox 399 4472 470 4524; x_wconf 86' lang='lat' dir='ltr'>ad</span> <span class='ocrx_word' id='word_1_678' title='bbox 517 4487 681 4540; x_wconf 87' lang='lat' dir='ltr'>quem</span> <span class='ocrx_word' id='word_1_679' title='bbox 726 4471 1079 4540; x_wconf 91' lang='lat' dir='ltr'>potissimum</span> <span class='ocrx_word' id='word_1_680' title='bbox 1120 4470 1376 4532; x_wconf 89' lang='lat' dir='ltr'>voluerit,</span> <span class='ocrx_word' id='word_1_681' title='bbox 1411 4486 1507 4524; x_wconf 89' lang='lat' dir='ltr'>UD.</span> <span class='ocrx_word' id='word_1_682' title='bbox 1550 4468 1789 4532; x_wconf 76' lang='lat' dir='ltr'>illorum,</span> <span class='ocrx_word' id='word_1_683' title='bbox 1811 4470 2114 4526; x_wconf 85' lang='lat' dir='ltr'>Ddomnus</span> <span class='ocrx_word' id='word_1_684' title='bbox 2157 4468 2327 4522; x_wconf 85' lang='lat' dir='ltr'>abbas</span> <span class='ocrx_word' id='word_1_685' title='bbox 2358 4469 2460 4520; x_wconf 88' lang='lat' dir='ltr'>hoc</span> <span class='ocrx_word' id='word_1_686' title='bbox 2489 4469 2659 4521; x_wconf 87' lang='lat' dir='ltr'>habet</span> <span class='ocrx_word' id='word_1_687' title='bbox 2689 4487 2799 4539; x_wconf 64' lang='lat' dir='ltr'>prae</span> <span class='ocrx_word' id='word_1_688' title='bbox 2829 4473 3060 4539; x_wconf 63' lang='lat' dir='ltr'>caeteris,</span> <span class='ocrx_word' id='word_1_689' title='bbox 3093 4478 3236 4545; x_wconf 90' lang='lat' dir='ltr'>quod</span> <span class='ocrx_word' id='word_1_690' title='bbox 3289 4480 3471 4546; x_wconf 64' lang='lat' dir='ltr'>fratri,</span> 
     </span>
    </p>
   </div>
   <div class='ocr_carea' id='block_1_93' title="bbox 180 4558 1793 4632">
    <p class='ocr_par' dir='ltr' id='par_1_93' title="bbox 180 4558 1793 4632">
     <span class='ocr_line' id='line_1_93' title="bbox 180 4558 1793 4632; baseline -0.004 -17"><span class='ocrx_word' id='word_1_691' title='bbox 180 4562 400 4632; x_wconf 88' lang='lat' dir='ltr'>quibus</span> <span class='ocrx_word' id='word_1_692' title='bbox 433 4559 752 4627; x_wconf 88' lang='lat' dir='ltr'>hujusmodi</span> <span class='ocrx_word' id='word_1_693' title='bbox 785 4559 1028 4612; x_wconf 78' lang='lat' dir='ltr'>ofﬁcium</span> <span class='ocrx_word' id='word_1_694' title='bbox 1060 4558 1374 4627; x_wconf 85' lang='lat' dir='ltr'>iujunctum</span> <span class='ocrx_word' id='word_1_695' title='bbox 1417 4563 1520 4618; x_wconf 88' lang='lat' dir='ltr'>est,</span> <span class='ocrx_word' id='word_1_696' title='bbox 1555 4564 1610 4609; x_wconf 87' lang='lat' dir='ltr'>et</span> <span class='ocrx_word' id='word_1_697' title='bbox 1640 4571 1793 4608; x_wconf 82' lang='lat' dir='ltr'>stans</span> 
     </span>
    </p>
   </div>
   <div class='ocr_carea' id='block_1_94' title="bbox 176 4644 1796 4714">
    <p class='ocr_par' dir='ltr' id='par_1_94' title="bbox 176 4644 1796 4714">
     <span class='ocr_line' id='line_1_94' title="bbox 176 4644 1796 4714; baseline -0.005 -11"><span class='ocrx_word' id='word_1_698' title='bbox 176 4657 322 4703; x_wconf 87' lang='lat' dir='ltr'>ante</span> <span class='ocrx_word' id='word_1_699' title='bbox 356 4664 488 4706; x_wconf 85' lang='lat' dir='ltr'>eum</span> <span class='ocrx_word' id='word_1_700' title='bbox 521 4647 771 4706; x_wconf 79' lang='lat' dir='ltr'>dextram</span> <span class='ocrx_word' id='word_1_701' title='bbox 801 4647 869 4706; x_wconf 90' lang='lat' dir='ltr'>de</span> <span class='ocrx_word' id='word_1_702' title='bbox 909 4647 1126 4705; x_wconf 85' lang='lat' dir='ltr'>manica</span> <span class='ocrx_word' id='word_1_703' title='bbox 1157 4652 1405 4701; x_wconf 79' lang='lat' dir='ltr'>extracta</span> <span class='ocrx_word' id='word_1_704' title='bbox 1437 4644 1593 4714; x_wconf 74' lang='lat' dir='ltr'>ponit</span> <span class='ocrx_word' id='word_1_705' title='bbox 1628 4661 1796 4714; x_wconf 86' lang='lat' dir='ltr'>super</span> 
     </span>
    </p>
   </div>
   <div class='ocr_carea' id='block_1_95' title="bbox 173 4735 1795 4812">
    <p class='ocr_par' dir='ltr' id='par_1_95' title="bbox 173 4735 1795 4812">
     <span class='ocr_line' id='line_1_95' title="bbox 173 4735 1795 4812; baseline -0.003 -22"><span class='ocrx_word' id='word_1_706' title='bbox 173 4745 409 4809; x_wconf 84' lang='lat' dir='ltr'>pectus,</span> <span class='ocrx_word' id='word_1_707' title='bbox 445 4736 591 4812; x_wconf 77' lang='lat' dir='ltr'>quod</span> <span class='ocrx_word' id='word_1_708' title='bbox 615 4741 702 4789; x_wconf 88' lang='lat' dir='ltr'>est</span> <span class='ocrx_word' id='word_1_709' title='bbox 729 4735 1362 4805; x_wconf 76' lang='lat' dir='ltr'>signumconfessionis.</span> <span class='ocrx_word' id='word_1_710' title='bbox 1395 4735 1670 4804; x_wconf 78' lang='lat' dir='ltr'>Surgentc</span> <span class='ocrx_word' id='word_1_711' title='bbox 1693 4750 1795 4785; x_wconf 89' lang='lat' dir='ltr'>au-</span> 
     </span>
    </p>
   </div>
   <div class='ocr_carea' id='block_1_96' title="bbox 173 4823 1794 4895">
    <p class='ocr_par' dir='ltr' id='par_1_96' title="bbox 173 4823 1794 4895">
     <span class='ocr_line' id='line_1_96' title="bbox 173 4823 1794 4895; baseline -0.004 -13"><span class='ocrx_word' id='word_1_712' title='bbox 173 4833 301 4888; x_wconf 81' lang='lat' dir='ltr'>tem</span> <span class='ocrx_word' id='word_1_713' title='bbox 331 4825 624 4886; x_wconf 81' lang='lat' dir='ltr'>sacerdote</span> <span class='ocrx_word' id='word_1_714' title='bbox 653 4830 708 4878; x_wconf 90' lang='lat' dir='ltr'>et</span> <span class='ocrx_word' id='word_1_715' title='bbox 737 4825 814 4884; x_wconf 78' lang='lat' dir='ltr'>ad.</span> <span class='ocrx_word' id='word_1_716' title='bbox 841 4825 1150 4894; x_wconf 81' lang='lat' dir='ltr'>capitulum</span> <span class='ocrx_word' id='word_1_717' title='bbox 1197 4823 1562 4895; x_wconf 64' lang='lat' dir='ltr'>praecedente,</span> <span class='ocrx_word' id='word_1_718' title='bbox 1606 4823 1794 4893; x_wconf 82' lang='lat' dir='ltr'>sequi-</span> 
     </span>
    </p>
   </div>
   <div class='ocr_carea' id='block_1_97' title="bbox 173 4912 1795 4992">
    <p class='ocr_par' dir='ltr' id='par_1_97' title="bbox 173 4912 1795 4992">
     <span class='ocr_line' id='line_1_97' title="bbox 173 4912 1795 4992; baseline -0.005 -22"><span class='ocrx_word' id='word_1_719' title='bbox 173 4921 280 4978; x_wconf 71' lang='lat' dir='ltr'>tur</span> <span class='ocrx_word' id='word_1_720' title='bbox 316 4915 502 4976; x_wconf 83' lang='lat' dir='ltr'>illum.</span> <span class='ocrx_word' id='word_1_721' title='bbox 542 4913 611 4968; x_wconf 86' lang='lat' dir='ltr'>Et</span> <span class='ocrx_word' id='word_1_722' title='bbox 639 4912 893 4992; x_wconf 72' lang='lat' dir='ltr'>primum,</span> <span class='ocrx_word' id='word_1_723' title='bbox 911 4920 1041 4974; x_wconf 82' lang='lat' dir='ltr'>ante</span> <span class='ocrx_word' id='word_1_724' title='bbox 1070 4930 1209 4974; x_wconf 38' lang='lat' dir='ltr'>eum.</span> <span class='ocrx_word' id='word_1_725' title='bbox 1245 4912 1462 4965; x_wconf 87' lang='lat' dir='ltr'>veniam</span> <span class='ocrx_word' id='word_1_726' title='bbox 1491 4912 1647 4986; x_wconf 82' lang='lat' dir='ltr'>petit,</span> <span class='ocrx_word' id='word_1_727' title='bbox 1678 4917 1795 4964; x_wconf 91' lang='lat' dir='ltr'>toto</span> 
     </span>
    </p>
   </div>
   <div class='ocr_carea' id='block_1_98' title="bbox 174 5000 1796 5073">
    <p class='ocr_par' dir='ltr' id='par_1_98' title="bbox 174 5000 1796 5073">
     <span class='ocr_line' id='line_1_98' title="bbox 174 5000 1796 5073; baseline -0.004 -17"><span class='ocrx_word' id='word_1_728' title='bbox 174 5018 433 5073; x_wconf 84' lang='lat' dir='ltr'>corpore</span> <span class='ocrx_word' id='word_1_729' title='bbox 464 5006 796 5071; x_wconf 79' lang='lat' dir='ltr'>prostratus,</span> <span class='ocrx_word' id='word_1_730' title='bbox 847 5000 1046 5057; x_wconf 85' lang='lat' dir='ltr'>deinde</span> <span class='ocrx_word' id='word_1_731' title='bbox 1095 5000 1175 5052; x_wconf 91' lang='lat' dir='ltr'>illi</span> <span class='ocrx_word' id='word_1_732' title='bbox 1223 5006 1419 5053; x_wconf 89' lang='lat' dir='ltr'>contra</span> <span class='ocrx_word' id='word_1_733' title='bbox 1463 5017 1521 5051; x_wconf 90' lang='lat' dir='ltr'>se</span> <span class='ocrx_word' id='word_1_734' title='bbox 1567 5015 1796 5051; x_wconf 82' lang='lat' dir='ltr'>manum</span> 
     </span>
    </p>
   </div>
   <div class='ocr_carea' id='block_1_99' title="bbox 175 5088 1794 5162">
    <p class='ocr_par' dir='ltr' id='par_1_99' title="bbox 175 5088 1794 5162">
     <span class='ocr_line' id='line_1_99' title="bbox 175 5088 1794 5162; baseline -0.007 -11"><span class='ocrx_word' id='word_1_735' title='bbox 175 5093 254 5151; x_wconf 75' lang='lat' dir='ltr'>ad</span> <span class='ocrx_word' id='word_1_736' title='bbox 285 5090 700 5152; x_wconf 70' lang='lat' dir='ltr'>sublevandam</span> <span class='ocrx_word' id='word_1_737' title='bbox 735 5089 1092 5162; x_wconf 83' lang='lat' dir='ltr'>protendenti</span> <span class='ocrx_word' id='word_1_738' title='bbox 1130 5089 1298 5142; x_wconf 92' lang='lat' dir='ltr'>simul</span> <span class='ocrx_word' id='word_1_739' title='bbox 1327 5096 1382 5142; x_wconf 83' lang='lat' dir='ltr'>et</span> <span class='ocrx_word' id='word_1_740' title='bbox 1404 5088 1794 5157; x_wconf 80' lang='lat' dir='ltr'>interroganti,</span> 
     </span>
    </p>
   </div>
   <div class='ocr_carea' id='block_1_100' title="bbox 176 5178 1798 5248">
    <p class='ocr_par' dir='ltr' id='par_1_100' title="bbox 176 5178 1798 5248">
     <span class='ocr_line' id='line_1_100' title="bbox 176 5178 1798 5248; baseline -0.009 -3"><span class='ocrx_word' id='word_1_741' title='bbox 176 5181 344 5245; x_wconf 78' lang='lat' dir='ltr'>Quid</span> <span class='ocrx_word' id='word_1_742' title='bbox 377 5179 607 5236; x_wconf 84' lang='lat' dir='ltr'>dicitis?</span> <span class='ocrx_word' id='word_1_743' title='bbox 628 5181 649 5200; x_wconf 75' lang='lat'>*</span> <span class='ocrx_word' id='word_1_744' title='bbox 680 5178 1002 5248; x_wconf 84' lang='lat' dir='ltr'>Respondet</span> <span class='ocrx_word' id='word_1_745' title='bbox 1024 5195 1033 5228; x_wconf 92' lang='lat'>:</span> <span class='ocrx_word' id='word_1_746' title='bbox 1061 5179 1179 5230; x_wconf 73' lang='lat' dir='ltr'>Mea</span> <span class='ocrx_word' id='word_1_747' title='bbox 1202 5182 1382 5244; x_wconf 81' lang='lat' dir='ltr'>culpa.</span> <span class='ocrx_word' id='word_1_748' title='bbox 1400 5179 1446 5229; x_wconf 80' lang='grc' dir='ltr'><strong>Α</strong></span> <span class='ocrx_word' id='word_1_749' title='bbox 1469 5194 1576 5248; x_wconf 83' lang='lat' dir='ltr'>quo</span> <span class='ocrx_word' id='word_1_750' title='bbox 1607 5178 1798 5246; x_wconf 76' lang='lat' dir='ltr'>jussus</span> 
     </span>
    </p>
   </div>
   <div class='ocr_carea' id='block_1_101' title="bbox 177 5266 1795 5338">
    <p class='ocr_par' dir='ltr' id='par_1_101' title="bbox 177 5266 1795 5338">
     <span class='ocr_line' id='line_1_101' title="bbox 177 5266 1795 5338; baseline -0.006 -12"><span class='ocrx_word' id='word_1_751' title='bbox 177 5286 243 5327; x_wconf 84' lang='lat' dir='ltr'>se</span> <span class='ocrx_word' id='word_1_752' title='bbox 279 5270 498 5333; x_wconf 82' lang='lat' dir='ltr'>levare,</span> <span class='ocrx_word' id='word_1_753' title='bbox 528 5272 822 5338; x_wconf 83' lang='lat' dir='ltr'>postquam</span> <span class='ocrx_word' id='word_1_754' title='bbox 848 5267 1182 5330; x_wconf 86' lang='lat' dir='ltr'>consederit,</span> <span class='ocrx_word' id='word_1_755' title='bbox 1209 5267 1303 5318; x_wconf 91' lang='lat' dir='ltr'>illo</span> <span class='ocrx_word' id='word_1_756' title='bbox 1327 5266 1544 5324; x_wconf 86' lang='lat' dir='ltr'>dicente</span> <span class='ocrx_word' id='word_1_757' title='bbox 1583 5266 1795 5319; x_wconf 64' lang='lat' dir='ltr'>Benedi-</span> 
     </span>
    </p>
   </div>
   <div class='ocr_carea' id='block_1_102' title="bbox 182 5353 1800 5428">
    <p class='ocr_par' dir='ltr' id='par_1_102' title="bbox 182 5353 1800 5428">
     <span class='ocr_line' id='line_1_102' title="bbox 182 5353 1800 5428; baseline -0.004 -17"><span class='ocrx_word' id='word_1_758' title='bbox 182 5362 295 5411; x_wconf 80' lang='lat' dir='ltr'>cite</span> <span class='ocrx_word' id='word_1_759' title='bbox 334 5378 350 5410; x_wconf 93' lang='lat'><strong><em>:</em></strong></span> <span class='ocrx_word' id='word_1_760' title='bbox 379 5357 706 5425; x_wconf 77' lang='lat' dir='ltr'>Respondet</span> <span class='ocrx_word' id='word_1_761' title='bbox 733 5357 1000 5408; x_wconf 74' lang='lat' dir='ltr'>Dom-inus</span> <span class='ocrx_word' id='word_1_762' title='bbox 1029 5370 1046 5406; x_wconf 94' lang='lat'><em>:</em></span> <span class='ocrx_word' id='word_1_763' title='bbox 1079 5361 1133 5408; x_wconf 90' lang='lat' dir='ltr'>et</span> <span class='ocrx_word' id='word_1_764' title='bbox 1163 5361 1298 5408; x_wconf 90' lang='lat' dir='ltr'>tunc</span> <span class='ocrx_word' id='word_1_765' title='bbox 1344 5355 1608 5424; x_wconf 82' lang='lat' dir='ltr'>loquitur,</span> <span class='ocrx_word' id='word_1_766' title='bbox 1653 5353 1800 5428; x_wconf 80' lang='lat' dir='ltr'>quod</span> 
     </span>
    </p>
   </div>
   <div class='ocr_carea' id='block_1_103' title="bbox 179 5443 1801 5514">
    <p class='ocr_par' dir='ltr' id='par_1_103' title="bbox 179 5443 1801 5514">
     <span class='ocr_line' id='line_1_103' title="bbox 179 5443 1801 5514; baseline -0.004 -12"><span class='ocrx_word' id='word_1_767' title='bbox 179 5446 393 5510; x_wconf 74' lang='lat' dir='ltr'>habet.</span> <span class='ocrx_word' id='word_1_768' title='bbox 431 5445 592 5510; x_wconf 86' lang='lat' dir='ltr'>Quod</span> <span class='ocrx_word' id='word_1_769' title='bbox 638 5444 684 5504; x_wconf 85' lang='lat' dir='ltr'>si</span> <span class='ocrx_word' id='word_1_770' title='bbox 723 5449 780 5498; x_wconf 87' lang='lat' dir='ltr'>et</span> <span class='ocrx_word' id='word_1_771' title='bbox 815 5443 936 5514; x_wconf 80' lang='lat' dir='ltr'>ipse</span> <span class='ocrx_word' id='word_1_772' title='bbox 978 5445 1236 5497; x_wconf 86' lang='lat' dir='ltr'>sacerdos</span> <span class='ocrx_word' id='word_1_773' title='bbox 1282 5451 1382 5508; x_wconf 85' lang='lat' dir='ltr'>est,</span> <span class='ocrx_word' id='word_1_774' title='bbox 1415 5443 1528 5495; x_wconf 88' lang='lat' dir='ltr'>sive</span> <span class='ocrx_word' id='word_1_775' title='bbox 1572 5443 1801 5498; x_wconf 86' lang='lat' dir='ltr'>missam.</span> 
     </span>
    </p>
   </div>
   <div class='ocr_carea' id='block_1_104' title="bbox 1878 4557 3474 4638">
    <p class='ocr_par' dir='ltr' id='par_1_104' title="bbox 1878 4557 3474 4638">
     <span class='ocr_line' id='line_1_104' title="bbox 1878 4557 3474 4638; baseline 0.013 -36"><span class='ocrx_word' id='word_1_776' title='bbox 1878 4558 1923 4609; x_wconf 80' lang='lat' dir='ltr'>si</span> <span class='ocrx_word' id='word_1_777' title='bbox 1955 4557 2183 4624; x_wconf 76' lang='lat' dir='ltr'>dignum</span> <span class='ocrx_word' id='word_1_778' title='bbox 2209 4557 2444 4624; x_wconf 81' lang='lat' dir='ltr'>judicat,</span> <span class='ocrx_word' id='word_1_779' title='bbox 2484 4557 2868 4626; x_wconf 77' lang='lat' dir='ltr'>paenitentiam</span> <span class='ocrx_word' id='word_1_780' title='bbox 2915 4561 3162 4635; x_wconf 83' lang='lat' dir='ltr'>injungit</span> <span class='ocrx_word' id='word_1_781' title='bbox 3200 4583 3375 4638; x_wconf 89' lang='lat' dir='ltr'>usque</span> <span class='ocrx_word' id='word_1_782' title='bbox 3403 4570 3474 4628; x_wconf 84' lang='lat' dir='ltr'>ad</span> 
     </span>
    </p>
   </div>
   <div class='ocr_carea' id='block_1_105' title="bbox 1878 4647 3474 4727">
    <p class='ocr_par' dir='ltr' id='par_1_105' title="bbox 1878 4647 3474 4727">
     <span class='ocr_line' id='line_1_105' title="bbox 1878 4647 3474 4727; baseline 0.009 -30"><span class='ocrx_word' id='word_1_783' title='bbox 1878 4647 1999 4698; x_wconf 70' lang='lat' dir='ltr'>vita:</span> <span class='ocrx_word' id='word_1_784' title='bbox 2036 4647 2154 4713; x_wconf 76' lang='lat' dir='ltr'>ejus</span> <span class='ocrx_word' id='word_1_785' title='bbox 2189 4647 2513 4699; x_wconf 88' lang='lat' dir='ltr'>terminum.</span> <span class='ocrx_word' id='word_1_786' title='bbox 2546 4649 2871 4703; x_wconf 83' lang='lat' dir='ltr'>Genuﬂexio</span> <span class='ocrx_word' id='word_1_787' title='bbox 2903 4658 3092 4705; x_wconf 86' lang='lat' dir='ltr'>autem</span> <span class='ocrx_word' id='word_1_788' title='bbox 3141 4672 3240 4724; x_wconf 91' lang='lat' dir='ltr'>pro</span> <span class='ocrx_word' id='word_1_789' title='bbox 3292 4659 3474 4727; x_wconf 69' lang='lat' dir='ltr'>poeni-</span> 
     </span>
    </p>
   </div>
   <div class='ocr_carea' id='block_1_106' title="bbox 1877 4734 3445 4814">
    <p class='ocr_par' dir='ltr' id='par_1_106' title="bbox 1877 4734 3445 4814">
     <span class='ocr_line' id='line_1_106' title="bbox 1877 4734 3445 4814; baseline 0.01 -28"><span class='ocrx_word' id='word_1_790' title='bbox 1877 4734 2050 4788; x_wconf 86' lang='lat' dir='ltr'>tentia</span> <span class='ocrx_word' id='word_1_791' title='bbox 2082 4734 2245 4786; x_wconf 89' lang='lat' dir='ltr'>alicui</span> <span class='ocrx_word' id='word_1_792' title='bbox 2276 4741 2506 4804; x_wconf 88' lang='lat' dir='ltr'>propter</span> <span class='ocrx_word' id='word_1_793' title='bbox 2537 4735 2639 4788; x_wconf 88' lang='lat' dir='ltr'>hoc</span> <span class='ocrx_word' id='word_1_794' title='bbox 2668 4753 2778 4788; x_wconf 91' lang='lat' dir='ltr'>non</span> <span class='ocrx_word' id='word_1_795' title='bbox 2822 4739 2963 4792; x_wconf 90' lang='lat' dir='ltr'>solet</span> <span class='ocrx_word' id='word_1_796' title='bbox 3002 4741 3173 4796; x_wconf 91' lang='lat' dir='ltr'>indici</span> <span class='ocrx_word' id='word_1_797' title='bbox 3203 4763 3371 4814; x_wconf 85' lang='lat' dir='ltr'>quam</span> <span class='ocrx_word' id='word_1_798' title='bbox 3397 4749 3445 4801; x_wconf 88' lang='lat' dir='ltr'>ei</span> 
     </span>
    </p>
   </div>
   <div class='ocr_carea' id='block_1_107' title="bbox 1879 4810 3472 4900">
    <p class='ocr_par' dir='ltr' id='par_1_107' title="bbox 1879 4810 3472 4900">
     <span class='ocr_line' id='line_1_107' title="bbox 1879 4810 3472 4900; baseline 0.004 -25"><span class='ocrx_word' id='word_1_799' title='bbox 1879 4824 1973 4893; x_wconf 91' lang='lat' dir='ltr'>qui</span> <span class='ocrx_word' id='word_1_800' title='bbox 2003 4823 2060 4874; x_wconf 91' lang='lat' dir='ltr'>in</span> <span class='ocrx_word' id='word_1_801' title='bbox 2091 4832 2366 4876; x_wconf 88' lang='lat' dir='ltr'>conventu</span> <span class='ocrx_word' id='word_1_802' title='bbox 2402 4824 2618 4892; x_wconf 83' lang='lat' dir='ltr'>jugiter</span> <span class='ocrx_word' id='word_1_803' title='bbox 2646 4830 2730 4877; x_wconf 88' lang='lat' dir='ltr'>est</span> <span class='ocrx_word' id='word_1_804' title='bbox 2760 4827 3002 4896; x_wconf 85' lang='lat' dir='ltr'>positus;</span> <span class='ocrx_word' id='word_1_805' title='bbox 3035 4832 3166 4900; x_wconf 85' lang='lat' dir='ltr'>quia</span> <span class='ocrx_word' id='word_1_806' title='bbox 3198 4810 3324 4895; x_wconf 34' lang='lat' dir='ltr'>haec,</span> <span class='ocrx_word' id='word_1_807' title='bbox 3359 4810 3472 4900; x_wconf 61' lang='lat' dir='ltr'>noxi</span> 
     </span>
    </p>
   </div>
   <div class='ocr_carea' id='block_1_108' title="bbox 1879 4911 2878 4986">
    <p class='ocr_par' dir='ltr' id='par_1_108' title="bbox 1879 4911 2878 4986">
     <span class='ocr_line' id='line_1_108' title="bbox 1879 4911 2878 4986; baseline 0.004 -23"><span class='ocrx_word' id='word_1_808' title='bbox 1879 4918 2062 4983; x_wconf 88' lang='lat' dir='ltr'>potest</span> <span class='ocrx_word' id='word_1_809' title='bbox 2091 4911 2480 4964; x_wconf 74' lang='lat' dir='ltr'>ordii&#39;iabiliter</span> <span class='ocrx_word' id='word_1_810' title='bbox 2514 4913 2878 4986; x_wconf 85' lang='lat' dir='ltr'>frequentari.</span> 
     </span>
    </p>
   </div>
   <div class='ocr_carea' id='block_1_109' title="bbox 1950 5001 3470 5082">
    <p class='ocr_par' dir='ltr' id='par_1_109' title="bbox 1950 5001 3470 5082">
     <span class='ocr_line' id='line_1_109' title="bbox 1950 5001 3470 5082; baseline 0.011 -30"><span class='ocrx_word' id='word_1_811' title='bbox 1950 5001 2110 5052; x_wconf 87' lang='lat' dir='ltr'>Tales</span> <span class='ocrx_word' id='word_1_812' title='bbox 2157 5009 2346 5054; x_wconf 87' lang='lat' dir='ltr'>autem</span> <span class='ocrx_word' id='word_1_813' title='bbox 2403 5001 2634 5054; x_wconf 86' lang='lat' dir='ltr'>vicarios</span> <span class='ocrx_word' id='word_1_814' title='bbox 2687 5003 2755 5055; x_wconf 88' lang='lat' dir='ltr'>ad</span> <span class='ocrx_word' id='word_1_815' title='bbox 2815 5004 3146 5076; x_wconf 81' lang='lat' dir='ltr'>hujusmodi</span> <span class='ocrx_word' id='word_1_816' title='bbox 3188 5014 3470 5082; x_wconf 81' lang='lat' dir='ltr'>negotium</span> 
     </span>
    </p>
   </div>
   <div class='ocr_carea' id='block_1_110' title="bbox 1881 5089 3472 5166">
    <p class='ocr_par' dir='ltr' id='par_1_110' title="bbox 1881 5089 3472 5166">
     <span class='ocr_line' id='line_1_110' title="bbox 1881 5089 3472 5166; baseline 0.002 -24"><span class='ocrx_word' id='word_1_817' title='bbox 1881 5089 2046 5144; x_wconf 84' lang='lat' dir='ltr'>debet</span> <span class='ocrx_word' id='word_1_818' title='bbox 2076 5089 2245 5144; x_wconf 86' lang='lat' dir='ltr'>abbas</span> <span class='ocrx_word' id='word_1_819' title='bbox 2295 5089 2398 5142; x_wconf 91' lang='lat' dir='ltr'>sibi</span> <span class='ocrx_word' id='word_1_820' title='bbox 2432 5090 2656 5158; x_wconf 81' lang='lat' dir='ltr'>eligere,</span> <span class='ocrx_word' id='word_1_821' title='bbox 2696 5093 2791 5161; x_wconf 88' lang='lat' dir='ltr'>qui</span> <span class='ocrx_word' id='word_1_822' title='bbox 2838 5093 3042 5152; x_wconf 76' lang='lat' dir='ltr'>ﬂ&#39;atres</span> <span class='ocrx_word' id='word_1_823' title='bbox 3087 5099 3472 5166; x_wconf 56' lang='lat' dir='ltr'>pusillanisz</span> 
     </span>
    </p>
   </div>
   <div class='ocr_carea' id='block_1_111' title="bbox 1883 5177 3476 5252">
    <p class='ocr_par' dir='ltr' id='par_1_111' title="bbox 1883 5177 3476 5252">
     <span class='ocr_line' id='line_1_111' title="bbox 1883 5177 3476 5252; baseline 0.015 -23"><span class='ocrx_word' id='word_1_824' title='bbox 1883 5194 2095 5246; x_wconf 86' lang='lat' dir='ltr'>suaque</span> <span class='ocrx_word' id='word_1_825' title='bbox 2125 5177 2423 5230; x_wconf 88' lang='lat' dir='ltr'>commissa</span> <span class='ocrx_word' id='word_1_826' title='bbox 2454 5177 2760 5246; x_wconf 87' lang='lat' dir='ltr'>periculose</span> <span class='ocrx_word' id='word_1_827' title='bbox 2789 5181 3034 5240; x_wconf 75' lang='lat' dir='ltr'>celantes</span> <span class='ocrx_word' id='word_1_828' title='bbox 3064 5185 3306 5248; x_wconf 75' lang='lat' dir='ltr'>ﬁdeliter</span> <span class='ocrx_word' id='word_1_829' title='bbox 3328 5207 3476 5252; x_wconf 82' lang='lat' dir='ltr'>com-</span> 
     </span>
    </p>
   </div>
   <div class='ocr_carea' id='block_1_112' title="bbox 1883 5265 3471 5346">
    <p class='ocr_par' dir='ltr' id='par_1_112' title="bbox 1883 5265 3471 5346">
     <span class='ocr_line' id='line_1_112' title="bbox 1883 5265 3471 5346; baseline 0.001 -28"><span class='ocrx_word' id='word_1_830' title='bbox 1883 5266 2361 5326; x_wconf 68' lang='lat' dir='ltr'>monef&#39;aciantmc</span> <span class='ocrx_word' id='word_1_831' title='bbox 2376 5265 2507 5335; x_wconf 86' lang='lat' dir='ltr'>quid</span> <span class='ocrx_word' id='word_1_832' title='bbox 2538 5265 2795 5326; x_wconf 85' lang='lat' dir='ltr'>abbatem</span> <span class='ocrx_word' id='word_1_833' title='bbox 2828 5268 3013 5336; x_wconf 88' lang='lat' dir='ltr'>ipsum</span> <span class='ocrx_word' id='word_1_834' title='bbox 3046 5273 3226 5328; x_wconf 87' lang='lat' dir='ltr'>celare</span> <span class='ocrx_word' id='word_1_835' title='bbox 3259 5294 3471 5346; x_wconf 61' lang='lat' dir='ltr'>prmsu-</span> 
     </span>
    </p>
   </div>
   <div class='ocr_carea' id='block_1_113' title="bbox 1885 5353 3475 5425">
    <p class='ocr_par' dir='ltr' id='par_1_113' title="bbox 1885 5353 3475 5425">
     <span class='ocr_line' id='line_1_113' title="bbox 1885 5353 3475 5425; baseline 0.005 -19"><span class='ocrx_word' id='word_1_836' title='bbox 1885 5362 2058 5415; x_wconf 85' lang='lat' dir='ltr'>mant,</span> <span class='ocrx_word' id='word_1_837' title='bbox 2091 5371 2253 5424; x_wconf 86' lang='lat' dir='ltr'>quem</span> <span class='ocrx_word' id='word_1_838' title='bbox 2275 5353 2855 5424; x_wconf 84' lang='lat' dir='ltr'>utiquejustissimum</span> <span class='ocrx_word' id='word_1_839' title='bbox 2888 5363 2989 5422; x_wconf 85' lang='lat' dir='ltr'>est,</span> <span class='ocrx_word' id='word_1_840' title='bbox 3023 5366 3078 5412; x_wconf 87' lang='lat' dir='ltr'>et</span> <span class='ocrx_word' id='word_1_841' title='bbox 3107 5378 3300 5425; x_wconf 87' lang='lat' dir='ltr'>eorum</span> <span class='ocrx_word' id='word_1_842' title='bbox 3331 5370 3475 5423; x_wconf 78' lang='lat' dir='ltr'>male</span> 
     </span>
    </p>
   </div>
   <div class='ocr_carea' id='block_1_114' title="bbox 1884 5443 3473 5527">
    <p class='ocr_par' dir='ltr' id='par_1_114' title="bbox 1884 5443 3473 5527">
     <span class='ocr_line' id='line_1_114' title="bbox 1884 5443 3473 5527; baseline 0.001 -31"><span class='ocrx_word' id='word_1_843' title='bbox 1884 5449 2010 5496; x_wconf 89' lang='lat' dir='ltr'>acta</span> <span class='ocrx_word' id='word_1_844' title='bbox 2055 5444 2332 5512; x_wconf 83' lang='lat' dir='ltr'>simulque</span> <span class='ocrx_word' id='word_1_845' title='bbox 2363 5443 2500 5495; x_wconf 88' lang='lat' dir='ltr'>bene</span> <span class='ocrx_word' id='word_1_846' title='bbox 2541 5449 2666 5505; x_wconf 82' lang='lat' dir='ltr'>acta</span> <span class='ocrx_word' id='word_1_847' title='bbox 2708 5461 3038 5515; x_wconf 82' lang='lat' dir='ltr'>cognoscere</span> <span class='ocrx_word' id='word_1_848' title='bbox 3063 5467 3084 5522; x_wconf 28' lang='lat'>;._</span> <span class='ocrx_word' id='word_1_849' title='bbox 3129 5452 3333 5525; x_wconf 64' lang='lat' dir='ltr'>quippe</span> <span class='ocrx_word' id='word_1_850' title='bbox 3377 5459 3473 5527; x_wconf 74' lang='lat' dir='ltr'>qui</span> 
     </span>
    </p>
   </div>
   <div class='ocr_carea' id='block_1_115' title="bbox 264 5585 3471 5668">
    <p class='ocr_par' dir='ltr' id='par_1_115' title="bbox 264 5585 3471 5668">
     <span class='ocr_line' id='line_1_115' title="bbox 264 5585 3471 5668; baseline 0.001 -28"><span class='ocrx_word' id='word_1_851' title='bbox 264 5585 395 5658; x_wconf 74' lang='lat'>(96)</span> <span class='ocrx_word' id='word_1_852' title='bbox 417 5587 771 5668; x_wconf 5' lang='lat' dir='ltr'>G_z&#39;ro,_Gy_ro,p</span> <span class='ocrx_word' id='word_1_853' title='bbox 792 5588 964 5656; x_wconf 70' lang='lat' dir='ltr'>Caro,</span> <span class='ocrx_word' id='word_1_854' title='bbox 989 5588 1201 5652; x_wconf 78' lang='lat' dir='ltr'>laciniae</span> <span class='ocrx_word' id='word_1_855' title='bbox 1231 5587 1287 5642; x_wconf 87' lang='lat' dir='ltr'>id</span> <span class='ocrx_word' id='word_1_856' title='bbox 1319 5593 1420 5655; x_wconf 88' lang='lat' dir='ltr'>est,</span> <span class='ocrx_word' id='word_1_857' title='bbox 1454 5587 1621 5651; x_wconf 82' lang='lat' dir='ltr'>vestis</span> <span class='ocrx_word' id='word_1_858' title='bbox 1659 5603 1808 5668; x_wconf 76' lang='lat' dir='ltr'>pars,</span> <span class='ocrx_word' id='word_1_859' title='bbox 1844 5604 1910 5640; x_wconf 88' lang='lat' dir='ltr'>ac</span> <span class='ocrx_word' id='word_1_860' title='bbox 1945 5594 2107 5661; x_wconf 66' lang='lat' dir='ltr'>togae,</span> <span class='ocrx_word' id='word_1_861' title='bbox 2145 5605 2254 5659; x_wconf 87' lang='lat' dir='ltr'>qua</span> <span class='ocrx_word' id='word_1_862' title='bbox 2299 5587 2477 5650; x_wconf 77' lang='lat' dir='ltr'>laxior</span> <span class='ocrx_word' id='word_1_863' title='bbox 2505 5589 2568 5641; x_wconf 83' lang='lat' dir='ltr'>ﬁt</span> <span class='ocrx_word' id='word_1_864' title='bbox 2598 5604 2696 5642; x_wconf 90' lang='lat' dir='ltr'>seu</span> <span class='ocrx_word' id='word_1_865' title='bbox 2725 5587 2782 5650; x_wconf 89' lang='lat' dir='ltr'>in</span> <span class='ocrx_word' id='word_1_866' title='bbox 2811 5587 3107 5668; x_wconf 77' lang='lat' dir='ltr'>largiorem</span> <span class='ocrx_word' id='word_1_867' title='bbox 3141 5593 3384 5662; x_wconf 58' lang='lat' dir='ltr'>ieiunam</span> <span class='ocrx_word' id='word_1_868' title='bbox 3412 5601 3471 5663; x_wconf 61' lang='lat' dir='ltr'>in</span> 
     </span>
    </p>
   </div>
   <div class='ocr_carea' id='block_1_116' title="bbox 183 5657 702 5730">
    <p class='ocr_par' dir='ltr' id='par_1_116' title="bbox 183 5657 702 5730">
     <span class='ocr_line' id='line_1_116' title="bbox 183 5657 702 5730; baseline 0.002 -20"><span class='ocrx_word' id='word_1_869' title='bbox 183 5658 317 5714; x_wconf 86' lang='lat' dir='ltr'>imo</span> <span class='ocrx_word' id='word_1_870' title='bbox 353 5657 416 5713; x_wconf 80' lang='lat' dir='ltr'>se</span> <span class='ocrx_word' id='word_1_871' title='bbox 446 5657 702 5730; x_wconf 83' lang='lat' dir='ltr'>explicat.</span> 
     </span>
    </p>
   </div>
  </div>
