3964 6358
531 344 638 404 975

1562 346 1619 399 8.
1661 343 2055 399 GUILLELMI
2093 339 2396 397 ABBATIS
2433 339 2772 396 HIRSAUG.

3702 341 3807 400 976

532 477 658 544 post
683 471 984 526 Dominum
1016 486 1137 524 esse
1165 469 1331 522 debet
1371 469 1695 539 potissimus
1727 469 2030 523 ordinator.
2069 468 2190 528 SiA
2212 466 2448 529 cuculla,
2475 465 2582 519 nisi
2621 469 2678 518 et
2706 461 2990 535 pellicium
3025 468 3084 516 et
3109 462 3492 529 froccum,aut
3516 464 3811 522 Gunellam

533 562 648 615 tale
673 560 807 631 quid
834 559 884 613 ei
911 559 1188 628 contingit
1215 558 1271 611 in
1302 563 1484 621 nocte,
1521 558 1667 628 quod
1696 574 1796 610 nos
1826 558 2146 611 verecunde.
2219 555 2424 608 habeat
2463 555 2738 620 indutam,
2771 569 2842 607 ne
2871 552 3002 623 quid
3046 552 3319 607 nuditatis
3365 571 3480 608 suae
3520 556 3702 626 possit
3743 556 3812 610 ab

536 648 887 720 appellamus
917 649 1287 715 fragilitatem
1315 645 1440 712 ‘97),
1467 651 1595 699 ante
1612 647 2016 700 confessionem
2041 663 2132 702 ω).

537 743 754 808 septem
784 738 1028 807 psalmos
1069 735 1479 805 poenitentiales
1523 734 1674 794 dicit,
1703 735 1788 787 vel
1813 735 1859 787 si
1890 734 2134 804 psalmos

2217 645 2404 713 aliquo
2430 643 2626 696 videri.

2290 735 2310 755 '
2333 733 2400 786 Et
2420 732 2466 784 si
2487 749 2553 786 ea
2578 732 2746 785 fuerit
2765 732 2921 793 hora,
2947 747 3074 802 qua,
3105 735 3403 801 postquam
3445 749 3504 786 se
3536 733 3808 800 vestierit,

533 828 734 891 nescit,
762 825 1114 880 Dominicam
1145 824 1456 878 orationem
1490 823 1716 893 septies,
1749 830 1807 876 et
1836 828 2132 892 postquam
2215 821 2285 874 ad
2313 821 2727 886 dormiendum,
2761 820 3018 874 collocari
3050 836 3163 873 non
3207 819 3410 874 debeat
3436 827 3630 891 operto
3663 823 3810 876 lecto

533 915 818 970 confessus
864 914 1053 979 fuerit,
1083 915 1187 967 hoc
1227 913 1374 983 quod
1425 911 1531 966 sibi
1575 911 1832 965 sacerdos
1875 911 2127 981 jusserit,

532 1005 685 1058 dicit.

605 1096 627 1116 θ
659 1091 740 1146 Ea
770 1092 860 1146 die
884 1108 986 1146 nec
1014 1095 1229 1144 textum
1274 1089 1545 1159 evangelii
1585 1089 1890 1154 osculatur,
1919 1105 2021 1142 nec
2057 1089 2128 1142 ad

531 1198 725 1253 pacem
764 1181 936 1245 venit,
983 1197 1085 1234 nec
1132 1179 1202 1232 ad
1245 1165 1626 1242 'offerendum,
1667 1194 1770 1231 nec
1821 1178 1891 1230 ad
1949 1178 2126 1230 altare

529 1270 761 1335 accedit,
795 1286 898 1324 nec
924 1269 982 1322 in
1013 1267 1362 1339 presbyterio
1391 1267 1579 1331 servit,
1604 1283 1705 1319 nec
1737 1266 1947 1336 aliquid
1979 1266 2126 1336 quod

527 1365 614 1414 est
641 1375 862 1413 sacrum
893 1359 977 1411 vel
1006 1357 1063 1410 in
1090 1357 1255 1419 vasis,
1284 1362 1383 1409 aut
1429 1355 1486 1408 in
1525 1355 1738 1408 caeteris
1767 1354 2120 1419 utensilibus,

527 1449 675 1520 quod
705 1453 791 1502 est
819 1446 1195 1510 benedictum,
1221 1444 1439 1513 tangit;
1473 1449 1724 1512 excepto,
1759 1442 1907 1512 quod
1939 1442 1996 1495 in
2027 1459 2125 1512 pu-

524 1537 836 1591 riﬁcatione
861 1540 1067 1588 sanctae
1097 1533 1310 1593 Mariae,
1335 1538 1390 1585 et
1418 1532 1476 1584 in
1504 1531 1743 1584 Psalmis
1770 1536 1997 1601 propter
2020 1531 2123 1584 hoc

524 1626 816 1681 candelam
845 1624 932 1676 vel
963 1638 1149 1676 ramos
1177 1620 1500 1674 benedictos
1529 1621 1728 1672 offerre
1754 1636 1864 1672 non
1891 1619 2119 1672 omittit.

526 1713 594 1769 In
624 1712 918 1768 refectorio
959 1727 1062 1765 nec
1099 1709 1314 1763 oblatas
1344 1707 1485 1777 (98),
1527 1725 1629 1761 nec
1677 1707 2123 1762 benedictionem

2215 910 2360 979 quod
2409 909 2519 962 alio
2559 914 2811 980 tempore
2853 925 2966 962 non
3010 909 3139 962 licet
3182 925 3352 980 super
3391 911 3804 980 conpertorium

2211 998 2369 1051 sedet
2401 1014 2413 1052 :
2443 997 2676 1068 pedibus
2701 1014 2867 1068 super
2897 997 3202 1050 scabellum
3228 998 3443 1068 positis.
3472 1013 3565 1054 uo.
3589 1000 3801 1054 Eodem

2211 1103 2433 1158 quoque
2489 1094 2764 1157 tempore,
2815 1103 2953 1156 quos
3009 1087 3182 1151 exuit,
3233 1087 3425 1140 statim
3481 1089 3798 1159 complicat,

2207 1175 2496 1230 femoralia
2529 1176 2760 1230 involvit
2806 1176 3101 1229 stamineo.
3150 1182 3207 1229 et
3250 1193 3378 1230 cum
3419 1177 3540 1244 eius
3570 1178 3808 1231 manicis

2209 1270 2449 1335 utraque
2470 1265 2701 1333 colligat
2729 1264 2785 1317 in
2805 1265 3070 1329 armario,
3093 1265 3275 1334 ‘quod
3299 1265 3355 1318 in
3380 1264 3624 1320 claustro
3645 1267 3810 1336 juxta

2208 1370 2500 1407 ascensum
2531 1353 2846 1406 dormitorii
2873 1353 2957 1405 vel
2987 1353 3044 1406 in
3070 1353 3178 1406 alio
3209 1354 3546 1423 competenti
3577 1354 3696 1408 loco
3721 1360 3809 1408 est

2207 1443 2277 1496 ad
2317 1443 2420 1496 hoc
2449 1442 2797 1511 deputatum,
2833 1441 2947 1494 sive
2997 1441 3112 1506 illa,
3159 1441 3273 1494 sive
3311 1442 3426 1494 alia
3470 1442 3560 1495 die
3590 1459 3806 1512 ponen-

2207 1531 2278 1584 da
2308 1553 2318 1583 :
2349 1531 2650 1584 dummodo
2675 1532 2733 1583 in
2766 1529 2904 1583 feria
2929 1530 3098 1584 tertia
3118 1536 3244 1600 post
3273 1531 3636 1600 Evangelium
3660 1533 3807 1602 prio-

2207 1620 2284 1672 ris
2314 1619 2496 1673 missaa
2526 1619 2594 1672 ad
2628 1619 2923 1672 lavandum
2951 1619 3257 1672 auferenda
3301 1619 3379 1672 ibi
3421 1620 3802 1684 inveniantur,

2208 1725 2328 1778 qua:
2358 1714 2549 1762 tamen
2597 1708 2695 1772 sic,
2726 1714 2788 1761 ut
2816 1708 3124 1761 Conventui
3171 1725 3283 1761 non
3311 1714 3586 1773 occurrat,
3637 1710 3807 1764 debet

524 1803 699 1868 dabit,
733 1801 840 1856 nisi
871 1801 940 1854 ad
971 1799 1278 1864 ministros,
1313 1797 1359 1850 si
1404 1813 1632 1850 necesse
1671 1796 1859 1850 fuerit.
1919 1797 2116 1850 Sacer-
2137 1814 2184 1873 Β
2206 1802 2450 1866 portare.
2490 1796 2647 1850 Unde
2677 1795 2780 1849 sub
2812 1796 3071 1862 scabello,
3117 1797 3265 1866 quod
3295 1802 3381 1849 est
3407 1803 3537 1850 ante
3564 1798 3798 1864 lectum,

523 1893 714 1947 dotem
745 1891 815 1944 ad
847 1889 1031 1943 missae
1082 1885 1514 1941 celebrationem
1559 1884 1661 1938 nec
1710 1885 1965 1951 induere,
2016 1902 2119 1939 nec

521 1998 728 2037 exuere
765 1981 1012 2050 adjuvat,
1065 1993 1167 2030 nec
1216 1975 1336 2046 ipse
1388 1973 1574 2027 albam
1617 1978 1997 2027 consecratam
2037 1973 2118 2027 in-

518 2071 656 2126 duet
689 2089 700 2124 :
736 2085 868 2123 nam
898 2067 1108 2137 absque
1139 2064 1226 2118 his
1267 2080 1388 2134 quae
1417 2063 1487 2116 ad
1517 2062 1716 2116 missas
1755 2062 2116 2116 celebrandas

517 2165 653 2215 sunt
688 2159 986 2229 deputataa,
1021 2159 1233 2208 caetera;
1279 2152 1418 2206 albze
1451 2152 1759 2206 secundum
1808 2157 2110 2205 consuetu-

515 2251 705 2305 dinem
734 2253 986 2302 nostram
1013 2261 1126 2299 non
1165 2248 1296 2297 sunt
1338 2242 1646 2296 benedictae
1683 2259 1694 2294 :
1729 2247 1784 2295 et
1811 2241 1936 2295 ideo
1976 2259 2110 2312 quo-

511 2338 880 2406 tienscunque
922 2351 1012 2388 res
1064 2332 1256 2402 exigit,
1303 2331 1391 2384 his
1439 2331 1630 2384 vestiri
1678 2329 1902 2400 poterit.
1955 2330 2107 2384 Scire

513 2432 705 2481 autem
753 2441 884 2478 eum
931 2427 1169 2493 Oportet,
1223 2420 1370 2490 quod
1413 2435 1768 2490 nequaquam
1819 2419 1888 2472 ad
1937 2435 2022 2483 ea,
2076 2435 2110 2471 a

513 2515 717 2587 quibus
745 2511 1060 2585 prohibitus
1107 2515 1209 2575 est,
1256 2508 1558 2578 aliquando
1589 2507 1872 2561 licentiam
1915 2513 2106 2578 petere

511 2603 696 2669 debet,
729 2602 896 2656 etiam
930 2600 977 2653 si
1012 2600 1200 2668 aliqua
1248 2597 1526 2667 praecipua
1557 2596 1884 2649 solemnitas
1911 2595 2102 2649 instet.

509 2693 776 2746 Attamen
803 2691 863 2743 in
887 2687 1141 2742 Paschali
1171 2686 1280 2751 die,
1300 2685 1431 2739 etin
1460 2684 1639 2738 tribus
1659 2684 2102 2755 praecedentibus

507 2779 816 2834 secundum
836 2775 1300 2831 consuetudinem
1329 2774 1538 2839 nullus,
1563 2773 1678 2826 sive
1707 2791 1806 2844 pro
1830 2773 1955 2838 ista,
1990 2773 2104 2826 sive

507 2886 612 2941 pro
641 2868 832 2938 aliqua
854 2865 1208 2926 necessitate,
1251 2861 1359 2915 nisi
1401 2879 1500 2932 pro
1549 2861 1828 2915 criminali
1863 2867 2106 2932 peccato,

510 2973 572 3011 se
621 2954 904 3010 subtrahit
942 2971 975 3007 a
1021 2950 1435 3007 communione.
1481 2950 1642 3014 Quod
1695 2950 1742 3004 si
1787 2951 2011 3022 quando
2052 2951 2111 3004 in

507 3045 746 3100 meridie
766 3045 875 3098 hoc
895 3042 999 3096 tibi
1028 3041 1291 3104 evenerit,
1325 3045 1554 3110 propter
1596 3039 1701 3092 hoc
1738 3039 1796 3093 in
1840 3040 2104 3104 crastino,

2202 1885 2408 1939 debent
2446 1885 2674 1950 servari,
2721 1885 2898 1938 donec
2945 1885 3016 1938 ad
3061 1885 3369 1938 armarium
3415 1892 3806 1957 competenter

2199 1974 2416 2045 possint
2445 1974 2673 2044 portari.
2721 1975 2965 2028 Thecam
2995 1990 3217 2044 quoque
3246 1975 3554 2044 pulvinaris
3602 1976 3802 2030 eadem

2199 2063 2336 2116 hora
2371 2063 2503 2117 illuc
2553 2068 2758 2134 portat,
2788 2063 2835 2116 si
2882 2067 3073 2116 tamen
3113 2079 3252 2133 opus
3295 2068 3381 2116 est
3414 2080 3538 2117 eam
3569 2063 3791 2132 lavare;

2194 2153 2292 2206 sed
2327 2169 2497 2222 super
2524 2169 2749 2206 murum
2779 2169 3043 2206 ascensus
3073 2152 3387 2206 dormitorii
3425 2153 3512 2206 vel
3555 2154 3794 2208 seorsim

2192 2239 2358 2294 debet
2381 2241 2534 2294 illam
2562 2258 2790 2312 ponere.

2262 2330 2319 2384 Si
2348 2336 2534 2384 custos
2563 2347 2692 2384 cum
2734 2332 2938 2400 juvene
2977 2346 3077 2384 suo
3117 2330 3236 2383 vult
3279 2335 3520 2398 mutare,
3556 2331 3788 2387 interim

2190 2418 2355 2472 debet
2407 2419 2561 2472 illam
2612 2419 2708 2473 alii
2754 2419 3148 2473 commendare
3187 2420 3419 2490 ipseque
3475 2420 3534 2473 in
3593 2422 3787 2492 aliquo

2192 2525 2364 2562 vacuo
2394 2509 2537 2562 lecto
2569 2514 2808 2561 mutare.
2840 2509 2993 2561 Hora
3019 2514 3209 2562 autem
3242 2509 3501 2562 mutandi
3519 2509 3796 2564 discerni-

2194 2602 2306 2662 tur,
2341 2614 2484 2667 quae,
2519 2598 2763 2668 exceptis
2797 2597 3027 2667 privatis
3067 2596 3263 2651 diebus
3300 2614 3333 2650 a
3361 2598 3609 2652 calendis
3642 2604 3796 2653 octo-

2192 2685 2308 2739 bris
2345 2703 2522 2756 usque
2556 2687 2626 2739 ad
2675 2687 2933 2740 calendas
2980 2686 3296 2739 novembris
3346 2692 3402 2740 et
3448 2687 3558 2740 illis
3613 2687 3798 2742 tribus

2193 2773 2387 2827 diebus
2415 2779 2545 2827 ante
2575 2775 2808 2840 Pascha,
2845 2775 2997 2828 omni
3040 2779 3290 2846 tempore
3333 2780 3418 2828 est
3448 2782 3576 2846 post
3603 2776 3798 2831 Matu-

2194 2862 2396 2928 tinum,
2433 2863 2655 2932 quando
2688 2863 2888 2916 fratres
2915 2870 3220 2933 repausant
3249 2864 3306 2917 in
3334 2864 3690 2930 lectis.Tunc,
3718 2865 3798 2919 in-

2194 2968 2382 3022 quam,
2417 2951 2531 3004 sive
2578 2956 2883 3022 antequam
2919 2968 2979 3004 se
3009 2952 3323 3016 recollocet,
3365 2953 3479 3006 sive
3521 2957 3650 3023 post
3691 2953 3799 3006 hoc

2193 3047 2322 3094 ante
2377 3041 2624 3094 sonitum
2667 3039 2955 3110 evigilans,
2997 3046 3218 3094 mutare
3274 3045 3478 3110 potest,
3538 3040 3795 3111 quisquis

506 3135 555 3190 si
587 3132 857 3188 confessio
887 3129 1192 3202 praecessit,
1223 3130 1292 3182 ab
1313 3128 1418 3190 his,
1447 3145 1569 3197 quae
1601 3129 1926 3199 praescripta
1955 3135 2105 3195 sunt,
2130 3130 2173 3190 C
2195 3130 2451 3196 voluerit,
2485 3129 2590 3182 nisi
2621 3129 2692 3182 sit
2717 3129 2959 3198 juvenis,
3002 3134 3058 3182 et
3097 3129 3143 3182 si
3189 3129 3516 3200 priusquam
3546 3131 3798 3185 sonitum

507 3239 622 3278 non
653 3219 980 3276 abstinebis.
1022 3218 1080 3273 Si
1118 3223 1307 3271 autem
1344 3233 1541 3270 rasura
1583 3217 1665 3269 vel
1709 3217 1860 3270 aliud
1901 3217 2048 3287 quod
2080 3235 2114 3272 a
2195 3219 2455 3282 audierit,
2509 3218 2748 3288 caligan
2796 3234 2966 3271 unam
3013 3217 3246 3283 exuerit,
3290 3219 3376 3272 vel
3427 3219 3627 3272 saltem
3673 3219 3801 3273 bra-

508 3310 857 3366 confessione
885 3324 1013 3362 eum
1038 3305 1379 3376 impedierit,
1414 3305 1473 3357 in
1508 3305 1660 3358 aliud
1711 3310 1936 3374 tempus
1986 3323 2112 3359 eam
2195 3307 2338 3360 chile
2371 3304 2516 3373 (100)
2549 3306 3370 3370 femoralibusinseruerit,hoc
3395 3323 3665 3377 peragere
3681 3325 3798 3362 non

509 3399 732 3464 differt;
765 3413 868 3451 nec
912 3403 1104 3450 tamen
1137 3393 1366 3447 interim
1414 3393 1580 3446 alicui
1627 3393 2018 3462 praedictorum
2051 3411 2109 3448 se
2193 3396 2434 3459 desistit,
2465 3395 2673 3464 sicque,
2719 3394 2765 3447 si
2806 3394 2949 3448 forte
2992 3400 3108 3448 tres
3135 3395 3260 3448 illas
3294 3396 3579 3449 orationes
3620 3413 3796 3452 mane

510 3486 862 3542 intromittit.
890 3502 982 3539 UD.
1019 3484 1088 3537 Et
1115 3483 1264 3553 apud
1291 3498 1393 3535 nos
1426 3481 1784 3535 Lavatorium
1828 3487 2107 3535 secretum

512 3594 640 3632 cum
671 3592 828 3646 aqua:
858 3574 1029 3627 ductu
1048 3577 1150 3635 est,
1177 3571 1252 3624 ibi
1273 3572 1422 3624 lavat
1454 3570 1745 3624 femoralia
1773 3587 1898 3640 sua,
1933 3587 2108 3640 quan-

513 3671 638 3720 tum
668 3664 765 3718 illa
794 3661 1161 3717 conventione
1203 3665 1335 3713 sunt
1375 3665 1651 3726 contacta,
1685 3665 1740 3712 et
1777 3659 1882 3713 hoc
1928 3675 2109 3729 quan-

513 3755 808 3824 docunque
836 3752 894 3806 in
921 3751 1012 3804 die
1041 3748 1256 3803 occasio
1288 3748 1391 3802 sibi
1421 3749 1554 3802 data
1581 3748 1769 3814 fuerit,
1797 3748 1905 3801 nisi
1931 3765 2110 3818 quan-

513 3844 584 3898 do
640 3841 953 3896 meridiana
983 3837 1094 3906 (99)
1142 3838 1348 3907 agitur.
1393 3840 1413 3860 ‘
1459 3837 1517 3891 Si
1559 3842 1644 3890 est
1685 3837 1742 3890 in
1774 3837 2043 3902 custodia,
2079 3853 2112 3890 a

514 3931 744 3986 custode
775 3947 876 3984 suo
922 3930 1055 3983 illuc
1090 3927 1336 3992 ducitur,
1381 3931 1438 3980 et
1489 3926 1625 3979 foris
1671 3926 1877 3980 ostium
1925 3926 1996 3979 ab
2047 3942 2112 3979 eo

514 4025 888 4091 exspectatur.
912 4017 1072 4080 Quod
1103 4020 1159 4069 et
1185 4031 1406 4085 semper
1426 4019 1509 4068 est
1534 4020 1814 4084 apertum,
1845 4014 1954 4068 nisi
1984 4030 2111 4068 cum

517 4110 643 4182 quis
672 4109 728 4162 id
757 4108 910 4162 intus
939 4105 1056 4176 agit
1084 4109 1382 4158 secretum.
1419 4103 1719 4158 Sciendum
1743 4110 1827 4158 est
1856 4120 1969 4157 non
1991 4120 2112 4157 esse

514 4204 721 4254 nostra:
748 4193 1186 4258 consuetudinis,
1229 4197 1296 4246 ut
1333 4193 1640 4246 monachus
1680 4192 1875 4246 audiat
1903 4191 2113 4246 confes-

517 4287 736 4340 sionem
788 4281 1062 4348 mulieris,
1104 4285 1204 4335 aut
1246 4280 1482 4350 alicujus
1534 4280 1778 4334 hominis
1809 4281 2106 4347 saecularis,

2189 3484 2473 3538 faciendas
2515 3482 2839 3552 neglexerit,
2866 3500 2978 3536 non
3006 3483 3085 3536 illi
3116 3483 3512 3554 imputandum
3547 3484 3681 3542 erit.
3725 3487 3799 3540 At

2191 3573 2238 3625 si
2269 3573 2513 3626 sonitum
2546 3572 2701 3641 prius
2726 3587 2891 3641 quam
2919 3571 3133 3624 dictum
3161 3577 3245 3624 est
3269 3572 3529 3638 audierit,
3565 3578 3622 3626 et
3652 3573 3698 3626 si
3727 3573 3798 3627 ad

2192 3661 2544 3715 vestiendum
2577 3676 2636 3713 se
2665 3659 2851 3713 redire
2890 3659 3146 3724 voluerit,
3189 3660 3402 3715 indutis
3443 3663 3799 3716 nocturnali-

2194 3750 2297 3804 bus
2324 3750 2468 3817 HO!)
2502 3749 2693 3813 lavari,
2728 3749 2896 3823 pecti,
2930 3753 2986 3802 et
3011 3749 3167 3802 factis
3191 3749 3280 3802 his
3318 3750 3499 3804 tribus
3528 3750 3798 3805 orationi-

2195 3837 2298 3891 bus
2331 3838 2532 3890 revcrti
2565 3837 2856 3902 accelerat,
2908 3841 2972 3890 ut
3012 3837 3244 3890 mutatis
3275 3837 3520 3892 vestibus
3554 3839 3627 3891 ad
3676 3839 3795 3909 pri-

2195 3943 2348 3980 mam
2372 3925 2700 3996 tempestive
2728 3924 2941 3992 veniat;
2968 3942 3090 3995 quae
3111 3925 3157 3978 si
3177 3926 3345 3980 simul
3367 3943 3495 3980 cum
3512 3928 3795 3983 matutino

2195 4020 2474 4080 cantatur,
2535 4018 2665 4067 ante
2729 4013 2956 4068 tertiam
3006 4019 3227 4068 mutare
3272 4020 3478 4086 potest.
3524 4016 3688 4080 Quod
3750 4018 3796 4072 si

2197 4105 2420 4176 quando
2445 4103 2640 4157 eadem
2673 4102 2856 4174 prima
2883 4108 3013 4156 ante
3034 4103 3215 4157 lucem
3229 4105 3315 4158 vel
3341 4110 3537 4175 postea
3560 4105 3640 4159 sic
3671 4108 3795 4160 ﬁni-

2193 4198 2308 4256 tur,
2335 4199 2399 4246 ut
2430 4193 2488 4246 in
2513 4191 2758 4246 claustro
2801 4192 2987 4262 legere
3015 4208 3127 4246 non
3171 4194 3366 4263 possit,
3409 4199 3546 4248 tunc
3592 4195 3793 4248 eodem

2196 4282 2379 4346 modo,
2417 4297 2527 4351 quo
2558 4297 2728 4351 supra
2765 4280 2835 4333 ad
2876 4281 3233 4335 intervallum
3264 4282 3321 4334 in
3353 4283 3534 4336 Choro
3551 4283 3791 4348 sedebit,

516 4373 628 4427 nisi
658 4373 706 4426 si
733 4376 850 4424 tam
879 4368 1148 4441 probatus
1187 4373 1289 4434 est,
1320 4367 1409 4421 cui
1446 4367 1503 4421 id
1545 4367 1717 4421 abbas
1763 4369 2070 4438 injunxerit
2093 4388 2105 4436 ;
2129 4406 2177 4464 D
2197 4386 2487 4441 quousque
2512 4369 2759 4423 sonitum
2788 4369 2848 4422 in
2880 4369 3087 4424 circulo
3112 4371 3301 4440 januae
3329 4369 3390 4426 in
3415 4377 3670 4443 tempore
3711 4377 3797 4427 est

516 4478 630 4517 non
658 4467 850 4516 tamen
874 4458 995 4512 sine
1035 4457 1260 4512 licentia
1295 4456 1575 4527 Episcopi,
1614 4457 1684 4510 ad
1716 4473 1883 4528 quem
1911 4456 2171 4512 talium-
2192 4460 2427 4525 factum,
2459 4458 2718 4512 audierit.

517 4566 653 4604 cura
679 4547 940 4620 pertinet.

1083 4634 1315 4690 CAPUT
1350 4634 1544 4690 XLIV.

661 4725 934 4794 Quomodo
954 4728 1002 4777 et
1023 4725 1244 4792 quando
1272 4727 1594 4780 vestimenta
1615 4743 1716 4780 sua
1745 4725 1966 4781 induat.

591 4816 848 4886 (UD.)Aut
875 4813 922 4867 si
954 4812 1124 4867 habet
1153 4813 1212 4866 in
1244 4819 1508 4884 promptu
1537 4814 1903 4870 mutatorium
1925 4832 2109 4882 suum,

517 4910 836 4976 mutat,quo
866 4907 953 4956 est
978 4902 1236 4967 indutus;
1262 4919 1363 4956 nec
1389 4901 1543 4972 prius
1571 4903 1642 4957 ad
1661 4920 1745 4970 ea,
1770 4921 1891 4975 quae
1921 4905 2115 4976 praefa-

514 4999 609 5049 tus
634 5011 778 5060 sum,
811 4991 1076 5047 accedere
1113 4990 1424 5061 praesumit,
1456 4991 1565 5045 nisi
1595 4996 1917 5063 utrumque,
1963 4993 2111 5062 quod

515 5084 733 5138 dictum
764 5087 867 5148 est,
900 5080 1006 5134 sibi
1036 5079 1296 5133 defuerit.
1323 5081 1344 5103 *
1366 5079 1435 5133 Et
1453 5083 1753 5150 propterea
1781 5081 2109 5136 Sacerdotes

514 5177 574 5227 et
605 5170 837 5226 Diaconi
865 5169 1112 5224 ofﬁcium
1146 5183 1310 5221 suum
1351 5173 1689 5234 exercentes,
1714 5185 1780 5222 ex
1807 5175 2108 5224 consuetu-

513 5260 645 5315 dine
673 5259 787 5314 tria
813 5257 1103 5314 femoralia
1127 5256 1356 5310 habent.
1375 5273 1467 5311 ω).
1483 5257 1685 5312 Nullus
1711 5263 1896 5312 mutat
1913 5259 1973 5312 in
1988 5259 2107 5313 sola

587 5363 694 5437 (97)
723 5363 1306 5437 Fragilitaskpollutio
1323 5368 1628 5437 nocturna.

587 5434 698 5505 (98)
731 5437 1033 5500 Panis,seu
1049 5434 1245 5488 hostiae
1271 5435 1342 5488 ad
1371 5435 1602 5489 missam
1628 5434 1847 5500 oblataa,
1881 5435 1976 5489 sed
1995 5452 2107 5491 non

511 5512 868 5569 consecratae,
901 5523 1022 5576 quae
1051 5505 1111 5558 in
1132 5505 1423 5559 refectorio
1459 5507 1529 5560 iis
1566 5505 2047 5561 distribuebantur
2073 5525 2107 5562 a

508 5576 894 5702 sacetrdotibus
917 5577 1012 5648 qui
1034 5593 1100 5632 eo
1129 5577 1219 5632 die
1246 5593 1448 5649 corpus
1479 5576 1700 5634 Domini
1717 5593 1830 5633 non
1848 5594 2104 5650 sumpse-

511 5662 618 5702 run
651 5687 664 5701 .

511 5662 664 5702 runt.

2777 4546 3010 4604 CAPUT
3045 4547 3208 4604 XLV.

2263 4639 2326 4694 Si
2351 4655 2550 4708 coquus
2579 4644 2673 4706 est,
2696 4655 2806 4708 qua
2845 4639 2983 4692 hora
3012 4643 3291 4693 cocturam
3327 4653 3487 4694 suam
3514 4642 3718 4696 videat.

2269 4728 2574 4797 (110.)Quod
2597 4727 2643 4781 si
2670 4744 2834 4782 cocus
2863 4732 2965 4792 est,
2982 4733 3047 4781 ut
3067 4727 3373 4798 vulgariter
3393 4729 3570 4795 aiunt,
3597 4736 3790 4785 coctu-

2194 4833 2317 4870 ram
2342 4834 2406 4870 ex
2436 4833 2592 4870 more
2609 4831 2721 4870 non
2750 4815 2918 4880 videt,
2947 4832 3130 4887 neque
3152 4816 3365 4886 ligurit,
3399 4817 3505 4871 nisi
3526 4823 3658 4872 ante
3680 4820 3791 4889 pri-

2193 4921 2365 4972 mam,
2389 4904 2475 4957 vel
2496 4903 2544 4957 si
2564 4904 2686 4974 ipsa
2707 4904 2908 4975 prima,
2931 4909 2992 4957 ut
3010 4920 3183 4974 supra
3216 4905 3466 4971 memini,
3491 4907 3789 4960 matutinis

2194 4993 2460 5063 adjuncta
2498 4993 2685 5058 fuerit,
2726 4997 2858 5047 ante
2897 4993 3153 5060 tertiam;
3186 4996 3207 5017 "
3244 5000 3300 5049 et
3348 4995 3392 5049 si
3443 4995 3562 5050 haec
3603 4997 3788 5067 spatia

2193 5082 2335 5136 adeo
2362 5081 2552 5135 brevia
2572 5081 2802 5145 fuerint,
2836 5087 2901 5135 ut
2930 5086 3066 5136 tunc
3104 5083 3226 5136 ﬁeri
3267 5100 3380 5137 non
3431 5084 3624 5154 possit,
3660 5091 3789 5156 post

2193 5171 2556 5240 Evangelium
2579 5169 2870 5223 matutinae
2885 5171 3097 5238 missae;
3121 5177 3247 5242 post
3276 5189 3497 5226 cumam
3538 5190 3782 5244 quoque,

2195 5259 2283 5313 vel
2313 5259 2361 5312 si
2405 5258 2577 5312 semel
2605 5258 2936 5324 comeditur,
2984 5265 3112 5330 post
3159 5277 3453 5332 vesperas;
3485 5261 3565 5316 ita
3592 5267 3786 5316 tamen

2257 5363 2383 5437 (99)_
2396 5367 2637 5420 Somnus
2668 5372 2796 5436 post
2819 5367 3140 5437 prandium,
3173 5385 3271 5422 seu
3297 5368 3354 5422 in
3379 5368 3631 5423 meridie.

2265 5434 2412 5521 ςψο)
2459 5434 2750 5509 Ligamén,
2796 5434 2934 5492 alias
2991 5441 3230 5494 bracz'alc
3271 5440 3421 5494 idem
3463 5440 3612 5511 quod
3660 5443 3782 5496 bra-

2187 5509 2815 5661 Chiilécl.).Nocturnalcs,
2849 5581 3039 5650 calcei,
3073 5581 3276 5653 quibus
3318 5586 3593 5645 nocturno
3631 5588 3780 5639 tem-

2184 5665 2319 5721 pore
2345 5656 2433 5706 usi
2461 5656 2612 5707 sunt.
