  <div class='ocr_page' id='page_1' title='image "/cluster/home/n/w/nwhite01/storage/ocr_20150623/150/umn.31951002477443u/564.png"; bbox 0 0 3964 6384; ppageno 0'>
   <div class='ocr_carea' id='block_1_1' title="bbox 209 347 3490 408">
    <p class='ocr_par' dir='ltr' id='par_1_1' title="bbox 209 347 3490 408">
     <span class='ocr_line' id='line_1_1' title="bbox 209 347 3490 408; baseline 0 -2"><span class='ocrx_word' id='word_1_1' title='bbox 209 349 316 406; x_wconf 81' lang='grc'>977</span> <span class='ocrx_word' id='word_1_2' title='bbox 1265 350 1685 408; x_wconf 86' lang='lat' dir='ltr'>CONSTITUT.</span> <span class='ocrx_word' id='word_1_3' title='bbox 1729 348 2069 406; x_wconf 85' lang='lat' dir='ltr'>HIRSAUG.</span> <span class='ocrx_word' id='word_1_4' title='bbox 2118 381 2179 392; x_wconf 82' lang='lat'><em>-</em></span> <span class='ocrx_word' id='word_1_5' title='bbox 2219 349 2356 407; x_wconf 85' lang='lat' dir='ltr'>LIB.</span> <span class='ocrx_word' id='word_1_6' title='bbox 2395 349 2441 406; x_wconf 93' lang='lat' dir='ltr'>I.</span> <span class='ocrx_word' id='word_1_7' title='bbox 3383 347 3490 408; x_wconf 86' lang='lat'>978</span> 
     </span>
    </p>
   </div>
   <div class='ocr_carea' id='block_1_2' title="bbox 211 471 3482 546">
    <p class='ocr_par' dir='ltr' id='par_1_2' title="bbox 211 471 3482 546">
     <span class='ocr_line' id='line_1_2' title="bbox 211 471 3482 546; baseline -0.001 -16"><span class='ocrx_word' id='word_1_8' title='bbox 211 480 273 530; x_wconf 88' lang='lat' dir='ltr'>ut</span> <span class='ocrx_word' id='word_1_9' title='bbox 291 475 522 546; x_wconf 89' lang='lat' dir='ltr'>pr0pter</span> <span class='ocrx_word' id='word_1_10' title='bbox 545 471 652 526; x_wconf 88' lang='lat' dir='ltr'>hoc</span> <span class='ocrx_word' id='word_1_11' title='bbox 679 472 968 527; x_wconf 77' lang='lat' dir='ltr'>Silentium</span> <span class='ocrx_word' id='word_1_12' title='bbox 995 489 1108 528; x_wconf 90' lang='lat' dir='ltr'>non</span> <span class='ocrx_word' id='word_1_13' title='bbox 1132 473 1420 544; x_wconf 84' lang='lat' dir='ltr'>infringat.</span> <span class='ocrx_word' id='word_1_14' title='bbox 1447 492 1544 533; x_wconf 83' lang='lat' dir='ltr'>un.</span> <span class='ocrx_word' id='word_1_15' title='bbox 1591 474 1799 528; x_wconf 89' lang='lat' dir='ltr'>Panni-</span> <span class='ocrx_word' id='word_1_16' title='bbox 1818 472 2054 534; x_wconf 84' lang='lat' dir='ltr'>Asimul</span> <span class='ocrx_word' id='word_1_17' title='bbox 2081 474 2481 544; x_wconf 81' lang='lat' dir='ltr'>ingredientes,</span> <span class='ocrx_word' id='word_1_18' title='bbox 2511 489 2640 527; x_wconf 90' lang='lat' dir='ltr'>cum</span> <span class='ocrx_word' id='word_1_19' title='bbox 2669 488 2734 527; x_wconf 91' lang='lat' dir='ltr'>eo</span> <span class='ocrx_word' id='word_1_20' title='bbox 2765 472 3070 540; x_wconf 88' lang='lat' dir='ltr'>orationes,</span> <span class='ocrx_word' id='word_1_21' title='bbox 3103 490 3224 545; x_wconf 81' lang='lat' dir='ltr'>quae</span> <span class='ocrx_word' id='word_1_22' title='bbox 3254 473 3482 529; x_wconf 90' lang='lat' dir='ltr'>easdem</span> 
     </span>
    </p>
   </div>
   <div class='ocr_carea' id='block_1_3' title="bbox 214 562 3487 634">
    <p class='ocr_par' dir='ltr' id='par_1_3' title="bbox 214 562 3487 634">
     <span class='ocr_line' id='line_1_3' title="bbox 214 562 3487 634; baseline -0.001 -15"><span class='ocrx_word' id='word_1_23' title='bbox 214 564 318 619; x_wconf 91' lang='lat' dir='ltr'>culi</span> <span class='ocrx_word' id='word_1_24' title='bbox 340 563 571 634; x_wconf 88' lang='lat' dir='ltr'>quidem</span> <span class='ocrx_word' id='word_1_25' title='bbox 592 578 786 616; x_wconf 85' lang='lat' dir='ltr'>recens</span> <span class='ocrx_word' id='word_1_26' title='bbox 808 563 976 616; x_wconf 88' lang='lat' dir='ltr'>lavati</span> <span class='ocrx_word' id='word_1_27' title='bbox 990 563 1072 617; x_wconf 90' lang='lat' dir='ltr'>ita</span> <span class='ocrx_word' id='word_1_28' title='bbox 1090 563 1296 617; x_wconf 90' lang='lat' dir='ltr'>debent</span> <span class='ocrx_word' id='word_1_29' title='bbox 1314 580 1436 617; x_wconf 92' lang='lat' dir='ltr'>esse</span> <span class='ocrx_word' id='word_1_30' title='bbox 1452 564 1510 617; x_wconf 91' lang='lat' dir='ltr'>in</span> <span class='ocrx_word' id='word_1_31' title='bbox 1523 569 1807 634; x_wconf 90' lang='lat' dir='ltr'>promptu,</span> <span class='ocrx_word' id='word_1_32' title='bbox 1892 563 2215 633; x_wconf 65' lang='lat' dir='ltr'>praecedunt</span> <span class='ocrx_word' id='word_1_33' title='bbox 2241 564 2428 630; x_wconf 90' lang='lat' dir='ltr'>horas,</span> <span class='ocrx_word' id='word_1_34' title='bbox 2458 567 2589 616; x_wconf 86' lang='lat' dir='ltr'>ante</span> <span class='ocrx_word' id='word_1_35' title='bbox 2609 563 2840 615; x_wconf 89' lang='lat' dir='ltr'>chorum</span> <span class='ocrx_word' id='word_1_36' title='bbox 2852 562 3093 616; x_wconf 88' lang='lat' dir='ltr'>faciunt:</span> <span class='ocrx_word' id='word_1_37' title='bbox 3125 579 3293 633; x_wconf 89' lang='lat' dir='ltr'>quam</span> <span class='ocrx_word' id='word_1_38' title='bbox 3314 563 3487 617; x_wconf 87' lang='lat' dir='ltr'>etiam</span> 
     </span>
    </p>
   </div>
   <div class='ocr_carea' id='block_1_4' title="bbox 214 649 3486 722">
    <p class='ocr_par' dir='ltr' id='par_1_4' title="bbox 214 649 3486 722">
     <span class='ocr_line' id='line_1_4' title="bbox 214 649 3486 722; baseline -0.001 -15"><span class='ocrx_word' id='word_1_39' title='bbox 214 659 278 708; x_wconf 92' lang='lat' dir='ltr'>ut</span> <span class='ocrx_word' id='word_1_40' title='bbox 307 668 423 706; x_wconf 92' lang='lat' dir='ltr'>non</span> <span class='ocrx_word' id='word_1_41' title='bbox 447 668 587 722; x_wconf 92' lang='lat' dir='ltr'>opus</span> <span class='ocrx_word' id='word_1_42' title='bbox 619 649 842 716; x_wconf 87' lang='lat' dir='ltr'>habeat,</span> <span class='ocrx_word' id='word_1_43' title='bbox 885 651 1018 721; x_wconf 91' lang='lat' dir='ltr'>quid</span> <span class='ocrx_word' id='word_1_44' title='bbox 1067 652 1242 722; x_wconf 88' lang='lat' dir='ltr'>loqui.</span> <span class='ocrx_word' id='word_1_45' title='bbox 1290 653 1310 675; x_wconf 74' lang='grc'><strong><em>⁶</em></strong></span> <span class='ocrx_word' id='word_1_46' title='bbox 1362 653 1480 706; x_wconf 87' lang='lat' dir='ltr'>Hoc</span> <span class='ocrx_word' id='word_1_47' title='bbox 1521 657 1708 707; x_wconf 91' lang='lat' dir='ltr'>autem</span> <span class='ocrx_word' id='word_1_48' title='bbox 1751 654 1809 706; x_wconf 91' lang='lat' dir='ltr'>in</span> <span class='ocrx_word' id='word_1_49' title='bbox 1892 651 1940 704; x_wconf 90' lang='lat' dir='ltr'>si</span> <span class='ocrx_word' id='word_1_50' title='bbox 1971 657 2055 705; x_wconf 90' lang='lat' dir='ltr'>est</span> <span class='ocrx_word' id='word_1_51' title='bbox 2099 668 2215 706; x_wconf 93' lang='lat' dir='ltr'>una</span> <span class='ocrx_word' id='word_1_52' title='bbox 2259 652 2395 717; x_wconf 89' lang='lat' dir='ltr'>sola,</span> <span class='ocrx_word' id='word_1_53' title='bbox 2443 651 2682 722; x_wconf 82' lang='lat' dir='ltr'>quilibet</span> <span class='ocrx_word' id='word_1_54' title='bbox 2722 651 2940 704; x_wconf 83' lang='lat' dir='ltr'>tardius</span> <span class='ocrx_word' id='word_1_55' title='bbox 2975 649 3220 714; x_wconf 87' lang='lat' dir='ltr'>veniens,</span> <span class='ocrx_word' id='word_1_56' title='bbox 3256 650 3486 717; x_wconf 86' lang='lat' dir='ltr'>ibidem,</span> 
     </span>
    </p>
   </div>
   <div class='ocr_carea' id='block_1_5' title="bbox 213 738 3490 812">
    <p class='ocr_par' dir='ltr' id='par_1_5' title="bbox 213 738 3490 812">
     <span class='ocr_line' id='line_1_5' title="bbox 213 738 3490 812; baseline -0.001 -16"><span class='ocrx_word' id='word_1_57' title='bbox 213 739 528 796; x_wconf 89' lang='lat' dir='ltr'>infirmaria</span> <span class='ocrx_word' id='word_1_58' title='bbox 553 738 718 793; x_wconf 88' lang='lat' dir='ltr'>debet</span> <span class='ocrx_word' id='word_1_59' title='bbox 741 739 862 792; x_wconf 84' lang='lat' dir='ltr'>ﬁeri</span> <span class='ocrx_word' id='word_1_60' title='bbox 891 756 991 810; x_wconf 90' lang='lat' dir='ltr'>per</span> <span class='ocrx_word' id='word_1_61' title='bbox 1028 740 1304 794; x_wconf 91' lang='lat' dir='ltr'>famulum</span> <span class='ocrx_word' id='word_1_62' title='bbox 1334 741 1405 795; x_wconf 90' lang='lat' dir='ltr'>ad</span> <span class='ocrx_word' id='word_1_63' title='bbox 1436 742 1540 794; x_wconf 91' lang='lat' dir='ltr'>hoc</span> <span class='ocrx_word' id='word_1_64' title='bbox 1571 741 1810 812; x_wconf 87' lang='lat' dir='ltr'>deputa-</span> <span class='ocrx_word' id='word_1_65' title='bbox 1893 739 2028 794; x_wconf 93' lang='lat' dir='ltr'>dum</span> <span class='ocrx_word' id='word_1_66' title='bbox 2057 741 2295 794; x_wconf 88' lang='lat' dir='ltr'>necdum</span> <span class='ocrx_word' id='word_1_67' title='bbox 2327 740 2467 793; x_wconf 89' lang='lat' dir='ltr'>hora</span> <span class='ocrx_word' id='word_1_68' title='bbox 2495 745 2582 793; x_wconf 89' lang='lat' dir='ltr'>est</span> <span class='ocrx_word' id='word_1_69' title='bbox 2604 739 2868 793; x_wconf 88' lang='lat' dir='ltr'>inchoata</span> <span class='ocrx_word' id='word_1_70' title='bbox 2895 739 2955 793; x_wconf 90' lang='lat' dir='ltr'>in</span> <span class='ocrx_word' id='word_1_71' title='bbox 2977 738 3263 793; x_wconf 91' lang='lat' dir='ltr'>secretiori</span> <span class='ocrx_word' id='word_1_72' title='bbox 3279 739 3490 792; x_wconf 88' lang='lat' dir='ltr'>locofa-</span> 
     </span>
    </p>
   </div>
   <div class='ocr_carea' id='block_1_6' title="bbox 215 827 3574 900">
    <p class='ocr_par' dir='ltr' id='par_1_6' title="bbox 215 827 3574 900">
     <span class='ocr_line' id='line_1_6' title="bbox 215 827 3574 900; baseline -0.002 -14"><span class='ocrx_word' id='word_1_73' title='bbox 215 837 336 886; x_wconf 92' lang='lat' dir='ltr'>tum</span> <span class='ocrx_word' id='word_1_74' title='bbox 361 849 374 898; x_wconf 90' lang='lat'>;</span> <span class='ocrx_word' id='word_1_75' title='bbox 409 834 466 884; x_wconf 93' lang='lat' dir='ltr'>et</span> <span class='ocrx_word' id='word_1_76' title='bbox 489 828 666 882; x_wconf 88' lang='lat' dir='ltr'>alium</span> <span class='ocrx_word' id='word_1_77' title='bbox 691 827 762 881; x_wconf 91' lang='lat' dir='ltr'>ab</span> <span class='ocrx_word' id='word_1_78' title='bbox 791 827 1057 882; x_wconf 85' lang='lat' dir='ltr'>alio-licet</span> <span class='ocrx_word' id='word_1_79' title='bbox 1097 829 1156 883; x_wconf 93' lang='lat' dir='ltr'>in</span> <span class='ocrx_word' id='word_1_80' title='bbox 1203 829 1290 883; x_wconf 89' lang='lat' dir='ltr'>his</span> <span class='ocrx_word' id='word_1_81' title='bbox 1333 847 1456 900; x_wconf 64' lang='lat' dir='ltr'>quae</span> <span class='ocrx_word' id='word_1_82' title='bbox 1500 831 1572 884; x_wconf 92' lang='lat' dir='ltr'>ad</span> <span class='ocrx_word' id='word_1_83' title='bbox 1612 831 1812 900; x_wconf 91' lang='lat' dir='ltr'>hujus-</span> <span class='ocrx_word' id='word_1_84' title='bbox 1893 845 2018 883; x_wconf 91' lang='lat' dir='ltr'>cere</span> <span class='ocrx_word' id='word_1_85' title='bbox 2043 834 2246 900; x_wconf 90' lang='lat' dir='ltr'>potest.</span> <span class='ocrx_word' id='word_1_86' title='bbox 2265 829 2351 883; x_wconf 86' lang='lat' dir='ltr'>Ad</span> <span class='ocrx_word' id='word_1_87' title='bbox 2371 828 2628 882; x_wconf 90' lang='lat' dir='ltr'>auditum</span> <span class='ocrx_word' id='word_1_88' title='bbox 2648 844 2779 882; x_wconf 89' lang='lat' dir='ltr'>vero</span> <span class='ocrx_word' id='word_1_89' title='bbox 2800 829 3073 899; x_wconf 90' lang='lat' dir='ltr'>cujusque</span> <span class='ocrx_word' id='word_1_90' title='bbox 3091 828 3243 882; x_wconf 83' lang='lat' dir='ltr'>horae</span> <span class='ocrx_word' id='word_1_91' title='bbox 3263 827 3490 898; x_wconf 88' lang='lat' dir='ltr'>signum</span> <span class='ocrx_word' id='word_1_92' title='bbox 3563 863 3574 878; x_wconf 54' lang='grc' dir='ltr'><strong>κ</strong></span> 
     </span>
    </p>
   </div>
   <div class='ocr_carea' id='block_1_7' title="bbox 217 916 3491 990">
    <p class='ocr_par' dir='ltr' id='par_1_7' title="bbox 217 916 3491 990">
     <span class='ocr_line' id='line_1_7' title="bbox 217 916 3491 990; baseline -0.001 -16"><span class='ocrx_word' id='word_1_93' title='bbox 217 919 367 974; x_wconf 92' lang='lat' dir='ltr'>modi</span> <span class='ocrx_word' id='word_1_94' title='bbox 394 917 698 990; x_wconf 83' lang='lat' dir='ltr'>pertinent,</span> <span class='ocrx_word' id='word_1_95' title='bbox 739 916 1128 971; x_wconf 86' lang='lat' dir='ltr'>infirmitatem</span> <span class='ocrx_word' id='word_1_96' title='bbox 1183 918 1460 989; x_wconf 87' lang='lat' dir='ltr'>adjuvari.</span> <span class='ocrx_word' id='word_1_97' title='bbox 1495 920 1616 984; x_wconf 89' lang='lat' dir='ltr'>Quo</span> <span class='ocrx_word' id='word_1_98' title='bbox 1667 921 1812 974; x_wconf 90' lang='lat' dir='ltr'>facto</span> <span class='ocrx_word' id='word_1_99' title='bbox 1894 933 2224 971; x_wconf 88' lang='lat' dir='ltr'>ascensurus</span> <span class='ocrx_word' id='word_1_100' title='bbox 2253 916 2670 986; x_wconf 90' lang='lat' dir='ltr'>dormitorium,</span> <span class='ocrx_word' id='word_1_101' title='bbox 2701 916 2760 970; x_wconf 90' lang='lat' dir='ltr'>in</span> <span class='ocrx_word' id='word_1_102' title='bbox 2789 917 2971 988; x_wconf 90' lang='lat' dir='ltr'>primo</span> <span class='ocrx_word' id='word_1_103' title='bbox 2998 916 3178 986; x_wconf 86' lang='lat' dir='ltr'>gradu</span> <span class='ocrx_word' id='word_1_104' title='bbox 3211 916 3259 970; x_wconf 89' lang='lat' dir='ltr'>si</span> <span class='ocrx_word' id='word_1_105' title='bbox 3288 916 3491 987; x_wconf 90' lang='lat' dir='ltr'>pedem</span> 
     </span>
    </p>
   </div>
   <div class='ocr_carea' id='block_1_8' title="bbox 216 1004 3493 1078">
    <p class='ocr_par' dir='ltr' id='par_1_8' title="bbox 216 1004 3493 1078">
     <span class='ocr_line' id='line_1_8' title="bbox 216 1004 3493 1078; baseline -0 -17"><span class='ocrx_word' id='word_1_106' title='bbox 216 1007 293 1061; x_wconf 91' lang='lat' dir='ltr'>ibi</span> <span class='ocrx_word' id='word_1_107' title='bbox 322 1006 395 1060; x_wconf 91' lang='lat' dir='ltr'>ad</span> <span class='ocrx_word' id='word_1_108' title='bbox 416 1005 753 1060; x_wconf 89' lang='lat' dir='ltr'>lavatorium</span> <span class='ocrx_word' id='word_1_109' title='bbox 781 1004 1138 1059; x_wconf 83' lang='lat' dir='ltr'>inﬁrmorum</span> <span class='ocrx_word' id='word_1_110' title='bbox 1167 1005 1360 1072; x_wconf 87' lang='lat' dir='ltr'>lavari,</span> <span class='ocrx_word' id='word_1_111' title='bbox 1393 1011 1450 1061; x_wconf 91' lang='lat' dir='ltr'>et</span> <span class='ocrx_word' id='word_1_112' title='bbox 1497 1007 1569 1061; x_wconf 91' lang='lat' dir='ltr'>ad</span> <span class='ocrx_word' id='word_1_113' title='bbox 1610 1024 1812 1062; x_wconf 87' lang='lat' dir='ltr'>manu-</span> <span class='ocrx_word' id='word_1_114' title='bbox 1893 1007 2096 1077; x_wconf 87' lang='lat' dir='ltr'>posuit,</span> <span class='ocrx_word' id='word_1_115' title='bbox 2120 1023 2353 1078; x_wconf 86' lang='lat' dir='ltr'>pergere</span> <span class='ocrx_word' id='word_1_116' title='bbox 2381 1011 2603 1077; x_wconf 88' lang='lat' dir='ltr'>potest;</span> <span class='ocrx_word' id='word_1_117' title='bbox 2635 1007 2723 1060; x_wconf 91' lang='lat' dir='ltr'>sin</span> <span class='ocrx_word' id='word_1_118' title='bbox 2770 1010 2979 1070; x_wconf 88' lang='lat' dir='ltr'>autem,</span> <span class='ocrx_word' id='word_1_119' title='bbox 3018 1005 3127 1060; x_wconf 90' lang='lat' dir='ltr'>nisi</span> <span class='ocrx_word' id='word_1_120' title='bbox 3169 1007 3352 1076; x_wconf 87' lang='lat' dir='ltr'>major</span> <span class='ocrx_word' id='word_1_121' title='bbox 3395 1021 3493 1060; x_wconf 90' lang='lat' dir='ltr'>ne-</span> 
     </span>
    </p>
   </div>
   <div class='ocr_carea' id='block_1_9' title="bbox 218 1094 3495 1166">
    <p class='ocr_par' dir='ltr' id='par_1_9' title="bbox 218 1094 3495 1166">
     <span class='ocr_line' id='line_1_9' title="bbox 218 1094 3495 1166; baseline -0.001 -15"><span class='ocrx_word' id='word_1_122' title='bbox 218 1097 464 1166; x_wconf 90' lang='lat' dir='ltr'>tergium</span> <span class='ocrx_word' id='word_1_123' title='bbox 519 1094 626 1148; x_wconf 91' lang='lat' dir='ltr'>sibi</span> <span class='ocrx_word' id='word_1_124' title='bbox 683 1095 1036 1165; x_wconf 89' lang='lat' dir='ltr'>deputatum,</span> <span class='ocrx_word' id='word_1_125' title='bbox 1085 1094 1251 1148; x_wconf 86' lang='lat' dir='ltr'>debet</span> <span class='ocrx_word' id='word_1_126' title='bbox 1291 1096 1456 1165; x_wconf 85' lang='lat' dir='ltr'>tergi.</span> <span class='ocrx_word' id='word_1_127' title='bbox 1511 1098 1812 1151; x_wconf 90' lang='lat' dir='ltr'>Cocturam</span> <span class='ocrx_word' id='word_1_128' title='bbox 1893 1095 2122 1149; x_wconf 89' lang='lat' dir='ltr'>cessitas</span> <span class='ocrx_word' id='word_1_129' title='bbox 2163 1095 2350 1162; x_wconf 87' lang='lat' dir='ltr'>fuerit,</span> <span class='ocrx_word' id='word_1_130' title='bbox 2412 1111 2541 1149; x_wconf 84' lang='lat' dir='ltr'>mox</span> <span class='ocrx_word' id='word_1_131' title='bbox 2582 1095 2653 1149; x_wconf 89' lang='lat' dir='ltr'>ad</span> <span class='ocrx_word' id='word_1_132' title='bbox 2695 1095 2984 1149; x_wconf 85' lang='lat' dir='ltr'>ecclesiam</span> <span class='ocrx_word' id='word_1_133' title='bbox 3027 1095 3194 1149; x_wconf 90' lang='lat' dir='ltr'>redit.</span> <span class='ocrx_word' id='word_1_134' title='bbox 3247 1111 3340 1149; x_wconf 82' lang='lat' dir='ltr'>un.</span> <span class='ocrx_word' id='word_1_135' title='bbox 3383 1094 3495 1149; x_wconf 90' lang='lat' dir='ltr'>Sed</span> 
     </span>
    </p>
   </div>
   <div class='ocr_carea' id='block_1_10' title="bbox 220 1183 3488 1256">
    <p class='ocr_par' dir='ltr' id='par_1_10' title="bbox 220 1183 3488 1256">
     <span class='ocr_line' id='line_1_10' title="bbox 220 1183 3488 1256; baseline -0.001 -16"><span class='ocrx_word' id='word_1_136' title='bbox 220 1191 410 1240; x_wconf 88' lang='lat' dir='ltr'>autem</span> <span class='ocrx_word' id='word_1_137' title='bbox 437 1185 621 1238; x_wconf 87' lang='lat' dir='ltr'>facere</span> <span class='ocrx_word' id='word_1_138' title='bbox 647 1188 774 1254; x_wconf 86' lang='lat' dir='ltr'>post</span> <span class='ocrx_word' id='word_1_139' title='bbox 802 1184 1122 1254; x_wconf 87' lang='lat' dir='ltr'>prandium,</span> <span class='ocrx_word' id='word_1_140' title='bbox 1153 1201 1280 1238; x_wconf 91' lang='lat' dir='ltr'>cum</span> <span class='ocrx_word' id='word_1_141' title='bbox 1309 1193 1533 1256; x_wconf 85' lang='lat' dir='ltr'>tempus</span> <span class='ocrx_word' id='word_1_142' title='bbox 1551 1187 1813 1240; x_wconf 87' lang='lat' dir='ltr'>habuerit</span> <span class='ocrx_word' id='word_1_143' title='bbox 1896 1185 2120 1254; x_wconf 87' lang='lat' dir='ltr'>quando</span> <span class='ocrx_word' id='word_1_144' title='bbox 2150 1185 2394 1255; x_wconf 88' lang='lat' dir='ltr'>pulsatio</span> <span class='ocrx_word' id='word_1_145' title='bbox 2425 1184 2569 1254; x_wconf 87' lang='lat' dir='ltr'>signi</span> <span class='ocrx_word' id='word_1_146' title='bbox 2593 1184 2664 1237; x_wconf 89' lang='lat' dir='ltr'>ad</span> <span class='ocrx_word' id='word_1_147' title='bbox 2712 1184 2955 1255; x_wconf 82' lang='lat' dir='ltr'>primam</span> <span class='ocrx_word' id='word_1_148' title='bbox 3000 1183 3108 1237; x_wconf 90' lang='lat' dir='ltr'>rite</span> <span class='ocrx_word' id='word_1_149' title='bbox 3154 1184 3488 1254; x_wconf 91' lang='lat' dir='ltr'>protelatur,</span> 
     </span>
    </p>
   </div>
   <div class='ocr_carea' id='block_1_11' title="bbox 221 1274 1817 1346">
    <p class='ocr_par' dir='ltr' id='par_1_11' title="bbox 221 1274 1817 1346">
     <span class='ocr_line' id='line_1_11' title="bbox 221 1274 1817 1346; baseline 0 -16"><span class='ocrx_word' id='word_1_150' title='bbox 221 1279 622 1346; x_wconf 88' lang='lat' dir='ltr'>opportunum,</span> <span class='ocrx_word' id='word_1_151' title='bbox 650 1274 798 1336; x_wconf 89' lang='lat' dir='ltr'>licet,</span> <span class='ocrx_word' id='word_1_152' title='bbox 833 1278 1060 1343; x_wconf 91' lang='lat' dir='ltr'>accepta</span> <span class='ocrx_word' id='word_1_153' title='bbox 1079 1279 1270 1327; x_wconf 88' lang='lat' dir='ltr'>tamen</span> <span class='ocrx_word' id='word_1_154' title='bbox 1298 1274 1543 1336; x_wconf 86' lang='lat' dir='ltr'>licentia,</span> <span class='ocrx_word' id='word_1_155' title='bbox 1574 1281 1631 1330; x_wconf 92' lang='lat' dir='ltr'>et</span> <span class='ocrx_word' id='word_1_156' title='bbox 1670 1293 1817 1346; x_wconf 71' lang='lat' dir='ltr'>quae-</span> 
     </span>
    </p>
   </div>
   <div class='ocr_carea' id='block_1_12' title="bbox 224 1361 1639 1434">
    <p class='ocr_par' dir='ltr' id='par_1_12' title="bbox 224 1361 1639 1434">
     <span class='ocr_line' id='line_1_12' title="bbox 224 1361 1639 1434; baseline 0 -18"><span class='ocrx_word' id='word_1_157' title='bbox 224 1379 328 1434; x_wconf 89' lang='lat' dir='ltr'>que</span> <span class='ocrx_word' id='word_1_158' title='bbox 360 1362 433 1416; x_wconf 91' lang='lat' dir='ltr'>ad</span> <span class='ocrx_word' id='word_1_159' title='bbox 464 1363 608 1416; x_wconf 89' lang='lat' dir='ltr'>hanc</span> <span class='ocrx_word' id='word_1_160' title='bbox 635 1361 950 1416; x_wconf 89' lang='lat' dir='ltr'>necessaria</span> <span class='ocrx_word' id='word_1_161' title='bbox 978 1378 1013 1414; x_wconf 89' lang='lat' dir='ltr'>a</span> <span class='ocrx_word' id='word_1_162' title='bbox 1040 1361 1348 1416; x_wconf 89' lang='lat' dir='ltr'>camerario</span> <span class='ocrx_word' id='word_1_163' title='bbox 1371 1364 1639 1433; x_wconf 87' lang='lat' dir='ltr'>requiret.</span> 
     </span>
    </p>
   </div>
   <div class='ocr_carea' id='block_1_13' title="bbox 791 1469 1244 1524">
    <p class='ocr_par' dir='ltr' id='par_1_13' title="bbox 791 1469 1244 1524">
     <span class='ocr_line' id='line_1_13' title="bbox 791 1469 1244 1524; baseline 0.002 -2"><span class='ocrx_word' id='word_1_164' title='bbox 791 1469 1024 1522; x_wconf 78' lang='lat' dir='ltr'>CAPUT</span> <span class='ocrx_word' id='word_1_165' title='bbox 1053 1469 1244 1524; x_wconf 84' lang='lat' dir='ltr'>XLVI.</span> 
     </span>
    </p>
   </div>
   <div class='ocr_carea' id='block_1_14' title="bbox 225 1558 1808 1625">
    <p class='ocr_par' dir='ltr' id='par_1_14' title="bbox 225 1558 1808 1625">
     <span class='ocr_line' id='line_1_14' title="bbox 225 1558 1808 1625; baseline 0.001 -13"><span class='ocrx_word' id='word_1_166' title='bbox 225 1559 428 1625; x_wconf 86' lang='lat' dir='ltr'>Quibus</span> <span class='ocrx_word' id='word_1_167' title='bbox 450 1559 602 1611; x_wconf 81' lang='lat' dir='ltr'>horis</span> <span class='ocrx_word' id='word_1_168' title='bbox 613 1563 661 1610; x_wconf 86' lang='lat' dir='ltr'>et</span> <span class='ocrx_word' id='word_1_169' title='bbox 689 1559 1018 1625; x_wconf 78' lang='lat' dir='ltr'>temporibus</span> <span class='ocrx_word' id='word_1_170' title='bbox 1034 1558 1217 1610; x_wconf 80' lang='lat' dir='ltr'>debeat</span> <span class='ocrx_word' id='word_1_171' title='bbox 1241 1560 1426 1610; x_wconf 88' lang='lat' dir='ltr'>lavare</span> <span class='ocrx_word' id='word_1_172' title='bbox 1435 1574 1650 1625; x_wconf 89' lang='lat' dir='ltr'>pannos</span> <span class='ocrx_word' id='word_1_173' title='bbox 1665 1576 1808 1622; x_wconf 89' lang='lat' dir='ltr'>suos,</span> 
     </span>
    </p>
   </div>
   <div class='ocr_carea' id='block_1_15' title="bbox 503 1630 1527 1696">
    <p class='ocr_par' dir='ltr' id='par_1_15' title="bbox 503 1630 1527 1696">
     <span class='ocr_line' id='line_1_15' title="bbox 503 1630 1527 1696; baseline 0.001 -14"><span class='ocrx_word' id='word_1_174' title='bbox 503 1632 585 1683; x_wconf 91' lang='lat' dir='ltr'>vel</span> <span class='ocrx_word' id='word_1_175' title='bbox 605 1632 655 1682; x_wconf 89' lang='lat' dir='ltr'>si</span> <span class='ocrx_word' id='word_1_176' title='bbox 670 1631 804 1696; x_wconf 84' lang='lat' dir='ltr'>quid</span> <span class='ocrx_word' id='word_1_177' title='bbox 823 1630 984 1681; x_wconf 87' lang='lat' dir='ltr'>aliud</span> <span class='ocrx_word' id='word_1_178' title='bbox 1002 1633 1120 1682; x_wconf 83' lang='lat' dir='ltr'>vult</span> <span class='ocrx_word' id='word_1_179' title='bbox 1135 1631 1197 1681; x_wconf 88' lang='lat' dir='ltr'>de</span> <span class='ocrx_word' id='word_1_180' title='bbox 1219 1630 1376 1681; x_wconf 81' lang='lat' dir='ltr'>rebus</span> <span class='ocrx_word' id='word_1_181' title='bbox 1392 1632 1527 1683; x_wconf 86' lang='lat' dir='ltr'>suis.</span> 
     </span>
    </p>
   </div>
   <div class='ocr_carea' id='block_1_16' title="bbox 292 1716 1809 1788">
    <p class='ocr_par' dir='ltr' id='par_1_16' title="bbox 292 1716 1809 1788">
     <span class='ocr_line' id='line_1_16' title="bbox 292 1716 1809 1788; baseline 0 -16"><span class='ocrx_word' id='word_1_182' title='bbox 292 1716 438 1787; x_wconf 73' lang='lat'>(111).)</span> <span class='ocrx_word' id='word_1_183' title='bbox 460 1717 673 1788; x_wconf 90' lang='lat' dir='ltr'>Siquid</span> <span class='ocrx_word' id='word_1_184' title='bbox 703 1717 754 1770; x_wconf 83' lang='lat' dir='ltr'>ei</span> <span class='ocrx_word' id='word_1_185' title='bbox 780 1716 1051 1785; x_wconf 90' lang='lat' dir='ltr'>placuerit</span> <span class='ocrx_word' id='word_1_186' title='bbox 1096 1717 1165 1770; x_wconf 92' lang='lat' dir='ltr'>de</span> <span class='ocrx_word' id='word_1_187' title='bbox 1211 1717 1412 1787; x_wconf 82' lang='lat' dir='ltr'>pannis</span> <span class='ocrx_word' id='word_1_188' title='bbox 1458 1717 1574 1772; x_wconf 90' lang='lat' dir='ltr'>suis</span> <span class='ocrx_word' id='word_1_189' title='bbox 1607 1719 1809 1785; x_wconf 90' lang='lat' dir='ltr'>lavare,</span> 
     </span>
    </p>
   </div>
   <div class='ocr_carea' id='block_1_17' title="bbox 1900 1273 3496 1344">
    <p class='ocr_par' dir='ltr' id='par_1_17' title="bbox 1900 1273 3496 1344">
     <span class='ocr_line' id='line_1_17' title="bbox 1900 1273 3496 1344; baseline 0 -17"><span class='ocrx_word' id='word_1_190' title='bbox 1900 1290 2189 1344; x_wconf 90' lang='lat' dir='ltr'>quousque</span> <span class='ocrx_word' id='word_1_191' title='bbox 2217 1279 2432 1343; x_wconf 88' lang='lat' dir='ltr'>septem</span> <span class='ocrx_word' id='word_1_192' title='bbox 2484 1273 2686 1344; x_wconf 88' lang='lat' dir='ltr'>psalmi</span> <span class='ocrx_word' id='word_1_193' title='bbox 2732 1273 2949 1343; x_wconf 92' lang='lat' dir='ltr'>possint</span> <span class='ocrx_word' id='word_1_194' title='bbox 2994 1273 3352 1343; x_wconf 87' lang='lat' dir='ltr'>percantari;</span> <span class='ocrx_word' id='word_1_195' title='bbox 3395 1273 3496 1327; x_wconf 90' lang='lat' dir='ltr'>ali-</span> 
     </span>
    </p>
   </div>
   <div class='ocr_carea' id='block_1_18' title="bbox 1887 1361 3494 1432">
    <p class='ocr_par' dir='ltr' id='par_1_18' title="bbox 1887 1361 3494 1432">
     <span class='ocr_line' id='line_1_18' title="bbox 1887 1361 3494 1432; baseline 0.001 -17"><span class='ocrx_word' id='word_1_196' title='bbox 1887 1362 2122 1432; x_wconf 85' lang='lat' dir='ltr'>quando</span> <span class='ocrx_word' id='word_1_197' title='bbox 2153 1361 2198 1414; x_wconf 90' lang='lat' dir='ltr'>si</span> <span class='ocrx_word' id='word_1_198' title='bbox 2227 1361 2484 1423; x_wconf 90' lang='lat' dir='ltr'>voluerit,</span> <span class='ocrx_word' id='word_1_199' title='bbox 2517 1367 2813 1432; x_wconf 89' lang='lat' dir='ltr'>postquam</span> <span class='ocrx_word' id='word_1_200' title='bbox 2834 1366 3139 1416; x_wconf 86' lang='lat' dir='ltr'>conventus</span> <span class='ocrx_word' id='word_1_201' title='bbox 3156 1362 3494 1432; x_wconf 89' lang='lat' dir='ltr'>pertransie-</span> 
     </span>
    </p>
   </div>
   <div class='ocr_carea' id='block_1_19' title="bbox 1895 1450 3496 1521">
    <p class='ocr_par' dir='ltr' id='par_1_19' title="bbox 1895 1450 3496 1521">
     <span class='ocr_line' id='line_1_19' title="bbox 1895 1450 3496 1521; baseline 0.001 -17"><span class='ocrx_word' id='word_1_202' title='bbox 1895 1451 1990 1516; x_wconf 92' lang='lat' dir='ltr'>rit,</span> <span class='ocrx_word' id='word_1_203' title='bbox 2021 1450 2092 1504; x_wconf 91' lang='lat' dir='ltr'>ad</span> <span class='ocrx_word' id='word_1_204' title='bbox 2113 1450 2357 1521; x_wconf 89' lang='lat' dir='ltr'>corporis</span> <span class='ocrx_word' id='word_1_205' title='bbox 2385 1451 2776 1504; x_wconf 85' lang='lat' dir='ltr'>necessitatem</span> <span class='ocrx_word' id='word_1_206' title='bbox 2807 1451 2941 1504; x_wconf 81' lang='lat' dir='ltr'>exit.</span> <span class='ocrx_word' id='word_1_207' title='bbox 2967 1451 3072 1503; x_wconf 91' lang='lat' dir='ltr'>Sed</span> <span class='ocrx_word' id='word_1_208' title='bbox 3101 1451 3324 1505; x_wconf 89' lang='lat' dir='ltr'>rediens</span> <span class='ocrx_word' id='word_1_209' title='bbox 3344 1451 3496 1505; x_wconf 84' lang='lat' dir='ltr'>lavat</span> 
     </span>
    </p>
   </div>
   <div class='ocr_carea' id='block_1_20' title="bbox 1898 1539 3495 1605">
    <p class='ocr_par' dir='ltr' id='par_1_20' title="bbox 1898 1539 3495 1605">
     <span class='ocr_line' id='line_1_20' title="bbox 1898 1539 3495 1605; baseline 0.002 -13"><span class='ocrx_word' id='word_1_210' title='bbox 1898 1555 2120 1605; x_wconf 88' lang='lat' dir='ltr'>manus,</span> <span class='ocrx_word' id='word_1_211' title='bbox 2146 1556 2215 1592; x_wconf 91' lang='lat' dir='ltr'>ne</span> <span class='ocrx_word' id='word_1_212' title='bbox 2236 1555 2363 1593; x_wconf 91' lang='lat' dir='ltr'>cum</span> <span class='ocrx_word' id='word_1_213' title='bbox 2384 1544 2612 1593; x_wconf 91' lang='lat' dir='ltr'>ventum</span> <span class='ocrx_word' id='word_1_214' title='bbox 2638 1539 2807 1592; x_wconf 88' lang='lat' dir='ltr'>fuerit</span> <span class='ocrx_word' id='word_1_215' title='bbox 2825 1539 2897 1592; x_wconf 91' lang='lat' dir='ltr'>ad</span> <span class='ocrx_word' id='word_1_216' title='bbox 2917 1539 3280 1603; x_wconf 74' lang='lat' dir='ltr'>offerendam.</span> <span class='ocrx_word' id='word_1_217' title='bbox 3295 1557 3495 1595; x_wconf 89' lang='lat' dir='ltr'>rursus</span> 
     </span>
    </p>
   </div>
   <div class='ocr_carea' id='block_1_21' title="bbox 1898 1628 3498 1700">
    <p class='ocr_par' dir='ltr' id='par_1_21' title="bbox 1898 1628 3498 1700">
     <span class='ocr_line' id='line_1_21' title="bbox 1898 1628 3498 1700; baseline 0.003 -19"><span class='ocrx_word' id='word_1_218' title='bbox 1898 1628 2105 1682; x_wconf 89' lang='lat' dir='ltr'>habeat</span> <span class='ocrx_word' id='word_1_219' title='bbox 2132 1629 2309 1696; x_wconf 85' lang='lat' dir='ltr'>exire;</span> <span class='ocrx_word' id='word_1_220' title='bbox 2344 1646 2537 1699; x_wconf 89' lang='lat' dir='ltr'>quare,</span> <span class='ocrx_word' id='word_1_221' title='bbox 2569 1629 2616 1682; x_wconf 90' lang='lat' dir='ltr'>si</span> <span class='ocrx_word' id='word_1_222' title='bbox 2645 1634 2762 1683; x_wconf 90' lang='lat' dir='ltr'>tam</span> <span class='ocrx_word' id='word_1_223' title='bbox 2792 1629 3114 1700; x_wconf 87' lang='lat' dir='ltr'>frequenter</span> <span class='ocrx_word' id='word_1_224' title='bbox 3139 1629 3355 1696; x_wconf 84' lang='lat' dir='ltr'>exierit,</span> <span class='ocrx_word' id='word_1_225' title='bbox 3386 1631 3498 1685; x_wconf 90' lang='lat' dir='ltr'>hoc</span> 
     </span>
    </p>
   </div>
   <div class='ocr_carea' id='block_1_22' title="bbox 1899 1717 3498 1789">
    <p class='ocr_par' dir='ltr' id='par_1_22' title="bbox 1899 1717 3498 1789">
     <span class='ocr_line' id='line_1_22' title="bbox 1899 1717 3498 1789; baseline 0.003 -19"><span class='ocrx_word' id='word_1_226' title='bbox 1899 1717 1958 1770; x_wconf 93' lang='lat' dir='ltr'>in</span> <span class='ocrx_word' id='word_1_227' title='bbox 1980 1719 2222 1788; x_wconf 92' lang='lat' dir='ltr'>capitulo</span> <span class='ocrx_word' id='word_1_228' title='bbox 2260 1719 2669 1788; x_wconf 90' lang='lat' dir='ltr'>proclamatum</span> <span class='ocrx_word' id='word_1_229' title='bbox 2703 1719 3006 1789; x_wconf 88' lang='lat' dir='ltr'>experitur.</span> <span class='ocrx_word' id='word_1_230' title='bbox 3061 1719 3170 1772; x_wconf 90' lang='lat' dir='ltr'>Sed</span> <span class='ocrx_word' id='word_1_231' title='bbox 3218 1735 3322 1772; x_wconf 91' lang='lat' dir='ltr'>nec</span> <span class='ocrx_word' id='word_1_232' title='bbox 3365 1718 3498 1774; x_wconf 89' lang='lat' dir='ltr'>licet</span> 
     </span>
    </p>
   </div>
   <div class='ocr_carea' id='block_1_23' title="bbox 223 1789 3494 1880">
    <p class='ocr_par' dir='ltr' id='par_1_23' title="bbox 223 1789 3494 1880">
     <span class='ocr_line' id='line_1_23' title="bbox 223 1789 3494 1880; baseline 0 -19"><span class='ocrx_word' id='word_1_233' title='bbox 223 1807 369 1880; x_wconf 89' lang='lat' dir='ltr'>quod</span> <span class='ocrx_word' id='word_1_234' title='bbox 400 1805 941 1860; x_wconf 87' lang='lat' dir='ltr'>consuetudinaliter</span> <span class='ocrx_word' id='word_1_235' title='bbox 965 1811 1150 1876; x_wconf 90' lang='lat' dir='ltr'>potest</span> <span class='ocrx_word' id='word_1_236' title='bbox 1176 1806 1358 1859; x_wconf 91' lang='lat' dir='ltr'>facere</span> <span class='ocrx_word' id='word_1_237' title='bbox 1387 1807 1445 1860; x_wconf 92' lang='lat' dir='ltr'>in</span> <span class='ocrx_word' id='word_1_238' title='bbox 1469 1808 1709 1878; x_wconf 90' lang='lat' dir='ltr'>coquina</span> <span class='ocrx_word' id='word_1_239' title='bbox 1733 1789 1880 1863; x_wconf 83' lang='lat' dir='ltr'>re-B</span> <span class='ocrx_word' id='word_1_240' title='bbox 1899 1823 2149 1876; x_wconf 88' lang='lat' dir='ltr'>unquam</span> <span class='ocrx_word' id='word_1_241' title='bbox 2177 1807 2325 1861; x_wconf 82' lang='lat' dir='ltr'>exire</span> <span class='ocrx_word' id='word_1_242' title='bbox 2354 1823 2714 1878; x_wconf 90' lang='lat' dir='ltr'>quemquam,</span> <span class='ocrx_word' id='word_1_243' title='bbox 2745 1807 3014 1877; x_wconf 87' lang='lat' dir='ltr'>quamdiu</span> <span class='ocrx_word' id='word_1_244' title='bbox 3044 1807 3113 1860; x_wconf 92' lang='lat' dir='ltr'>de</span> <span class='ocrx_word' id='word_1_245' title='bbox 3139 1808 3494 1878; x_wconf 87' lang='lat' dir='ltr'>regularibus</span> 
     </span>
    </p>
   </div>
   <div class='ocr_carea' id='block_1_24' title="bbox 221 1895 1817 1967">
    <p class='ocr_par' dir='ltr' id='par_1_24' title="bbox 221 1895 1817 1967">
     <span class='ocr_line' id='line_1_24' title="bbox 221 1895 1817 1967; baseline 0.001 -17"><span class='ocrx_word' id='word_1_246' title='bbox 221 1896 422 1966; x_wconf 82' lang='lat' dir='ltr'>gulari,</span> <span class='ocrx_word' id='word_1_247' title='bbox 456 1896 527 1949; x_wconf 92' lang='lat' dir='ltr'>ad</span> <span class='ocrx_word' id='word_1_248' title='bbox 560 1896 665 1950; x_wconf 93' lang='lat' dir='ltr'>hoc</span> <span class='ocrx_word' id='word_1_249' title='bbox 688 1895 870 1948; x_wconf 91' lang='lat' dir='ltr'>solum</span> <span class='ocrx_word' id='word_1_250' title='bbox 901 1895 1116 1948; x_wconf 91' lang='lat' dir='ltr'>invenit</span> <span class='ocrx_word' id='word_1_251' title='bbox 1139 1895 1467 1961; x_wconf 88' lang='lat' dir='ltr'>caldarium,</span> <span class='ocrx_word' id='word_1_252' title='bbox 1501 1896 1558 1949; x_wconf 92' lang='lat' dir='ltr'>in</span> <span class='ocrx_word' id='word_1_253' title='bbox 1588 1906 1698 1967; x_wconf 87' lang='lat' dir='ltr'>quo</span> <span class='ocrx_word' id='word_1_254' title='bbox 1728 1914 1817 1951; x_wconf 87' lang='lat' dir='ltr'>ca-</span> 
     </span>
    </p>
   </div>
   <div class='ocr_carea' id='block_1_25' title="bbox 222 1983 1815 2055">
    <p class='ocr_par' dir='ltr' id='par_1_25' title="bbox 222 1983 1815 2055">
     <span class='ocr_line' id='line_1_25' title="bbox 222 1983 1815 2055; baseline 0.001 -17"><span class='ocrx_word' id='word_1_255' title='bbox 222 1986 373 2038; x_wconf 87' lang='lat' dir='ltr'>lefiat</span> <span class='ocrx_word' id='word_1_256' title='bbox 395 2001 564 2055; x_wconf 89' lang='lat' dir='ltr'>aqua,</span> <span class='ocrx_word' id='word_1_257' title='bbox 587 1990 644 2038; x_wconf 92' lang='lat' dir='ltr'>et</span> <span class='ocrx_word' id='word_1_258' title='bbox 664 1989 1011 2054; x_wconf 82' lang='lat' dir='ltr'>temperetur</span> <span class='ocrx_word' id='word_1_259' title='bbox 1028 1983 1310 2038; x_wconf 84' lang='lat' dir='ltr'>lixivium:</span> <span class='ocrx_word' id='word_1_260' title='bbox 1338 1984 1397 2038; x_wconf 93' lang='lat' dir='ltr'>in</span> <span class='ocrx_word' id='word_1_261' title='bbox 1419 1985 1665 2040; x_wconf 88' lang='lat' dir='ltr'>claustro</span> <span class='ocrx_word' id='word_1_262' title='bbox 1685 2005 1815 2040; x_wconf 90' lang='lat' dir='ltr'>vero</span> 
     </span>
    </p>
   </div>
   <div class='ocr_carea' id='block_1_26' title="bbox 220 2073 1815 2144">
    <p class='ocr_par' dir='ltr' id='par_1_26' title="bbox 220 2073 1815 2144">
     <span class='ocr_line' id='line_1_26' title="bbox 220 2073 1815 2144; baseline 0.001 -16"><span class='ocrx_word' id='word_1_263' title='bbox 220 2079 483 2128; x_wconf 88' lang='lat' dir='ltr'>truncum</span> <span class='ocrx_word' id='word_1_264' title='bbox 532 2073 936 2144; x_wconf 88' lang='lat' dir='ltr'>amplissimum</span> <span class='ocrx_word' id='word_1_265' title='bbox 992 2090 1120 2126; x_wconf 91' lang='lat' dir='ltr'>cum</span> <span class='ocrx_word' id='word_1_266' title='bbox 1169 2073 1449 2144; x_wconf 90' lang='lat' dir='ltr'>plerisque</span> <span class='ocrx_word' id='word_1_267' title='bbox 1503 2075 1815 2130; x_wconf 90' lang='lat' dir='ltr'>intervallis</span> 
     </span>
    </p>
   </div>
   <div class='ocr_carea' id='block_1_27' title="bbox 220 2162 1816 2236">
    <p class='ocr_par' dir='ltr' id='par_1_27' title="bbox 220 2162 1816 2236">
     <span class='ocr_line' id='line_1_27' title="bbox 220 2162 1816 2236; baseline 0.003 -20"><span class='ocrx_word' id='word_1_268' title='bbox 220 2169 499 2229; x_wconf 83' lang='lat' dir='ltr'>cavatum,</span> <span class='ocrx_word' id='word_1_269' title='bbox 515 2169 579 2217; x_wconf 92' lang='lat' dir='ltr'>ut</span> <span class='ocrx_word' id='word_1_270' title='bbox 598 2162 688 2216; x_wconf 90' lang='lat' dir='ltr'>hic</span> <span class='ocrx_word' id='word_1_271' title='bbox 705 2162 1063 2226; x_wconf 89' lang='lat' dir='ltr'>stamineum,</span> <span class='ocrx_word' id='word_1_272' title='bbox 1089 2162 1166 2215; x_wconf 91' lang='lat' dir='ltr'>ibi</span> <span class='ocrx_word' id='word_1_273' title='bbox 1187 2163 1479 2216; x_wconf 90' lang='lat' dir='ltr'>femoralia</span> <span class='ocrx_word' id='word_1_274' title='bbox 1492 2164 1664 2218; x_wconf 88' lang='lat' dir='ltr'>lavari</span> <span class='ocrx_word' id='word_1_275' title='bbox 1684 2183 1816 2236; x_wconf 88' lang='lat' dir='ltr'>pos-</span> 
     </span>
    </p>
   </div>
   <div class='ocr_carea' id='block_1_28' title="bbox 219 2251 1815 2323">
    <p class='ocr_par' dir='ltr' id='par_1_28' title="bbox 219 2251 1815 2323">
     <span class='ocr_line' id='line_1_28' title="bbox 219 2251 1815 2323; baseline 0.004 -19"><span class='ocrx_word' id='word_1_276' title='bbox 219 2251 332 2305; x_wconf 90' lang='lat' dir='ltr'>sint</span> <span class='ocrx_word' id='word_1_277' title='bbox 370 2251 694 2322; x_wconf 89' lang='lat' dir='ltr'>separatim.</span> <span class='ocrx_word' id='word_1_278' title='bbox 738 2251 871 2314; x_wconf 79' lang='lat' dir='ltr'>Quae</span> <span class='ocrx_word' id='word_1_279' title='bbox 923 2257 979 2305; x_wconf 95' lang='lat' dir='ltr'>et</span> <span class='ocrx_word' id='word_1_280' title='bbox 1019 2256 1148 2305; x_wconf 90' lang='lat' dir='ltr'>ante</span> <span class='ocrx_word' id='word_1_281' title='bbox 1185 2252 1495 2323; x_wconf 89' lang='lat' dir='ltr'>capitulum</span> <span class='ocrx_word' id='word_1_282' title='bbox 1533 2254 1712 2308; x_wconf 88' lang='lat' dir='ltr'>mittit</span> <span class='ocrx_word' id='word_1_283' title='bbox 1757 2257 1815 2310; x_wconf 92' lang='lat' dir='ltr'>in</span> 
     </span>
    </p>
   </div>
   <div class='ocr_carea' id='block_1_29' title="bbox 219 2339 1816 2415">
    <p class='ocr_par' dir='ltr' id='par_1_29' title="bbox 219 2339 1816 2415">
     <span class='ocr_line' id='line_1_29' title="bbox 219 2339 1816 2415; baseline 0.004 -21"><span class='ocrx_word' id='word_1_284' title='bbox 219 2356 426 2411; x_wconf 86' lang='lat' dir='ltr'>aquam</span> <span class='ocrx_word' id='word_1_285' title='bbox 455 2339 714 2406; x_wconf 85' lang='lat' dir='ltr'>calidam,</span> <span class='ocrx_word' id='word_1_286' title='bbox 742 2346 806 2394; x_wconf 92' lang='lat' dir='ltr'>ut</span> <span class='ocrx_word' id='word_1_287' title='bbox 831 2339 1192 2408; x_wconf 89' lang='lat' dir='ltr'>mollescant;</span> <span class='ocrx_word' id='word_1_288' title='bbox 1221 2347 1347 2412; x_wconf 90' lang='lat' dir='ltr'>post</span> <span class='ocrx_word' id='word_1_289' title='bbox 1362 2342 1566 2397; x_wconf 82' lang='lat' dir='ltr'>tabulae</span> <span class='ocrx_word' id='word_1_290' title='bbox 1593 2361 1816 2415; x_wconf 83' lang='lat' dir='ltr'>percus-</span> 
     </span>
    </p>
   </div>
   <div class='ocr_carea' id='block_1_30' title="bbox 220 2430 1814 2504">
    <p class='ocr_par' dir='ltr' id='par_1_30' title="bbox 220 2430 1814 2504">
     <span class='ocr_line' id='line_1_30' title="bbox 220 2430 1814 2504; baseline 0.004 -21"><span class='ocrx_word' id='word_1_291' title='bbox 220 2430 437 2484; x_wconf 89' lang='lat' dir='ltr'>sionem</span> <span class='ocrx_word' id='word_1_292' title='bbox 468 2430 636 2496; x_wconf 82' lang='lat' dir='ltr'>lavat,</span> <span class='ocrx_word' id='word_1_293' title='bbox 649 2434 707 2483; x_wconf 91' lang='lat' dir='ltr'>et</span> <span class='ocrx_word' id='word_1_294' title='bbox 727 2446 838 2483; x_wconf 91' lang='lat' dir='ltr'>non</span> <span class='ocrx_word' id='word_1_295' title='bbox 853 2430 1083 2492; x_wconf 85' lang='lat' dir='ltr'>diutius,</span> <span class='ocrx_word' id='word_1_296' title='bbox 1108 2430 1216 2483; x_wconf 90' lang='lat' dir='ltr'>nisi</span> <span class='ocrx_word' id='word_1_297' title='bbox 1257 2432 1525 2500; x_wconf 88' lang='lat' dir='ltr'>quamdiu</span> <span class='ocrx_word' id='word_1_298' title='bbox 1548 2433 1814 2504; x_wconf 90' lang='lat' dir='ltr'>loquendi</span> 
     </span>
    </p>
   </div>
   <div class='ocr_carea' id='block_1_31' title="bbox 218 2518 1815 2594">
    <p class='ocr_par' dir='ltr' id='par_1_31' title="bbox 218 2518 1815 2594">
     <span class='ocr_line' id='line_1_31' title="bbox 218 2518 1815 2594; baseline 0.004 -22"><span class='ocrx_word' id='word_1_299' title='bbox 218 2518 446 2572; x_wconf 89' lang='lat' dir='ltr'>licentia</span> <span class='ocrx_word' id='word_1_300' title='bbox 476 2519 663 2582; x_wconf 89' lang='lat' dir='ltr'>durat,</span> <span class='ocrx_word' id='word_1_301' title='bbox 697 2523 754 2572; x_wconf 89' lang='lat' dir='ltr'>et</span> <span class='ocrx_word' id='word_1_302' title='bbox 782 2519 1030 2584; x_wconf 88' lang='lat' dir='ltr'>interim,</span> <span class='ocrx_word' id='word_1_303' title='bbox 1064 2521 1085 2541; x_wconf 83' lang='grc'>⁴’</span> <span class='ocrx_word' id='word_1_304' title='bbox 1122 2518 1258 2574; x_wconf 89' lang='lat' dir='ltr'>dum</span> <span class='ocrx_word' id='word_1_305' title='bbox 1304 2521 1562 2575; x_wconf 90' lang='lat' dir='ltr'>sacerdos</span> <span class='ocrx_word' id='word_1_306' title='bbox 1609 2524 1815 2594; x_wconf 91' lang='lat' dir='ltr'>aliique</span> 
     </span>
    </p>
   </div>
   <div class='ocr_carea' id='block_1_32' title="bbox 219 2607 1816 2680">
    <p class='ocr_par' dir='ltr' id='par_1_32' title="bbox 219 2607 1816 2680">
     <span class='ocr_line' id='line_1_32' title="bbox 219 2607 1816 2680; baseline 0.003 -19"><span class='ocrx_word' id='word_1_307' title='bbox 219 2607 467 2662; x_wconf 90' lang='lat' dir='ltr'>ministri</span> <span class='ocrx_word' id='word_1_308' title='bbox 497 2623 556 2660; x_wconf 90' lang='lat' dir='ltr'>se</span> <span class='ocrx_word' id='word_1_309' title='bbox 579 2607 840 2673; x_wconf 92' lang='lat' dir='ltr'>induunt,</span> <span class='ocrx_word' id='word_1_310' title='bbox 870 2622 963 2662; x_wconf 79' lang='grc' dir='ltr'>ω).</span> <span class='ocrx_word' id='word_1_311' title='bbox 995 2613 1221 2678; x_wconf 86' lang='lat' dir='ltr'>excepto</span> <span class='ocrx_word' id='word_1_312' title='bbox 1253 2608 1300 2661; x_wconf 89' lang='lat' dir='ltr'>si</span> <span class='ocrx_word' id='word_1_313' title='bbox 1331 2608 1450 2662; x_wconf 93' lang='lat' dir='ltr'>dies</span> <span class='ocrx_word' id='word_1_314' title='bbox 1474 2610 1696 2680; x_wconf 89' lang='lat' dir='ltr'>jejunii,</span> <span class='ocrx_word' id='word_1_315' title='bbox 1731 2613 1816 2666; x_wconf 88' lang='lat' dir='ltr'>la-</span> 
     </span>
    </p>
   </div>
   <div class='ocr_carea' id='block_1_33' title="bbox 217 2695 1817 2771">
    <p class='ocr_par' dir='ltr' id='par_1_33' title="bbox 217 2695 1817 2771">
     <span class='ocr_line' id='line_1_33' title="bbox 217 2695 1817 2771; baseline 0.003 -22"><span class='ocrx_word' id='word_1_316' title='bbox 217 2712 349 2750; x_wconf 89' lang='lat' dir='ltr'>vare</span> <span class='ocrx_word' id='word_1_317' title='bbox 369 2712 481 2750; x_wconf 91' lang='lat' dir='ltr'>non</span> <span class='ocrx_word' id='word_1_318' title='bbox 514 2695 843 2767; x_wconf 90' lang='lat' dir='ltr'>prohibetur</span> <span class='ocrx_word' id='word_1_319' title='bbox 867 2701 994 2766; x_wconf 87' lang='lat' dir='ltr'>post</span> <span class='ocrx_word' id='word_1_320' title='bbox 1019 2696 1265 2750; x_wconf 89' lang='lat' dir='ltr'>tertiam.</span> <span class='ocrx_word' id='word_1_321' title='bbox 1301 2697 1359 2750; x_wconf 94' lang='lat' dir='ltr'>Si</span> <span class='ocrx_word' id='word_1_322' title='bbox 1392 2714 1522 2750; x_wconf 92' lang='lat' dir='ltr'>vero</span> <span class='ocrx_word' id='word_1_323' title='bbox 1555 2705 1641 2752; x_wconf 92' lang='lat' dir='ltr'>est</span> <span class='ocrx_word' id='word_1_324' title='bbox 1683 2717 1817 2771; x_wconf 83' lang='lat' dir='ltr'>qua-</span> 
     </span>
    </p>
   </div>
   <div class='ocr_carea' id='block_1_34' title="bbox 220 2783 1817 2858">
    <p class='ocr_par' dir='ltr' id='par_1_34' title="bbox 220 2783 1817 2858">
     <span class='ocr_line' id='line_1_34' title="bbox 220 2783 1817 2858; baseline 0.004 -22"><span class='ocrx_word' id='word_1_325' title='bbox 220 2783 540 2854; x_wconf 87' lang='lat' dir='ltr'>dragesima</span> <span class='ocrx_word' id='word_1_326' title='bbox 569 2789 625 2838; x_wconf 90' lang='lat' dir='ltr'>et</span> <span class='ocrx_word' id='word_1_327' title='bbox 655 2784 775 2838; x_wconf 79' lang='lat' dir='ltr'>dies</span> <span class='ocrx_word' id='word_1_328' title='bbox 801 2785 1038 2854; x_wconf 90' lang='lat' dir='ltr'>privata,</span> <span class='ocrx_word' id='word_1_329' title='bbox 1073 2790 1196 2855; x_wconf 85' lang='lat' dir='ltr'>post</span> <span class='ocrx_word' id='word_1_330' title='bbox 1241 2786 1552 2856; x_wconf 87' lang='lat' dir='ltr'>capitulum</span> <span class='ocrx_word' id='word_1_331' title='bbox 1589 2793 1646 2841; x_wconf 91' lang='lat' dir='ltr'>et</span> <span class='ocrx_word' id='word_1_332' title='bbox 1689 2795 1817 2858; x_wconf 88' lang='lat' dir='ltr'>post</span> 
     </span>
    </p>
   </div>
   <div class='ocr_carea' id='block_1_35' title="bbox 219 2873 1805 2943">
    <p class='ocr_par' dir='ltr' id='par_1_35' title="bbox 219 2873 1805 2943">
     <span class='ocr_line' id='line_1_35' title="bbox 219 2873 1805 2943; baseline 0.003 -18"><span class='ocrx_word' id='word_1_333' title='bbox 219 2877 434 2926; x_wconf 87' lang='lat' dir='ltr'>sextam</span> <span class='ocrx_word' id='word_1_334' title='bbox 462 2873 631 2939; x_wconf 85' lang='lat' dir='ltr'>lavat,</span> <span class='ocrx_word' id='word_1_335' title='bbox 665 2873 885 2926; x_wconf 90' lang='lat' dir='ltr'>etiamsi</span> <span class='ocrx_word' id='word_1_336' title='bbox 933 2890 1046 2926; x_wconf 92' lang='lat' dir='ltr'>non</span> <span class='ocrx_word' id='word_1_337' title='bbox 1084 2874 1384 2943; x_wconf 91' lang='lat' dir='ltr'>loquamur</span> <span class='ocrx_word' id='word_1_338' title='bbox 1433 2875 1492 2929; x_wconf 94' lang='lat' dir='ltr'>in</span> <span class='ocrx_word' id='word_1_339' title='bbox 1535 2877 1805 2936; x_wconf 89' lang='lat' dir='ltr'>claustro.</span> 
     </span>
    </p>
   </div>
   <div class='ocr_carea' id='block_1_36' title="bbox 219 2962 1810 3033">
    <p class='ocr_par' dir='ltr' id='par_1_36' title="bbox 219 2962 1810 3033">
     <span class='ocr_line' id='line_1_36' title="bbox 219 2962 1810 3033; baseline 0.003 -17"><span class='ocrx_word' id='word_1_340' title='bbox 219 2962 504 3033; x_wconf 88' lang='lat' dir='ltr'>Quidquid</span> <span class='ocrx_word' id='word_1_341' title='bbox 533 2967 722 3016; x_wconf 89' lang='lat' dir='ltr'>autem</span> <span class='ocrx_word' id='word_1_342' title='bbox 744 2962 909 3027; x_wconf 90' lang='lat' dir='ltr'>lavat,</span> <span class='ocrx_word' id='word_1_343' title='bbox 963 2979 1186 3033; x_wconf 83' lang='lat' dir='ltr'>quoquo</span> <span class='ocrx_word' id='word_1_344' title='bbox 1229 2964 1393 3016; x_wconf 91' lang='lat' dir='ltr'>modo</span> <span class='ocrx_word' id='word_1_345' title='bbox 1433 2964 1507 3018; x_wconf 92' lang='lat' dir='ltr'>sit</span> <span class='ocrx_word' id='word_1_346' title='bbox 1544 2966 1810 3033; x_wconf 88' lang='lat' dir='ltr'>lavatum,</span> 
     </span>
    </p>
   </div>
   <div class='ocr_carea' id='block_1_37' title="bbox 1899 1894 3500 1964">
    <p class='ocr_par' dir='ltr' id='par_1_37' title="bbox 1899 1894 3500 1964">
     <span class='ocr_line' id='line_1_37' title="bbox 1899 1894 3500 1964; baseline 0.001 -15"><span class='ocrx_word' id='word_1_347' title='bbox 1899 1897 2052 1950; x_wconf 85' lang='lat' dir='ltr'>horis</span> <span class='ocrx_word' id='word_1_348' title='bbox 2081 1896 2140 1950; x_wconf 92' lang='lat' dir='ltr'>in</span> <span class='ocrx_word' id='word_1_349' title='bbox 2171 1896 2262 1949; x_wconf 92' lang='lat' dir='ltr'>die</span> <span class='ocrx_word' id='word_1_350' title='bbox 2282 1896 2398 1950; x_wconf 90' lang='lat' dir='ltr'>ulla</span> <span class='ocrx_word' id='word_1_351' title='bbox 2415 1900 2695 1960; x_wconf 84' lang='lat' dir='ltr'>cantatur,</span> <span class='ocrx_word' id='word_1_352' title='bbox 2711 1894 2818 1948; x_wconf 91' lang='lat' dir='ltr'>nisi</span> <span class='ocrx_word' id='word_1_353' title='bbox 2853 1911 2954 1964; x_wconf 92' lang='lat' dir='ltr'>pro</span> <span class='ocrx_word' id='word_1_354' title='bbox 2971 1895 3280 1949; x_wconf 91' lang='lat' dir='ltr'>inevitabili</span> <span class='ocrx_word' id='word_1_355' title='bbox 3304 1912 3500 1950; x_wconf 88' lang='lat' dir='ltr'>neces-</span> 
     </span>
    </p>
   </div>
   <div class='ocr_carea' id='block_1_38' title="bbox 1899 1984 3497 2055">
    <p class='ocr_par' dir='ltr' id='par_1_38' title="bbox 1899 1984 3497 2055">
     <span class='ocr_line' id='line_1_38' title="bbox 1899 1984 3497 2055; baseline 0 -17"><span class='ocrx_word' id='word_1_356' title='bbox 1899 1985 2101 2050; x_wconf 89' lang='lat' dir='ltr'>sitate;</span> <span class='ocrx_word' id='word_1_357' title='bbox 2135 1990 2200 2038; x_wconf 94' lang='lat' dir='ltr'>ut</span> <span class='ocrx_word' id='word_1_358' title='bbox 2225 2002 2276 2036; x_wconf 93' lang='lat' dir='ltr'>v.</span> <span class='ocrx_word' id='word_1_359' title='bbox 2305 2002 2363 2054; x_wconf 91' lang='lat' dir='ltr'>g.</span> <span class='ocrx_word' id='word_1_360' title='bbox 2397 1984 2443 2037; x_wconf 91' lang='lat' dir='ltr'>si</span> <span class='ocrx_word' id='word_1_361' title='bbox 2481 1984 2548 2038; x_wconf 93' lang='lat' dir='ltr'>de</span> <span class='ocrx_word' id='word_1_362' title='bbox 2577 1999 2714 2037; x_wconf 88' lang='lat' dir='ltr'>naso</span> <span class='ocrx_word' id='word_1_363' title='bbox 2744 2000 2911 2036; x_wconf 90' lang='lat' dir='ltr'>cruor</span> <span class='ocrx_word' id='word_1_364' title='bbox 2947 1989 3195 2038; x_wconf 90' lang='lat' dir='ltr'>emanat.</span> <span class='ocrx_word' id='word_1_365' title='bbox 3232 1987 3253 2007; x_wconf 78' lang='lat'>&#39;</span> <span class='ocrx_word' id='word_1_366' title='bbox 3279 1985 3359 2039; x_wconf 95' lang='lat' dir='ltr'>De</span> <span class='ocrx_word' id='word_1_367' title='bbox 3387 2001 3497 2055; x_wconf 92' lang='lat' dir='ltr'>quo</span> 
     </span>
    </p>
   </div>
   <div class='ocr_carea' id='block_1_39' title="bbox 1901 2071 3499 2144">
    <p class='ocr_par' dir='ltr' id='par_1_39' title="bbox 1901 2071 3499 2144">
     <span class='ocr_line' id='line_1_39' title="bbox 1901 2071 3499 2144; baseline 0.001 -18"><span class='ocrx_word' id='word_1_368' title='bbox 1901 2075 2088 2126; x_wconf 91' lang='lat' dir='ltr'>minus</span> <span class='ocrx_word' id='word_1_369' title='bbox 2107 2079 2171 2126; x_wconf 91' lang='lat' dir='ltr'>ut</span> <span class='ocrx_word' id='word_1_370' title='bbox 2182 2073 2489 2136; x_wconf 90' lang='lat' dir='ltr'>dubitetur,</span> <span class='ocrx_word' id='word_1_371' title='bbox 2513 2071 2933 2142; x_wconf 89' lang='lat' dir='ltr'>necipsiabbati</span> <span class='ocrx_word' id='word_1_372' title='bbox 2956 2077 3255 2142; x_wconf 89' lang='lat' dir='ltr'>postquam</span> <span class='ocrx_word' id='word_1_373' title='bbox 3274 2073 3499 2144; x_wconf 90' lang='lat' dir='ltr'>incepta</span> 
     </span>
    </p>
   </div>
   <div class='ocr_carea' id='block_1_40' title="bbox 1897 2161 3498 2232">
    <p class='ocr_par' dir='ltr' id='par_1_40' title="bbox 1897 2161 3498 2232">
     <span class='ocr_line' id='line_1_40' title="bbox 1897 2161 3498 2232; baseline 0.001 -17"><span class='ocrx_word' id='word_1_374' title='bbox 1897 2162 2036 2216; x_wconf 90' lang='lat' dir='ltr'>hora</span> <span class='ocrx_word' id='word_1_375' title='bbox 2064 2162 2253 2232; x_wconf 91' lang='lat' dir='ltr'>aliqua</span> <span class='ocrx_word' id='word_1_376' title='bbox 2280 2161 2466 2227; x_wconf 85' lang='lat' dir='ltr'>fuerit,</span> <span class='ocrx_word' id='word_1_377' title='bbox 2494 2161 2725 2215; x_wconf 91' lang='lat' dir='ltr'>chorum</span> <span class='ocrx_word' id='word_1_378' title='bbox 2748 2161 3112 2231; x_wconf 88' lang='lat' dir='ltr'>pertransire,</span> <span class='ocrx_word' id='word_1_379' title='bbox 3144 2161 3230 2215; x_wconf 87' lang='lat' dir='ltr'>vel</span> <span class='ocrx_word' id='word_1_380' title='bbox 3251 2162 3498 2232; x_wconf 90' lang='lat' dir='ltr'>aliquem</span> 
     </span>
    </p>
   </div>
   <div class='ocr_carea' id='block_1_41' title="bbox 1896 2250 3498 2321">
    <p class='ocr_par' dir='ltr' id='par_1_41' title="bbox 1896 2250 3498 2321">
     <span class='ocr_line' id='line_1_41' title="bbox 1896 2250 3498 2321; baseline 0 -17"><span class='ocrx_word' id='word_1_381' title='bbox 1896 2251 2027 2305; x_wconf 90' lang='lat' dir='ltr'>inde</span> <span class='ocrx_word' id='word_1_382' title='bbox 2074 2266 2302 2304; x_wconf 87' lang='lat' dir='ltr'>evocare</span> <span class='ocrx_word' id='word_1_383' title='bbox 2348 2250 2496 2304; x_wconf 92' lang='lat' dir='ltr'>licet.</span> <span class='ocrx_word' id='word_1_384' title='bbox 2537 2251 2623 2304; x_wconf 85' lang='lat' dir='ltr'>Ad</span> <span class='ocrx_word' id='word_1_385' title='bbox 2661 2250 3091 2321; x_wconf 88' lang='lat' dir='ltr'>completorium</span> <span class='ocrx_word' id='word_1_386' title='bbox 3140 2255 3272 2304; x_wconf 88' lang='lat' dir='ltr'>ante</span> <span class='ocrx_word' id='word_1_387' title='bbox 3308 2251 3498 2305; x_wconf 77' lang='lat' dir='ltr'>Gloria</span> 
     </span>
    </p>
   </div>
   <div class='ocr_carea' id='block_1_42' title="bbox 1897 2339 3498 2411">
    <p class='ocr_par' dir='ltr' id='par_1_42' title="bbox 1897 2339 3498 2411">
     <span class='ocr_line' id='line_1_42' title="bbox 1897 2339 3498 2411; baseline 0.001 -18"><span class='ocrx_word' id='word_1_388' title='bbox 1897 2340 2066 2410; x_wconf 91' lang='lat' dir='ltr'>primi</span> <span class='ocrx_word' id='word_1_389' title='bbox 2113 2340 2317 2411; x_wconf 89' lang='lat' dir='ltr'>psalmi</span> <span class='ocrx_word' id='word_1_390' title='bbox 2359 2340 2703 2394; x_wconf 91' lang='lat' dir='ltr'>consuetudo</span> <span class='ocrx_word' id='word_1_391' title='bbox 2751 2339 3077 2394; x_wconf 89' lang='lat' dir='ltr'>consentit:</span> <span class='ocrx_word' id='word_1_392' title='bbox 3135 2339 3284 2394; x_wconf 91' lang='lat' dir='ltr'>infra</span> <span class='ocrx_word' id='word_1_393' title='bbox 3327 2355 3498 2409; x_wconf 88' lang='lat' dir='ltr'>quam</span> 
     </span>
    </p>
   </div>
   <div class='ocr_carea' id='block_1_43' title="bbox 1896 2428 3500 2499">
    <p class='ocr_par' dir='ltr' id='par_1_43' title="bbox 1896 2428 3500 2499">
     <span class='ocr_line' id='line_1_43' title="bbox 1896 2428 3500 2499; baseline 0.002 -17"><span class='ocrx_word' id='word_1_394' title='bbox 1896 2429 2095 2482; x_wconf 90' lang='lat' dir='ltr'>horam</span> <span class='ocrx_word' id='word_1_395' title='bbox 2124 2433 2347 2482; x_wconf 91' lang='lat' dir='ltr'>tantum</span> <span class='ocrx_word' id='word_1_396' title='bbox 2372 2429 2498 2492; x_wconf 82' lang='lat' dir='ltr'>sibi,</span> <span class='ocrx_word' id='word_1_397' title='bbox 2531 2434 2587 2482; x_wconf 93' lang='lat' dir='ltr'>et</span> <span class='ocrx_word' id='word_1_398' title='bbox 2624 2428 2798 2499; x_wconf 88' lang='lat' dir='ltr'>priori</span> <span class='ocrx_word' id='word_1_399' title='bbox 2849 2428 2906 2482; x_wconf 92' lang='lat' dir='ltr'>in</span> <span class='ocrx_word' id='word_1_400' title='bbox 2946 2429 3229 2484; x_wconf 89' lang='lat' dir='ltr'>consuetis</span> <span class='ocrx_word' id='word_1_401' title='bbox 3267 2429 3500 2486; x_wconf 87' lang='lat' dir='ltr'>claustri</span> 
     </span>
    </p>
   </div>
   <div class='ocr_carea' id='block_1_44' title="bbox 1896 2517 2823 2592">
    <p class='ocr_par' dir='ltr' id='par_1_44' title="bbox 1896 2517 2823 2592">
     <span class='ocr_line' id='line_1_44' title="bbox 1896 2517 2823 2592; baseline -0.002 -20"><span class='ocrx_word' id='word_1_402' title='bbox 1896 2518 2032 2572; x_wconf 92' lang='lat' dir='ltr'>locis</span> <span class='ocrx_word' id='word_1_403' title='bbox 2063 2523 2118 2572; x_wconf 90' lang='lat' dir='ltr'>et</span> <span class='ocrx_word' id='word_1_404' title='bbox 2150 2517 2387 2572; x_wconf 88' lang='lat' dir='ltr'>officinis</span> <span class='ocrx_word' id='word_1_405' title='bbox 2417 2517 2570 2588; x_wconf 93' lang='lat' dir='ltr'>loqui</span> <span class='ocrx_word' id='word_1_406' title='bbox 2601 2518 2748 2572; x_wconf 90' lang='lat' dir='ltr'>licet.</span> <span class='ocrx_word' id='word_1_407' title='bbox 2811 2583 2823 2592; x_wconf 87' lang='lat'><em>_</em></span> 
     </span>
    </p>
   </div>
   <div class='ocr_carea' id='block_1_45' title="bbox 1969 2607 3499 2679">
    <p class='ocr_par' dir='ltr' id='par_1_45' title="bbox 1969 2607 3499 2679">
     <span class='ocr_line' id='line_1_45' title="bbox 1969 2607 3499 2679; baseline 0.001 -18"><span class='ocrx_word' id='word_1_408' title='bbox 1969 2609 2034 2661; x_wconf 93' lang='lat' dir='ltr'>In</span> <span class='ocrx_word' id='word_1_409' title='bbox 2063 2607 2232 2661; x_wconf 92' lang='lat' dir='ltr'>choro</span> <span class='ocrx_word' id='word_1_410' title='bbox 2261 2608 2333 2661; x_wconf 90' lang='lat' dir='ltr'>ad</span> <span class='ocrx_word' id='word_1_411' title='bbox 2367 2607 2629 2677; x_wconf 88' lang='lat' dir='ltr'>primam,</span> <span class='ocrx_word' id='word_1_412' title='bbox 2665 2607 2799 2660; x_wconf 89' lang='lat' dir='ltr'>dum</span> <span class='ocrx_word' id='word_1_413' title='bbox 2829 2611 3108 2674; x_wconf 89' lang='lat' dir='ltr'>cantatur,</span> <span class='ocrx_word' id='word_1_414' title='bbox 3159 2609 3499 2679; x_wconf 77' lang='lat' dir='ltr'>Quicumque</span> 
     </span>
    </p>
   </div>
   <div class='ocr_carea' id='block_1_46' title="bbox 1898 2696 3505 2768">
    <p class='ocr_par' dir='ltr' id='par_1_46' title="bbox 1898 2696 3505 2768">
     <span class='ocr_line' id='line_1_46' title="bbox 1898 2696 3505 2768; baseline 0.001 -18"><span class='ocrx_word' id='word_1_415' title='bbox 1898 2698 2035 2761; x_wconf 80' lang='lat' dir='ltr'>vult,</span> <span class='ocrx_word' id='word_1_416' title='bbox 2064 2696 2252 2750; x_wconf 93' lang='lat' dir='ltr'>nullus</span> <span class='ocrx_word' id='word_1_417' title='bbox 2277 2696 2453 2749; x_wconf 89' lang='lat' dir='ltr'>sedet.</span> <span class='ocrx_word' id='word_1_418' title='bbox 2486 2697 2572 2749; x_wconf 84' lang='lat' dir='ltr'>Ad</span> <span class='ocrx_word' id='word_1_419' title='bbox 2604 2697 2746 2749; x_wconf 90' lang='lat' dir='ltr'>hanc</span> <span class='ocrx_word' id='word_1_420' title='bbox 2775 2696 2994 2762; x_wconf 90' lang='lat' dir='ltr'>horam,</span> <span class='ocrx_word' id='word_1_421' title='bbox 3025 2702 3082 2750; x_wconf 94' lang='lat' dir='ltr'>et</span> <span class='ocrx_word' id='word_1_422' title='bbox 3107 2697 3180 2750; x_wconf 88' lang='lat' dir='ltr'>ad</span> <span class='ocrx_word' id='word_1_423' title='bbox 3202 2699 3505 2768; x_wconf 85' lang='lat' dir='ltr'>completo-</span> 
     </span>
    </p>
   </div>
   <div class='ocr_carea' id='block_1_47' title="bbox 1898 2784 3497 2855">
    <p class='ocr_par' dir='ltr' id='par_1_47' title="bbox 1898 2784 3497 2855">
     <span class='ocr_line' id='line_1_47' title="bbox 1898 2784 3497 2855; baseline 0.002 -17"><span class='ocrx_word' id='word_1_424' title='bbox 1898 2786 2065 2851; x_wconf 90' lang='lat' dir='ltr'>rium,</span> <span class='ocrx_word' id='word_1_425' title='bbox 2097 2784 2182 2838; x_wconf 91' lang='lat' dir='ltr'>vel</span> <span class='ocrx_word' id='word_1_426' title='bbox 2205 2784 2686 2855; x_wconf 83' lang='lat' dir='ltr'>quotienscunque</span> <span class='ocrx_word' id='word_1_427' title='bbox 2710 2784 2912 2838; x_wconf 88' lang='lat' dir='ltr'>fratres</span> <span class='ocrx_word' id='word_1_428' title='bbox 2940 2785 3181 2839; x_wconf 92' lang='lat' dir='ltr'>invicem</span> <span class='ocrx_word' id='word_1_429' title='bbox 3202 2785 3497 2842; x_wconf 70' lang='lat' dir='ltr'>confessio&#39;</span> 
     </span>
    </p>
   </div>
   <div class='ocr_carea' id='block_1_48' title="bbox 1897 2872 3498 2946">
    <p class='ocr_par' dir='ltr' id='par_1_48' title="bbox 1897 2872 3498 2946">
     <span class='ocr_line' id='line_1_48' title="bbox 1897 2872 3498 2946; baseline 0.002 -19"><span class='ocrx_word' id='word_1_430' title='bbox 1897 2890 2026 2927; x_wconf 90' lang='lat' dir='ltr'>nem</span> <span class='ocrx_word' id='word_1_431' title='bbox 2058 2873 2268 2936; x_wconf 91' lang='lat' dir='ltr'>dicunt,</span> <span class='ocrx_word' id='word_1_432' title='bbox 2295 2872 2589 2926; x_wconf 91' lang='lat' dir='ltr'>observare</span> <span class='ocrx_word' id='word_1_433' title='bbox 2618 2872 2840 2939; x_wconf 89' lang='lat' dir='ltr'>debent,</span> <span class='ocrx_word' id='word_1_434' title='bbox 2877 2878 2940 2927; x_wconf 91' lang='lat' dir='ltr'>ut</span> <span class='ocrx_word' id='word_1_435' title='bbox 2956 2873 3052 2944; x_wconf 91' lang='lat' dir='ltr'>qui</span> <span class='ocrx_word' id='word_1_436' title='bbox 3081 2874 3257 2928; x_wconf 90' lang='lat' dir='ltr'>alium</span> <span class='ocrx_word' id='word_1_437' title='bbox 3286 2891 3498 2946; x_wconf 73' lang='lat' dir='ltr'>praece-</span> 
     </span>
    </p>
   </div>
   <div class='ocr_carea' id='block_1_49' title="bbox 1897 2961 3498 3034">
    <p class='ocr_par' dir='ltr' id='par_1_49' title="bbox 1897 2961 3498 3034">
     <span class='ocr_line' id='line_1_49' title="bbox 1897 2961 3498 3034; baseline 0.002 -20"><span class='ocrx_word' id='word_1_438' title='bbox 1897 2962 1981 3015; x_wconf 92' lang='lat' dir='ltr'>dit</span> <span class='ocrx_word' id='word_1_439' title='bbox 2004 2963 2062 3014; x_wconf 93' lang='lat' dir='ltr'>in</span> <span class='ocrx_word' id='word_1_440' title='bbox 2089 2977 2248 3014; x_wconf 91' lang='lat' dir='ltr'>sacro</span> <span class='ocrx_word' id='word_1_441' title='bbox 2279 2961 2495 3020; x_wconf 83' lang='lat' dir='ltr'>ordine.</span> <span class='ocrx_word' id='word_1_442' title='bbox 2523 2961 2642 3031; x_wconf 89' lang='lat' dir='ltr'>ipse</span> <span class='ocrx_word' id='word_1_443' title='bbox 2673 2978 2894 3031; x_wconf 92' lang='lat' dir='ltr'>quoque</span> <span class='ocrx_word' id='word_1_444' title='bbox 2921 2962 3498 3034; x_wconf 60' lang='lat' dir='ltr'>confessionemjprior</span> 
     </span>
    </p>
   </div>
   <div class='ocr_carea' id='block_1_50' title="bbox 217 3050 3498 3124">
    <p class='ocr_par' dir='ltr' id='par_1_50' title="bbox 217 3050 3498 3124">
     <span class='ocr_line' id='line_1_50' title="bbox 217 3050 3498 3124; baseline 0.001 -19"><span class='ocrx_word' id='word_1_445' title='bbox 217 3058 346 3123; x_wconf 92' lang='lat' dir='ltr'>post</span> <span class='ocrx_word' id='word_1_446' title='bbox 373 3052 572 3105; x_wconf 86' lang='lat' dir='ltr'>horam</span> <span class='ocrx_word' id='word_1_447' title='bbox 601 3051 822 3104; x_wconf 89' lang='lat' dir='ltr'>lavandi</span> <span class='ocrx_word' id='word_1_448' title='bbox 852 3051 1036 3104; x_wconf 87' lang='lat' dir='ltr'>aufert</span> <span class='ocrx_word' id='word_1_449' title='bbox 1073 3057 1130 3104; x_wconf 92' lang='lat' dir='ltr'>et</span> <span class='ocrx_word' id='word_1_450' title='bbox 1150 3052 1352 3119; x_wconf 87' lang='lat' dir='ltr'>siccat;</span> <span class='ocrx_word' id='word_1_451' title='bbox 1386 3069 1458 3106; x_wconf 90' lang='lat' dir='ltr'>ne</span> <span class='ocrx_word' id='word_1_452' title='bbox 1497 3055 1686 3124; x_wconf 87' lang='lat' dir='ltr'>jaceat</span> <span class='ocrx_word' id='word_1_453' title='bbox 1733 3055 1816 3109; x_wconf 89' lang='lat' dir='ltr'>ita</span> <span class='ocrx_word' id='word_1_454' title='bbox 1839 3051 2062 3124; x_wconf 61' lang='lat' dir='ltr'>ndicat,</span> <span class='ocrx_word' id='word_1_455' title='bbox 2097 3051 2268 3104; x_wconf 91' lang='lat' dir='ltr'>etiam</span> <span class='ocrx_word' id='word_1_456' title='bbox 2302 3050 2349 3104; x_wconf 93' lang='lat' dir='ltr'>si</span> <span class='ocrx_word' id='word_1_457' title='bbox 2369 3050 2600 3104; x_wconf 91' lang='lat' dir='ltr'>inferior</span> <span class='ocrx_word' id='word_1_458' title='bbox 2626 3050 2700 3104; x_wconf 91' lang='lat' dir='ltr'>sit</span> <span class='ocrx_word' id='word_1_459' title='bbox 2727 3067 2792 3104; x_wconf 89' lang='lat' dir='ltr'>eo</span> <span class='ocrx_word' id='word_1_460' title='bbox 2815 3050 2905 3104; x_wconf 92' lang='lat' dir='ltr'>cui</span> <span class='ocrx_word' id='word_1_461' title='bbox 2926 3052 3244 3106; x_wconf 83' lang='lat' dir='ltr'>conﬁtetur.</span> <span class='ocrx_word' id='word_1_462' title='bbox 3260 3052 3498 3116; x_wconf 85' lang='lat' dir='ltr'>Quando</span> 
     </span>
    </p>
   </div>
   <div class='ocr_carea' id='block_1_51' title="bbox 217 3138 3501 3227">
    <p class='ocr_par' dir='ltr' id='par_1_51' title="bbox 217 3138 3501 3227">
     <span class='ocr_line' id='line_1_51' title="bbox 217 3138 3501 3227; baseline 0.001 -33"><span class='ocrx_word' id='word_1_463' title='bbox 217 3141 509 3194; x_wconf 88' lang='lat' dir='ltr'>sordidum</span> <span class='ocrx_word' id='word_1_464' title='bbox 533 3145 589 3193; x_wconf 90' lang='lat' dir='ltr'>et</span> <span class='ocrx_word' id='word_1_465' title='bbox 610 3140 887 3194; x_wconf 80' lang='lat' dir='ltr'>torridam</span> <span class='ocrx_word' id='word_1_466' title='bbox 908 3146 1040 3194; x_wconf 90' lang='lat' dir='ltr'>ante</span> <span class='ocrx_word' id='word_1_467' title='bbox 1071 3141 1260 3227; x_wconf 77' lang='lat' dir='ltr'>oculos</span> <span class='ocrx_word' id='word_1_468' title='bbox 1298 3142 1537 3197; x_wconf 84' lang='lat' dir='ltr'>fratrum</span> <span class='ocrx_word' id='word_1_469' title='bbox 1564 3144 1633 3196; x_wconf 92' lang='lat' dir='ltr'>de</span> <span class='ocrx_word' id='word_1_470' title='bbox 1666 3145 1813 3198; x_wconf 87' lang='lat' dir='ltr'>refe-</span> <span class='ocrx_word' id='word_1_471' title='bbox 1837 3138 1881 3163; x_wconf 70' lang='grc' dir='ltr'>υ</span> <span class='ocrx_word' id='word_1_472' title='bbox 1897 3145 2024 3211; x_wconf 85' lang='lat' dir='ltr'>post</span> <span class='ocrx_word' id='word_1_473' title='bbox 2050 3145 2266 3210; x_wconf 90' lang='lat' dir='ltr'>septem</span> <span class='ocrx_word' id='word_1_474' title='bbox 2295 3139 2539 3210; x_wconf 91' lang='lat' dir='ltr'>psalmos</span> <span class='ocrx_word' id='word_1_475' title='bbox 2568 3138 2981 3209; x_wconf 85' lang='lat' dir='ltr'>poenitentiales</span> <span class='ocrx_word' id='word_1_476' title='bbox 3025 3139 3247 3194; x_wconf 90' lang='lat' dir='ltr'>Litania</span> <span class='ocrx_word' id='word_1_477' title='bbox 3288 3157 3323 3195; x_wconf 90' lang='lat' dir='ltr'>a</span> <span class='ocrx_word' id='word_1_478' title='bbox 3364 3159 3501 3213; x_wconf 84' lang='lat' dir='ltr'>pro-</span> 
     </span>
    </p>
   </div>
   <div class='ocr_carea' id='block_1_52' title="bbox 216 3230 764 3284">
    <p class='ocr_par' dir='ltr' id='par_1_52' title="bbox 216 3230 764 3284">
     <span class='ocr_line' id='line_1_52' title="bbox 216 3230 764 3284; baseline -0.002 -1"><span class='ocrx_word' id='word_1_479' title='bbox 216 3230 394 3283; x_wconf 91' lang='lat' dir='ltr'>ctorio</span> <span class='ocrx_word' id='word_1_480' title='bbox 420 3230 764 3284; x_wconf 85' lang='lat' dir='ltr'>exeuntium.</span> 
     </span>
    </p>
   </div>
   <div class='ocr_carea' id='block_1_53' title="bbox 770 3335 1263 3391">
    <p class='ocr_par' dir='ltr' id='par_1_53' title="bbox 770 3335 1263 3391">
     <span class='ocr_line' id='line_1_53' title="bbox 770 3335 1263 3391; baseline -0.002 -1"><span class='ocrx_word' id='word_1_481' title='bbox 770 3336 1004 3390; x_wconf 89' lang='lat' dir='ltr'>CAPUT</span> <span class='ocrx_word' id='word_1_482' title='bbox 1043 3335 1263 3391; x_wconf 83' lang='lat' dir='ltr'>XLVII.</span> 
     </span>
    </p>
   </div>
   <div class='ocr_carea' id='block_1_54' title="bbox 216 3425 1814 3497">
    <p class='ocr_par' dir='ltr' id='par_1_54' title="bbox 216 3425 1814 3497">
     <span class='ocr_line' id='line_1_54' title="bbox 216 3425 1814 3497; baseline 0.002 -18"><span class='ocrx_word' id='word_1_483' title='bbox 216 3425 492 3490; x_wconf 78' lang='lat' dir='ltr'>Quomodo</span> <span class='ocrx_word' id='word_1_484' title='bbox 521 3427 584 3479; x_wconf 85' lang='lat' dir='ltr'>de</span> <span class='ocrx_word' id='word_1_485' title='bbox 609 3428 864 3494; x_wconf 75' lang='lat' dir='ltr'>regulari</span> <span class='ocrx_word' id='word_1_486' title='bbox 895 3427 1031 3478; x_wconf 84' lang='lat' dir='ltr'>hora</span> <span class='ocrx_word' id='word_1_487' title='bbox 1063 3441 1173 3479; x_wconf 79' lang='lat' dir='ltr'>non</span> <span class='ocrx_word' id='word_1_488' title='bbox 1202 3427 1330 3479; x_wconf 86' lang='lat' dir='ltr'>inde</span> <span class='ocrx_word' id='word_1_489' title='bbox 1381 3429 1510 3494; x_wconf 66' lang='lat' dir='ltr'>edit,</span> <span class='ocrx_word' id='word_1_490' title='bbox 1560 3430 1675 3480; x_wconf 89' lang='lat' dir='ltr'>nisi</span> <span class='ocrx_word' id='word_1_491' title='bbox 1708 3445 1814 3497; x_wconf 84' lang='lat' dir='ltr'>pro</span> 
     </span>
    </p>
   </div>
   <div class='ocr_carea' id='block_1_55' title="bbox 682 3497 1345 3550">
    <p class='ocr_par' dir='ltr' id='par_1_55' title="bbox 682 3497 1345 3550">
     <span class='ocr_line' id='line_1_55' title="bbox 682 3497 1345 3550; baseline 0 0"><span class='ocrx_word' id='word_1_492' title='bbox 682 3497 994 3550; x_wconf 83' lang='lat' dir='ltr'>inevitabili</span> <span class='ocrx_word' id='word_1_493' title='bbox 1021 3500 1345 3550; x_wconf 78' lang='lat' dir='ltr'>necessitate.</span> 
     </span>
    </p>
   </div>
   <div class='ocr_carea' id='block_1_56' title="bbox 290 3586 1815 3659">
    <p class='ocr_par' dir='ltr' id='par_1_56' title="bbox 290 3586 1815 3659">
     <span class='ocr_line' id='line_1_56' title="bbox 290 3586 1815 3659; baseline 0.001 -18"><span class='ocrx_word' id='word_1_494' title='bbox 290 3587 430 3659; x_wconf 66' lang='lat' dir='ltr'>(tu)</span> <span class='ocrx_word' id='word_1_495' title='bbox 459 3586 666 3641; x_wconf 88' lang='lat' dir='ltr'>Audito</span> <span class='ocrx_word' id='word_1_496' title='bbox 694 3586 875 3656; x_wconf 84' lang='lat' dir='ltr'>signo,</span> <span class='ocrx_word' id='word_1_497' title='bbox 908 3586 1056 3656; x_wconf 91' lang='lat' dir='ltr'>quod</span> <span class='ocrx_word' id='word_1_498' title='bbox 1087 3586 1155 3639; x_wconf 89' lang='lat' dir='ltr'>ad</span> <span class='ocrx_word' id='word_1_499' title='bbox 1185 3586 1426 3656; x_wconf 90' lang='lat' dir='ltr'>primam</span> <span class='ocrx_word' id='word_1_500' title='bbox 1456 3587 1731 3658; x_wconf 89' lang='lat' dir='ltr'>pulsatur,</span> <span class='ocrx_word' id='word_1_501' title='bbox 1752 3589 1815 3643; x_wconf 92' lang='lat' dir='ltr'>li-</span> 
     </span>
    </p>
   </div>
   <div class='ocr_carea' id='block_1_57' title="bbox 209 3676 1808 3747">
    <p class='ocr_par' dir='ltr' id='par_1_57' title="bbox 209 3676 1808 3747">
     <span class='ocr_line' id='line_1_57' title="bbox 209 3676 1808 3747; baseline 0.001 -15"><span class='ocrx_word' id='word_1_502' title='bbox 209 3677 380 3732; x_wconf 88' lang='lat' dir='ltr'>brum</span> <span class='ocrx_word' id='word_1_503' title='bbox 409 3681 528 3731; x_wconf 87' lang='lat' dir='ltr'>tam</span> <span class='ocrx_word' id='word_1_504' title='bbox 561 3676 810 3742; x_wconf 92' lang='lat' dir='ltr'>illum,si</span> <span class='ocrx_word' id='word_1_505' title='bbox 851 3692 1019 3746; x_wconf 90' lang='lat' dir='ltr'>quem</span> <span class='ocrx_word' id='word_1_506' title='bbox 1058 3676 1205 3729; x_wconf 86' lang='lat' dir='ltr'>videt</span> <span class='ocrx_word' id='word_1_507' title='bbox 1245 3677 1404 3745; x_wconf 88' lang='lat' dir='ltr'>juxta</span> <span class='ocrx_word' id='word_1_508' title='bbox 1447 3693 1506 3730; x_wconf 92' lang='lat' dir='ltr'>se</span> <span class='ocrx_word' id='word_1_509' title='bbox 1543 3679 1808 3747; x_wconf 90' lang='lat' dir='ltr'>positum,</span> 
     </span>
    </p>
   </div>
   <div class='ocr_carea' id='block_1_58' title="bbox 212 3763 1808 3836">
    <p class='ocr_par' dir='ltr' id='par_1_58' title="bbox 212 3763 1808 3836">
     <span class='ocr_line' id='line_1_58' title="bbox 212 3763 1808 3836; baseline 0 -17"><span class='ocrx_word' id='word_1_510' title='bbox 212 3767 235 3789; x_wconf 76' lang='grc'><strong>¹</strong></span> <span class='ocrx_word' id='word_1_511' title='bbox 253 3781 428 3836; x_wconf 88' lang='lat' dir='ltr'>quam</span> <span class='ocrx_word' id='word_1_512' title='bbox 446 3781 559 3834; x_wconf 79' lang='lat' dir='ltr'>prae</span> <span class='ocrx_word' id='word_1_513' title='bbox 575 3763 836 3818; x_wconf 89' lang='lat' dir='ltr'>manibus</span> <span class='ocrx_word' id='word_1_514' title='bbox 847 3763 1100 3818; x_wconf 91' lang='lat' dir='ltr'>habitum</span> <span class='ocrx_word' id='word_1_515' title='bbox 1119 3769 1372 3832; x_wconf 91' lang='lat' dir='ltr'>reportat</span> <span class='ocrx_word' id='word_1_516' title='bbox 1390 3763 1460 3816; x_wconf 93' lang='lat' dir='ltr'>ad</span> <span class='ocrx_word' id='word_1_517' title='bbox 1479 3765 1808 3830; x_wconf 85' lang='lat' dir='ltr'>armarium,</span> 
     </span>
    </p>
   </div>
   <div class='ocr_carea' id='block_1_59' title="bbox 211 3853 1812 3923">
    <p class='ocr_par' dir='ltr' id='par_1_59' title="bbox 211 3853 1812 3923">
     <span class='ocr_line' id='line_1_59' title="bbox 211 3853 1812 3923; baseline 0 -15"><span class='ocrx_word' id='word_1_518' title='bbox 211 3855 333 3909; x_wconf 89' lang='lat' dir='ltr'>Hoc</span> <span class='ocrx_word' id='word_1_519' title='bbox 372 3854 420 3907; x_wconf 91' lang='lat' dir='ltr'>si</span> <span class='ocrx_word' id='word_1_520' title='bbox 451 3853 623 3908; x_wconf 92' lang='lat' dir='ltr'>fuerit</span> <span class='ocrx_word' id='word_1_521' title='bbox 653 3854 991 3922; x_wconf 88' lang='lat' dir='ltr'>neglectum,</span> <span class='ocrx_word' id='word_1_522' title='bbox 1013 3853 1107 3905; x_wconf 86' lang='lat' dir='ltr'>‘ab</span> <span class='ocrx_word' id='word_1_523' title='bbox 1143 3858 1384 3923; x_wconf 92' lang='lat' dir='ltr'>utroque</span> <span class='ocrx_word' id='word_1_524' title='bbox 1427 3869 1624 3907; x_wconf 91' lang='lat' dir='ltr'>eorum</span> <span class='ocrx_word' id='word_1_525' title='bbox 1663 3855 1812 3908; x_wconf 90' lang='lat' dir='ltr'>inter</span> 
     </span>
    </p>
   </div>
   <div class='ocr_carea' id='block_1_60' title="bbox 209 3942 1811 4015">
    <p class='ocr_par' dir='ltr' id='par_1_60' title="bbox 209 3942 1811 4015">
     <span class='ocr_line' id='line_1_60' title="bbox 209 3942 1811 4015; baseline 0.001 -18"><span class='ocrx_word' id='word_1_526' title='bbox 209 3961 352 4015; x_wconf 90' lang='lat' dir='ltr'>quos</span> <span class='ocrx_word' id='word_1_527' title='bbox 371 3959 671 3997; x_wconf 89' lang='lat' dir='ltr'>remanens</span> <span class='ocrx_word' id='word_1_528' title='bbox 691 3942 833 3995; x_wconf 89' lang='lat' dir='ltr'>liber</span> <span class='ocrx_word' id='word_1_529' title='bbox 850 3942 1048 4011; x_wconf 89' lang='lat' dir='ltr'>jacuit,</span> <span class='ocrx_word' id='word_1_530' title='bbox 1073 3943 1180 3995; x_wconf 92' lang='lat' dir='ltr'>erit</span> <span class='ocrx_word' id='word_1_531' title='bbox 1195 3942 1811 4006; x_wconf 88' lang='lat' dir='ltr'>inclamandum.Quod</span> 
     </span>
    </p>
   </div>
   <div class='ocr_carea' id='block_1_61' title="bbox 207 4030 1809 4101">
    <p class='ocr_par' dir='ltr' id='par_1_61' title="bbox 207 4030 1809 4101">
     <span class='ocr_line' id='line_1_61' title="bbox 207 4030 1809 4101; baseline 0 -14"><span class='ocrx_word' id='word_1_532' title='bbox 207 4033 442 4087; x_wconf 87' lang='lat' dir='ltr'>tametsi</span> <span class='ocrx_word' id='word_1_533' title='bbox 468 4032 539 4085; x_wconf 89' lang='lat' dir='ltr'>ad</span> <span class='ocrx_word' id='word_1_534' title='bbox 569 4033 706 4085; x_wconf 83' lang='lat' dir='ltr'>alias</span> <span class='ocrx_word' id='word_1_535' title='bbox 737 4047 977 4101; x_wconf 82' lang='lat' dir='ltr'>quoque,</span> <span class='ocrx_word' id='word_1_536' title='bbox 1003 4030 1074 4084; x_wconf 89' lang='lat' dir='ltr'>ad</span> <span class='ocrx_word' id='word_1_537' title='bbox 1097 4047 1191 4083; x_wconf 83' lang='lat' dir='ltr'>eas</span> <span class='ocrx_word' id='word_1_538' title='bbox 1209 4035 1401 4084; x_wconf 87' lang='lat' dir='ltr'>tamen</span> <span class='ocrx_word' id='word_1_539' title='bbox 1422 4048 1534 4084; x_wconf 91' lang='lat' dir='ltr'>non</span> <span class='ocrx_word' id='word_1_540' title='bbox 1556 4031 1809 4088; x_wconf 90' lang='lat' dir='ltr'>observa-</span> 
     </span>
    </p>
   </div>
   <div class='ocr_carea' id='block_1_62' title="bbox 205 4119 1809 4191">
    <p class='ocr_par' dir='ltr' id='par_1_62' title="bbox 205 4119 1809 4191">
     <span class='ocr_line' id='line_1_62' title="bbox 205 4119 1809 4191; baseline 0.001 -15"><span class='ocrx_word' id='word_1_541' title='bbox 205 4126 305 4176; x_wconf 89' lang='lat' dir='ltr'>tur</span> <span class='ocrx_word' id='word_1_542' title='bbox 330 4123 519 4178; x_wconf 87' lang='lat' dir='ltr'>horas.</span> <span class='ocrx_word' id='word_1_543' title='bbox 553 4120 756 4191; x_wconf 88' lang='lat' dir='ltr'>quibus</span> <span class='ocrx_word' id='word_1_544' title='bbox 791 4120 962 4172; x_wconf 81' lang='lat' dir='ltr'>finitis</span> <span class='ocrx_word' id='word_1_545' title='bbox 989 4119 1180 4172; x_wconf 87' lang='lat' dir='ltr'>statim</span> <span class='ocrx_word' id='word_1_546' title='bbox 1212 4119 1270 4173; x_wconf 92' lang='lat' dir='ltr'>in</span> <span class='ocrx_word' id='word_1_547' title='bbox 1300 4121 1610 4175; x_wconf 89' lang='lat' dir='ltr'>claustrum</span> <span class='ocrx_word' id='word_1_548' title='bbox 1642 4123 1712 4176; x_wconf 90' lang='lat' dir='ltr'>ad</span> <span class='ocrx_word' id='word_1_549' title='bbox 1734 4124 1809 4177; x_wconf 92' lang='lat' dir='ltr'>le-</span> 
     </span>
    </p>
   </div>
   <div class='ocr_carea' id='block_1_63' title="bbox 204 4209 1810 4266">
    <p class='ocr_par' dir='ltr' id='par_1_63' title="bbox 204 4209 1810 4266">
     <span class='ocr_line' id='line_1_63' title="bbox 204 4209 1810 4266; baseline 0.002 -3"><span class='ocrx_word' id='word_1_550' title='bbox 204 4210 455 4264; x_wconf 84' lang='lat' dir='ltr'>ctionem</span> <span class='ocrx_word' id='word_1_551' title='bbox 484 4209 769 4263; x_wconf 90' lang='lat' dir='ltr'>rediturus</span> <span class='ocrx_word' id='word_1_552' title='bbox 817 4213 902 4261; x_wconf 92' lang='lat' dir='ltr'>est</span> <span class='ocrx_word' id='word_1_553' title='bbox 930 4214 1234 4262; x_wconf 89' lang='lat' dir='ltr'>conventus</span> <span class='ocrx_word' id='word_1_554' title='bbox 1270 4209 1565 4263; x_wconf 90' lang='lat' dir='ltr'>:similiter</span> <span class='ocrx_word' id='word_1_555' title='bbox 1611 4227 1714 4265; x_wconf 91' lang='lat' dir='ltr'>nec</span> <span class='ocrx_word' id='word_1_556' title='bbox 1738 4213 1810 4266; x_wconf 88' lang='lat' dir='ltr'>ad</span> 
     </span>
    </p>
   </div>
   <div class='ocr_carea' id='block_1_64' title="bbox 203 4297 1812 4370">
    <p class='ocr_par' dir='ltr' id='par_1_64' title="bbox 203 4297 1812 4370">
     <span class='ocr_line' id='line_1_64' title="bbox 203 4297 1812 4370; baseline 0 -17"><span class='ocrx_word' id='word_1_557' title='bbox 203 4299 459 4353; x_wconf 78' lang='lat' dir='ltr'>officium</span> <span class='ocrx_word' id='word_1_558' title='bbox 486 4297 895 4357; x_wconf 86' lang='lat' dir='ltr'>defunctorum,</span> <span class='ocrx_word' id='word_1_559' title='bbox 930 4303 986 4350; x_wconf 88' lang='lat' dir='ltr'>et</span> <span class='ocrx_word' id='word_1_560' title='bbox 1005 4299 1227 4367; x_wconf 90' lang='lat' dir='ltr'>quando</span> <span class='ocrx_word' id='word_1_561' title='bbox 1265 4297 1584 4368; x_wconf 89' lang='lat' dir='ltr'>cymbalum</span> <span class='ocrx_word' id='word_1_562' title='bbox 1609 4317 1812 4370; x_wconf 92' lang='lat' dir='ltr'>percu-</span> 
     </span>
    </p>
   </div>
   <div class='ocr_carea' id='block_1_65' title="bbox 1896 3227 3496 3300">
    <p class='ocr_par' dir='ltr' id='par_1_65' title="bbox 1896 3227 3496 3300">
     <span class='ocr_line' id='line_1_65' title="bbox 1896 3227 3496 3300; baseline 0.002 -18"><span class='ocrx_word' id='word_1_563' title='bbox 1896 3228 2090 3282; x_wconf 89' lang='lat' dir='ltr'>stratis</span> <span class='ocrx_word' id='word_1_564' title='bbox 2127 3227 2396 3281; x_wconf 87' lang='lat' dir='ltr'>fratribus</span> <span class='ocrx_word' id='word_1_565' title='bbox 2441 3231 2724 3296; x_wconf 87' lang='lat' dir='ltr'>cantatur,</span> <span class='ocrx_word' id='word_1_566' title='bbox 2775 3228 2846 3281; x_wconf 91' lang='lat' dir='ltr'>ad</span> <span class='ocrx_word' id='word_1_567' title='bbox 2895 3227 3160 3282; x_wconf 88' lang='lat' dir='ltr'>ultimum</span> <span class='ocrx_word' id='word_1_568' title='bbox 3211 3229 3496 3300; x_wconf 91' lang='lat' dir='ltr'>psalmum</span> 
     </span>
    </p>
   </div>
   <div class='ocr_carea' id='block_1_66' title="bbox 1896 3316 3496 3388">
    <p class='ocr_par' dir='ltr' id='par_1_66' title="bbox 1896 3316 3496 3388">
     <span class='ocr_line' id='line_1_66' title="bbox 1896 3316 3496 3388; baseline 0.003 -18"><span class='ocrx_word' id='word_1_569' title='bbox 1896 3318 2110 3388; x_wconf 90' lang='lat' dir='ltr'>priores</span> <span class='ocrx_word' id='word_1_570' title='bbox 2135 3317 2206 3370; x_wconf 88' lang='lat' dir='ltr'>ad</span> <span class='ocrx_word' id='word_1_571' title='bbox 2229 3316 2458 3386; x_wconf 86' lang='lat' dir='ltr'>gradus,</span> <span class='ocrx_word' id='word_1_572' title='bbox 2481 3316 2670 3386; x_wconf 88' lang='lat' dir='ltr'>sicque</span> <span class='ocrx_word' id='word_1_573' title='bbox 2690 3317 3151 3372; x_wconf 68' lang='lat' dir='ltr'>caeteriordinant</span> <span class='ocrx_word' id='word_1_574' title='bbox 3173 3334 3252 3380; x_wconf 87' lang='lat' dir='ltr'>se,</span> <span class='ocrx_word' id='word_1_575' title='bbox 3269 3323 3352 3385; x_wconf 86' lang='lat' dir='ltr'>ut,</span> <span class='ocrx_word' id='word_1_576' title='bbox 3367 3336 3496 3374; x_wconf 89' lang='lat' dir='ltr'>cum</span> 
     </span>
    </p>
   </div>
   <div class='ocr_carea' id='block_1_67' title="bbox 1895 3405 3500 3477">
    <p class='ocr_par' dir='ltr' id='par_1_67' title="bbox 1895 3405 3500 3477">
     <span class='ocr_line' id='line_1_67' title="bbox 1895 3405 3500 3477; baseline 0.002 -17"><span class='ocrx_word' id='word_1_577' title='bbox 1895 3411 2118 3477; x_wconf 86' lang='lat' dir='ltr'>tempus</span> <span class='ocrx_word' id='word_1_578' title='bbox 2146 3405 2333 3471; x_wconf 90' lang='lat' dir='ltr'>fuerit,</span> <span class='ocrx_word' id='word_1_579' title='bbox 2364 3421 2477 3458; x_wconf 93' lang='lat' dir='ltr'>non</span> <span class='ocrx_word' id='word_1_580' title='bbox 2507 3405 2614 3459; x_wconf 88' lang='lat' dir='ltr'>sibi</span> <span class='ocrx_word' id='word_1_581' title='bbox 2641 3405 2700 3459; x_wconf 93' lang='lat' dir='ltr'>in</span> <span class='ocrx_word' id='word_1_582' title='bbox 2729 3406 3147 3476; x_wconf 89' lang='lat' dir='ltr'>procumbendo</span> <span class='ocrx_word' id='word_1_583' title='bbox 3169 3425 3388 3463; x_wconf 88' lang='lat' dir='ltr'>moram</span> <span class='ocrx_word' id='word_1_584' title='bbox 3420 3410 3500 3464; x_wconf 85' lang='lat' dir='ltr'>fa-</span> 
     </span>
    </p>
   </div>
   <div class='ocr_carea' id='block_1_68' title="bbox 1895 3493 3491 3568">
    <p class='ocr_par' dir='ltr' id='par_1_68' title="bbox 1895 3493 3491 3568">
     <span class='ocr_line' id='line_1_68' title="bbox 1895 3493 3491 3568; baseline 0.003 -19"><span class='ocrx_word' id='word_1_585' title='bbox 1895 3496 2076 3562; x_wconf 89' lang='lat' dir='ltr'>ciant;</span> <span class='ocrx_word' id='word_1_586' title='bbox 2119 3500 2177 3549; x_wconf 89' lang='lat' dir='ltr'>et</span> <span class='ocrx_word' id='word_1_587' title='bbox 2202 3495 2352 3548; x_wconf 90' lang='lat' dir='ltr'>inter</span> <span class='ocrx_word' id='word_1_588' title='bbox 2382 3493 2634 3548; x_wconf 81' lang='lat' dir='ltr'>[iteratos</span> <span class='ocrx_word' id='word_1_589' title='bbox 2675 3511 2974 3550; x_wconf 90' lang='lat' dir='ltr'>conversus</span> <span class='ocrx_word' id='word_1_590' title='bbox 3009 3512 3122 3550; x_wconf 93' lang='lat' dir='ltr'>non</span> <span class='ocrx_word' id='word_1_591' title='bbox 3145 3499 3350 3568; x_wconf 87' lang='lat' dir='ltr'>jaceat,</span> <span class='ocrx_word' id='word_1_592' title='bbox 3382 3499 3491 3554; x_wconf 89' lang='lat' dir='ltr'>nisi</span> 
     </span>
    </p>
   </div>
   <div class='ocr_carea' id='block_1_69' title="bbox 1896 3584 3486 3657">
    <p class='ocr_par' dir='ltr' id='par_1_69' title="bbox 1896 3584 3486 3657">
     <span class='ocr_line' id='line_1_69' title="bbox 1896 3584 3486 3657; baseline 0.003 -19"><span class='ocrx_word' id='word_1_593' title='bbox 1896 3585 2134 3654; x_wconf 87' lang='lat' dir='ltr'>alicujus</span> <span class='ocrx_word' id='word_1_594' title='bbox 2157 3584 2376 3653; x_wconf 89' lang='lat' dir='ltr'>juvenis</span> <span class='ocrx_word' id='word_1_595' title='bbox 2404 3588 2591 3637; x_wconf 90' lang='lat' dir='ltr'>custos</span> <span class='ocrx_word' id='word_1_596' title='bbox 2613 3584 2801 3650; x_wconf 84' lang='lat' dir='ltr'>fuerit,</span> <span class='ocrx_word' id='word_1_597' title='bbox 2830 3584 2901 3638; x_wconf 91' lang='lat' dir='ltr'>ad</span> <span class='ocrx_word' id='word_1_598' title='bbox 2920 3587 3222 3657; x_wconf 91' lang='lat' dir='ltr'>quemipse</span> <span class='ocrx_word' id='word_1_599' title='bbox 3243 3588 3486 3653; x_wconf 86' lang='lat' dir='ltr'>accedet,</span> 
     </span>
    </p>
   </div>
   <div class='ocr_carea' id='block_1_70' title="bbox 1895 3671 3486 3746">
    <p class='ocr_par' dir='ltr' id='par_1_70' title="bbox 1895 3671 3486 3746">
     <span class='ocr_line' id='line_1_70' title="bbox 1895 3671 3486 3746; baseline 0.003 -19"><span class='ocrx_word' id='word_1_600' title='bbox 1895 3673 2233 3746; x_wconf 90' lang='lat' dir='ltr'>ubicumque</span> <span class='ocrx_word' id='word_1_601' title='bbox 2254 3673 2514 3742; x_wconf 83' lang='lat' dir='ltr'>jacuerit.</span> <span class='ocrx_word' id='word_1_602' title='bbox 2549 3671 2635 3725; x_wconf 88' lang='lat' dir='ltr'>Ad</span> <span class='ocrx_word' id='word_1_603' title='bbox 2678 3672 2967 3727; x_wconf 90' lang='lat' dir='ltr'>literatum</span> <span class='ocrx_word' id='word_1_604' title='bbox 3019 3691 3146 3729; x_wconf 94' lang='lat' dir='ltr'>vero</span> <span class='ocrx_word' id='word_1_605' title='bbox 3193 3677 3486 3732; x_wconf 88' lang='lat' dir='ltr'>custodem</span> 
     </span>
    </p>
   </div>
   <div class='ocr_carea' id='block_1_71' title="bbox 1889 3759 3496 3832">
    <p class='ocr_par' dir='ltr' id='par_1_71' title="bbox 1889 3759 3496 3832">
     <span class='ocr_line' id='line_1_71' title="bbox 1889 3759 3496 3832; baseline 0.003 -16"><span class='ocrx_word' id='word_1_606' title='bbox 1889 3762 2111 3832; x_wconf 90' lang='lat' dir='ltr'>juvenis</span> <span class='ocrx_word' id='word_1_607' title='bbox 2142 3761 2330 3815; x_wconf 92' lang='lat' dir='ltr'>venire</span> <span class='ocrx_word' id='word_1_608' title='bbox 2357 3777 2471 3815; x_wconf 92' lang='lat' dir='ltr'>non</span> <span class='ocrx_word' id='word_1_609' title='bbox 2510 3761 2764 3830; x_wconf 86' lang='lat' dir='ltr'>negligit.</span> <span class='ocrx_word' id='word_1_610' title='bbox 2799 3759 2867 3814; x_wconf 92' lang='lat' dir='ltr'>In</span> <span class='ocrx_word' id='word_1_611' title='bbox 2906 3762 3011 3816; x_wconf 92' lang='lat' dir='ltr'>hac</span> <span class='ocrx_word' id='word_1_612' title='bbox 3053 3764 3253 3818; x_wconf 87' lang='lat' dir='ltr'>litania</span> <span class='ocrx_word' id='word_1_613' title='bbox 3284 3767 3496 3822; x_wconf 90' lang='lat' dir='ltr'>nullius</span> 
     </span>
    </p>
   </div>
   <div class='ocr_carea' id='block_1_72' title="bbox 1893 3849 3493 3923">
    <p class='ocr_par' dir='ltr' id='par_1_72' title="bbox 1893 3849 3493 3923">
     <span class='ocr_line' id='line_1_72' title="bbox 1893 3849 3493 3923; baseline 0.003 -18"><span class='ocrx_word' id='word_1_614' title='bbox 1893 3851 2072 3905; x_wconf 90' lang='lat' dir='ltr'>sancti</span> <span class='ocrx_word' id='word_1_615' title='bbox 2119 3866 2326 3904; x_wconf 91' lang='lat' dir='ltr'>nomen</span> <span class='ocrx_word' id='word_1_616' title='bbox 2370 3849 2712 3919; x_wconf 89' lang='lat' dir='ltr'>geminatur,</span> <span class='ocrx_word' id='word_1_617' title='bbox 2759 3855 2988 3920; x_wconf 89' lang='lat' dir='ltr'>excepto</span> <span class='ocrx_word' id='word_1_618' title='bbox 3030 3852 3126 3922; x_wconf 90' lang='lat' dir='ltr'>qui</span> <span class='ocrx_word' id='word_1_619' title='bbox 3188 3853 3493 3923; x_wconf 88' lang='lat' dir='ltr'>singularis</span> 
     </span>
    </p>
   </div>
   <div class='ocr_carea' id='block_1_73' title="bbox 1893 3937 3494 4011">
    <p class='ocr_par' dir='ltr' id='par_1_73' title="bbox 1893 3937 3494 4011">
     <span class='ocr_line' id='line_1_73' title="bbox 1893 3937 3494 4011; baseline 0.002 -16"><span class='ocrx_word' id='word_1_620' title='bbox 1893 3940 2145 4011; x_wconf 83' lang='lat' dir='ltr'>ejusdem</span> <span class='ocrx_word' id='word_1_621' title='bbox 2175 3938 2281 3992; x_wconf 93' lang='lat' dir='ltr'>loci</span> <span class='ocrx_word' id='word_1_622' title='bbox 2318 3943 2587 4010; x_wconf 89' lang='lat' dir='ltr'>patronus</span> <span class='ocrx_word' id='word_1_623' title='bbox 2631 3937 2886 3991; x_wconf 91' lang='lat' dir='ltr'>habetur.</span> <span class='ocrx_word' id='word_1_624' title='bbox 2937 3938 3024 3991; x_wconf 84' lang='lat' dir='ltr'>Ad</span> <span class='ocrx_word' id='word_1_625' title='bbox 3069 3956 3290 3994; x_wconf 91' lang='lat' dir='ltr'>versum</span> <span class='ocrx_word' id='word_1_626' title='bbox 3331 3942 3494 3999; x_wconf 90' lang='lat' dir='ltr'>illum</span> 
     </span>
    </p>
   </div>
   <div class='ocr_carea' id='block_1_74' title="bbox 1893 4027 3493 4101">
    <p class='ocr_par' dir='ltr' id='par_1_74' title="bbox 1893 4027 3493 4101">
     <span class='ocr_line' id='line_1_74' title="bbox 1893 4027 3493 4101; baseline 0.001 -16"><span class='ocrx_word' id='word_1_627' title='bbox 1893 4034 1997 4086; x_wconf 78' lang='lat' dir='ltr'>Per</span> <span class='ocrx_word' id='word_1_628' title='bbox 2020 4032 2328 4099; x_wconf 82' lang='lat' dir='ltr'>passionem</span> <span class='ocrx_word' id='word_1_629' title='bbox 2349 4035 2398 4082; x_wconf 85' lang='lat' dir='ltr'>et</span> <span class='ocrx_word' id='word_1_630' title='bbox 2424 4044 2637 4082; x_wconf 85' lang='lat' dir='ltr'>crucem</span> <span class='ocrx_word' id='word_1_631' title='bbox 2663 4027 3066 4098; x_wconf 91' lang='lat' dir='ltr'>unusquisque,</span> <span class='ocrx_word' id='word_1_632' title='bbox 3086 4045 3215 4083; x_wconf 91' lang='lat' dir='ltr'>cum</span> <span class='ocrx_word' id='word_1_633' title='bbox 3232 4047 3493 4101; x_wconf 82' lang='lat' dir='ltr'>expresse</span> 
     </span>
    </p>
   </div>
   <div class='ocr_carea' id='block_1_75' title="bbox 1892 4117 3491 4187">
    <p class='ocr_par' dir='ltr' id='par_1_75' title="bbox 1892 4117 3491 4187">
     <span class='ocr_line' id='line_1_75' title="bbox 1892 4117 3491 4187; baseline -0.001 -12"><span class='ocrx_word' id='word_1_634' title='bbox 1892 4119 2283 4185; x_wconf 90' lang='lat' dir='ltr'>nominaverit,</span> <span class='ocrx_word' id='word_1_635' title='bbox 2317 4117 2545 4172; x_wconf 85' lang='lat' dir='ltr'>dextera</span> <span class='ocrx_word' id='word_1_636' title='bbox 2577 4133 2766 4180; x_wconf 89' lang='lat' dir='ltr'>manu,</span> <span class='ocrx_word' id='word_1_637' title='bbox 2799 4133 2898 4187; x_wconf 92' lang='lat' dir='ltr'>per</span> <span class='ocrx_word' id='word_1_638' title='bbox 2936 4117 3214 4171; x_wconf 87' lang='lat' dir='ltr'>manicam</span> <span class='ocrx_word' id='word_1_639' title='bbox 3243 4118 3303 4172; x_wconf 92' lang='lat' dir='ltr'>in</span> <span class='ocrx_word' id='word_1_640' title='bbox 3348 4117 3491 4174; x_wconf 90' lang='lat' dir='ltr'>facie</span> 
     </span>
    </p>
   </div>
   <div class='ocr_carea' id='block_1_76' title="bbox 1889 4204 3489 4276">
    <p class='ocr_par' dir='ltr' id='par_1_76' title="bbox 1889 4204 3489 4276">
     <span class='ocr_line' id='line_1_76' title="bbox 1889 4204 3489 4276; baseline -0.003 -13"><span class='ocrx_word' id='word_1_641' title='bbox 1889 4225 2111 4263; x_wconf 90' lang='lat' dir='ltr'>crucem</span> <span class='ocrx_word' id='word_1_642' title='bbox 2136 4207 2305 4260; x_wconf 87' lang='lat' dir='ltr'>etiam</span> <span class='ocrx_word' id='word_1_643' title='bbox 2329 4206 2494 4272; x_wconf 85' lang='lat' dir='ltr'>facit;</span> <span class='ocrx_word' id='word_1_644' title='bbox 2528 4204 2831 4275; x_wconf 84' lang='lat' dir='ltr'>statimque</span> <span class='ocrx_word' id='word_1_645' title='bbox 2857 4205 2928 4258; x_wconf 91' lang='lat' dir='ltr'>ad</span> <span class='ocrx_word' id='word_1_646' title='bbox 2963 4221 3186 4260; x_wconf 88' lang='lat' dir='ltr'>versum</span> <span class='ocrx_word' id='word_1_647' title='bbox 3237 4208 3341 4260; x_wconf 88' lang='lat' dir='ltr'>Per</span> <span class='ocrx_word' id='word_1_648' title='bbox 3367 4211 3489 4276; x_wconf 85' lang='lat' dir='ltr'>glo-</span> 
     </span>
    </p>
   </div>
   <div class='ocr_carea' id='block_1_77' title="bbox 1889 4293 3489 4352">
    <p class='ocr_par' dir='ltr' id='par_1_77' title="bbox 1889 4293 3489 4352">
     <span class='ocr_line' id='line_1_77' title="bbox 1889 4293 3489 4352; baseline -0.001 0"><span class='ocrx_word' id='word_1_649' title='bbox 1889 4302 2100 4352; x_wconf 80' lang='lat' dir='ltr'>riosam</span> <span class='ocrx_word' id='word_1_650' title='bbox 2129 4297 2591 4351; x_wconf 82' lang='lat' dir='ltr'>Resurrectionem</span> <span class='ocrx_word' id='word_1_651' title='bbox 2615 4300 2769 4347; x_wconf 86' lang='lat' dir='ltr'>luam</span> <span class='ocrx_word' id='word_1_652' title='bbox 2789 4293 3048 4347; x_wconf 89' lang='lat' dir='ltr'>sacerdos</span> <span class='ocrx_word' id='word_1_653' title='bbox 3078 4299 3135 4348; x_wconf 90' lang='lat' dir='ltr'>et</span> <span class='ocrx_word' id='word_1_654' title='bbox 3154 4297 3342 4351; x_wconf 62' lang='lat' dir='ltr'>caeteri</span> <span class='ocrx_word' id='word_1_655' title='bbox 3381 4297 3489 4350; x_wconf 92' lang='lat' dir='ltr'>mi-</span> 
     </span>
    </p>
   </div>
   <div class='ocr_carea' id='block_1_78' title="bbox 204 4380 3490 4480">
    <p class='ocr_par' dir='ltr' id='par_1_78' title="bbox 204 4380 3490 4480">
     <span class='ocr_line' id='line_1_78' title="bbox 204 4380 3490 4480; baseline -0.001 -38"><span class='ocrx_word' id='word_1_656' title='bbox 204 4388 351 4442; x_wconf 88' lang='lat' dir='ltr'>titur</span> <span class='ocrx_word' id='word_1_657' title='bbox 381 4388 452 4440; x_wconf 88' lang='lat' dir='ltr'>ad</span> <span class='ocrx_word' id='word_1_658' title='bbox 480 4387 780 4440; x_wconf 91' lang='lat' dir='ltr'>bibendum</span> <span class='ocrx_word' id='word_1_659' title='bbox 807 4407 816 4440; x_wconf 92' lang='lat'>:</span> <span class='ocrx_word' id='word_1_660' title='bbox 852 4392 986 4440; x_wconf 91' lang='lat' dir='ltr'>tunc</span> <span class='ocrx_word' id='word_1_661' title='bbox 1015 4387 1165 4440; x_wconf 90' lang='lat' dir='ltr'>enim</span> <span class='ocrx_word' id='word_1_662' title='bbox 1197 4387 1254 4440; x_wconf 91' lang='lat' dir='ltr'>in</span> <span class='ocrx_word' id='word_1_663' title='bbox 1283 4387 1401 4440; x_wconf 94' lang='lat' dir='ltr'>loco</span> <span class='ocrx_word' id='word_1_664' title='bbox 1432 4405 1541 4458; x_wconf 92' lang='lat' dir='ltr'>quo</span> <span class='ocrx_word' id='word_1_665' title='bbox 1571 4390 1872 4480; x_wconf 86' lang='lat' dir='ltr'>quisqueD</span> <span class='ocrx_word' id='word_1_666' title='bbox 1893 4385 2056 4438; x_wconf 70' lang='lat' dir='ltr'>nisti-1</span> <span class='ocrx_word' id='word_1_667' title='bbox 2086 4381 2375 4436; x_wconf 77' lang='lat' dir='ltr'>matutinae</span> <span class='ocrx_word' id='word_1_668' title='bbox 2404 4381 2587 4433; x_wconf 71' lang='lat' dir='ltr'>missae</span> <span class='ocrx_word' id='word_1_669' title='bbox 2616 4380 2822 4434; x_wconf 91' lang='lat' dir='ltr'>debent</span> <span class='ocrx_word' id='word_1_670' title='bbox 2845 4380 3012 4447; x_wconf 86' lang='lat' dir='ltr'>exire,</span> <span class='ocrx_word' id='word_1_671' title='bbox 3059 4387 3126 4436; x_wconf 92' lang='lat' dir='ltr'>ut</span> <span class='ocrx_word' id='word_1_672' title='bbox 3164 4399 3291 4437; x_wconf 88' lang='lat' dir='ltr'>mox</span> <span class='ocrx_word' id='word_1_673' title='bbox 3329 4384 3490 4439; x_wconf 86' lang='lat' dir='ltr'>ﬁnita</span> 
     </span>
    </p>
   </div>
   <div class='ocr_carea' id='block_1_79' title="bbox 204 4475 1806 4540">
    <p class='ocr_par' dir='ltr' id='par_1_79' title="bbox 204 4475 1806 4540">
     <span class='ocr_line' id='line_1_79' title="bbox 204 4475 1806 4540; baseline 0.001 -10"><span class='ocrx_word' id='word_1_674' title='bbox 204 4477 440 4540; x_wconf 89' lang='lat' dir='ltr'>sederit,</span> <span class='ocrx_word' id='word_1_675' title='bbox 474 4482 537 4530; x_wconf 90' lang='lat' dir='ltr'>ut</span> <span class='ocrx_word' id='word_1_676' title='bbox 555 4476 744 4530; x_wconf 86' lang='lat' dir='ltr'>statim</span> <span class='ocrx_word' id='word_1_677' title='bbox 773 4492 1024 4529; x_wconf 90' lang='lat' dir='ltr'>reversus</span> <span class='ocrx_word' id='word_1_678' title='bbox 1049 4475 1125 4528; x_wconf 90' lang='lat' dir='ltr'>ibi</span> <span class='ocrx_word' id='word_1_679' title='bbox 1152 4476 1418 4540; x_wconf 87' lang='lat' dir='ltr'>inveniat,</span> <span class='ocrx_word' id='word_1_680' title='bbox 1471 4477 1676 4531; x_wconf 90' lang='lat' dir='ltr'>librum</span> <span class='ocrx_word' id='word_1_681' title='bbox 1722 4481 1806 4532; x_wconf 83' lang='lat' dir='ltr'>di-</span> 
     </span>
    </p>
   </div>
   <div class='ocr_carea' id='block_1_80' title="bbox 206 4565 1806 4636">
    <p class='ocr_par' dir='ltr' id='par_1_80' title="bbox 206 4565 1806 4636">
     <span class='ocr_line' id='line_1_80' title="bbox 206 4565 1806 4636; baseline 0.002 -17"><span class='ocrx_word' id='word_1_682' title='bbox 206 4567 408 4632; x_wconf 88' lang='lat' dir='ltr'>mittit,</span> <span class='ocrx_word' id='word_1_683' title='bbox 442 4583 544 4619; x_wconf 92' lang='lat' dir='ltr'>nec</span> <span class='ocrx_word' id='word_1_684' title='bbox 565 4566 660 4619; x_wconf 90' lang='lat' dir='ltr'>alii</span> <span class='ocrx_word' id='word_1_685' title='bbox 680 4571 814 4620; x_wconf 90' lang='lat' dir='ltr'>tunc</span> <span class='ocrx_word' id='word_1_686' title='bbox 843 4565 1094 4636; x_wconf 87' lang='lat' dir='ltr'>accipere</span> <span class='ocrx_word' id='word_1_687' title='bbox 1124 4566 1272 4618; x_wconf 88' lang='lat' dir='ltr'>hunc</span> <span class='ocrx_word' id='word_1_688' title='bbox 1295 4565 1500 4632; x_wconf 89' lang='lat' dir='ltr'>licebit,</span> <span class='ocrx_word' id='word_1_689' title='bbox 1527 4567 1634 4619; x_wconf 91' lang='lat' dir='ltr'>nisi</span> <span class='ocrx_word' id='word_1_690' title='bbox 1663 4569 1806 4622; x_wconf 80' lang='lat' dir='ltr'>forte</span> 
     </span>
    </p>
   </div>
   <div class='ocr_carea' id='block_1_81' title="bbox 206 4653 1800 4725">
    <p class='ocr_par' dir='ltr' id='par_1_81' title="bbox 206 4653 1800 4725">
     <span class='ocr_line' id='line_1_81' title="bbox 206 4653 1800 4725; baseline 0.002 -19"><span class='ocrx_word' id='word_1_691' title='bbox 206 4655 274 4720; x_wconf 91' lang='lat' dir='ltr'>is,</span> <span class='ocrx_word' id='word_1_692' title='bbox 320 4655 418 4725; x_wconf 90' lang='lat' dir='ltr'>qui</span> <span class='ocrx_word' id='word_1_693' title='bbox 448 4671 574 4708; x_wconf 91' lang='lat' dir='ltr'>eum</span> <span class='ocrx_word' id='word_1_694' title='bbox 599 4654 656 4707; x_wconf 90' lang='lat' dir='ltr'>in</span> <span class='ocrx_word' id='word_1_695' title='bbox 690 4653 1122 4723; x_wconf 85' lang='lat' dir='ltr'>quadragesima</span> <span class='ocrx_word' id='word_1_696' title='bbox 1151 4653 1364 4723; x_wconf 91' lang='lat' dir='ltr'>accepit</span> <span class='ocrx_word' id='word_1_697' title='bbox 1393 4654 1462 4706; x_wconf 90' lang='lat' dir='ltr'>ad</span> <span class='ocrx_word' id='word_1_698' title='bbox 1482 4655 1800 4724; x_wconf 91' lang='lat' dir='ltr'>legendum,</span> 
     </span>
    </p>
   </div>
   <div class='ocr_carea' id='block_1_82' title="bbox 206 4741 1806 4805">
    <p class='ocr_par' dir='ltr' id='par_1_82' title="bbox 206 4741 1806 4805">
     <span class='ocr_line' id='line_1_82' title="bbox 206 4741 1806 4805; baseline 0.001 -9"><span class='ocrx_word' id='word_1_699' title='bbox 206 4750 267 4797; x_wconf 89' lang='lat' dir='ltr'>et</span> <span class='ocrx_word' id='word_1_700' title='bbox 294 4761 360 4798; x_wconf 92' lang='lat' dir='ltr'>eo</span> <span class='ocrx_word' id='word_1_701' title='bbox 393 4759 541 4796; x_wconf 91' lang='lat' dir='ltr'>anno</span> <span class='ocrx_word' id='word_1_702' title='bbox 570 4759 795 4796; x_wconf 87' lang='lat' dir='ltr'>necesse</span> <span class='ocrx_word' id='word_1_703' title='bbox 825 4741 1102 4796; x_wconf 88' lang='lat' dir='ltr'>habuerit.</span> <span class='ocrx_word' id='word_1_704' title='bbox 1144 4742 1321 4805; x_wconf 90' lang='lat' dir='ltr'>Quem</span> <span class='ocrx_word' id='word_1_705' title='bbox 1349 4741 1538 4798; x_wconf 88' lang='lat' dir='ltr'>etiam.</span> <span class='ocrx_word' id='word_1_706' title='bbox 1566 4743 1712 4797; x_wconf 88' lang='lat' dir='ltr'>sicut</span> <span class='ocrx_word' id='word_1_707' title='bbox 1749 4748 1806 4798; x_wconf 94' lang='lat' dir='ltr'>et</span> 
     </span>
    </p>
   </div>
   <div class='ocr_carea' id='block_1_83' title="bbox 203 4830 1808 4903">
    <p class='ocr_par' dir='ltr' id='par_1_83' title="bbox 203 4830 1808 4903">
     <span class='ocr_line' id='line_1_83' title="bbox 203 4830 1808 4903; baseline 0.001 -18"><span class='ocrx_word' id='word_1_708' title='bbox 203 4833 430 4886; x_wconf 88' lang='lat' dir='ltr'>nullum</span> <span class='ocrx_word' id='word_1_709' title='bbox 459 4831 633 4884; x_wconf 90' lang='lat' dir='ltr'>alium</span> <span class='ocrx_word' id='word_1_710' title='bbox 661 4830 869 4884; x_wconf 89' lang='lat' dir='ltr'>librum</span> <span class='ocrx_word' id='word_1_711' title='bbox 887 4848 921 4884; x_wconf 89' lang='lat' dir='ltr'>a</span> <span class='ocrx_word' id='word_1_712' title='bbox 947 4830 1197 4900; x_wconf 90' lang='lat' dir='ltr'>quolibet</span> <span class='ocrx_word' id='word_1_713' title='bbox 1225 4831 1397 4884; x_wconf 80' lang='lat' dir='ltr'>fratre</span> <span class='ocrx_word' id='word_1_714' title='bbox 1427 4831 1593 4885; x_wconf 90' lang='lat' dir='ltr'>debet</span> <span class='ocrx_word' id='word_1_715' title='bbox 1627 4833 1808 4903; x_wconf 90' lang='lat' dir='ltr'>requi-</span> 
     </span>
    </p>
   </div>
   <div class='ocr_carea' id='block_1_84' title="bbox 204 4919 1806 4990">
    <p class='ocr_par' dir='ltr' id='par_1_84' title="bbox 204 4919 1806 4990">
     <span class='ocr_line' id='line_1_84' title="bbox 204 4919 1806 4990; baseline 0.001 -16"><span class='ocrx_word' id='word_1_716' title='bbox 204 4938 354 4974; x_wconf 86' lang='lat' dir='ltr'>rere.</span> <span class='ocrx_word' id='word_1_717' title='bbox 381 4921 658 4974; x_wconf 78' lang='lat' dir='ltr'>Caeterum</span> <span class='ocrx_word' id='word_1_718' title='bbox 688 4921 758 4974; x_wconf 91' lang='lat' dir='ltr'>ad</span> <span class='ocrx_word' id='word_1_719' title='bbox 789 4920 1143 4974; x_wconf 89' lang='lat' dir='ltr'>collationem</span> <span class='ocrx_word' id='word_1_720' title='bbox 1161 4919 1450 4990; x_wconf 84' lang='lat' dir='ltr'>reportati,</span> <span class='ocrx_word' id='word_1_721' title='bbox 1473 4926 1537 4974; x_wconf 91' lang='lat' dir='ltr'>ut</span> <span class='ocrx_word' id='word_1_722' title='bbox 1552 4921 1806 4976; x_wconf 86' lang='lat' dir='ltr'>ordinate</span> 
     </span>
    </p>
   </div>
   <div class='ocr_carea' id='block_1_85' title="bbox 204 5008 1809 5080">
    <p class='ocr_par' dir='ltr' id='par_1_85' title="bbox 204 5008 1809 5080">
     <span class='ocr_line' id='line_1_85' title="bbox 204 5008 1809 5080; baseline 0.002 -18"><span class='ocrx_word' id='word_1_723' title='bbox 204 5009 265 5063; x_wconf 92' lang='lat' dir='ltr'>in</span> <span class='ocrx_word' id='word_1_724' title='bbox 289 5009 539 5064; x_wconf 90' lang='lat' dir='ltr'>armario</span> <span class='ocrx_word' id='word_1_725' title='bbox 569 5015 916 5080; x_wconf 86' lang='lat' dir='ltr'>reponantur</span> <span class='ocrx_word' id='word_1_726' title='bbox 945 5008 1089 5074; x_wconf 89' lang='lat' dir='ltr'>libri,</span> <span class='ocrx_word' id='word_1_727' title='bbox 1128 5009 1406 5062; x_wconf 89' lang='lat' dir='ltr'>armarius</span> <span class='ocrx_word' id='word_1_728' title='bbox 1461 5010 1547 5062; x_wconf 91' lang='lat' dir='ltr'>vel</span> <span class='ocrx_word' id='word_1_729' title='bbox 1585 5010 1809 5080; x_wconf 88' lang='lat' dir='ltr'>adjutor</span> 
     </span>
    </p>
   </div>
   <div class='ocr_carea' id='block_1_86' title="bbox 204 5097 1808 5169">
    <p class='ocr_par' dir='ltr' id='par_1_86' title="bbox 204 5097 1808 5169">
     <span class='ocr_line' id='line_1_86' title="bbox 204 5097 1808 5169; baseline 0.001 -17"><span class='ocrx_word' id='word_1_730' title='bbox 204 5099 332 5168; x_wconf 89' lang='lat' dir='ltr'>ejus</span> <span class='ocrx_word' id='word_1_731' title='bbox 361 5102 644 5168; x_wconf 89' lang='lat' dir='ltr'>procurat.</span> <span class='ocrx_word' id='word_1_732' title='bbox 667 5098 754 5151; x_wconf 87' lang='lat' dir='ltr'>Ad</span> <span class='ocrx_word' id='word_1_733' title='bbox 774 5097 966 5169; x_wconf 71' lang='lat' dir='ltr'>primae</span> <span class='ocrx_word' id='word_1_734' title='bbox 981 5114 1114 5168; x_wconf 91' lang='lat' dir='ltr'>ergo</span> <span class='ocrx_word' id='word_1_735' title='bbox 1127 5097 1522 5168; x_wconf 86' lang='lat' dir='ltr'>pulsationem,</span> <span class='ocrx_word' id='word_1_736' title='bbox 1546 5099 1808 5168; x_wconf 87' lang='lat' dir='ltr'>repositis</span> 
     </span>
    </p>
   </div>
   <div class='ocr_carea' id='block_1_87' title="bbox 202 5185 1807 5256">
    <p class='ocr_par' dir='ltr' id='par_1_87' title="bbox 202 5185 1807 5256">
     <span class='ocr_line' id='line_1_87' title="bbox 202 5185 1807 5256; baseline 0.002 -18"><span class='ocrx_word' id='word_1_737' title='bbox 202 5186 266 5240; x_wconf 92' lang='lat' dir='ltr'>in</span> <span class='ocrx_word' id='word_1_738' title='bbox 309 5187 555 5239; x_wconf 87' lang='lat' dir='ltr'>armario</span> <span class='ocrx_word' id='word_1_739' title='bbox 601 5185 780 5254; x_wconf 90' lang='lat' dir='ltr'>libris,</span> <span class='ocrx_word' id='word_1_740' title='bbox 812 5186 889 5251; x_wconf 91' lang='lat' dir='ltr'>hi,</span> <span class='ocrx_word' id='word_1_741' title='bbox 934 5186 1029 5256; x_wconf 92' lang='lat' dir='ltr'>qui</span> <span class='ocrx_word' id='word_1_742' title='bbox 1069 5186 1412 5239; x_wconf 89' lang='lat' dir='ltr'>matutinum</span> <span class='ocrx_word' id='word_1_743' title='bbox 1444 5185 1514 5239; x_wconf 92' lang='lat' dir='ltr'>ad</span> <span class='ocrx_word' id='word_1_744' title='bbox 1555 5192 1807 5241; x_wconf 90' lang='lat' dir='ltr'>sanctam</span> 
     </span>
    </p>
   </div>
   <div class='ocr_carea' id='block_1_88' title="bbox 204 5273 1810 5339">
    <p class='ocr_par' dir='ltr' id='par_1_88' title="bbox 204 5273 1810 5339">
     <span class='ocr_line' id='line_1_88' title="bbox 204 5273 1810 5339; baseline 0 -11"><span class='ocrx_word' id='word_1_745' title='bbox 204 5273 452 5328; x_wconf 87' lang='lat' dir='ltr'>Mariam</span> <span class='ocrx_word' id='word_1_746' title='bbox 475 5274 772 5339; x_wconf 90' lang='lat' dir='ltr'>audierint,</span> <span class='ocrx_word' id='word_1_747' title='bbox 796 5275 1139 5328; x_wconf 88' lang='lat' dir='ltr'>consuetudo</span> <span class='ocrx_word' id='word_1_748' title='bbox 1169 5280 1272 5339; x_wconf 92' lang='lat' dir='ltr'>est,</span> <span class='ocrx_word' id='word_1_749' title='bbox 1303 5284 1365 5327; x_wconf 82' lang='lat' dir='ltr'>ut</span> <span class='ocrx_word' id='word_1_750' title='bbox 1392 5279 1448 5327; x_wconf 92' lang='lat' dir='ltr'>et</span> <span class='ocrx_word' id='word_1_751' title='bbox 1474 5279 1703 5328; x_wconf 81' lang='lat' dir='ltr'>caeteras</span> <span class='ocrx_word' id='word_1_752' title='bbox 1734 5275 1810 5328; x_wconf 91' lang='lat' dir='ltr'>ibi</span> 
     </span>
    </p>
   </div>
   <div class='ocr_carea' id='block_1_89' title="bbox 209 5362 1811 5434">
    <p class='ocr_par' dir='ltr' id='par_1_89' title="bbox 209 5362 1811 5434">
     <span class='ocr_line' id='line_1_89' title="bbox 209 5362 1811 5434; baseline -0.001 -17"><span class='ocrx_word' id='word_1_753' title='bbox 209 5363 476 5434; x_wconf 85' lang='lat' dir='ltr'>(exceptis</span> <span class='ocrx_word' id='word_1_754' title='bbox 506 5362 941 5429; x_wconf 85' lang='lat' dir='ltr'>obedientiariis,</span> <span class='ocrx_word' id='word_1_755' title='bbox 991 5369 1048 5417; x_wconf 92' lang='lat' dir='ltr'>et</span> <span class='ocrx_word' id='word_1_756' title='bbox 1093 5363 1138 5416; x_wconf 91' lang='lat' dir='ltr'>si</span> <span class='ocrx_word' id='word_1_757' title='bbox 1183 5363 1278 5434; x_wconf 93' lang='lat' dir='ltr'>qui</span> <span class='ocrx_word' id='word_1_758' title='bbox 1329 5363 1472 5416; x_wconf 91' lang='lat' dir='ltr'>tales</span> <span class='ocrx_word' id='word_1_759' title='bbox 1511 5369 1662 5424; x_wconf 91' lang='lat' dir='ltr'>sunt,</span> <span class='ocrx_word' id='word_1_760' title='bbox 1715 5363 1811 5434; x_wconf 89' lang='lat' dir='ltr'>qui</span> 
     </span>
    </p>
   </div>
   <div class='ocr_carea' id='block_1_90' title="bbox 207 5452 1810 5522">
    <p class='ocr_par' dir='ltr' id='par_1_90' title="bbox 207 5452 1810 5522">
     <span class='ocr_line' id='line_1_90' title="bbox 207 5452 1810 5522; baseline 0 -17"><span class='ocrx_word' id='word_1_761' title='bbox 207 5453 381 5507; x_wconf 89' lang='lat' dir='ltr'>choro</span> <span class='ocrx_word' id='word_1_762' title='bbox 408 5453 679 5506; x_wconf 89' lang='lat' dir='ltr'>interesse</span> <span class='ocrx_word' id='word_1_763' title='bbox 706 5457 956 5522; x_wconf 90' lang='lat' dir='ltr'>possunt)</span> <span class='ocrx_word' id='word_1_764' title='bbox 987 5453 1221 5506; x_wconf 90' lang='lat' dir='ltr'>audiant</span> <span class='ocrx_word' id='word_1_765' title='bbox 1243 5453 1430 5518; x_wconf 91' lang='lat' dir='ltr'>horas,</span> <span class='ocrx_word' id='word_1_766' title='bbox 1464 5452 1656 5505; x_wconf 84' lang='lat' dir='ltr'>statim</span> <span class='ocrx_word' id='word_1_767' title='bbox 1677 5452 1810 5505; x_wconf 91' lang='lat' dir='ltr'>illuc</span> 
     </span>
    </p>
   </div>
   <div class='ocr_carea' id='block_1_91' title="bbox 210 5541 1810 5611">
    <p class='ocr_par' dir='ltr' id='par_1_91' title="bbox 210 5541 1810 5611">
     <span class='ocr_line' id='line_1_91' title="bbox 210 5541 1810 5611; baseline -0.001 -15"><span class='ocrx_word' id='word_1_768' title='bbox 210 5559 246 5596; x_wconf 90' lang='lat' dir='ltr'>a</span> <span class='ocrx_word' id='word_1_769' title='bbox 279 5546 556 5596; x_wconf 90' lang='lat' dir='ltr'>conventu</span> <span class='ocrx_word' id='word_1_770' title='bbox 583 5542 872 5596; x_wconf 87' lang='lat' dir='ltr'>secedunt.</span> <span class='ocrx_word' id='word_1_771' title='bbox 901 5541 986 5594; x_wconf 86' lang='lat' dir='ltr'>Ad</span> <span class='ocrx_word' id='word_1_772' title='bbox 1016 5542 1255 5595; x_wconf 88' lang='lat' dir='ltr'>aliarum</span> <span class='ocrx_word' id='word_1_773' title='bbox 1284 5557 1413 5594; x_wconf 89' lang='lat' dir='ltr'>vero</span> <span class='ocrx_word' id='word_1_774' title='bbox 1434 5541 1810 5611; x_wconf 91' lang='lat' dir='ltr'>pulsationem</span> 
     </span>
    </p>
   </div>
   <div class='ocr_carea' id='block_1_92' title="bbox 214 5629 1806 5700">
    <p class='ocr_par' dir='ltr' id='par_1_92' title="bbox 214 5629 1806 5700">
     <span class='ocr_line' id='line_1_92' title="bbox 214 5629 1806 5700; baseline -0.001 -17"><span class='ocrx_word' id='word_1_775' title='bbox 214 5631 508 5698; x_wconf 86' lang='lat' dir='ltr'>horarum,</span> <span class='ocrx_word' id='word_1_776' title='bbox 539 5635 817 5700; x_wconf 88' lang='lat' dir='ltr'>quotquot</span> <span class='ocrx_word' id='word_1_777' title='bbox 843 5647 908 5684; x_wconf 90' lang='lat' dir='ltr'>ex</span> <span class='ocrx_word' id='word_1_778' title='bbox 938 5629 1148 5685; x_wconf 87' lang='lat' dir='ltr'>eisdem</span> <span class='ocrx_word' id='word_1_779' title='bbox 1178 5629 1476 5685; x_wconf 90' lang='lat' dir='ltr'>conventui</span> <span class='ocrx_word' id='word_1_780' title='bbox 1505 5629 1806 5696; x_wconf 85' lang='lat' dir='ltr'>intersunt,</span> 
     </span>
    </p>
   </div>
   <div class='ocr_carea' id='block_1_93' title="bbox 1893 4470 3489 4543">
    <p class='ocr_par' dir='ltr' id='par_1_93' title="bbox 1893 4470 3489 4543">
     <span class='ocr_line' id='line_1_93' title="bbox 1893 4470 3489 4543; baseline 0 -16"><span class='ocrx_word' id='word_1_781' title='bbox 1893 4473 2113 4528; x_wconf 87' lang='lat' dir='ltr'>Litania</span> <span class='ocrx_word' id='word_1_782' title='bbox 2145 4470 2324 4542; x_wconf 87' lang='lat' dir='ltr'>parati</span> <span class='ocrx_word' id='word_1_783' title='bbox 2353 4470 2566 4523; x_wconf 88' lang='lat' dir='ltr'>intrent</span> <span class='ocrx_word' id='word_1_784' title='bbox 2586 4470 2657 4523; x_wconf 89' lang='lat' dir='ltr'>ad</span> <span class='ocrx_word' id='word_1_785' title='bbox 2673 4471 2869 4523; x_wconf 88' lang='lat' dir='ltr'>altare.</span> <span class='ocrx_word' id='word_1_786' title='bbox 2890 4470 3048 4523; x_wconf 91' lang='lat' dir='ltr'>Unde</span> <span class='ocrx_word' id='word_1_787' title='bbox 3077 4471 3266 4537; x_wconf 92' lang='lat' dir='ltr'>etiam,</span> <span class='ocrx_word' id='word_1_788' title='bbox 3295 4489 3489 4543; x_wconf 89' lang='lat' dir='ltr'>quam-</span> 
     </span>
    </p>
   </div>
   <div class='ocr_carea' id='block_1_94' title="bbox 1889 4558 3492 4634">
    <p class='ocr_par' dir='ltr' id='par_1_94' title="bbox 1889 4558 3492 4634">
     <span class='ocr_line' id='line_1_94' title="bbox 1889 4558 3492 4634; baseline 0.001 -18"><span class='ocrx_word' id='word_1_789' title='bbox 1889 4579 2056 4634; x_wconf 86' lang='lat' dir='ltr'>quam</span> <span class='ocrx_word' id='word_1_790' title='bbox 2086 4560 2270 4615; x_wconf 74' lang='lat' dir='ltr'>czeteri</span> <span class='ocrx_word' id='word_1_791' title='bbox 2296 4559 2353 4612; x_wconf 93' lang='lat' dir='ltr'>in</span> <span class='ocrx_word' id='word_1_792' title='bbox 2385 4558 2579 4612; x_wconf 91' lang='lat' dir='ltr'>ordine</span> <span class='ocrx_word' id='word_1_793' title='bbox 2607 4575 2728 4623; x_wconf 92' lang='lat' dir='ltr'>suo,</span> <span class='ocrx_word' id='word_1_794' title='bbox 2761 4559 2854 4612; x_wconf 92' lang='lat' dir='ltr'>isti</span> <span class='ocrx_word' id='word_1_795' title='bbox 2884 4563 3073 4614; x_wconf 80' lang='lat' dir='ltr'>tamen</span> <span class='ocrx_word' id='word_1_796' title='bbox 3113 4560 3196 4614; x_wconf 89' lang='lat' dir='ltr'>ita</span> <span class='ocrx_word' id='word_1_797' title='bbox 3219 4561 3492 4631; x_wconf 87' lang='lat' dir='ltr'>jacebunt</span> 
     </span>
    </p>
   </div>
   <div class='ocr_carea' id='block_1_95' title="bbox 1887 4647 3483 4718">
    <p class='ocr_par' dir='ltr' id='par_1_95' title="bbox 1887 4647 3483 4718">
     <span class='ocr_line' id='line_1_95' title="bbox 1887 4647 3483 4718; baseline 0.003 -16"><span class='ocrx_word' id='word_1_798' title='bbox 1887 4654 1952 4703; x_wconf 94' lang='lat' dir='ltr'>ut</span> <span class='ocrx_word' id='word_1_799' title='bbox 1976 4655 2240 4702; x_wconf 86' lang='lat' dir='ltr'>exeuntes</span> <span class='ocrx_word' id='word_1_800' title='bbox 2265 4653 2496 4701; x_wconf 74' lang='lat' dir='ltr'>caeteros</span> <span class='ocrx_word' id='word_1_801' title='bbox 2519 4664 2630 4701; x_wconf 92' lang='lat' dir='ltr'>non</span> <span class='ocrx_word' id='word_1_802' title='bbox 2657 4647 2992 4718; x_wconf 90' lang='lat' dir='ltr'>inquietent.</span> <span class='ocrx_word' id='word_1_803' title='bbox 3021 4649 3106 4702; x_wconf 90' lang='lat' dir='ltr'>Ad</span> <span class='ocrx_word' id='word_1_804' title='bbox 3133 4650 3483 4707; x_wconf 79' lang='lat' dir='ltr'>offerendum</span> 
     </span>
    </p>
   </div>
   <div class='ocr_carea' id='block_1_96' title="bbox 1886 4737 3480 4807">
    <p class='ocr_par' dir='ltr' id='par_1_96' title="bbox 1886 4737 3480 4807">
     <span class='ocr_line' id='line_1_96' title="bbox 1886 4737 3480 4807; baseline 0.002 -15"><span class='ocrx_word' id='word_1_805' title='bbox 1886 4755 1989 4792; x_wconf 93' lang='lat' dir='ltr'>nec</span> <span class='ocrx_word' id='word_1_806' title='bbox 2007 4738 2256 4791; x_wconf 88' lang='lat' dir='ltr'>anterior</span> <span class='ocrx_word' id='word_1_807' title='bbox 2304 4753 2406 4789; x_wconf 91' lang='lat' dir='ltr'>nec</span> <span class='ocrx_word' id='word_1_808' title='bbox 2446 4737 2738 4806; x_wconf 90' lang='lat' dir='ltr'>posterior,</span> <span class='ocrx_word' id='word_1_809' title='bbox 2796 4753 2966 4807; x_wconf 90' lang='lat' dir='ltr'>quam</span> <span class='ocrx_word' id='word_1_810' title='bbox 3011 4754 3146 4792; x_wconf 91' lang='lat' dir='ltr'>suus</span> <span class='ocrx_word' id='word_1_811' title='bbox 3185 4744 3273 4793; x_wconf 91' lang='lat' dir='ltr'>est</span> <span class='ocrx_word' id='word_1_812' title='bbox 3326 4741 3480 4807; x_wconf 91' lang='lat' dir='ltr'>ordo,</span> 
     </span>
    </p>
   </div>
   <div class='ocr_carea' id='block_1_97' title="bbox 1889 4825 3486 4900">
    <p class='ocr_par' dir='ltr' id='par_1_97' title="bbox 1889 4825 3486 4900">
     <span class='ocr_line' id='line_1_97' title="bbox 1889 4825 3486 4900; baseline 0.001 -18"><span class='ocrx_word' id='word_1_813' title='bbox 1889 4829 2186 4900; x_wconf 90' lang='lat' dir='ltr'>quisquam</span> <span class='ocrx_word' id='word_1_814' title='bbox 2211 4825 2455 4892; x_wconf 86' lang='lat' dir='ltr'>accedit;</span> <span class='ocrx_word' id='word_1_815' title='bbox 2485 4825 2531 4877; x_wconf 92' lang='lat' dir='ltr'>si</span> <span class='ocrx_word' id='word_1_816' title='bbox 2551 4829 2742 4878; x_wconf 91' lang='lat' dir='ltr'>tamen</span> <span class='ocrx_word' id='word_1_817' title='bbox 2771 4841 3015 4895; x_wconf 60' lang='lat' dir='ltr'>presens</span> <span class='ocrx_word' id='word_1_818' title='bbox 3041 4827 3229 4881; x_wconf 88' lang='lat' dir='ltr'>fuerit.</span> <span class='ocrx_word' id='word_1_819' title='bbox 3257 4827 3417 4891; x_wconf 88' lang='lat' dir='ltr'>Quod</span> <span class='ocrx_word' id='word_1_820' title='bbox 3434 4829 3486 4884; x_wconf 81' lang='lat' dir='ltr'>si</span> 
     </span>
    </p>
   </div>
   <div class='ocr_carea' id='block_1_98' title="bbox 1888 4913 3491 4990">
    <p class='ocr_par' dir='ltr' id='par_1_98' title="bbox 1888 4913 3491 4990">
     <span class='ocr_line' id='line_1_98' title="bbox 1888 4913 3491 4990; baseline 0 -19"><span class='ocrx_word' id='word_1_821' title='bbox 1888 4918 2090 4988; x_wconf 91' lang='lat' dir='ltr'>aliquis</span> <span class='ocrx_word' id='word_1_822' title='bbox 2127 4913 2456 4984; x_wconf 85' lang='lat' dir='ltr'>neglexerit,</span> <span class='ocrx_word' id='word_1_823' title='bbox 2489 4915 2584 4983; x_wconf 91' lang='lat' dir='ltr'>qui</span> <span class='ocrx_word' id='word_1_824' title='bbox 2614 4919 2749 4967; x_wconf 90' lang='lat' dir='ltr'>tunc</span> <span class='ocrx_word' id='word_1_825' title='bbox 2772 4914 2879 4984; x_wconf 92' lang='lat' dir='ltr'>ipsi</span> <span class='ocrx_word' id='word_1_826' title='bbox 2900 4914 3186 4984; x_wconf 86' lang='lat' dir='ltr'>proximus</span> <span class='ocrx_word' id='word_1_827' title='bbox 3214 4915 3491 4990; x_wconf 79' lang='lat' dir='ltr'>adest,_li-</span> 
     </span>
    </p>
   </div>
   <div class='ocr_carea' id='block_1_99' title="bbox 1889 5001 3338 5068">
    <p class='ocr_par' dir='ltr' id='par_1_99' title="bbox 1889 5001 3338 5068">
     <span class='ocr_line' id='line_1_99' title="bbox 1889 5001 3338 5068; baseline -0.003 -6"><span class='ocrx_word' id='word_1_828' title='bbox 1889 5013 1979 5062; x_wconf 93' lang='lat' dir='ltr'>cet</span> <span class='ocrx_word' id='word_1_829' title='bbox 1995 5006 2053 5059; x_wconf 90' lang='lat' dir='ltr'>in</span> <span class='ocrx_word' id='word_1_830' title='bbox 2084 5003 2278 5059; x_wconf 89' lang='lat' dir='ltr'>ordine</span> <span class='ocrx_word' id='word_1_831' title='bbox 2306 5001 2538 5056; x_wconf 87' lang='lat' dir='ltr'>inferior</span> <span class='ocrx_word' id='word_1_832' title='bbox 2562 5002 2655 5068; x_wconf 89' lang='lat' dir='ltr'>sit,</span> <span class='ocrx_word' id='word_1_833' title='bbox 2689 5003 2888 5056; x_wconf 72' lang='lat' dir='ltr'>offerre</span> <span class='ocrx_word' id='word_1_834' title='bbox 2919 5018 3033 5057; x_wconf 89' lang='lat' dir='ltr'>non</span> <span class='ocrx_word' id='word_1_835' title='bbox 3071 5003 3338 5060; x_wconf 86' lang='lat' dir='ltr'>tardabit.</span> 
     </span>
    </p>
   </div>
   <div class='ocr_carea' id='block_1_100' title="bbox 2415 5107 2951 5165">
    <p class='ocr_par' dir='ltr' id='par_1_100' title="bbox 2415 5107 2951 5165">
     <span class='ocr_line' id='line_1_100' title="bbox 2415 5107 2951 5165; baseline 0.004 -2"><span class='ocrx_word' id='word_1_836' title='bbox 2415 5107 2654 5164; x_wconf 82' lang='lat' dir='ltr'>CAPUT</span> <span class='ocrx_word' id='word_1_837' title='bbox 2703 5109 2951 5165; x_wconf 83' lang='lat' dir='ltr'>XLVIII.</span> 
     </span>
    </p>
   </div>
   <div class='ocr_carea' id='block_1_101' title="bbox 1893 5199 3483 5270">
    <p class='ocr_par' dir='ltr' id='par_1_101' title="bbox 1893 5199 3483 5270">
     <span class='ocr_line' id='line_1_101' title="bbox 1893 5199 3483 5270; baseline 0.003 -15"><span class='ocrx_word' id='word_1_838' title='bbox 1893 5201 2164 5269; x_wconf 87' lang='lat' dir='ltr'>Quomodo</span> <span class='ocrx_word' id='word_1_839' title='bbox 2194 5216 2246 5253; x_wconf 88' lang='lat' dir='ltr'>se</span> <span class='ocrx_word' id='word_1_840' title='bbox 2270 5203 2531 5268; x_wconf 63' lang='lat' dir='ltr'>preparet</span> <span class='ocrx_word' id='word_1_841' title='bbox 2560 5199 2632 5250; x_wconf 90' lang='lat' dir='ltr'>ad</span> <span class='ocrx_word' id='word_1_842' title='bbox 2655 5201 2986 5265; x_wconf 87' lang='lat' dir='ltr'>capitulum,</span> <span class='ocrx_word' id='word_1_843' title='bbox 3020 5203 3102 5254; x_wconf 87' lang='lat' dir='ltr'>vel</span> <span class='ocrx_word' id='word_1_844' title='bbox 3127 5201 3264 5270; x_wconf 77' lang='lat' dir='ltr'>quid</span> <span class='ocrx_word' id='word_1_845' title='bbox 3288 5202 3483 5270; x_wconf 78' lang='lat' dir='ltr'>faciat,</span> 
     </span>
    </p>
   </div>
   <div class='ocr_carea' id='block_1_102' title="bbox 2174 5270 3192 5325">
    <p class='ocr_par' dir='ltr' id='par_1_102' title="bbox 2174 5270 3192 5325">
     <span class='ocr_line' id='line_1_102' title="bbox 2174 5270 3192 5325; baseline 0 0"><span class='ocrx_word' id='word_1_846' title='bbox 2174 5274 2224 5325; x_wconf 87' lang='lat' dir='ltr'>si</span> <span class='ocrx_word' id='word_1_847' title='bbox 2252 5276 2324 5324; x_wconf 84' lang='lat' dir='ltr'>est</span> <span class='ocrx_word' id='word_1_848' title='bbox 2353 5272 2460 5323; x_wconf 84' lang='lat' dir='ltr'>sibi</span> <span class='ocrx_word' id='word_1_849' title='bbox 2473 5271 2717 5322; x_wconf 86' lang='lat' dir='ltr'>conscius</span> <span class='ocrx_word' id='word_1_850' title='bbox 2740 5270 2915 5322; x_wconf 84' lang='lat' dir='ltr'>ullius</span> <span class='ocrx_word' id='word_1_851' title='bbox 2933 5286 3192 5325; x_wconf 69' lang='lat' dir='ltr'>eacessus.</span> 
     </span>
    </p>
   </div>
   <div class='ocr_carea' id='block_1_103' title="bbox 1959 5357 3485 5432">
    <p class='ocr_par' dir='ltr' id='par_1_103' title="bbox 1959 5357 3485 5432">
     <span class='ocr_line' id='line_1_103' title="bbox 1959 5357 3485 5432; baseline 0.001 -17"><span class='ocrx_word' id='word_1_852' title='bbox 1959 5361 2082 5432; x_wconf 78' lang='grc' dir='ltr'>(ω).</span> <span class='ocrx_word' id='word_1_853' title='bbox 2112 5361 2259 5427; x_wconf 81' lang='lat' dir='ltr'>oar.)</span> <span class='ocrx_word' id='word_1_854' title='bbox 2287 5358 2520 5423; x_wconf 89' lang='lat' dir='ltr'>Quando</span> <span class='ocrx_word' id='word_1_855' title='bbox 2544 5357 2700 5411; x_wconf 90' lang='lat' dir='ltr'>scilla</span> <span class='ocrx_word' id='word_1_856' title='bbox 2743 5357 3000 5427; x_wconf 90' lang='lat' dir='ltr'>pulsatur</span> <span class='ocrx_word' id='word_1_857' title='bbox 3035 5359 3108 5412; x_wconf 89' lang='lat' dir='ltr'>ad</span> <span class='ocrx_word' id='word_1_858' title='bbox 3154 5361 3485 5430; x_wconf 90' lang='lat' dir='ltr'>capitulum,</span> 
     </span>
    </p>
   </div>
   <div class='ocr_carea' id='block_1_104' title="bbox 1891 5445 3489 5519">
    <p class='ocr_par' dir='ltr' id='par_1_104' title="bbox 1891 5445 3489 5519">
     <span class='ocr_line' id='line_1_104' title="bbox 1891 5445 3489 5519; baseline 0.003 -17"><span class='ocrx_word' id='word_1_859' title='bbox 1891 5453 2074 5502; x_wconf 89' lang='lat' dir='ltr'>cessat</span> <span class='ocrx_word' id='word_1_860' title='bbox 2101 5447 2170 5501; x_wconf 88' lang='lat' dir='ltr'>ab</span> <span class='ocrx_word' id='word_1_861' title='bbox 2197 5464 2282 5513; x_wconf 93' lang='lat' dir='ltr'>eo,</span> <span class='ocrx_word' id='word_1_862' title='bbox 2313 5447 2462 5518; x_wconf 92' lang='lat' dir='ltr'>quod</span> <span class='ocrx_word' id='word_1_863' title='bbox 2478 5452 2614 5500; x_wconf 92' lang='lat' dir='ltr'>tunc</span> <span class='ocrx_word' id='word_1_864' title='bbox 2635 5445 2749 5517; x_wconf 87' lang='lat' dir='ltr'>agit</span> <span class='ocrx_word' id='word_1_865' title='bbox 2770 5445 2975 5516; x_wconf 90' lang='lat' dir='ltr'>operis,</span> <span class='ocrx_word' id='word_1_866' title='bbox 2999 5447 3071 5501; x_wconf 90' lang='lat' dir='ltr'>ad</span> <span class='ocrx_word' id='word_1_867' title='bbox 3095 5450 3405 5519; x_wconf 76' lang='lat' dir='ltr'>capitulum</span> <span class='ocrx_word' id='word_1_868' title='bbox 3427 5469 3489 5507; x_wconf 88' lang='lat' dir='ltr'>se</span> 
     </span>
    </p>
   </div>
   <div class='ocr_carea' id='block_1_105' title="bbox 1892 5536 3490 5611">
    <p class='ocr_par' dir='ltr' id='par_1_105' title="bbox 1892 5536 3490 5611">
     <span class='ocr_line' id='line_1_105' title="bbox 1892 5536 3490 5611; baseline 0.001 -19"><span class='ocrx_word' id='word_1_869' title='bbox 1892 5555 2248 5611; x_wconf 85' lang='lat' dir='ltr'>praeperans;</span> <span class='ocrx_word' id='word_1_870' title='bbox 2283 5537 2619 5592; x_wconf 87' lang='lat' dir='ltr'>stamineum</span> <span class='ocrx_word' id='word_1_871' title='bbox 2665 5552 2828 5590; x_wconf 91' lang='lat' dir='ltr'>suum</span> <span class='ocrx_word' id='word_1_872' title='bbox 2855 5536 3104 5607; x_wconf 90' lang='lat' dir='ltr'>undique</span> <span class='ocrx_word' id='word_1_873' title='bbox 3132 5537 3396 5603; x_wconf 86' lang='lat' dir='ltr'>detrahit,</span> <span class='ocrx_word' id='word_1_874' title='bbox 3431 5544 3490 5594; x_wconf 90' lang='lat' dir='ltr'>et</span> 
     </span>
    </p>
   </div>
   <div class='ocr_carea' id='block_1_106' title="bbox 1897 5624 3487 5697">
    <p class='ocr_par' dir='ltr' id='par_1_106' title="bbox 1897 5624 3487 5697">
     <span class='ocr_line' id='line_1_106' title="bbox 1897 5624 3487 5697; baseline 0 -14"><span class='ocrx_word' id='word_1_875' title='bbox 1897 5629 2132 5684; x_wconf 89' lang='lat' dir='ltr'>honeste</span> <span class='ocrx_word' id='word_1_876' title='bbox 2167 5625 2470 5696; x_wconf 91' lang='lat' dir='ltr'>componit,</span> <span class='ocrx_word' id='word_1_877' title='bbox 2511 5631 2568 5679; x_wconf 90' lang='lat' dir='ltr'>et</span> <span class='ocrx_word' id='word_1_878' title='bbox 2586 5626 2784 5692; x_wconf 86' lang='lat' dir='ltr'>claves,</span> <span class='ocrx_word' id='word_1_879' title='bbox 2810 5624 2858 5679; x_wconf 90' lang='lat' dir='ltr'>si</span> <span class='ocrx_word' id='word_1_880' title='bbox 2886 5641 3025 5696; x_wconf 90' lang='lat' dir='ltr'>quas</span> <span class='ocrx_word' id='word_1_881' title='bbox 3053 5625 3224 5681; x_wconf 90' lang='lat' dir='ltr'>habet</span> <span class='ocrx_word' id='word_1_882' title='bbox 3251 5627 3487 5697; x_wconf 82' lang='lat' dir='ltr'>(qualis-</span> 
     </span>
    </p>
   </div>
  </div>
