3964 6406
514 410 627 473 979

1566 413 1622 472 S.
1660 412 2059 474 ‘GUILLELMI
2096 407 2400 474 ABBATIS
2434 407 2776 472 HTRSAUG.

3679 399 3796 472 ΨΘ

525 533 1282 612 cunquesitobedientiarius
1301 541 1792 614 receditideponit,
1815 537 2330 616 utparatusAsens
2362 557 2472 596 non
2491 539 2699 595 fuerit:
2731 537 2779 594 si
2823 529 2897 612 ‘de
2944 529 3032 590 via
3084 534 3314 592 veniens
3359 537 3424 591 in
3469 542 3537 592 ea
3575 533 3674 592 die
3716 534 3794 593 ad

527 626 619 692 sit,
647 629 696 682 si
722 629 868 683 forte
893 627 1165 699 judicium
1193 623 1652 700 subirejubetur,
1701 631 1726 655 '*
1762 633 1828 686 Et
1871 638 1934 685 ut
1975 631 2120 685 adsit

527 718 598 771 ad
628 734 849 772 versum
878 711 956 771 ibi
981 714 1278 772 dicendum
1309 719 1592 773 observat:
1641 721 1785 790 quod
1819 721 1864 773 si
1909 722 2013 774 hoc
2057 721 2116 774 in

529 803 930 860 consuetudine
971 803 1236 861 habuerit
1275 809 1576 878 negligere,
1613 803 1971 863 inclamatur.
2014 807 2114 863 At—

525 896 711 950 tendit
735 913 956 967 quoque
981 896 1028 949 si
1057 901 1282 951 notatus
1297 891 1360 950 in
1376 891 1567 951 tabula
1587 895 2018 962 ibinominatur,
2055 903 2119 952 ut

527 981 664 1038 tunc
694 985 964 1052 inclinet;
1001 988 1057 1038 et
1085 985 1130 1038 si
1165 979 1643 1040 hebdomadarius
1686 983 1763 1040 ibi
1803 987 2117 1058 appellatus

521 1070 710 1138 fuerit,
741 1065 856 1127 sive
875 1073 1000 1138 hoc,
1033 1073 1147 1127 sive
1175 1074 1462 1144 proprium
1487 1092 1689 1130 nomen
1733 1070 1810 1128 ibi
1838 1076 2112 1147 audierit;

524 1166 582 1214 et
643 1159 866 1233 quando
911 1158 1190 1216 festivitas
1229 1156 1436 1234 aliqua,
1483 1180 1607 1233 quae
1662 1164 1722 1218 in
1767 1163 1976 1235 Cappis
2031 1170 2116 1218 est

519 1250 758 1322 agenda,
776 1245 854 1304 ibi
873 1251 1237 1322 pronuntiata
1254 1251 1427 1305 fuerit
1445 1271 1456 1315 ;
1474 1252 1732 1306 similiter
1743 1259 1799 1306 et
1813 1253 2116 1307 inclinante

526 1333 732 1394 domno
765 1339 966 1394 abbate
993 1359 1005 1406 ;
1038 1341 1134 1394 sed
1157 1344 1214 1393 et
1235 1339 1459 1410 quando
1485 1338 1634 1394 idem
1667 1341 1905 1396 domnus
1920 1343 2110 1408 abbas,

521 1429 656 1502 (ιω.)
688 1426 778 1483 vel
807 1429 1058 1483 Ordinem
1103 1432 1302 1482 tenens
1349 1429 1500 1500 prior
1542 1429 1746 1483 dixerit
1791 1433 2109 1486 Bcnedicitc.

518 1513 806 1572 inclinat.‘
827 1517 949 1582 Quo
973 1518 1141 1580 dicto,
1173 1517 1242 1571 ob
1267 1535 1659 1588 quamcunque
1675 1536 1900 1572 causam
1926 1521 2114 1576 exiens

521 1607 636 1660 sive
665 1605 1024 1677 ingrediens;
1057 1601 1167 1659 nisi
1203 1623 1329 1660 cum
1370 1607 1576 1660 domno
1603 1607 1820 1670 abbate,
1857 1609 1942 1662 vel
1987 1627 2112 1664 cum

2200 635 2366 686 ﬁnem
2400 625 2637 700 alicujus
2664 624 2816 682 liora:
2843 627 3291 680 benedictiOnem
3329 633 3447 682 non
3491 625 3792 697 acceperit,

2202 725 2282 776 vel
2315 723 2360 775 si
2391 713 2599 790 absque
2631 737 2697 773 ea
2717 720 2786 771 de
2805 711 3148 770 monasterio
3169 715 3384 778 exierit,
3414 711 3516 770 sed
3535 715 3689 770 infra
3706 715 3796 770 bi—

2201 806 2374 864 duum
2401 825 2512 862 non
2539 804 2792 862 redierit.
2827 807 2973 860 Sane
3001 815 3110 858 non
3146 804 3325 858 solum
3346 813 3450 875 pro
3468 809 3646 876 supra
3675 801 3798 858 dici-

2197 899 2292 958 tis.
2322 899 2416 953 sed
2448 890 2573 951 aliis
2604 896 2937 967 quibUSdam
2959 893 3314 964 negligentiis
3329 893 3496 948 Venia
3515 887 3792 948 facienda.

2195 989 2354 1045 Sicut
2383 993 2486 1042 est.
2519 985 2565 1040 si
2603 981 2828 1046 librum,
2861 981 2961 1054 "qui
2986 983 3048 1036 in
3085 977 3230 1036 ‘feria
3259 982 3455 1052 quinta
3479 983 3799 1053 quadrage-

2198 1079 2355 1133 simae
2385 1079 2435 1132 ei
2457 1075 2622 1131 datus
2644 1074 2746 1136 est,
2778 1066 2923 1127 infra
2948 1079 3156 1126 annum
3174 1081 3290 1124 non
3312 1071 3618 1142 perlegerit
3647 1091 3660 1139 ;
3691 1077 3796 1142 pro

2198 1187 2307 1242 quo
2337 1175 2524 1223 tamen
2542 1165 2763 1218 Veniam
2787 1163 3038 1242 revoluto
3068 1172 3216 1214 anno
3235 1159 3293 1214 in
3315 1161 3508 1214 eodem
3525 1153 3622 1214 ‘di‘e
3633 1160 3792 1228 facit;

2197 1260 2242 1314 si
2273 1257 2560 1328 corporale
2593 1255 2673 1306 vel
2704 1242 3048 1306 offertorium
3081 1248 3166 1303 vel
3195 1250 3430 1303 linteum
3461 1249 3530 1303 ad
3561 1255 3794 1320 portan-

2197 1347 2298 1403 dos
2323 1346 2542 1406 calices,
2583 1342 2668 1396 vel
2700 1341 2768 1394 ad
2799 1347 3062 1412 patenam
3090 1329 3481 1392 i’nvolvendam
3509 1341 3790 1408 aptatum,

2197 1441 2266 1494 de
2287 1440 2409 1508 ejus
2431 1433 2765 1504 negligentia
2779 1424 2845 1484 ad
2867 1436 3077 1484 terram
3101 1427 3398 1493 ceciderit;
3429 1428 3471 1481 si
3491 1420 3794 1481 icctionem

2197 1542 2355 1580 suam
2385 1524 2471 1576 vel
2501 1519 2916 1590 responsorium
2947 1517 3176 1571 omnino
3198 1517 3596 1586 neglexerit;s1
3617 1517 3792 1569 talem

2198 1613 2442 1667 sonitum
2475 1611 2532 1664 in
2561 1609 2889 1662 dormitorio
2921 1613 3091 1660 noctu
3117 1605 3330 1666 fecerit,
3361 1617 3464 1676 per
3483 1617 3646 1675 quem
3673 1604 3793 1658 fra-

519 1696 706 1750 nudus
753 1691 956 1766 aliquis
1000 1695 1311 1759 intraverit,
1363 1689 1499 1748 dicit
1541 1699 1872 1758 Benedz‘cz’le;
1914 1698 1993 1752 ita
2027 1703 2110 1758 ut.
2197 1708 2313 1756 tres
2343 1688 2703 1771 inquietavit;
2739 1698 2784 1750 si
2811 1697 2868 1750 in
2894 1693 3222 1760 inﬁrmaria,
3251 1695 3338 1746 vel
3385 1695 3443 1747 in
3467 1695 3612 1748 ’cella
3641 1693 3797 1746 novi-

521 1781 620 1856 qui
645 1801 818 1855 prope
839 1783 1068 1855 capituli
1099 1783 1294 1838 sedent
1321 1778 1635 1848 introitum,
1685 1785 1976 1840 audientes
2024 1805 2162 1859 re-k
2199 1791 2406 1844 tiorum
2439 1805 2536 1859 pro
2580 1785 2961 1840 misericordia
3001 1783 3246 1837 dormire
3294 1783 3618 1852 permissus,
3657 1788 3797 1836 ante

519 1850 835 1946 spondeam
862 1850 1148 1926 Dominus.
1181 1873 1293 1926 Sed
1333 1872 1378 1926 si
1425 1873 1670 1944 aliquem
1718 1875 2109 1942 introduxerit,
2131 1850 2499 1934 Bnocturnos
2529 1875 2749 1938 biberit,
2785 1873 3037 1944 quamvis
3058 1887 3224 1926 mane
3252 1850 3373 1926 sine
3409 1867 3636 1926 licentia
3661 1869 3799 1927 inde

521 1963 774 2034 apertius
805 1961 1215 2032 aliquantulum
1255 1961 1312 2014 id
1337 1961 1492 2028 dicit,
1543 1967 1600 2016 et
1641 1967 1776 2016 tunc
1813 1971 2116 2020 conventus
2195 1986 2305 2022 non
2347 1967 2580 2020 exierit:
2611 1963 2656 2018 si
2687 1963 3052 2016 mutatorium
3083 1976 3248 2014 suum
3279 1960 3337 2014 in
3379 1959 3670 2014 Dominico
3701 1956 3798 2014 die

515 2051 836 2122 respondet.
879 2049 938 2104 Si
967 2049 1076 2104 duo
1118 2051 1200 2105 vel
1231 2046 1418 2121 plures
1442 2051 1793 2119 intraverint,
1815 2047 1911 2107 ille
1941 2054 2111 2122 solus,
2197 2059 2255 2112 in
2293 2055 2538 2127 capitulo
2569 2052 2863 2110 invenerit,
2883 2052 2996 2104 sive
3022 2049 3202 2121 pridie
3228 2050 3288 2103 in
3303 2049 3648 2102 monasterio
3667 2049 3798 2102 fue-

519 2139 616 2213 qui
642 2135 926 2212 praecedit,
958 2139 1261 2194 Benedicite
1299 2137 1452 2193 dicit.
2197 2148 2274 2200 rit
2295 2146 2380 2199 vel
2411 2161 2544 2198 non.
2585 2143 2643 2196 Si
2689 2132 2822 2212 quid
2865 2139 2998 2202 tale.
3038 2137 3184 2192 sicut
3222 2141 3306 2192 est
3353 2139 3536 2208 major
3573 2150 3794 2203 cereus,

1087 2225 1321 2283 CAPUT
1348 2221 1540 2282 XLIX.
2195 2233 2441 2304 fregerit,
2477 2228 2786 2303 perdiderit
2825 2231 2909 2282 vel
2951 2226 3296 2300 profuderit;
3345 2227 3392 2280 si
3445 2225 3582 2297 quid
3627 2225 3799 2280 vesti-

860 2319 939 2372 Ne
965 2334 1252 2372 conversus
1281 2335 1316 2371 a
1345 2334 1590 2371 sermone
1611 2320 1768 2372 desit.
2197 2323 2371 2377 menti
2399 2323 2486 2376 sui
2517 2320 2879 2392 pejoraverit;
2911 2319 2996 2372 vel
3026 2317 3069 2372 si
3093 2317 3389 2386 corrigiam
3419 2315 3795 2381 raseriorum,

584 2406 608 2433 "
631 2403 850 2462 Verum
881 2423 1179 2461 conversus
1211 2406 1280 2460 ad
1313 2423 1628 2460 sermonem
1660 2424 1730 2460 ne
1755 2401 1916 2471 desit,
1951 2426 2108 2462 sum-
2190 2413 2270 2466 ita
2289 2417 2350 2466 ut
2379 2410 2562 2464 eidem
2591 2411 2738 2463 ultro
2766 2407 2893 2461 usui
2919 2421 3030 2460 non
3060 2407 3256 2476 prosit,
3289 2403 3587 2470 inciderit;
3635 2404 3684 2457 si
3719 2401 3796 2457 li-

515 2501 912 2569 moperecavet
934 2515 947 2563 ;
970 2513 1097 2550 cum
1125 2493 1366 2548 maxime
1386 2500 1616 2565 propter
1635 2491 1776 2550 tales
1802 2495 1923 2550 ﬁeri
1945 2497 2104 2552 solet.
2191 2497 2376 2560 brum,
2408 2499 2466 2552 in
2499 2515 2607 2569 quo
2645 2495 2714 2550 ad
2759 2495 3114 2550 refectorium
3163 2487 3334 2548 debet
3375 2484 3507 2563 l‘egi,
3562 2489 3631 2546 de
3664 2494 3798 2562 ejus

512 2585 666 2640 Infra
687 2601 852 2656 quem
875 2584 1044 2638 etiam
1059 2584 1103 2636 si
1121 2577 2109 2656 dormierit,inclamatur.Postquam
2192 2583 2447 2659 neglectu
2470 2587 2526 2640 in
2552 2593 2806 2656 tempore
2834 2585 2911 2638 ibi
2933 2571 3188 2646 defuerit,
3214 2583 3262 2636 is
3281 2593 3382 2652 pro
3397 2576 3510 2648 his,
3533 2581 3793 2652 inquam,

514 2677 706 2728 autem
735 2689 770 2726 a
789 2675 1018 2726 tenente
1041 2671 1294 2725 ordinem
1321 2669 1559 2725 dicitur:
1598 2673 1914 2740 Loquimini
1941 2673 2003 2727 de.
2024 2691 2111 2728 ογ-
2193 2679 2452 2732 omnibUS
2482 2687 2592 2730 non
2619 2659 2956 2728 inclamat'us
2974 2673 3194 2726 ‘veniam
3226 2675 3397 2742 petat,
3437 2669 3498 2724 et
3519 2665 3702 2724 oratio
3737 2671 3797 2724 ei

512 2763 661 2828 dine,
689 2767 745 2816 et
771 2759 842 2815 ad
871 2761 1146 2815 actionem
1179 2760 1407 2831 capituli
1445 2765 1671 2814 ventum
1702 2762 1890 2823 fuerit,
1912 2771 2110 2834 eXspe-
2191 2777 2293 2837 pro
2340 2761 2693 2834 indulgentia
2737 2765 3094 2833 injungatur‘;
3140 2761 3197 2814 ni
3244 2765 3362 2814 tam
3412 2754 3678 2830 frequens
3733 2761 3800 2813 iet

513 2853 720 2920 ctatur,
751 2851 798 2904 si
829 2848 954 2922 quis
977 2847 1238 2903 infirmus
1275 2848 1352 2902 ibi
1393 2847 1485 2913 sit,
1524 2849 1620 2920 qui
1671 2867 1770 2920 pro
1809 2851 2108 2906 refectione
2190 2849 2318 2910 talis
2347 2853 2420 2909 sit
2467 2855 2650 2924 culpa,
2691 2869 2813 2924 quae
2851 2842 3024 2922 priori
3057 2847 3334 2914 videatur,
3368 2853 3483 2902 non
3538 2847 3620 2904 sic
3663 2857 3798 2902 esSe

511 2937 715 3005 carnis,
741 2956 911 3012 quam
939 2939 1220 3004 habuerit,
1245 2939 1464 2991 veniam
1494 2941 1686 3009 petere
1712 2938 1932 3004 debeat,
1967 2946 2022 2994 et
2061 2942 2108 2995 si
2191 2943 2610 2999 remittendam.

511 3027 828 3097 circatores,
861 3028 955 3100 qui
985 3029 1198 3100 primas
1235 3025 1663 3081 inclamationes
1693 3029 1924 3094 faciunt,
1972 3029 2104 3100 quid
2254 3027 2469 3088 Tamen
2495 3028 2711 3086 restant
2737 3019 2866 3095 tria,
2913 3043 3016 3098 pro
3066 3041 3306 3098 quorum
3349 3027 3608 3097 neglectu
3652 3021 3795 3083 item

507 3117 663 3190 loqui
685 3113 1099 3188 habeant;(uo.
1134 3123 1276 3186 var.)
1309 3111 1510 3169 deinde
1555 3115 1602 3169 si
1648 3115 1783 3186 quid
1823 3118 1875 3170 ei
1917 3132 2162 3194 exces-in
2187 3129 2385 3194 Sponte
2417 3138 2518 3176 sua
2547 3121 2766 3174 veniam
2795 3123 2968 3188 petat,
2996 3108 3092 3170 sed
3151 3111 3342 3170 tamen
3375 3115 3652 3186 judicium
3697 3131 3801 3172 ne-

507 3169 1096 3190 _-r___-e-v-,,-_,\e,,
1146 3169 1151 3170 ν
1263 3169 1274 3186 ,
1664 3169 1701 3186 ι,
1738 3169 1781 3170 η
1832 3169 1874 3170 η

505 3223 602 3260 sus
631 3201 990 3277 aliquomodo
1013 3205 1264 3275 contigit,
1301 3221 1400 3275 pro
1431 3222 1541 3276 quo
1563 3205 1682 3260 sine
1711 3169 2162 3260 inclamationeC

2149 3194 2164 3228 λ
2189 3227 2472 3282 quaquam
2505 3210 2733 3268 evadat;
2767 3207 2976 3261 scilicet
2999 3206 3046 3259 si
3069 3205 3193 3276 quis
3219 3209 3276 3258 et
3293 3196 3366 3258 de
3394 3194 3481 3259 bis
3507 3206 3800 3276 negligen-

509 3289 677 3349 debet
698 3295 916 3348 veniam
939 3293 1583 3365 petere,neinclametur
1601 3295 1720 3365 ipse
1741 3295 2101 3366 praeveniens,
2187 3300 2298 3362 tiis,
2337 3316 2458 3370 quze
2486 3299 2545 3351 in
2573 3295 2791 3350 abbatis
2804 3295 3048 3366 capitulo
3076 3293 3456 3360 inveniuntur,
3478 3293 3535 3346 in
3558 3301 3798 3364 corpore

2186 3390 2272 3442 vel
2301 3387 2578 3456 sanguine
2613 3377 2838 3440 Domini
2867 3380 2982 3437 sive
3005 3383 3148 3436 clam
3169 3382 3285 3436 sive
3305 3383 3490 3454 palam
3513 3383 3791 3449 evenerit;

2185 3477 2235 3531 si
2261 3491 2361 3548 per
2385 3477 2528 3530 duas
2560 3475 2705 3528 vices
2731 3475 2788 3528 in
2811 3480 2982 3538 anno,
3014 3471 3068 3525 id
3104 3477 3191 3525 est
3235 3471 3462 3542 quando
3511 3468 3794 3528 Nativitas

2187 3572 2246 3621 ct
2272 3565 2640 3620 Annuntiatio
2670 3561 2894 3618 Domini
2935 3553 3331 3633 pronuntiatur
3361 3561 3418 3615 in
3443 3561 3688 3633 capitulo
3728 3562 3793 3616 in

2186 3653 2286 3708 tali
2314 3660 2568 3724 tempore
2597 3651 2674 3706 ibi
2703 3659 2816 3704 non
2837 3650 2962 3717 erit,
2996 3656 3062 3704 ut
3091 3661 3218 3704 cum
3247 3655 3524 3704 conventu
3564 3647 3792 3705 veniam

2187 3741 2368 3798 facere
2389 3742 2582 3814 possit,
2608 3741 2845 3794 maxime
2874 3750 3000 3792 cum
3023 3739 3262 3810 pulsatio
3291 3747 3414 3808 quae
3452 3733 3654 3792 eadem
3700 3745 3793 3794 ca-

2187 3831 2368 3904 pitula
2396 3831 2661 3902 praecedit
2681 3825 2806 3882 aliis
2826 3820 3200 3898 capitulorum
3232 3823 3642 3898 pulsationibus
3664 3835 3792 3898 pro-

2185 3918 2349 3974 lixior
2373 3920 2464 3973 sit.
2500 3915 2607 3973 Sed
2629 3919 2744 3971 haec
2772 3916 2968 3987 regula
3001 3915 3081 3970 eis
3110 3913 3330 3969 tantum
3353 3915 3788 3982 esthnstituta,

2183 4001 2278 4080 qui
2309 4001 2392 4062 vel
2421 4009 2480 4062 in
2507 4005 2848 4060 monasterio
2877 3999 3129 4075 proxima
3156 4005 3318 4058 nocte
3349 4008 3658 4070 manentes,
3695 4006 3789 4060 vel

2182 4115 2212 4153 e
2239 4097 2416 4151 vicino
2447 4093 2808 4150 advenientes
2838 4106 2938 4165 pro
2950 4087 3067 4148 sola
3097 4093 3183 4148 sui
3212 4093 3556 4164 negligentia
3586 4087 3794 4165 pradi-

2181 4188 2284 4242 ctis
2323 4185 2580 4257 capitulis
2624 4193 2735 4238 non
2774 4180 3150 4237 interfuerint.
3227 4180 3285 4237 Si
3326 4178 3462 4237 dum
3511 4179 3785 4240 mandato

2182 4277 2355 4330 trium
2385 4285 2695 4345 pauperum
2713 4264 3028 4343 adseriptus
3044 4272 3232 4326 fuerit.
3257 4281 3440 4342 neque
3464 4271 3584 4344 ipse
3602 4281 3792 4344 neque

2183 4363 2326 4418 alius
2359 4369 2556 4432 rogatu
2580 4355 2685 4414 hoc
2713 4361 2886 4431 ipsius
2913 4357 3121 4415 fecerit.
3149 4360 3255 4424 Qui
3278 4371 3406 4415 vero
3436 4363 3492 4416 in
3510 4361 3792 4418 alterutra

509 3379 627 3438 sive
655 3379 798 3436 alius
825 3381 982 3446 vidit,
1033 3383 1147 3435 sive
1179 3399 1308 3445 non,
1353 3383 1571 3436 veniam
1620 3384 1779 3454 petit,
1830 3401 2105 3455 suamque

509 3471 732 3543 culpam
763 3471 986 3526 fatetur.
1021 3467 1132 3524 Sed
1163 3473 1594 3542 quantacunque
1615 3473 1880 3535 fateatur,
1915 3477 2106 3528 tamen

506 3577 622 3616 non
643 3559 885 3631 amplius
911 3559 1128 3613 veniam
1154 3559 1312 3630 petit,
1347 3567 1548 3630 praeter
1575 3555 1730 3614 illam
1765 3571 1933 3632 qnam
1960 3563 2105 3632 peti-

507 3650 607 3713 vit,
639 3649 749 3702 nisi
774 3645 1125 3703 inclametur.
1158 3651 1180 3672 "
1205 3647 1278 3702 Et
1307 3643 1593 3704 sciendum
1623 3647 1769 3720 quod
1807 3647 1996 3720 plures
2028 3650 2105 3704 si-

511 3735 630 3794 mul
655 3754 758 3810 pro
787 3733 1018 3792 diversis
1048 3733 1228 3792 causis
1257 3737 1478 3792 veniam
1524 3744 1714 3809 petere
1765 3755 1875 3793 non
1911 3739 2106 3810 prohi-

506 3823 734 3888 bentur,
783 3828 840 3880 et
886 3825 1033 3898 quod
1077 3828 1266 3881 nullus
1309 3832 1394 3880 est
1448 3827 1585 3891 dies,
1636 3829 1863 3898 excepto
1921 3827 2104 3900 primo

506 3913 763 3972 Paschali
795 3922 913 3970 tam
939 3917 1208 3980 'solemni,
1239 3931 1340 3987 pro
1379 3911 1538 3986 cujus
1581 3915 1895 3970 reverentia
1939 3918 2101 3971 venia

505 4023 618 4061 non
648 4001 724 4060 sit
741 4006 1002 4077 petenda,
1048 4006 1105 4058 et
1150 4002 1520 4076 proclamatio
1560 4001 1790 4059 omnino
1831 3999 2096 4074 vitanda;

504 4090 603 4151 sed
630 4095 821 4149 tamen
851 4094 912 4148 in
932 4093 1226 4164 praecipuis
1273 4093 1428 4148 festis
1475 4093 1578 4148 hoc
1621 4095 1812 4164 agitur
1852 4095 2094 4166 parcius,

509 4200 679 4257 quam
699 4182 760 4238 in
791 4181 918 4238 aliis
946 4181 1158 4237 diebus.

1140 4268 1372 4328 CAPUT
1411 4267 1470 4328 L.

717 4361 826 4416 Pro
857 4363 1053 4430 quibus
1081 4363 1261 4414 causis
1291 4363 1442 4416 ultro
1479 4365 1699 4417 veniam
1727 4361 1881 4431 petit.

577 4447 600 4475 θ
625 4449 768 4505 Sunt
787 4459 980 4538 autem
1006 4449 1259 4538 quaedam
1287 4451 1566 4538 instituta,
1601 4449 1803 4521 quibus
1832 4449 1879 4504 si
1921 4447 2166 4538 deeritD
2187 4445 2454 4523 prazdicta
2483 4449 2784 4505 festivitate
2809 4442 2878 4504 de
2907 4449 3095 4520 aliqua
3128 4447 3395 4505 cellarum
3422 4452 3507 4505 vel
3527 4445 3794 4538 obedien-

505 4537 656 4596 ultro
677 4535 898 4594 veniam
917 4536 1072 4611 petit.
1103 4537 1164 4594 Id
1211 4545 1297 4593 est
1323 4533 1370 4593 si
1411 4536 1558 4593 infra
1607 4537 1880 4593 ambitum
1930 4533 2150 4617 muri:

446 4661 449 4664 -
505 4627 593 4684 vel
614 4631 772 4683 extra
798 4627 857 4682 in
887 4623 1170 4683 vicinitate
1197 4645 1449 4695 manens,
1471 4625 1637 4682 alicui
1665 4630 1907 4699 regulari
1930 4627 2098 4695 horae,

505 4718 620 4773 sive
657 4714 770 4772 illis
799 4717 978 4772 tribus
1013 4713 1380 4780 orationibus,
1431 4734 1556 4786 quae
1610 4719 1740 4770 ante
1777 4725 2097 4784 nocturnos,

503 4807 590 4862 vel
620 4805 680 4862 in
710 4807 909 4879 hyeme
933 4810 1064 4860 ante
1100 4805 1326 4859 tertiam
1379 4805 1540 4870 ﬁunt,
1589 4823 1701 4859 non
1744 4803 2098 4875 interfuerit;

505 4891 616 4951 nisi
645 4895 789 4951 forte
817 4891 893 4949 sit
921 4890 1181 4948 sacerdos
1207 4897 1265 4946 et
1294 4891 1523 4947 interim
1554 4899 1742 4948 cantet
1762 4895 2013 4961 missam,
2047 4903 2104 4950 et

505 4986 629 5056 ejus
656 4985 899 5055 adjutor,
936 4980 1022 5036 vel
1060 4995 1246 5036 custos
1294 4983 1537 5037 ecclesiae
1585 5000 1712 5037 cum
1749 4981 2102 5056 adjutoribus

504 5074 621 5130 suis
651 5069 863 5128 hostias
901 5068 1054 5138 facit,
1089 5071 1174 5125 vel
1203 5067 1406 5143 aliquis
1450 5089 1550 5142 pro
1582 5068 1910 5127 infirmitate
1958 5075 2102 5128 infra

507 5181 680 5218 unam
709 5164 906 5216 horam
934 5161 1178 5214 balneat.
1198 5161 1256 5214 Si
1277 5159 1602 5232 capitulum,
1621 5163 1706 5215 vel
1726 5163 2098 5230 collationem,

505 5251 595 5308 vel
623 5251 796 5315 illam,
833 5265 956 5321 quae
983 5254 1114 5303 ante
1161 5247 1388 5303 missam
1436 5249 1624 5321 agitur
1668 5252 2098 5322 processionem,

503 5343 591 5398 vel
619 5358 758 5413 opus
789 5356 1081 5402 manuum,
1108 5339 1190 5392 vel
1221 5340 1484 5410 generale
1536 5341 1866 5394 mandatum
1917 5344 1999 5407 (et
2055 5343 2102 5396 si

505 5435 633 5498 post
679 5429 1020 5486 lavationem
1068 5429 1268 5500 pedum
1309 5429 1622 5498 advenerit)
1662 5429 1745 5482 vel
1781 5425 2103 5499 generalem

503 5519 863 5575 refectionem
895 5517 1206 5572 dimiserit:
1233 5519 1278 5572 si
1301 5536 1505 5572 mensae
1527 5515 1718 5582 lector,
1747 5517 1830 5570 vel
1852 5520 2103 5588 coquinae

506 5605 979 5662 hebdomadarius
1025 5607 1082 5662 in
1125 5603 1357 5661 sabbato
1395 5607 1620 5660 notatus
1655 5605 2100 5662 benedictionem

509 5695 844 5765 neglexerit:
878 5697 928 5749 si
947 5696 1018 5750 ad
1047 5714 1403 5751 communem
1423 5697 1665 5750 fratrum
1687 5713 1942 5752 rasuram
1963 5715 2102 5769 prae-

2184 4541 2410 4597 tlarum.
2447 4552 2567 4610 qnee
2581 4539 2744 4608 longe
2774 4544 2906 4593 sunt
2933 4545 3180 4604 remotae,
3211 4539 3294 4592 vel
3327 4539 3423 4610 qui
3461 4547 3562 4610 pro
3595 4535 3789 4612 aliqUO

2185 4623 2386 4683 itinere
2409 4630 2596 4683 triduo
2627 4629 2848 4690 missus,
2879 4628 2937 4682 in
2967 4623 3252 4682 redeundo
3283 4629 3612 4699 tempestive
3657 4628 3790 4700 qui-

2184 4719 2309 4772 dem
2333 4718 2560 4788 ceperit,
2595 4717 2690 4770 sed
2725 4715 2780 4770 in
2805 4711 3005 4772 itinere
3021 4716 3279 4787 jumento
3301 4727 3402 4772 suo
3428 4717 3525 4772 aut
3553 4717 3787 4785 comite,

2185 4808 2269 4862 vel
2300 4809 2355 4860 in
2409 4807 2592 4877 seipso
2648 4801 2857 4876 aliquid
2910 4807 3022 4861 tale
3069 4801 3536 4877 impedimentum
3588 4815 3793 4878 passus

2184 4897 2371 4962 fuerit,
2405 4911 2504 4966 pro
2523 4909 2633 4966 quo
2665 4903 2795 4948 ante
2834 4896 3144 4965 capitulum
3190 4897 3384 4950 venire
3433 4902 3544 4950 non
3585 4892 3788 4968 possit.

2184 4991 2310 5056 post
2333 4985 2574 5048 veniam,
2607 4995 2777 5038 causa
2815 4985 3166 5038 necessitatis
3191 4997 3304 5040 suae
3332 4982 3604 5056 eXposita,
3641 4982 3792 5040 liber

2183 5067 2448 5128 abscedit.
2482 5069 2758 5128 Czeterum
2791 5090 2890 5144 pro
2921 5073 3008 5127 his
3037 5066 3409 5144 negligentiis.
3435 5081 3573 5146 quas
3611 5071 3794 5130 fl'ater

2186 5177 2249 5216 ex
2270 5163 2374 5217 hoc
2399 5155 2684 5216 incurrere
2714 5163 2938 5234 poterit,
2978 5155 3064 5216 vel
3109 5164 3156 5216 si
3196 5171 3482 5217 necturnae
3523 5161 3788 5230 orationi,

2183 5251 2269 5306 vel
2298 5252 2542 5322 regulari
2566 5253 2713 5306 horae
2744 5251 2828 5305 'v'el
2858 5248 3088 5306 Litaniae
3117 5258 3245 5322 post
3273 5249 3533 5324 primam,
3558 5243 3642 5306 vel
3680 5261 3790 5308 cae-

2188 5342 2320 5395 teris
2349 5338 2576 5406 talibds,
2611 5351 2732 5411 quae
2756 5342 3041 5411 praemissa
3064 5347 3214 5406 sunt,
3244 5353 3352 5396 non
3385 5337 3626 5406 affuerit,
3645 5336 3790 5396 nihil

2186 5438 2272 5484 est
2293 5431 2438 5502 quod
2471 5439 2596 5483 eum
2629 5448 2661 5482 a
2691 5431 2931 5500 petenda
2967 5431 3128 5484 venia
3173 5435 3414 5492 excuset,
3467 5429 3575 5484 nisi
3616 5435 3789 5501 rlipta

2185 5537 2342 5573 vena.
2366 5521 2448 5572 vel
2493 5521 2558 5562 (³η
2583 5518 2814 5572 naribus
2834 5519 3308 5589 ﬂuorsangulnls;
3336 5520 3480 5574 sicut
3501 5519 3558 5574 et
3584 5517 3631 5573 si
3652 5531 3783 5573 eum

2184 5609 2330 5662 intra
2365 5609 2614 5662 mon‘is‘r‘
2642 5607 2784 5667 ium,
2822 5607 2903 5660 vel
2931 5615 3088 5663 extra
3115 5609 3172 5662 in
3198 5607 3479 5662 vicinitate
3495 5609 3616 5679 ers
3637 5609 3784 5678 posi-

2179 5703 2304 5753 tum
2329 5697 2558 5752 interim
2617 5699 2947 5766 06"";r‘tum
3001 5711 3122 5752 esse
3175 5694 3484 5768 contingat.
3541 5685 3778 5762 Quando
