3964 6386
220 329 346 389 981

1284 336 1707 393 CONBTITUT.
1749 336 2090 395 HIRSAUG;
2131 346 2198 382 '-J-
2236 340 2376 397 LIB.
2413 341 2461 398 I.

3396 341 3503 403 982

218 456 409 512 alibdi
435 458 637 514 horum
653 457 914 514 instituto
932 459 1203 515 interesse
1224 466 1333 516 non
1353 462 1580 531 debuit;
1606 468 1824 537 praeter,
1845 463 2071 522 Amare
2099 483 2209 520 non
2242 466 2508 537 potuerit,
2543 466 2671 520 ideo
2700 466 2982 535 reticebit';
3013 469 3112 523 sed
3139 468 3354 525 tamdiu
3373 476 3498 525 eam

222 548 389 616 quod
419 547 768 618 pragmissum
795 550 896 605 est.
924 549 992 603 de
1020 551 1285 604 mandato
1307 552 1475 606 trium
1494 556 1824 625 pauperum,

217 635 300 688 de
332 637 608 707 neglectis
636 637 860 691 duabus
892 638 1088 700 veniis,
1127 639 1183 692 id
1215 646 1299 695 est
1329 642 1592 712 invigilia
1611 645 1825 697 Nativi-

214 724 370 778 tatis
399 726 624 779 Domini
670 732 730 780 et
757 728 1193 783 Annuntlatione
1245 730 1439 800 ipsius;
1472 732 1543 786 de
1572 734 1827 802 neglecta

212 820 361 884 post
387 814 633 885 aliquam
660 815 857 869 horam
890 818 1191 871 Benedz‘cite
1246 826 1374 889 post
1423 822 1664 875 reditum
1708 841 1721 889 ;
1755 823 1824 876 de

210 904 344 957 non
364 902 685 974 accipiendo
704 906 829 958 eam
857 904 917 958 in
942 905 1093 960 Exitu
1127 924 1140 973 ι
1181 907 1228 960 si
1254 907 1367 962 non
1387 909 1620 964 redierit
1648 911 1715 965 de
1738 913 1825 966 via

209 996 360 1063 pust
381 991 638 1047 biduum;
672 993 783 1048 Sed
811 994 1122 1063 sciendum,
1174 996 1220 1049 si
1275 997 1579 1068 aliquando
1609 1001 1822 1054 aestatis

209 1088 485 1153 tempore
509 1082 839 1137 dormienda
862 1089 1069 1138 nonam
1102 1086 1430 1154 neglexerit;
1464 1089 1608 1157 quod
1632 1089 1820 1143 statim

212 1189 496 1244 percussa
520 1172 715 1227 tabula
741 1174 962 1228 veniam
994 1175 1156 1245 petit,
1190 1192 1297 1228 non
1330 1192 1559 1231 servans
1607 1184 1731 1230 eam
1760 1177 1818 1231 in

211 1262 539 1316 crastinum
568 1259 896 1334 capitulum.

847 1352 1081 1407 CAPUT
1105 1353 1194 1406 LI.

210 1442 332 1494 Pro
350 1443 551 1509 quibus
570 1444 750 1495 causis
771 1445 987 1495 veniam
1010 1456 1123 1494 non
1142 1442 1309 1509 petat,
1329 1444 1443 1495 nisi
1456 1445 1808 1496 inclamatus.

290 1533 315 1554 "
339 1525 497 1594 Quod
527 1527 575 1584 sl
603 1529 747 1584 alius
766 1529 835 1584 de
864 1528 961 1583 illo
993 1530 1397 1595 reclamaverit,
1429 1535 1561 1584 tunc
1586 1533 1811 1602 quidem

198 1619 477 1690 quotiens
508 1619 577 1673 de
604 1633 665 1672 se
703 1617 1011 1673 reclamare
1059 1620 1145 1672 vel
1192 1620 1437 1690 priorem
1493 1620 1625 1691 quid
1674 1623 1807 1686 tale,

201 1720 323 1778 quo
354 1708 576 1778 culpam
606 1709 729 1777 ejus
756 1713 933 1767 notet.
966 1707 1119 1777 loqui
1149 1708 1408 1774 audierit;
1435 1709 1641 1763 totiens
1668 1726 1806 1781 quo-

1910 553 1967 607 in
1993 555 2268 609 memoria
2297 556 2578 623 retinebit,
2609 556 2786 611 donec
2817 557 3158 612 reclamandi
3187 559 3370 614 locum
3400 560 3498 613 lia-

1910 641 2120 700 buerit.

1980 733 2244 793 Quamvis
2271 735 2438 788 etiam
2472 751 2583 789 non
2615 736 2689 789 sit
2718 737 3064 791 consuetudo
3090 740 3155 790 ut
3185 737 3390 807 aliquis
3417 741 3500 791 to-

1906 826 2025 874 tum
2060 829 2392 876 conventum
2428 825 2753 894 proclamet.
2782 830 2971 879 tamen
3000 825 3319 895 quicunque
3345 830 3502 879 tenet

1904 910 2210 980 capitulum
2242 912 2375 965 data
2415 913 2710 966 occasione
2744 913 2908 983 jubet
2960 913 3354 968 unlversaliter
3372 914 3499 968 illos

1905 999 2123 1052 veniam
2156 1006 2364 1070 petere,
2395 1000 2490 1071 qui
2519 1002 2805 1056 diurnales
2834 1002 3048 1056 calceos
3098 1008 3157 1056 et
3193 1003 3403 1056 cultros
3439 1003 3501 1056 in

1904 1088 2205 1157 praesentia
2233 1104 2344 1142 non
2372 1089 2599 1143 habenti
2631 1091 2945 1161 Aliquando
2973 1107 3089 1155 eos;
3131 1091 3227 1161 qui
3272 1091 3344 1145 ad
3382 1096 3498 1146 tres

1902 1177 2200 1241 orationes,
2245 1194 2368 1247 quae
2396 1194 2561 1232 mane
2585 1179 2730 1232 ﬁunt
2756 1185 2884 1250 post
2918 1179 3187 1245 sonitum,
3239 1184 3297 1233 et
3322 1180 3494 1234 inter-

1903 1263 2036 1318 dum
2063 1265 2208 1329 illos,
2238 1267 2330 1336 qui
2359 1283 2471 1320 non
2500 1267 2730 1321 fuerunt
2758 1269 2829 1322 'ad
2858 1269 3271 1339 processidnem
3306 1269 3394 1323 vel
3420 1268 3489 1323 ad

1901 1353 2201 1407 stationem
2231 1361 2354 1424 quia
2384 1357 2447 1408 fit
2474 1356 2544 1409 ad
2575 1360 2817 1419 crucem;
2874 1357 2958 1411 vel
2985 1357 3058 1411 ad
3095 1362 3348 1411 sanctam
3378 1357 3492 1411 Ma-

1902 1440 2062 1494 riam.
2101 1441 2215 1495 lioc
2267 1450 2456 1497 autem
2502 1445 2812 1498 secundum
2868 1444 3281 1500 institutionem
3339 1444 3488 1504 beati

1898 1529 2283 1597 Utilonis(iOl
2328 1537 2369 1599 ‘)
2395 1549 2616 1586 summo
2672 1534 2983 1588 cavendum
3036 1538 3122 1588 'es‘t
3163 1535 3369 1602 studio,
3409 1540 3481 1589 ne

1892 1619 2073 1689 turpis
2098 1621 2420 1674 reclamatio
2451 1622 2716 1675 audiatur
2744 1622 2801 1675 in
2832 1622 3111 1693 capitulo;
3153 1623 3251 1677 sed
3279 1623 3325 1677 ’si
3356 1623 3482 1694 quis

1887 1706 2117 1779 ignarus
2146 1707 2289 1762 forte
2310 1710 2517 1779 profari
2555 1710 2803 1781 coeperit,
2826 1711 2999 1781 priol',
3028 1711 3112 1765 vel
3133 1710 3368 1781 quilibet
3385 1728 3484 1766 au-

203 1809 325 1866 que
354 1794 480 1850 sine
510 1794 669 1850 mota
688 1797 907 1851 veniam
938 1797 1077 1867 petit
1116 1814 1127 1849 :
1160 1802 1216 1851 et
1245 1812 1373 1850 cum
1402 1798 1723 1863 surrexerit,
1759 1801 1867 1877 'siB
1887 1797 2066 1861 diens,
2118 1803 2437 1852 reverenter
2466 1799 2690 1868 satagit,
2744 1815 2814 1852 ne
2863 1800 2935 1853 ad
2980 1800 3326 1854 audientiam
3356 1801 3483 1854 eon-

197 1897 264 1938 se
303 1898 469 1938 reum
501 1882 671 1949 novit,
704 1899 830 1939 cum
860 1884 1014 1938 omni
1050 1885 1370 1940 humilitate
1422 1892 1479 1940 et
1531 1888 1805 1957 promissa

196 1972 605 2028 emendatione
633 1974 854 2044 culpam
884 1974 1043 2027 suam
1072 1974 1336 2041 fateatur,
1372 1976 1584 2030 nullam
1632 1992 1804 2047 agens

196 2063 614 2125 defensionem,
647 2063 756 2117 nisi
779 2062 825 2115 si
856 2063 1148 2116 rationalis
1173 2079 1342 2117 causa
1368 2071 1454 2118 est
1483 2065 1568 2118 vel
1598 2080 1803 2136 magna

195 2153 532 2219 necessitas,
560 2163 659 2222 pro
685 2158 795 2222 qua
823 2153 994 2206 talem
1058 2152 1295 2206 incurrit
1333 2162 1640 2217 excessum,
1688 2169 1801 2210 non

195 2236 582 2310 multilquid.
614 2240 713 2293 sed
761 2238 1089 2310 simpliciter
1129 2242 1329 2295 humili
1362 2244 1567 2312 promit
1618 2244 1801 2314 subje-

193 2328 408 2392 ctione;
463 2334 521 2382 et
551 2338 650 2399 pro
678 2330 777 2384 tali
823 2332 986 2401 culpa
1022 2328 1238 2401 praelati
1282 2331 1621 2384 sententiam
1670 2346 1796 2386 cum

197 2411 478 2486 patientia
497 2412 768 2485 sustinet;
798 2419 978 2472 sciens
1019 2417 1381 2489 impatientiae
1412 2421 1634 2489 culpam
1664 2427 1799 2491 gra-

194 2502 351 2557 viore
384 2507 735 2576 correptione
763 2507 1192 2560 emendandam.
1227 2508 1280 2561 Si
1312 2513 1502 2561 autem
1525 2508 1594 2562 de
1625 2509 1798 2563 incla-

193 2597 354 2646 mata
391 2610 506 2648 non
543 2600 629 2648 est
672 2594 776 2649 sibi
812 2594 1080 2659 conscius,
1118 2608 1221 2649 nec
1256 2596 1417 2649 fateri
1460 2613 1563 2650 nec
1599 2599 1804 2668 impor-

191 2684 335 2735 tune
377 2683 615 2752 heg'are,
647 2684 746 2738 sed
783 2685 865 2738 rei
898 2684 1188 2737 veritatem
1221 2684 1387 2738 debet
1413 2685 1646 2740 honeste
1674 2704 1801 2757 prc-

191 2770 360 2825 ferre.
409 2770 570 2835 Quod
614 2769 661 2825 si
707 2772 906 2827 sedens
931 2778 988 2827 et
1023 2773 1474 2827 reclamationem
1505 2774 1573 2828 de
1602 2792 1662 2828 se
1692 2792 1796 2830 au-

191 2859 376 2925 diens,
412 2873 569 2930 prius
600 2862 954 2932 responderit
1001 2876 1169 2933 quam
1196 2862 1414 2916 veniam
1449 2863 1689 2933 petierit,
1728 2882 1793 2918 ex

194 2946 301 3000 hoc
328 2947 666 3004 inclamatus
696 2957 752 3003 et
782 2951 998 3004 veniam
1023 2958 1217 3021 petens
1240 2951 1296 3004 in
1328 2952 1449 3022 ipso
1480 2953 1661 3006 frocco
1691 2964 1792 3007 suo

193 3050 367 3090 unam
393 3046 519 3091 cum
543 3035 696 3108 virga
714 3040 1072 3109 percussione
1094 3040 1372 3110 macciplt.
1403 3041 1523 3104 Qua
1544 3044 1789 3112 accepta,

1887 1892 2084 1939 ventus
2108 1886 2329 1952 veniat;
2362 1887 2461 1939 sed
2491 1886 2881 1956 necjudici'um
2936 1888 3140 1953 evadit,
3189 1889 3286 1958 qui
3330 1888 3480 1943 scius

1885 1968 2205 2043 hujusmodi
2235 1973 2317 2026 rei
2356 1975 2469 2027 tale
2495 1974 2624 2045 quid
2654 1973 2729 2027 ibi
2762 1975 3013 2044 proferre
3039 1976 3478 2047 praesumpserit.

1883 2058 2029 2116 Nam
2059 2072 2161 2116 nec
2185 2063 2303 2116 ulla
2323 2063 2683 2117 comostionis
2712 2063 2796 2117 vel
2843 2063 3126 2117 bibitionis
3164 2063 3375 2117 mentio
3399 2064 3478 2118 ibi

1881 2151 2049 2206 debet
2068 2152 2208 2216 ﬁeri,
2240 2151 2343 2204 nisi
2365 2152 2507 2206 forte
2535 2153 2604 2205 de
2629 2152 2818 2222 aliquo
2840 2152 3149 2206 inﬁrmiore
3169 2153 3342 2207 fratre
3370 2152 3477 2206 mi-

1881 2251 1988 2294 nus
2034 2256 2094 2294 se
2141 2239 2420 2294 reﬁciente
2449 2241 2683 2293 honeste
2718 2241 2958 2307 dicatur,
3019 2240 3168 2311 quod
3209 2240 3474 2310 indignus

1881 2329 1957 2382 sit
1982 2329 2181 2399 gratiae
2205 2347 2217 2395 ;
2250 2330 2336 2381 vel
2364 2328 2674 2382 admonitio
2704 2330 2803 2383 fiat
2835 2329 2903 2383 de
2932 2345 3078 2400 pane
3098 2329 3183 2382 vel
3211 2329 3320 2383 alio
3351 2328 3473 2384 cibo

1882 2418 2231 2487 negligenter
2259 2422 2475 2488 parato.
2510 2416 2719 2471 Verum
2747 2416 2801 2487 si
2824 2417 2948 2487 quis
2975 2416 3147 2471 frater
3194 2418 3308 2471 tale
3337 2418 3473 2488 quid

1882 2521 2072 2574 agens,
2108 2505 2254 2575 quod
2283 2505 2575 2558 reclamari
2631 2512 2744 2558 non
2793 2510 2994 2575 potest,
3043 2510 3103 2559 ‘et
3151 2505 3473 2560 admonitus

1881 2594 2183 2647 emendare
2220 2593 2479 2659 noluerit,
2538 2595 2586 2647 is
2625 2594 2719 2664 qui
2748 2600 2974 2648 causam
3022 2594 3267 2664 agnovit,
3306 2593 3475 2648 debet

1881 2699 2003 2736 eam
2035 2683 2206 2753 priori
2231 2683 2598 2746 innotescere,
2622 2688 2686 2736 ut
2706 2682 2775 2735 ab
2796 2684 2916 2753 ipso
2938 2683 3118 2736 frater
3139 2682 3472 2753 delinquens

1877 2779 2091 2825 secreto
2113 2771 2435 2842 increpetur
2461 2771 2573 2825 acri
2603 2771 2998 2841 increpatione.
3033 2770 3142 2824 Sed
3182 2771 3231 2824 si
3259 2787 3363 2824 nec
3391 2770 3470 2825 sic

1876 2860 2176 2913 emendare
2201 2860 2456 2921 voluerit,
2485 2858 2638 2929 prior
2664 2859 2744 2912 illi
2769 2859 2827 2912 in
2847 2859 3089 2929 capitulo
3109 2858 3179 2913 de
3198 2858 3309 2913 alia
3326 2874 3468 2929 qua-

1875 2948 2013 3002 libet
2040 2950 2203 3019 culpa
2229 2948 2530 3001 inclamato
2558 2949 2705 3001 hanc
2752 2948 2812 3001 in
2843 2947 3174 3001 memoriam
3224 2947 3464 3015 reducit,

1875 3053 2003 3091 eum
2030 3037 2237 3108 aliquid
2284 3037 2397 3089 tale
2422 3036 2794 3105 commisisse,
2847 3036 2996 3106 quod
3041 3035 3119 3089 ibi
3157 3036 3467 3090 reclaman-

195 3126 497 3196 postqualn
527 3093 880 3198 responderit
907 3130 1023 3182 Mea
1053 3133 1233 3196 culpa,
1273 3093 2007 3201 iubetiirsurgerefcdum
2069 3093 2184 3180 non
2238 3125 2334 3192 sit,
2401 3129 2461 3178 ut
2526 3093 2831 3179 conventus
2861 3093 3172 3195 fagnoécat,
3243 3129 3309 3178 ut
3384 3124 3465 3178 sic

194 3215 400 3269 Postea
428 3230 528 3286 pro
554 3230 663 3286 quo
693 3220 778 3269 est
812 3216 1148 3270 reclamatus
1178 3218 1437 3282 sustinet,
1471 3219 1619 3289 quod
1650 3228 1786 3290 prm-
1867 3215 1986 3269 sine
2026 3216 2235 3269 offensa
2297 3214 2535 3267 fratrum
2597 3213 2655 3266 in
2710 3229 2843 3267 eum
2881 3213 3108 3283 gravius
3172 3213 3462 3268 emendari

190 3302 307 3356 lato
338 3302 576 3358 videtur.
606 3304 764 3358 Unde
789 3306 1007 3371 sedens,
1040 3305 1088 3358 si
1112 3306 1403 3359 inclamari
1426 3323 1486 3360 se
1514 3308 1779 3372 audierit,
1867 3305 2059 3375 possit.

188 3390 273 3445 vel
302 3407 415 3446 non
444 3392 678 3447 audiens
707 3394 777 3447 ab
831 3395 939 3448 alio
977 3395 1298 3449 admonitus
1349 3395 1535 3462 fuerit,
1589 3398 1781 3452 statim
1935 3394 1997 3446 In
2020 3391 2246 3463 judiciis
2267 3395 2455 3445 autem
2480 3389 2750 3445 faciendis
2769 3406 2883 3444 non
2904 3390 3137 3444 minima
3157 3389 3324 3445 debet
3337 3398 3460 3446 esse

189 3494 426 3551 surgens
481 3483 701 3536 veniam
765 3483 934 3554 petit,
998 3484 1168 3537 etiam
1220 3484 1268 3537 si
1322 3500 1435 3537 non
1490 3485 1780 3540 intellexe-
1863 3481 2124 3535 discretio
2153 3481 2409 3534 ordinem
2429 3479 2705 3533 tenentis:
2740 3495 2839 3549 pro
2884 3480 3051 3550 culpa
3102 3479 3274 3544 enim,
3332 3496 3456 3550 quae

188 3570 282 3634 rit,
346 3572 480 3641 quid
540 3571 599 3626 in
661 3581 721 3625 se
786 3572 1153 3626 reclamatum
1218 3573 1316 3628 sit.
1389 3573 1497 3627 Sed
1549 3581 1607 3627 et
1650 3576 1778 3628 nul-
1861 3570 1919 3624 in
1951 3570 2255 3641 quemlibet
2283 3570 2621 3623 reclamatur
2665 3568 2971 3622 secundum
3015 3568 3099 3622 rei
3126 3568 3458 3639 qualitatem

189 3658 276 3713 lus
314 3672 441 3714 eum
494 3666 626 3715 ante
679 3661 912 3732 petitam
979 3662 1198 3714 veniam
1254 3678 1518 3716 excusare
1574 3677 1780 3733 praesu-
1861 3660 2329 3729 autindulgentia
2359 3664 2458 3712 aut
2486 3658 2768 3727 vapulatio
2799 3662 2899 3711 aut
2926 3657 3146 3711 levioris
3177 3657 3455 3711 sententia

187 3748 309 3813 mit,
341 3749 509 3803 etiam
539 3750 587 3803 si
625 3751 745 3820 ejus
773 3750 1150 3804 innocentiam
1181 3750 1414 3805 noverit.
1440 3753 1556 3805 Hoc
1585 3758 1775 3806 autem
1860 3750 2035 3820 culpae
2078 3749 2351 3820 sequitur;
2386 3749 2531 3802 Nam
2560 3747 2845 3800 silentione
2885 3753 2984 3800 aut
3005 3747 3286 3816 jejunium
3314 3747 3456 3801 nulli

185 3834 493 3891 inclamans
521 3838 687 3892 debet
706 3851 917 3902 cavere.
952 3854 1023 3892 ne
1053 3838 1153 3909 pro
1182 3852 1298 3894 una
1354 3854 1413 3893 re
1467 3841 1607 3894 duas
1646 3856 1773 3894 eum
1858 3838 2140 3892 indicitur.
2174 3839 2336 3892 Solus
2356 3844 2545 3891 autem
2573 3835 2746 3889 abbas
2801 3835 2937 3903 ligat
2978 3834 3254 3904 gravioris
3276 3836 3453 3905 culpae

187 3926 374 3980 venias
401 3932 591 3998 petere
618 3924 789 3981 faciat
820 3945 833 3993 ;
876 3928 973 3980 sed
1025 3928 1205 3998 primo
1261 3934 1452 3998 aperte
1491 3936 1548 3983 et
1591 3929 1771 4000 ipsam
1857 3926 2153 3980 sententia.
2189 3925 2321 3988 Quae
2351 3930 2543 3978 autem
2581 3923 2648 3976 ad
2677 3922 2991 3992 graviorem
3012 3922 3233 3992 culpam
3262 3921 3453 3976 viden-

1853 4020 1949 4068 tur
1978 4016 2275 4083 pertinere,
2309 4014 2378 4067 de
2406 4014 2490 4066 his
2520 4028 2633 4065 non
2674 4012 2873 4081 loquar
2921 4011 3025 4064 hac
3071 4010 3208 4063 vice.
3275 4010 3449 4065 Porr‘o

1853 4104 2041 4157 nullus
2069 4103 2344 4156 stamineo
2366 4099 2520 4172 (102)
2540 4104 2741 4153 exutus
2793 4098 3140 4161 verberatur,
3207 4098 3316 4152 nisi
3354 4106 3446 4153 re—

1852 4187 2012 4241 bellis
2041 4194 2163 4241 esse
2189 4187 2459 4240 videatur.
2493 4185 2593 4239 Ille
2621 4188 2809 4237 autem
2837 4182 3056 4237 rebellis
3076 4194 3197 4237 esse
3218 4183 3442 4253 judica-

1853 4282 1965 4340 tur,
2010 4277 2106 4347 qui
2138 4275 2309 4346 priori
2355 4274 2413 4327 in
2464 4273 2708 4343 capitulo
2736 4279 2948 4326 temere
2975 4272 3329 4339 contradicit,
3358 4273 3446 4327 vel

185 4028 411 4070 causam
435 4016 767 4070 nominatim
800 4016 965 4069 dicat.
1008 4017 1152 4069 Nam
1193 4017 1239 4070 si
1279 4022 1408 4071 eum
1447 4023 1640 4072 centra
1678 4034 1771 4072 or-

184 4104 369 4158 dinem
400 4101 593 4158 iciﬁsse
630 4104 848 4165 dixerit;
901 4105 1009 4158 nisi
1061 4104 1250 4158 statim
1308 4106 1582 4176 adjungat
1620 4108 1771 4177 quod

184 4190 390 4260 iecerit,
419 4196 637 4249 veniam
671 4200 862 4266 petere
891 4192 994 4248 ille
1016 4198 1129 4248 non
1159 4204 1431 4257 moratur,
1464 4197 1616 4251 dicta
1643 4210 1770 4252 cau-

182 4294 245 4336 sa
270 4278 435 4337 aliain
463 4280 761 4354 petiturus.
796 4284 956 4346 Quod
986 4284 1032 4336 bi
1063 4284 1192 4336 eum
1226 4285 1390 4338 aliter
1436 4299 1605 4356 quam
1642 4301 1771 4340 con-

187 4371 379 4436 veniat,
410 4369 811 4437 inclamaverit,
842 4356 1071 4424 tolerari
1114 4370 1340 4441 quidem
1371 4374 1556 4439 debet,
1592 4375 1769 4428 donec
1787 4410 1836 4441 η
1854 4365 1983 4435 quia
2006 4366 2112 4418 hoc
2132 4364 2279 4434 quod
2307 4362 2411 4416 sibi
2432 4362 2764 4431 iniungitur,
2779 4376 3123 4432 quamquam
3140 4361 3307 4416 verbo
3328 4378 3442 4417 non

184 4455 273 4513 ille
306 4469 523 4514 sessum
551 4461 758 4527 veniat,
817 4466 876 4513 et
903 4466 1038 4513 tunc
1080 4461 1389 4515 inclamari.
1440 4461 1545 4517 Sed
1578 4462 1635 4517 et
1665 4464 1769 4518 hoc
1790 4450 1802 4468 ¹

1888 4453 2213 4516 cntradicat,
2242 4468 2409 4522 agere
2434 4456 2625 4504 tamen
2664 4450 3000 4520 dedignatur
3026 4455 3103 4517 et,
3133 4456 3199 4505 ut
3226 4451 3300 4505 de
3328 4467 3445 4505 ma-

185 4542 466 4600 scienddm
503 4544 590 4601 est
648 4547 796 4618 quod
834 4547 1043 4610 nullus,
1085 4546 1192 4600 nisi
1249 4548 1762 4614 ordinem’tenens,
1841 4542 2058 4612 ﬁoribus
2084 4547 2321 4607 taceam,
2353 4540 2524 4593 etiam
2554 4540 2649 4610 (illi
2683 4540 2756 4593 de
2785 4539 3049 4604 minimis.
3080 4540 3283 4610 (ξυλεία
3305 4556 3442 4596 eum

184 4634 253 4687 de
276 4636 382 4688 alio
412 4634 486 4688 ibi
508 4637 772 4706 loquetur
795 4649 1053 4688 sermone
1075 4634 1145 4687 ad
1187 4634 1346 4688 illum
1366 4636 1601 4702 directo,
1635 4655 1682 4689 v.
1705 4655 1761 4708 g.
1847 4632 2242 4694 reclamantur,
2278 4636 2389 4683 non
2420 4630 2537 4682 Vult
2573 4630 2632 4681 se
2658 4627 2940 4698 corrigere
2968 4629 3347 4699 negligentiis.
3380 4631 3434 4688 Ι.

184 4718 245 4777 ut
269 4718 414 4777 dicat
447 4723 536 4778 Vo}
574 4726 687 4783 hoc,
734 4728 815 4777 vel
848 4722 994 4776 illud
1047 4724 1252 4788 fecistis
1276 4741 1292 4785 ;
1333 4739 1436 4778 nec
1466 4725 1762 4797 quisquam
1847 4719 2097 4773 Rebellio
2151 4719 2376 4788 proprie
2408 4718 2611 4771 dicitur
2636 4717 3034 4785 inobedientia,
3077 4734 3206 4773 cum
3234 4719 3307 4773 ab
3333 4719 3439 4774 abr-

185 4812 285 4865 nisi
313 4813 458 4883 quod
500 4819 718 4867 certum
773 4811 993 4871 habeat.
1036 4812 1341 4867 inclamare
1378 4814 1573 4883 debet;
1619 4822 1678 4868 ut
1718 4814 1764 4868 si
1845 4808 1973 4862 hate
2011 4808 2097 4861 vel
2136 4807 2320 4877 priore
2358 4806 2524 4859 alicui
2585 4806 2891 4877 quidquam
2950 4806 3289 4877 iniungitur,
3352 4824 3439 4863 se-

184 4901 271 4954 ille
294 4901 651 4955 inclamatam
681 4902 900 4971 culpam
933 4901 1240 4969 negaverit,
1261 4902 1389 4968 iste,
1423 4904 1571 4957 unde
1600 4904 1758 4969 sciat,
1842 4914 1953 4967 que
1990 4898 2094 4951 hoc
2132 4912 2244 4949 non
2283 4895 2468 4948 facere
2502 4900 2699 4964 aperte
2737 4894 2885 4949 vocis
2923 4897 3275 4951 contumacia
3300 4904 3436 4966 pro-

186 4989 298 5043 ea'm
319 4990 604 5043 evidenter
618 4989 826 5052 dicere,
862 4988 1060 5058 possit.
1094 4989 1497 5045 Verumtamen
1528 4991 1587 5045 in
1616 4992 1761 5062 prio-
1842 4986 2060 5042 litetur.
2095 4986 2167 5039 II.
2208 4983 2455 5037 Rebellio
2478 4988 2581 5044 ests
2614 4999 2740 5036 cum
2770 4983 2897 5053 quis
2941 5000 2977 5038 a
3005 4984 3235 5054 praelato
3254 4986 3435 5040 corri-

182 5078 253 5133 ris
278 5084 550 5149 potestate
570 5078 695 5139 erit.
727 5079 1008 5149 quomodo
1051 5080 1179 5134 talis
1234 5080 1397 5150 culpa
1446 5082 1754 5134 remaneat.
1840 5077 2010 5147 pitur,
2041 5080 2102 5128 et
2127 5089 2241 5127 non
2276 5073 2460 5126 solum
2483 5071 2718 5124 eandem
2748 5073 3162 5141 correptionem
3194 5090 3304 5129 non
3332 5076 3436 5130 hu»

184 5160 315 5220 Nam
342 5167 445 5221 etsi
468 5167 705 5221 leviores
724 5180 910 5222 causa;
940 5170 1269 5239 plerumque
1291 5167 1623 5222 mediocrius
1647 5169 1760 5221 t‘ra-
1842 5165 2053 5218 militer
2096 5162 2358 5217 sustinet.
2405 5175 2595 5213 verum
2637 5159 2809 5212 etiam
2861 5166 3060 5215 contra
3104 5163 3351 5234 superbe
3374 5171 3437 5220 et

180 5262 406 5313 ctentur.
438 5262 651 5323 tamen,
706 5257 752 5310 si
799 5269 967 5311 causa
1006 5259 1184 5328 major
1221 5258 1411 5324 fuerit,
1450 5256 1760 5311 indiscussa
1836 5251 2245 5308 contumaciter
2276 5248 2614 5320 respondere
2644 5263 3001 5317 nequaquam
3054 5259 3297 5308 veretur.
3329 5254 3430 5309 ΙΙΙ.

182 5357 283 5398 non
306 5344 647 5413 remanebit;
681 5356 865 5416 neque
896 5347 1090 5413 frater,
1120 5347 1221 5417 qui
1267 5362 1391 5399 eam
1431 5345 1589 5410 vidit,
1621 5346 1669 5399 si
1696 5346 1756 5399 in
1840 5341 2090 5397 Rebellio
2114 5346 2217 5405 est,
2248 5355 2374 5393 cum
2409 5339 2479 5391 de
2523 5336 2769 5407 qualibet
2798 5352 2860 5389 re
2889 5337 3091 5407 saepius
3142 5349 3434 5412 oon-aptus

183 5430 414 5506 proximo
450 5434 536 5487 νει
575 5435 740 5488 tertio
776 5436 863 5489 vel
903 5441 1104 5506 quarto
1134 5435 1379 5506 capitulo
1409 5436 1552 5488 hanc
1586 5435 1759 5488 recla-
1837 5431 2140 5486 emendare
2184 5427 2515 5482 contemnit.
2556 5426 2656 5481 iV.
2722 5424 2972 5479 Rebellio
2999 5425 3174 5481 etiam
3199 5428 3430 5498 dicitur,

247 5536 407 5612 liO'l‘l
438 5542 689 5611 'Odz’lonifs
717 5538 844 5611 abi).
885 5540 1049 5611 eius.
1837 5554 2098 5609 monachi
2141 5553 2256 5606 vice
2297 5548 2461 5606 cilicii
2491 5542 2812 5605 utebantur.
2862 5540 3006 5602 Nam
3062 5540 3431 5612 benedictini‘s

266 5540 407 5625 io'r)
438 5542 689 5611 'Odz’loniTs
717 5540 844 5611 abb.
885 5540 1049 5611 eius.
1837 5554 2098 5609 monachi
2141 5553 2256 5606 vice
2297 5548 2461 5606 cilicii
2491 5542 2812 5605 utebantur.
2862 5540 3006 5602 Nam
3062 5540 3256 5607 benedi

245 5558 389 5697 illi?)
414 5620 768 5683 Statim»:
794 5626 963 5683 lanea
976 5628 1240 5697 interula,
1270 5629 1368 5684 seti
1393 5626 1762 5698 emensus
1838 5630 2020 5682 tineas
2045 5626 2308 5679 camisia:
2340 5623 2628 5677 interdixit
2654 5620 3012 5676 laneoontius
3036 5622 3121 5677 HI
3144 5623 3256 5679 PP.
