3964 6372
506 314 611 375 983

1486 271 1493 278 ’
1548 309 1605 365 s.
1648 306 2045 366 GUILLELMI
2084 306 2388 364 ABBATIS
2430 306 2768 364 HlRSAUG.

3674 305 3790 365 984

511 443 650 497 dum
678 440 839 495 fratri
869 438 1131 511 quaelibet
1156 454 1247 492 res
1270 437 1604 508 injungitur,
1629 441 1684 490 et
1710 435 1962 506 quamvis
1980 450 2105 488 con-
2122 436 2171 494 A
2189 434 2352 499 dinis,
2382 440 2446 489 ut
2473 436 2567 505 qui
2586 434 2861 503 judicium
2882 433 3102 502 accipit,
3126 432 3431 504 quidquam
3456 431 3606 487 aliud
3629 432 3795 486 dicat

506 531 789 585 tradicere
823 529 1005 582 verbis
1033 545 1144 581 non
1171 528 1394 592 audeat,
1430 543 1595 597 agerc
1623 532 1815 591 tamen
1846 524 2108 593 dedigna-

509 624 620 675 tur.
654 618 752 671 Hae
785 622 1027 687 quatuor
1057 633 1238 670 causa:
1292 632 1392 687 pro
1448 614 1752 668 rebellione
1804 611 2019 677 haberi,
2052 616 2110 664 et

511 706 773 761 staminei
819 705 1102 759 exuitione
1149 706 1335 759 solent
1380 703 1666 757 vindicari.
1706 702 1807 755 Hic
1832 716 1984 771 ergo,
2014 700 2108 770 qui

511 794 611 849 tali
635 794 847 864 judicio
877 793 1165 863 subjacere
1184 793 1433 864 jubetur,
1459 791 1677 845 cuculla
1699 796 1753 844 et
1778 789 1960 843 frocco
1984 805 2112 841 exu-

512 883 608 950 tis,
641 891 700 937 et
726 882 797 935 ad
828 882 998 952 pedes
1026 899 1159 937 suos
1186 881 1383 954 positis
1413 881 1589 944 sedet,
1612 879 1990 948 accedensque
2012 879 2112 931 Ca-

515 971 792 1026 merarius
819 987 946 1024 cum
975 972 1177 1035 cultro,
1209 970 1550 1024 stamineum
1576 969 1696 1038 ejus
1719 968 2018 1031 dissutum,
2041 964 2112 1019 ab

515 1065 756 1131 utroque
782 1060 1017 1114 humero
1046 1076 1248 1132 parum
1299 1059 1477 1113 trahit
1514 1058 1798 1111 deorsum.
1832 1055 1988 1119 Quod
2021 1059 2107 1108 ta-

516 1166 646 1204 men
667 1148 965 1220 praedictus
995 1149 1187 1215 frater,
1220 1164 1346 1202 cum
1373 1147 1620 1219 primum
1644 1152 1868 1217 tempus
1894 1142 2107 1198 habue-

516 1239 614 1307 rit,
645 1238 918 1292 resarcire
948 1254 1061 1291 non
1090 1237 1343 1307 negligit,
1375 1253 1447 1290 ne
1472 1237 1552 1289 ita
1581 1234 1647 1288 ad
1681 1233 1980 1287 lavandum
2018 1248 2109 1285 re-

2190 525 2295 578 nisi
2329 526 2443 578 Mea
2474 529 2653 592 culpa,
2685 530 2874 577 tamen
2919 521 3220 593 aliquando
3268 538 3394 577 cum
3450 538 3541 575 res
3600 520 3790 592 scopis

2190 615 2395 684 agitur,
2429 619 2486 667 et
2510 613 2654 667 forte
2684 629 2744 667 se
2774 611 3205 666 emendaturum
3225 610 3447 678 dixerit,
3467 627 3583 665 non
3597 611 3791 665 solum

2191 718 2305 756 non
2331 707 2578 766 notatur,
2600 702 2699 756 sed
2729 707 2786 755 et
2810 700 3051 755 libenter
3079 717 3114 754 a
3165 699 3444 772 prioribus
3488 699 3791 770 accipitur,

2193 798 2251 846 et
2280 791 2350 844 ab
2371 792 2452 845 eis
2478 789 2894 861 intercessionis
2921 789 3126 859 gratia,
3158 806 3284 860 quae
3334 787 3795 858 diligentioribus

2192 878 2461 933 fratribus
2489 879 2661 934 etiam
2704 878 2763 931 in
2808 877 3122 933 minoribus
3164 876 3390 948 judiciis
3418 877 3563 931 solet
3590 876 3795 931 adesse

2194 974 2519 1039 spontanea,
2553 969 2741 1022 minus
2769 966 2948 1022 cautis
2994 966 3055 1020 in
3109 965 3418 1036 majoribus
3463 964 3788 1033 adhibetur,

2195 1056 2607 1111 emendationis
2653 1059 2735 1125 (ut
2776 1055 2987 1111 dictum
3026 1056 3126 1124 est)
3167 1053 3538 1126 promissione
3582 1070 3793 1125 provo-

2193 1152 2337 1200 cata.

2264 1235 2323 1291 Si
2360 1237 2550 1306 plures
2576 1235 2789 1290 fuerint
2824 1236 2884 1289 in
2914 1251 3053 1306 quos
3083 1233 3434 1298 emendatur,
3464 1232 3613 1287 facto
3639 1232 3700 1287 in
3729 1249 3796 1287 se

517 1326 775 1398 cipiatur.
808 1327 1006 1381 Frater
1033 1331 1243 1391 autem,
1276 1324 1371 1395 qui
1388 1324 1663 1394 judicium
1684 1322 1834 1387 facit,
1859 1327 1985 1392 post
2004 1327 2113 1375 ter-
2187 1325 2417 1396 judicio.
2459 1325 2694 1395 quisque
2723 1341 2756 1378 a
2784 1325 2970 1396 priore
2998 1325 3189 1395 jussus
3231 1338 3448 1376 sessum
3486 1321 3588 1388 ire,
3639 1321 3797 1392 judi-

515 1432 653 1485 gum
679 1415 832 1469 illius
863 1420 1019 1468 stans
1047 1415 1103 1468 id
1129 1413 1370 1485 peragit.
1397 1413 1463 1467 In
1495 1426 1722 1481 unoque
1746 1410 1989 1480 capitulo
2001 1409 2112 1463 duo
2194 1414 2342 1468 cium
2371 1413 2523 1467 inter
2547 1429 2644 1468 eos
2670 1413 2899 1467 facienti
2929 1413 3026 1467 dat
3056 1412 3241 1465 locum
3268 1429 3279 1463 :
3314 1410 3383 1464 de
3413 1426 3522 1481 quo
3560 1410 3608 1463 si
3662 1410 3796 1481 quis

512 1503 725 1574 judicia
748 1503 891 1557 nulli
920 1503 1258 1567 inferuntur,
1309 1500 1419 1554 nisi
1467 1516 1570 1570 pro
1625 1499 2109 1565 contradictione;
2195 1502 2438 1573 amplius
2464 1501 2619 1573 loqui
2664 1501 2853 1567 habet,
2905 1518 3017 1555 non
3058 1501 3116 1555 id
3159 1505 3295 1554 tunc
3325 1499 3462 1569 agit,
3511 1499 3611 1552 sed
3662 1515 3796 1552 cum

519 1593 617 1646 sed
647 1592 694 1646 si
719 1596 847 1663 post
863 1592 1150 1662 ﬂagellum
1176 1591 1289 1643 tale
1318 1589 1470 1642 aliud
1502 1589 1561 1642 in
1591 1604 1719 1642 eum
1749 1588 2109 1652 reclamatur,
2194 1591 2381 1645 cseteri
2401 1605 2599 1644 omnes
2619 1606 2832 1643 sessum
2858 1588 3130 1653 venerint,
3158 1588 3286 1659 quia
3316 1605 3427 1642 non
3442 1592 3529 1641 est
3553 1602 3797 1641 consue-

520 1680 669 1751 quod
697 1680 872 1750 priori
902 1680 1148 1734 inultum
1172 1693 1284 1731 non
1313 1676 1516 1730 debere
1541 1675 1749 1729 dimitti
1768 1675 2006 1740 videtur,
2026 1675 2159 1751 ju-_
2194 1679 2351 1745 tudo,
2401 1683 2467 1732 ut
2522 1694 2743 1749 quoque
2771 1678 2841 1731 ad
2859 1677 3134 1748 judicium
3166 1681 3447 1748 prostrato
3474 1676 3683 1746 aliquis
3712 1675 3796 1728 ibi

518 1748 615 1822 bet
642 1748 771 1822 eum
800 1785 900 1839 pro
929 1768 1034 1822 hoc
1059 1767 1280 1820 veniam
1299 1769 1491 1837 petere
1519 1764 1591 1818 ad
1630 1764 1938 1817 crastinum
1968 1748 2174 1833 capi-B
2194 1748 2592 1839 loquatur,nisi
2620 1767 2884 1838 praelatus
2914 1766 3049 1837 quid
3078 1766 3321 1820 breviter
3348 1765 3501 1836 loqui
3528 1764 3790 1819 voluerit.

519 1857 722 1911 tulum.
755 1856 914 1920 Quod
945 1855 992 1909 si
1017 1854 1220 1925 aliquis
1239 1859 1362 1924 post
1388 1856 1676 1923 acceptum
1695 1850 1969 1921 judicium
1996 1865 2116 1903 ver-
2194 1857 2355 1912 Unde
2386 1857 2491 1911 hoc
2520 1855 2831 1910 curandum
2855 1861 2959 1920 est,
3019 1861 3086 1909 ut
3133 1871 3259 1910 cum
3290 1855 3447 1925 prior
3469 1855 3796 1925 quempiam

519 1945 612 2012 bo,
643 1945 728 1998 vel
761 1944 931 1998 etiam
987 1944 1109 2015 ipso
1163 1941 1361 1996 habitu
1418 1941 1647 2011 aliquod
1701 1937 2115 2009 dedignationis

2211 1961 2401 1999 exuere
2422 1944 2674 2015 jusserit,
2702 1943 2812 1997 nisi
2860 1943 2986 2014 quis
3031 1960 3091 1997 se
3115 1944 3186 1996 de
3213 1959 3279 1997 eo
3311 1943 3450 1997 velle
3472 1943 3627 2013 loqui
3656 1942 3799 1997 inti-

520 2033 744 2104 signum
770 2033 1165 2087 demonstrare
1191 2030 1627 2102 praesumpserit,
1660 2028 1880 2083 noverit
1900 2044 1960 2081 se.
1987 2027 2118 2080 inde
2204 2033 2458 2098 maverit,
2485 2032 2640 2103 prior
2666 2032 2891 2086 interim
2923 2032 3029 2086 hoc
3051 2031 3291 2097 differat,
3329 2031 3507 2086 donec
3535 2031 3661 2098 iste,
3696 2030 3800 2101 qui

520 2139 633 2176 non
655 2139 1029 2188 recessurum,
1063 2121 1243 2177 donec
1280 2120 1365 2174 vel
1395 2124 1738 2190 spontaneus
1783 2118 1873 2171 vel
1918 2116 2115 2171 saltem
2198 2121 2389 2186 habet,
2412 2121 2678 2191 proferat.
2714 2119 2875 2183 Quod
2913 2124 3124 2185 tamen,
3181 2119 3227 2172 si
3265 2123 3401 2173 tunc
3460 2118 3795 2189 neglexerit,

521 2212 638 2265 acri
665 2211 1017 2281 correptione
1042 2214 1270 2263 coactus
1299 2208 1528 2278 dignam
1564 2223 1664 2276 pro
1694 2222 1858 2277 posse
1885 2221 1986 2259 suo
2024 2219 2117 2258 sa-
2198 2216 2429 2281 propter
2458 2209 2665 2273 factum
2684 2208 2959 2278 judicium
2979 2208 3075 2261 ille
3102 2223 3213 2261 non
3235 2206 3508 2262 reticebit.
3530 2207 3609 2261 De
3627 2207 3800 2277 culpa

522 2298 895 2353 tisfactionem
916 2315 1046 2353 cum
1076 2298 1229 2351 omni
1248 2297 1569 2351 humilitate
1597 2294 1937 2366 promiserit.

1129 2386 1363 2440 CAPUT
1386 2382 1508 2438 LII.

758 2478 831 2530 De
866 2477 1190 2529 discretione
1206 2475 1493 2542 judicium
1522 2474 1871 2540 facientium.

595 2577 616 2599 *
635 2564 797 2619 Tales
811 2580 940 2618 vero
960 2564 1174 2634 judicia
1205 2563 1386 2616 facere
1395 2561 1668 2632 jubentur
1687 2561 1782 2631 qui
1803 2565 1972 2614 tantae
1986 2564 2120 2614 sunt

528 2653 901 2718 discretionis,
932 2659 997 2706 ut
1019 2652 1217 2717 sciant,
1250 2651 1528 2723 quomodo
1561 2649 1869 2721 quamlibet
1896 2650 2115 2721 culpam

531 2742 833 2796 emendare
862 2741 1124 2806 debeant,
1157 2741 1253 2812 qui
1283 2744 1340 2793 et
1366 2739 1663 2809 diligenter
1681 2738 1976 2792 attendant
1988 2738 2122 2808 quid

523 2830 583 2885 in
606 2830 914 2902 quemlibet
940 2831 1298 2897 reclametur,
1323 2829 1543 2900 culpam
1567 2828 1735 2881 simul
1756 2833 1812 2881 et
1838 2827 2125 2881 inclamati

526 2919 877 2990 diligentiam
900 2935 1000 2973 seu
1033 2918 1433 2989 negligentiam
1477 2933 1667 2970 secum
1714 2916 2116 2981 examinantes,

522 3024 639 3063 non
667 3007 908 3078 propriae
927 3006 1204 3060 voluntati
1228 3006 1652 3060 satisfacientes.
1673 3006 1828 3075 Saepe
1841 3005 1988 3058 enim
2002 3021 2122 3058 eve-

523 3097 627 3164 nit,
660 3101 724 3151 ut
749 3096 954 3167 aliquis
977 3095 1396 3164 diligentiorum
1421 3095 1659 3149 fratrum
1682 3094 1742 3148 in
1756 3094 1977 3165 culpam
2006 3110 2122 3146 ma-

2200 2304 2390 2354 autem
2419 2298 2538 2368 jam
2569 2297 2888 2363 emendata,
2931 2295 3269 2351 defensionis
3295 2295 3526 2350 verbum
3551 2296 3673 2367 jam
3700 2311 3798 2350 ca-

2200 2393 2379 2455 vetur,
2417 2403 2488 2441 ne
2518 2386 2614 2457 qui
2645 2386 2922 2457 judicium
2951 2385 3074 2440 fieri
3109 2385 3298 2456 jussit,
3346 2384 3561 2457 culpari
3608 2384 3797 2439 videa-

2199 2481 2309 2531 tur.

2789 2564 3033 2619 CAPUT
3070 2563 3221 2619 LIII.

2204 2656 2347 2723 Quid
2362 2656 2665 2708 cavendum
2686 2656 2757 2707 sit
2783 2659 2897 2708 tam
2917 2655 3255 2708 inclamanti
3273 2669 3441 2723 quam
3470 2655 3793 2707 inclamata.

2275 2745 2295 2767 *
2323 2742 2669 2797 Inclamatus
2695 2742 2866 2796 etiam
2896 2759 3011 2797 suae
3039 2741 3452 2796 inclamationis
3496 2746 3611 2795 tam
3641 2746 3802 2795 extra

2207 2849 2374 2904 quam
2406 2832 2554 2886 infra
2581 2831 2887 2903 capitulum
2917 2836 3075 2886 cavet
3088 2831 3592 2885 murmurationem
3615 2830 3802 2884 facere

2204 2922 2275 2974 ad
2332 2937 2693 2992 quemquam.
2734 2921 2879 2974 Nam
2926 2936 3030 2974 nec
3057 2921 3157 2975 ulli
3186 2920 3255 2973 de
3282 2920 3390 2986 his,
3421 2935 3547 2990 quae
3574 2919 3714 2973 talia
3741 2919 3802 2973 in

2203 3010 2450 3081 capitulo
2483 3015 2750 3080 aguntur,
2784 3014 2946 3063 extra
2986 3008 3295 3080 capitulum
3332 3008 3465 3062 licet
3492 3007 3803 3079 quidquam

2204 3099 2378 3170 loqui,
2402 3098 2510 3152 nisi
2541 3098 2621 3153 sic
2650 3097 2826 3169 possit
2871 3098 3014 3163 ﬁeri,
3050 3102 3114 3152 ut
3141 3115 3256 3151 non
3294 3097 3641 3163 scandalum,
3699 3097 3801 3151 sed

519 3186 706 3255 jorem
735 3184 1098 3254 incidat,quaa
1110 3200 1221 3237 non
1244 3183 1324 3236 ita
1345 3182 1403 3236 in
1421 3199 1505 3249 e0,
1525 3188 1591 3237 ut
1610 3183 1669 3236 in
1690 3183 2008 3253 negligente
2023 3182 2124 3236 ali—
2204 3188 2391 3259 potius
2416 3186 2709 3241 mdiﬁcatio
2735 3186 2810 3240 sit
2833 3187 3206 3241 audientium.
3259 3187 3370 3241 Sed
3410 3191 3468 3240 et
3490 3186 3803 3240 cavendum

529 3289 640 3344 quo
668 3272 958 3327 emendari
984 3272 1146 3325 solet.
1174 3272 1371 3325 Jussus
1400 3277 1589 3326 autem
1620 3273 1691 3326 ad
1736 3271 2121 3342 accipiendum
2206 3282 2292 3331 est
2318 3293 2389 3330 ne
2418 3276 2733 3347 quisquam,
2768 3291 2896 3329 cum
2916 3275 3145 3329 fratrem
3176 3274 3246 3329 ob
3268 3276 3540 3346 majorem
3553 3274 3803 3346 aliquem

522 3361 796 3433 judicium
834 3378 895 3415 se
933 3377 1044 3415 non
1083 3366 1380 3431 praeparat,
1412 3360 1519 3415 nisi
1547 3362 1917 3428 inclamatus;
1961 3365 2124 3414 ante-
2207 3382 2491 3419 excessum
2520 3364 2671 3419 videt
2721 3364 2779 3417 in
2836 3365 3001 3417 anxio
3030 3365 3297 3434 positum,
3331 3364 3493 3435 quasi
3519 3369 3654 3418 tunc
3684 3363 3804 3434 pri-

530 3466 702 3522 quam
723 3454 978 3515 exuatur,
1010 3465 1114 3503 nec
1143 3449 1359 3503 veniam
1387 3449 1544 3520 petit,
1577 3466 1681 3504 nec
1708 3449 1920 3520 aliquid
1948 3448 2125 3519 loqui—
2208 3470 2361 3508 mum
2388 3454 2615 3508 inventa
2645 3452 2953 3519 occasione,
2987 3469 3054 3506 ea
3085 3470 3206 3523 quae
3228 3453 3348 3523 jam
3377 3458 3508 3507 ante
3536 3453 3685 3506 ultro
3709 3468 3807 3506 re-

528 3544 656 3607 tur;
690 3539 788 3593 sed
820 3539 1011 3592 statim
1042 3543 1259 3604 exutus,
1284 3539 1616 3592 vestimenta
1629 3555 1733 3593 sua
1750 3538 1831 3593 ita
1858 3538 2035 3609 ponit,
2062 3542 2127 3591 ut
2207 3542 2386 3607 ticuit,
2419 3546 2519 3596 aut
2546 3541 2807 3612 quaelibet
2831 3541 3068 3612 pristina
3103 3542 3224 3611 eju‘s
3279 3540 3423 3594 facta
3463 3556 3804 3596 commemo-

530 3629 592 3682 in
618 3629 847 3697 longum
878 3632 1193 3698 prostratus
1224 3627 1313 3681 vix
1352 3628 1536 3698 capite
1593 3628 1663 3682 ad
1712 3644 1779 3682 ea
1820 3627 2121 3697 pertingat.
2208 3631 2405 3697 rando,
2434 3632 2657 3701 culpam
2686 3630 2837 3684 illius
2861 3629 3089 3684 studeat
3132 3645 3488 3700 exaggerare.
3531 3629 3807 3684 Similiter

532 3717 709 3788 Cujus
732 3716 1094 3783 stamineum,
1124 3716 1171 3769 si
1194 3732 1335 3786 opus
1356 3722 1459 3782 est,
1483 3716 1639 3786 prius
1653 3716 1939 3787 componit
1964 3715 2013 3769 is
2030 3716 2127 3785 qui
2208 3718 2512 3774 inclamata
2532 3719 2763 3773 cuilibet
2778 3718 3082 3773 cavendum
3102 3724 3188 3772 est
3208 3735 3278 3772 ne
3297 3735 3658 3790 quemquam,
3693 3717 3801 3772 nisi

526 3805 802 3876 judicium
826 3805 1010 3859 faciet.
1044 3805 1152 3862 Sed
1184 3805 1315 3875 quia
1343 3805 1575 3859 diversae
1606 3804 1941 3876 quantitatis
1959 3804 2127 3873 virgae
2209 3808 2462 3864 ordinem
2492 3814 2799 3874 tenentem,
2817 3807 2916 3861 sed
2934 3807 3149 3861 ethunc
3173 3823 3287 3861 non
3302 3807 3413 3861 nisi
3433 3806 3539 3861 sibi
3565 3807 3805 3878 loquen-

532 3912 636 3965 per
664 3893 1063 3949 Gianatarium
1119 3892 1524 3948 administratae
1580 3910 1871 3964 nunquam
1925 3893 2129 3946 desunt
2206 3904 2324 3951 tem
2341 3896 2686 3968 inspiciat,et
2704 3895 3101 3949 inclamantem
3132 3911 3192 3948 se
3235 3896 3295 3949 in
3326 3912 3391 3951 eo
3424 3895 3669 3966 capitulo
3691 3911 3805 3949 non

532 3983 633 4051 ibi,
654 3984 870 4039 scilicet
888 3985 1132 4054 majores
1152 3984 1223 4036 ad
1239 3983 1653 4055 corripiendum
1686 3983 1873 4037 minus
1909 3987 2123 4050 cautos,
2208 3986 2492 4040 inclamet.
2526 3985 2688 4049 Quod
2717 3990 2775 4038 et
2809 3984 2868 4037 in
2890 3984 3142 4055 proximo
3174 3989 3273 4038 aut
3307 3985 3478 4038 etiam
3510 3984 3680 4039 tertio
3719 3985 3807 4038 vel

534 4073 781 4127 minores
811 4089 941 4126 vero
979 4072 1050 4126 ad
1071 4071 1477 4141 diligentiores.
1505 4072 1627 4143 ipse
1649 4072 1720 4125 ad
1744 4070 2021 4141 judicium
2050 4071 2129 4124 fa—
2212 4080 2412 4146 quarto
2444 4086 2702 4142 cavetur;
2738 4074 2785 4127 si
2824 4080 3014 4127 tamen
3040 4073 3229 4143 gravis
3262 4074 3438 4144 culpas
3464 4073 3559 4127 ille
3589 4073 3648 4127 in
3673 4090 3804 4128 eum

534 4161 793 4215 ciendum
814 4160 1023 4229 eligere
1038 4159 1454 4231 debet,qualem
1473 4159 1595 4231 ipsa
1612 4177 1672 4213 re
1705 4159 1928 4230 exposci
1955 4159 2125 4216 videt.
2211 4164 2408 4217 fecerit
2424 4163 2903 4217 reclamationem.
2930 4162 3037 4217 Sed
3067 4178 3250 4232 neque
3288 4162 3347 4216 in
3381 4178 3445 4215 eo
3476 4161 3722 4233 capitulo
3746 4163 3808 4216 in

535 4247 602 4301 In
629 4263 740 4318 quo
768 4252 895 4317 post
920 4247 1162 4318 primam
1191 4249 1606 4319 percussionem
1633 4264 1736 4302 nec
1764 4248 1859 4302 ille
1900 4254 2131 4302 manu‘m
2208 4268 2554 4323 quemquam
2582 4251 2671 4306 sui
2720 4251 3143 4305 inclamatorem
3183 4251 3307 4321 quis
3354 4249 3585 4320 jubetur
3628 4250 3811 4304 facere

536 4335 923 4405 percutientis,
956 4352 1059 4389 nec
1083 4336 1191 4390 iste
1202 4353 1391 4391 vocem
1405 4341 1692 4408 exspectat
1705 4338 1823 4391 Mea
1841 4340 2023 4405 culpa,
2046 4354 2130 4391 re-
2200 4322 2506 4411 judicium,
2533 4339 2629 4411 qui
2648 4340 2865 4410 primus
2884 4339 3209 4393 inclamavit
3221 4340 3434 4410 ipsum.
3473 4338 3581 4393 Sed
3602 4345 3661 4393 et
3674 4355 3811 4393 con-

536 4423 896 4494 spondentis;
928 4425 1025 4478 sed
1046 4426 1203 4479 nulla
1226 4427 1284 4479 in
1306 4427 1410 4480 hac
1455 4442 1517 4479 re
1559 4431 1778 4480 servata
1820 4420 2191 4496 parilitate,D
2211 4430 2386 4484 versis
2416 4430 2473 4483 id
2504 4429 2733 4483 omnino
2747 4427 2913 4482 debet
2931 4445 3053 4483 esse
3075 4421 3321 4483 alienum
3346 4446 3359 4482 :
3390 4443 3521 4482 nam
3549 4427 3811 4482 sacerdos

538 4511 909 4566 continuatim
928 4512 1034 4568 iste
1048 4515 1307 4585 percutit,
1335 4514 1429 4568 ille
1448 4515 1564 4568 Mea
1585 4518 1749 4583 culpa
1784 4515 1936 4581 dicit,
1958 4516 2132 4570 donec
2212 4521 2272 4574 in
2301 4519 2666 4584 sacerdotem,
2700 4522 2758 4570 et
2783 4517 3019 4587 quisque
3060 4517 3119 4570 in
3153 4533 3303 4581 eum,
3357 4515 3453 4586 qui
3492 4515 3579 4570 vel
3608 4515 3696 4569 sui
3723 4516 3809 4570 vel

539 4600 696 4672 prior
720 4602 1125 4672 percutientem
1155 4619 1375 4656 cessare
1388 4602 1626 4673 jubebit.
1649 4602 1924 4658 Nimietas
1941 4609 2133 4658 tamen

538 4689 875 4744 festinantia:
902 4696 1130 4746 cavetur
1157 4692 1228 4745 ab
1266 4696 1531 4761 utroque.
1584 4691 1776 4763 Scopis
1803 4698 1992 4747 autem
2022 4692 2128 4747 etsi

537 4780 781 4850 majores
807 4784 1029 4834 tantum
1049 4784 1136 4841 (ut
1165 4780 1377 4834 dictum
1397 4782 1503 4849 est)
1528 4781 1705 4852 culpae
1735 4782 2126 4848 emendentur,

536 4869 755 4923 modice
778 4874 971 4923 tamen
998 4868 1325 4939 hujusmodi
1365 4870 1641 4939 correptio
1672 4862 1987 4938 inchoatur,
2031 4871 2131 4925 sed

539 4958 587 5011 si
607 4960 838 5028 praelato
875 4958 1055 5011 visum
1084 4956 1270 5016 fuerit.
1285 4958 1450 5026 jussu
1476 4958 1598 5028 ejus
1627 4960 1834 5013 sensim
1864 4966 2129 5030 augetur,

540 5052 765 5101 servata
790 5053 980 5101 tamen
1006 5045 1215 5116 ubique
1231 5045 1482 5100 fraterna
1501 5048 1884 5119 compassione
1909 5048 1967 5102 in
1984 5048 2133 5118 judi-

540 5135 647 5201 cio,
679 5140 797 5188 tam
825 5134 985 5203 virga
1005 5150 1170 5204 quam
1200 5135 1382 5205 scopis
1401 5135 1672 5202 faciendo,
1702 5154 1771 5191 UT
1796 5154 1863 5190 ar
1887 5151 2135 5192 DISCIPLI-

540 5241 627 5279 NE
697 5238 988 5278 DISTRICTIO
1045 5240 1286 5277 TERREAT
1348 5240 1570 5289 ELATOS,
1626 5242 1692 5279 ET
1744 5240 2133 5280 MISERICOBDIE

536 5327 812 5366 ADHIBITIO
850 5326 1063 5365 FOVEAT
1099 5327 1406 5367 SUBJECTOS.
1469 5313 1823 5383 Quamquam
1869 5330 2131 5369 nonnun-

536 5415 707 5470 quam
736 5399 906 5454 etiam
926 5399 1113 5454 minus
1132 5407 1312 5455 cautis
1342 5401 1716 5456 adhibeantur
1741 5401 1991 5455 fomenta
2014 5403 2129 5472 pie-

531 5488 687 5554 tatis,
721 5494 784 5542 ut
804 5505 945 5560 quos
974 5506 1088 5543 non
1128 5488 1253 5544 vicit
1309 5491 1464 5562 rigor
1501 5489 1888 5557 districtionis,
1946 5491 2134 5546 vincat

529 5588 691 5628 amor
716 5577 1140 5646 compassionis.
1171 5579 1332 5634 Unde
1381 5579 1513 5634 licet
1559 5596 1673 5634 non
1721 5579 1796 5633 sit
1832 5585 2133 5635 consuetu-

2213 4607 2493 4661 inferioris
2523 4611 2608 4660 est
2655 4604 2886 4669 ordinis,
2922 4605 3055 4659 facit
3077 4604 3376 4676 judicium,
3421 4609 3479 4658 et
3523 4603 3808 4657 interdum

2209 4695 2441 4765 jubetur
2493 4694 2553 4749 id
2610 4693 2788 4748 facere
2816 4693 3017 4764 aliquis
3046 4710 3242 4749 eorum
3271 4693 3367 4764 qui
3395 4696 3547 4747 st‘ant
3571 4692 3634 4746 in
3653 4692 3810 4761 judi-

2211 4783 2316 4838 cio.

2795 4869 3024 4925 CAPUT
3060 4869 3202 4924 LIV.

2214 4961 2366 5028 Quod
2402 4962 2467 5013 in
2514 4960 2872 5013 reclamando
2903 4975 3016 5013 non
3044 4961 3115 5012 sit
3148 4974 3520 5027 personarum
3549 4960 3800 5027 acceptio.

2283 5058 2304 5081 *
2324 5049 2389 5102 In
2407 5047 2765 5101 reclamando
2789 5053 2979 5123 autem
3000 5063 3118 5101 non
3150 5052 3237 5101 est
3259 5063 3630 5117 personarum
3661 5063 3814 5101 accc-

2215 5136 2351 5208 ptio,
2377 5137 2475 5191 sed
2518 5144 2635 5190 tam
2675 5136 2927 5190 seniores
2973 5152 3007 5189 a
3031 5135 3371 5206 junioribus,
3405 5152 3574 5206 quam
3601 5135 3709 5206 ipsi
3739 5134 3810 5188 ab

2215 5226 2326 5279 illis
2345 5225 2741 5279 inclamantur.
2778 5225 2849 5277 Et
2890 5224 2939 5277 si
2986 5224 3045 5277 in
3074 5225 3269 5278 eadem
3291 5224 3456 5294 culpa
3478 5223 3665 5277 senior
3686 5224 3811 5294 quis

2214 5330 2341 5368 cum
2378 5314 2604 5384 juniore
2653 5313 2912 5366 inventus
2941 5312 3128 5379 fuerit,
3161 5329 3274 5367 non
3294 5313 3453 5382 cujus
3479 5312 3680 5371 aetatis.
3713 5313 3811 5365 sed

2212 5404 2373 5473 cujus
2392 5401 2696 5472 diligentiae
2735 5401 2826 5459 sit,
2856 5396 3195 5462 attenditur;
3224 5418 3325 5455 nec
3345 5418 3381 5454 a
3408 5400 3662 5471 judiciali
3686 5417 3809 5453 seu.

2212 5492 2409 5558 tentia,
2438 5491 2546 5543 nisi
2571 5489 2739 5543 simul
2780 5505 2907 5542 cum
2948 5490 3172 5560 juniore
3210 5490 3522 5561 excipitur;
3556 5489 3811 5559 quamvis

2213 5581 2333 5634 haec
2357 5578 2720 5648 diligentibus
2749 5578 3081 5649 plerumque
3109 5583 3486 5651 temperetur.
3515 5577 3809 5633 Interdum
