3964 6354
171 348 283 406 985
1223 343 1643 402 CONSTITUT.
1687 341 1775 398 HI?

1861 341 2028 398 AUG.
2069 371 2140 384 -
2177 341 2313 398 LIB.
2355 341 2400 398 Ι.
3337 341 3442 402 986

176 481 373 529 tamen
405 473 678 545 excipitur
705 471 967 537 novitius,
1001 470 1049 525 si
1080 471 1260 525 adhuc
1281 471 1490 525 ordinis
1516 475 1602 524 est
1630 470 1769 523 adeo
1788 467 2094 526 Asteterit.
2139 468 2254 521 Hoc
2283 467 2432 521 enim
2464 466 2544 520 sic
2580 466 2751 521 habet
2775 469 3138 532 consuetudo,
3167 473 3233 524 ut
3260 471 3446 541 prius-

178 564 431 634 ignarus.
455 564 784 633 Quicunque
809 568 998 615 autem
1025 561 1332 626 inclamati,
1359 559 1773 630 quantumlibet
1859 572 2026 626 quam
2053 557 2242 627 prima
2256 556 2569 610 benedictio
2600 555 3035 632 dicendafuerit,
3058 558 3126 611 ad
3143 559 3450 628 quamlibet

180 653 299 708 sint
319 652 505 717 multi,
536 668 729 706 omnes
759 651 977 705 veniam
1007 655 1222 721 petunt.
1272 649 1432 704 Unde
1457 649 1625 703 etiam
1656 648 1777 719 ipse

187 743 432 796 domnus
462 741 634 794 abbas
667 745 825 794 cavet
868 756 938 793 ne
969 739 1104 809 quid
1132 740 1244 793 tale
1267 739 1435 802 dicat,
1467 738 1616 794 unde
1643 753 1776 790 con-

182 835 415 884 ventum
445 829 612 883 simul
655 829 1023 882 inclamatum
1078 827 1298 882 habeat.
1341 828 1457 882 Nec
1493 826 1776 880 immerito

181 923 491 973 conventus
512 923 682 972 tantae
702 917 994 986 dignitatis
1022 916 1171 987 apud
1217 916 1487 970 domnum
1517 915 1775 969 abbatem

179 1008 442 1072 habetur,
467 1007 556 1060 cui
577 1008 747 1060 etiam
768 1022 993 1060 summa
1020 1005 1228 1076 ubique
1253 1005 1584 1068 reverentia,
1608 1009 1777 1075 prout

180 1096 418 1166 dignum
446 1100 550 1162 est,
583 1095 893 1154 exhibetur,
916 1095 974 1148 in
992 1100 1234 1160 tantum,
1267 1099 1333 1148 ut
1357 1110 1485 1148 cum
1514 1093 1630 1147 ritu
1659 1109 1774 1146 mo-

180 1185 401 1239 nastico
424 1185 642 1256 uspiam
680 1185 956 1254 graditur,
997 1185 1316 1239 nullatenus
1344 1185 1396 1237 ei
1444 1183 1661 1238 obviam
1691 1183 1773 1236 ire

179 1273 252 1327 ab
269 1274 462 1344 aliquo
514 1278 904 1344 praesumatur.
943 1273 1051 1327 Sed
1098 1274 1143 1325 si
1195 1273 1265 1326 ad
1296 1273 1544 1342 aliquam
1577 1273 1774 1326 horam

178 1378 376 1416 versus
408 1379 554 1417 unus
591 1369 691 1416 aut
718 1363 828 1416 duo
857 1363 942 1415 vel
971 1363 1158 1432 plures
1213 1361 1270 1415 in
1309 1362 1496 1432 aliquo
1526 1362 1776 1431 ejusdem

179 1450 336 1504 horae
355 1452 572 1521 psalmo
604 1467 668 1505 ex
706 1450 1049 1520 negligentia
1078 1451 1438 1521 praetermissi
1464 1467 1584 1504 esse
1609 1451 1780 1504 recla-

179 1545 432 1603 mantur,
462 1540 510 1594 si
539 1539 633 1610 qui
661 1539 955 1610 specialius
1006 1540 1064 1593 in
1111 1541 1214 1594 hac
1239 1556 1300 1593 re
1330 1557 1389 1593 se
1417 1556 1542 1593 reos
1568 1555 1775 1609 cogno-

179 1633 366 1694 scunt,
393 1629 450 1682 hi
471 1629 575 1682 soli
602 1629 820 1682 veniam
849 1633 1066 1699 petunt,
1091 1633 1149 1682 et
1180 1634 1304 1699 post
1329 1629 1571 1699 psalmos
1615 1629 1775 1682 Verba

175 1733 320 1783 mea,
366 1717 454 1771 vel
484 1718 732 1787 psalmus
760 1722 1020 1772 cantatur
1043 1717 1112 1770 ab
1156 1717 1416 1770 omnibus
1455 1717 1770 1787 prostratis,

1859 645 2267 699 absolutionem
2299 650 2604 698 conventus
2629 646 2878 709 inclinet,
2929 646 3239 701 submissus
3258 653 3444 701 autem

1858 733 1966 800 hic,
2001 733 2096 804 qui
2122 739 2258 789 tunc
2282 733 2351 788 ob
2381 751 2773 806 quamcunque
2802 752 3028 790 causam
3057 751 3247 790 coram
3284 740 3452 790 stete-

1856 823 1949 876 rit.
2983 819 2996 825 ’

2459 913 2691 968 CAPUT
2719 914 2856 968 LVI.

1856 1003 1930 1055 De
1957 1018 2014 1055 eo
2039 1004 2138 1071 qui
2168 1005 2410 1070 aliquem
2432 1004 2756 1069 defunctum
2785 1005 3023 1070 fratrem
3053 1005 3116 1057 in
3135 1005 3307 1072 pwhis
3344 1018 3450 1057 esse

2466 1077 2822 1142 perspexerit.

1932 1179 2030 1233 Est
2058 1180 2228 1233 etiam
2253 1181 2616 1246 consuetudo,
2639 1186 2705 1235 ut
2757 1180 2803 1234 si
2851 1180 2942 1234 cui
2997 1180 3321 1234 defunctum
3345 1180 3452 1234 ali-

1860 1283 2024 1336 quem
2057 1268 2287 1322 fratrem
2314 1268 2369 1322 in
2401 1270 2582 1339 poenis
2621 1285 2740 1324 esse
2769 1286 2870 1340 per
2897 1269 3074 1323 visum
3104 1269 3270 1323 fuerit
3293 1285 3452 1323 reve-

1860 1357 2057 1421 latum,
2093 1357 2281 1411 abbati
2327 1359 2410 1411 vel
2444 1359 2617 1428 priori
2655 1365 2868 1412 secreto
2914 1359 3267 1425 innotescat;
3309 1363 3366 1412 et
3401 1359 3450 1412 si

1853 1447 2046 1516 jussus
2077 1447 2267 1512 fuerit,
2313 1447 2757 1501 misericordiam
2813 1463 2914 1517 pro
2956 1464 3022 1502 eo
3053 1464 3178 1501 cum
3199 1447 3362 1500 venia
3390 1447 3449 1500 in

1857 1536 2102 1606 capitulo
2128 1541 2306 1606 petat,
2364 1536 2612 1590 referens
2658 1536 2793 1606 quid
2857 1536 2925 1590 de
2965 1553 3030 1590 eo
3061 1553 3160 1608 per
3189 1552 3449 1590 somnum

1857 1623 2088 1690 viderit;
2122 1624 2325 1694 pllOl'lS
2355 1641 2577 1695 quoque
2609 1624 2844 1695 pedibus
2873 1629 3002 1694 post
3039 1624 3452 1678 absolutionem

1857 1712 2118 1766 defuncto
2141 1713 2300 1766 fratri
2323 1718 2595 1784 optatam,
2627 1729 2687 1766 se
2707 1713 3013 1783 pervolvat.
3059 1713 3270 1768 Deinde
3299 1712 3454 1783 prior

177 1779 355 1859 etiam
387 1806 435 1859 si
467 1779 595 1859 talis
625 1811 711 1860 est
737 1805 855 1858 dies
888 1806 947 1859 in
984 1823 1094 1876 quo
1117 1822 1247 1870 ,non
1278 1779 1666 1875 procuinbitur
1703 1779 1775 1860 ad
1794 1779 1992 1873 Bquid
2025 1819 2126 1873 pro
2157 1779 2418 1857 defuncto
2448 1803 2621 1856 fratre
2649 1779 3024 1856 communiter
3042 1807 3142 1856 aut
3155 1779 3454 1872 singulari-

177 1893 369 1948 horas.
392 1894 499 1948 Pro
521 1895 735 1964 psalmo
752 1910 882 1948 vero
904 1895 1082 1965 primo
1127 1895 1524 1965 praetermisso,
1558 1900 1776 1964 septem
1857 1897 1947 1946 ter
1963 1891 2129 1945 etiam
2149 1891 2926 1959 faciant,fratribusinjungit.
2941 1891 3238 1945 Sciendum
3261 1893 3452 1944 autem

176 1983 597 2054 paenitentiales
621 1988 942 2051 cantantur,
973 1983 1237 2053 adjuncta
1259 1983 1510 2037 oratione
1531 1983 1779 2054 qualibet
1860 1985 1946 2034 est
1981 1980 2129 2050 quod
2160 1980 2600 2034 misericordiam
2624 1984 2821 2050 petens
2848 1979 2967 2033 sine
2983 1979 3211 2033 licentia
3221 1978 3295 2078 ad
3316 1994 3453 2048 prae-

178 2089 282 2143 pro
304 2072 567 2142 peccatis.
591 2073 699 2126 Pro
715 2090 878 2143 prece
899 2073 1088 2144 aliqua
1106 2074 1190 2126 vel
1228 2073 1536 2143 antiphona
1565 2074 1632 2126 ad
1664 2075 1775 2127 suf-

177 2161 365 2230 fragia
384 2165 705 2215 sanctorum
734 2163 1130 2232 praetermissa,
1164 2164 1352 2232 agitur
1390 2163 1538 2232 quod
1581 2163 1776 2233 praesi-

179 2249 338 2303 denti
358 2249 594 2304 videtur.
633 2250 791 2314 Quod
820 2251 868 2304 si
914 2251 1156 2305 sentitur
1184 2256 1314 2304 ante
1354 2252 1523 2304 ﬁnem
1573 2253 1774 2322 psalmi

178 2354 407 2392 versum
435 2355 558 2392 esse
612 2340 1070 2409 pratermissum,
1119 2341 1369 2410 psalmus
1417 2357 1452 2394 a
1479 2341 1659 2410 capite
1691 2347 1778 2396 est

179 2426 539 2496 repetendus.
564 2428 840 2481 Caeterum
869 2428 928 2481 in
947 2429 1269 2498 hujusmodi
1297 2430 1777 2500 negligentiis,ubi

182 2513 300 2568 fere
332 2520 488 2568 totus
517 2520 617 2568 aut
643 2522 792 2570 certe
823 2533 1029 2586 magna
1056 2534 1187 2588 pars
1203 2525 1509 2573 conventus
1537 2520 1595 2574 in
1614 2522 1778 2591 culpa

183 2608 288 2669 est,
311 2603 360 2657 si
387 2608 578 2657 tamen
608 2604 780 2657 levior
799 2621 969 2658 causa
997 2606 1182 2672 fuerit,
1233 2607 1541 2662 admonitio
1567 2610 1770 2679 potius,

182 2697 247 2746 ut
261 2693 612 2757 emendetur,
634 2708 802 2762 quam
825 2695 1149 2748 reclamatio
1170 2694 1335 2749 debet
1362 2698 1502 2750 ﬁeri.
1531 2699 1774 2753 Ubicun-

183 2798 290 2852 que
309 2782 484 2834 ctiam
507 2781 681 2850 aliqui
696 2782 898 2836 fratres
927 2785 986 2835 in
1020 2783 1338 2839 obedientia
1359 2786 1550 2856 aliqua
1569 2787 1779 2841 fuerint

180 2871 458 2942 occupati,
483 2871 771 2940 negligens
800 2871 1038 2942 quisque
1068 2890 1102 2925 a
1129 2874 1340 2927 caeteris
1371 2877 1528 2945 prius
1582 2875 1777 2928 admo-

180 2961 427 3028 nendus;
460 2961 558 3014 sed
578 2960 624 3014 si
657 2961 956 3015 emendare
985 2964 1248 3028 noluerit,
1277 2968 1364 3017 est
1390 2966 1560 3019 etiam
1601 2970 1778 3023 recla-

178 3052 441 3105 mandus.
482 3051 589 3104 Sed
619 3050 752 3121 quia
773 3051 1014 3120 singula,
1045 3069 1168 3122 quae
1203 3058 1398 3106 contra
1428 3058 1780 3111 consuetudi-
1799 3091 1843 3152 Ο

179 3157 310 3194 nem
344 3145 402 3193 et
430 3139 682 3193 ordinem
732 3147 988 3194 nostrum
1019 3142 1140 3194 ﬁeri
1195 3149 1450 3212 possunt,
1482 3145 1648 3199 scribi
1682 3164 1776 3202 ne-

178 3246 467 3302 quaquam
496 3235 747 3300 possunt,
775 3231 1030 3300 quaedam
1075 3232 1242 3286 etiam
1295 3234 1431 3287 talia
1461 3241 1609 3301 sunt,
1653 3254 1775 3307 quae

178 3327 413 3393 propter
431 3322 758 3376 scandalum
788 3322 846 3375 in
871 3324 1116 3394 capitulo
1146 3327 1438 3380 reclamari
1467 3334 1770 3398 nequeunt;

183 3426 309 3480 quae
338 3410 578 3481 quisque
605 3411 846 3480 ignorat,
888 3429 959 3466 an
1005 3413 1074 3466 ad
1121 3413 1579 3470 reclamationem
1609 3417 1779 3487 perti-

183 3503 376 3564 neant,
404 3497 474 3551 de
499 3498 588 3552 his
611 3499 767 3568 prius
796 3499 1144 3568 interrogare
1165 3500 1346 3556 debet.

791 3588 1024 3643 CAPUT
1049 3589 1158 3642 LV.

180 3676 942 3754 Quodconfessionemculpa:
969 3682 1241 3754 sequitur
1267 3685 1656 3738 misericordia
1681 3702 1775 3754 pe-

251 3751 470 3870 titio,(.lsi
488 3749 658 3799 simul
676 3751 837 3815 culpa
855 3754 929 3801 est
944 3753 1294 3817 proferenda,
1315 3758 1362 3805 et
1394 3749 1776 3810 misericordia

251 3824 402 3870 neten
441 3833 494 3870 α.

241 3824 494 3887 petenda.

250 3909 270 3928 ‘
293 3907 456 3960 Nunc
477 3911 664 3960 autem
687 3924 799 3962 non
823 3913 906 3961 est
945 3911 1416 3979 praetereundum,
1453 3915 1601 3984 quod
1639 3932 1773 3971 con-

180 3994 480 4048 fessionem
509 3996 684 4066 culpze
699 3997 954 4068 sequitur
972 3999 1169 4069 petitio
1190 3999 1603 4058 misericordiae.
1631 4005 1776 4069 Quo-

177 4083 287 4137 ties
315 4084 478 4154 culpa
507 4086 906 4145 conﬁtenda,et
926 4086 1310 4143 misericordia
1324 4090 1495 4145 simul
1515 4094 1774 4164 cuiquam

180 4177 268 4227 est
305 4172 568 4242 petenda,
602 4190 650 4225 ν.
684 4190 740 4242 g.
776 4173 822 4226 si
873 4173 1084 4228 obitum
1122 4177 1299 4245 patris
1339 4185 1438 4232 aut
1463 4183 1659 4236 matris
1689 4185 1774 4238 vel

181 4261 393 4315 sororis
413 4260 643 4321 audivit,
666 4261 753 4314 vel
788 4262 1032 4315 crastino
1076 4265 1369 4334 utriusque
1411 4270 1658 4337 parentis
1681 4288 1778 4325 an-

181 4349 526 4404 niversarius
558 4349 684 4413 erit,
703 4351 788 4402 vel
820 4368 928 4420 quo
956 4350 1075 4421 ipse
1103 4354 1424 4409 monasticm
1451 4357 1575 4411 vitae
1607 4357 1776 4414 bene-

182 4439 486 4494 dictionem
504 4439 735 4509 acccpit,
751 4445 808 4492 et
843 4441 962 4510 ipse
982 4459 1082 4512 pro
1104 4442 1291 4513 aliquo
1312 4461 1538 4500 excessu
1559 4449 1778 4503 veniam

181 4533 376 4600 petere
407 4528 619 4593 debuit,
652 4528 720 4581 de
750 4530 914 4600 culpa
961 4531 1118 4601 prius
1175 4532 1381 4601 agitur,
1436 4535 1637 4590 deinde
1675 4556 1777 4608 pro

182 4617 520 4689 postulanda
540 4616 926 4672 misericordia
945 4635 1056 4672 non
1080 4619 1184 4673 nisi
1213 4623 1386 4675 semel
1413 4625 1632 4678 veniam
1677 4645 1777 4698 pe-

181 4707 271 4773 tit,
312 4707 484 4759 etiam
513 4706 560 4759 si
604 4706 684 4759 ita
713 4708 980 4774 evenerit,
1012 4715 1076 4761 ut
1128 4714 1181 4762 et
1227 4710 1333 4764 sibi
1360 4718 1416 4766 et
1444 4715 1777 4783 parentibus

180 4796 300 4850 suis
327 4795 772 4849 misericordiam
804 4797 1082 4866 petiturus
1113 4799 1186 4852 sit
1214 4817 1225 4865 ;
1280 4800 1379 4854 sed
1418 4807 1474 4855 et
1502 4808 1638 4857 tunc
1667 4805 1777 4874 pri-

181 4901 339 4938 mum
368 4885 436 4938 de
466 4893 864 4956 pertransactaa
895 4888 1018 4941 vitae
1061 4889 1405 4960 negligentia
1431 4909 1491 4946 se
1525 4902 1773 4964 accusat,

182 4975 389 5029 deinde
417 4976 667 5046 parentis
695 4975 907 5030 obitum
940 4978 1284 5047 pronuntiat,
1315 4979 1676 5051 singulariter
1695 4991 1778 5039 ta-

182 5081 336 5131 men,
371 5069 435 5118 ut
454 5065 524 5117 ad
554 5070 856 5136 utrumque
911 5067 1065 5136 prior
1091 5068 1499 5138 indulgentiam
1532 5074 1777 5142 optando

182 5153 542 5223 respondeat,
577 5158 635 5206 et
653 5153 770 5223 ipse
799 5154 966 5208 toties
998 5155 1049 5208 ei
1071 5157 1137 5209 ad
1171 5158 1339 5226 pedes
1366 5160 1588 5228 veniat;
1615 5163 1670 5215 in
1696 5180 1779 5216 re-

183 5240 432 5294 cedendo
472 5239 772 5294 observans
801 5241 861 5295 in
885 5243 1212 5310 primolibri
1233 5245 1477 5314 capitulo
1506 5251 1770 5319 scriptam

181 5327 565 5382 inclinationis
594 5329 795 5398 legem,
831 5331 1090 5385 omnibus
1119 5333 1188 5386 ad
1219 5334 1389 5403 pedes
1423 5337 1776 5393 venientibus

180 5417 392 5482 datam;
427 5432 768 5486 quamquam
789 5423 845 5471 et
873 5424 1174 5490 antequam
1197 5421 1266 5473 ad
1283 5422 1452 5491 pedes
1467 5425 1683 5479 veniret
1702 5428 1772 5481 ad

178 5511 556 5565 reverentiam
584 5519 888 5568 conventus
912 5514 1236 5571 inclinantis
1285 5535 1344 5572 se
1402 5519 1769 5588 inclinaverit,

181 5617 354 5669 quam
385 5600 661 5657 submisse
689 5603 761 5659 ad
792 5619 1204 5675 quamcumque
1259 5607 1669 5665 absolutionem
1697 5612 1775 5665 ibi

1860 2085 1989 2122 sens
2019 2068 2226 2138 poterit
2237 2067 2546 2121 inclamari.

1929 2157 1986 2211 Si
2020 2173 2145 2210 vero
2173 2156 2410 2210 domnus
2443 2156 2613 2211 abbas
2645 2173 2984 2227 quemquam
3031 2154 3088 2208 in
3137 2155 3449 2224 capitulum

1857 2243 2098 2313 miserit,
2133 2249 2196 2298 ut
2224 2244 2310 2298 sui
2339 2245 2578 2313 alicujus
2605 2243 2901 2298 familiaris
2923 2242 3134 2296 obitum
3167 2241 3254 2294 vel
3291 2239 3452 2294 anni-

1857 2332 2166 2386 versarium
2196 2333 2515 2399 annuntiet,
2559 2333 2607 2386 is
2628 2349 2729 2403 pro
2760 2332 2865 2384 hac
2891 2347 2952 2384 re
2982 2347 3094 2384 non
3123 2329 3231 2383 nisi
3257 2331 3448 2398 jussus

1859 2419 1929 2474 ab
1957 2422 2076 2492 ipso
2093 2421 2311 2474 veniam
2333 2422 2474 2492 petit
2500 2440 2512 2475 :
2547 2426 2603 2475 et
2629 2421 2678 2474 si
2706 2421 2789 2474 vel
2819 2419 2943 2485 sibi,
2973 2420 3058 2473 vel
3088 2435 3318 2473 suorum
3344 2418 3451 2472 ali-

1859 2509 1944 2562 cui
1975 2509 2416 2563 misericordiam
2447 2515 2532 2564 est
2557 2511 2858 2581 petiturus,
2899 2525 3024 2564 cum
3053 2508 3250 2562 eadem
3287 2505 3454 2560 venia

1859 2599 1914 2652 id
1944 2599 2092 2652 facit.
2117 2598 2191 2652 Hi
2215 2599 2384 2652 etiam
2418 2599 2512 2670 qui
2541 2604 2908 2669 spontaneam
2937 2597 3168 2667 petituri
3206 2602 3337 2650 sunt
3364 2611 3455 2648 ve-

1859 2688 2032 2754 niam,
2058 2704 2121 2741 eo
2143 2689 2291 2757 quod
2323 2688 2533 2758 aliquid
2563 2688 2708 2742 intra
2738 2693 3043 2740 claustrum
3083 2685 3452 2756 perdiderint,

1859 2776 2146 2830 sciendum
2179 2782 2284 2840 est,
2307 2778 2456 2846 quod
2484 2777 2638 2847 prius
2668 2777 2725 2830 in
2761 2776 3003 2847 capitulo
3033 2775 3102 2828 de
3133 2791 3193 2828 re
3233 2773 3453 2844 perdita

1859 2864 1879 2935 (_
1884 2865 1993 2918 nisi
2025 2865 2163 2918 adeo
2191 2865 2430 2931 minuta,
2471 2870 2535 2918 ut
2564 2882 2698 2919 acus
2741 2871 2847 2930 est,
2871 2870 2928 2918 et
2957 2865 3002 2918 si
3033 2863 3182 2934 quod
3203 2863 3317 2916 tale
3343 2865 3448 2928 est)

1861 2954 2018 3025 prius
2047 2954 2413 3022 interrogare,
2447 2959 2503 3006 et
2530 2954 2732 3008 deinde
2778 2954 2826 3007 si
2863 2969 2974 3007 non
3004 2953 3232 3006 inventa
3257 2950 3446 3014 fuerit,

1863 3043 2121 3113 sequenti
2167 3043 2410 3112 capitulo
2441 3043 2670 3112 veniam
2719 3049 2910 3113 petere
2966 3042 3188 3095 debent.
3233 3039 3341 3094 Sed
3381 3039 3451 3092 de

1859 3132 2058 3186 itinere
2087 3132 2375 3184 venientes
2391 3147 2492 3201 pro
2508 3131 2675 3186 rebus
2693 3137 2850 3185 extra
2889 3130 3140 3202 perditis,
3171 3129 3242 3183 ad
3269 3127 3451 3198 proxi-

1858 3238 2010 3274 mum
2041 3221 2350 3291 capitulum
2379 3220 2599 3274 veniam
2630 3226 2863 3291 petunt;
2893 3219 2939 3274 si
2965 3219 3111 3273 infra
3139 3217 3449 3288 capitulum

1855 3309 2128 3375 venerint,
2163 3309 2350 3363 clauso
2369 3310 2486 3379 jam
2516 3309 2658 3363 ostio
2687 3309 2936 3375 claustri,
2971 3309 3195 3379 pulsare
3229 3307 3382 3376 licet,
3396 3310 3453 3359 et

1860 3399 2096 3452 audiens
2126 3399 2184 3451 in
2206 3397 2447 3468 capitulo
2477 3398 2740 3452 ostiarius
2775 3403 3001 3468 accepta
3030 3413 3159 3451 cum
3187 3409 3359 3449 manu
3381 3394 3452 3448 li—

1861 3487 2045 3541 centia
2101 3487 2214 3540 exit
2277 3487 2495 3557 aperire
2555 3487 2656 3542 eis.
2718 3487 3033 3541 Intromissi
3063 3491 3275 3550 autem,
3301 3485 3451 3538 facta

1863 3576 2116 3629 oratione
2145 3575 2203 3628 in
2244 3576 2603 3642 monasterio,
2638 3576 2828 3630 statim
2873 3576 2944 3630 ad
3006 3575 3313 3646 capitulum
3357 3587 3452 3626 ve-

1859 3661 2041 3727 niunt,
2071 3668 2129 3716 et
2157 3679 2281 3715 cum
2313 3662 2578 3728 sederint,
2606 3665 2652 3717 si
2683 3681 2849 3734 quam
2877 3664 3076 3718 stando
3096 3661 3301 3716 dicturi
3321 3663 3456 3714 sunt

1859 3751 2216 3820 legationem,
2245 3752 2351 3804 hoc
2380 3769 2524 3806 unus
2554 3769 2768 3818 eorum,
2802 3754 2890 3806 cui
2912 3753 3226 3822 injunctum
3253 3754 3358 3814 est,
3392 3747 3453 3800 in

1858 3839 1978 3892 loco
2007 3856 2108 3894 suo
2129 3837 2374 3910 primum
2405 3841 2524 3909 agit
2553 3859 2565 3906 ;
2613 3840 2812 3894 deinde
2861 3839 2909 3893 si
2957 3839 3082 3908 quis
3129 3853 3324 3891 eorum
3350 3851 3451 3906 pro

1857 3930 2045 4000 aliquo
2077 3946 2308 3983 excessu
2329 3930 2477 3983 ultro
2512 3931 2724 3984 veniam
2752 3935 2943 4001 petere
2981 3928 3164 3992 debet,
3199 3932 3298 3982 aut
3327 3925 3451 3996 quis

1857 4019 1915 4072 in
1945 4019 2185 4072 alterum
2214 4018 2282 4072 de
2306 4019 2390 4071 his
2414 4018 2604 4082 etiam,
2629 4035 2752 4089 quae
2789 4019 2847 4072 in
2867 4017 3066 4071 itinere
3096 4021 3290 4070 contra
3317 4032 3453 4069 con-

1857 4107 2209 4160 suetudinem
2235 4106 2382 4170 fecit,
2414 4107 2652 4159 maxime
2696 4122 2816 4176 qua;
2846 4106 3165 4159 admonitus
3192 4103 3455 4158 emenda-

1859 4212 1919 4249 re
1949 4195 2148 4260 noluit,
2174 4195 2479 4265 quidquam
2509 4196 2813 4250 reclamare
2843 4196 3030 4261 habet,
3065 4211 3176 4249 non
3212 4195 3321 4248 hoc
3347 4208 3451 4247 ne-

1857 4284 2038 4353 gligit.

1794 4407 1844 4466 D
1934 4373 2214 4436 Quasdam
2257 4389 2387 4427 vero
2435 4374 2742 4443 legationes
2788 4374 3033 4428 minores
3081 4373 3307 4444 quidem
3337 4387 3450 4426 non

1862 4461 2185 4524 stando,sed
2209 4462 2434 4531 quando
2456 4462 2562 4516 sibi
2583 4463 2762 4517 visum
2781 4463 2973 4529 fuerit,
3003 4462 3247 4517 sedendo
3277 4460 3412 4515 dicit
3436 4477 3449 4527 ;

1861 4550 1992 4620 quia
2020 4556 2154 4603 sunt
2178 4551 2432 4620 quaedam
2463 4551 2785 4620 dignitates,
2824 4552 3027 4622 quibus
3060 4554 3263 4622 major,
3305 4565 3452 4620 qum-

1861 4639 1987 4692 dam
2012 4639 2418 4709 quibusminor
2447 4639 2687 4694 debetur
2714 4642 3201 4696 reverentia.Nam
3233 4640 3451 4711 episco-

1861 4727 1948 4798 pis
2003 4733 2060 4781 et
2115 4726 2435 4797 abbatibus,
2492 4731 3018 4800 congregationibus
3057 4746 3280 4801 quoque
3332 4733 3451 4781 tam

1858 4817 2136 4870 canonica:
2165 4833 2331 4886 quam
2360 4819 2680 4874 monasticae
2702 4821 3094 4887 institutionis,
3117 4818 3451 4891 quibusdam

1859 4906 2028 4959 etiam
2082 4905 2438 4959 saecularibus
2495 4909 2888 4976 potestatibus,
2931 4915 2994 4963 ut
3039 4908 3292 4972 ducibus,
3333 4907 3452 4961 haec

1860 4994 2169 5049 exhibenda
2213 5001 2300 5048 est
2344 4997 2676 5060 reverentia,
2724 5003 2786 5051 ut
2830 5003 3052 5052 tantum
3083 4995 3451 5050 salutationes

1861 5099 2053 5137 eorum
2087 5100 2121 5136 a
2166 5083 2466 5150 stantibus,
2495 5091 2697 5137 caetera
2741 5091 2930 5139 autem
2958 5103 2990 5139 a
3020 5085 3342 5140 sedentibus
3371 5084 3454 5138 di-

1858 5179 2076 5226 cantur.
2118 5173 2263 5227 Solis
2285 5189 2412 5226 vero
2434 5173 2639 5226 domno
2658 5173 2846 5227 abbati
2876 5180 3090 5240 nostro,
3123 5175 3450 5246 apostolico,

1859 5269 1915 5316 et
1945 5262 2061 5331 regi
2092 5267 2302 5326 nostro,
2335 5262 2431 5314 illa
2462 5261 2715 5315 addenda
2747 5270 2849 5327 est,
2885 5269 2946 5316 ut
2997 5280 3031 5316 a
3058 5270 3333 5318 conventu
3381 5265 3450 5318 ad

1859 5363 2052 5402 eorum
2082 5350 2390 5419 legationes
2419 5350 2578 5403 venia
2625 5356 2867 5422 petatur,
2901 5369 3025 5422 quae
3084 5353 3451 5408 nihilominus

1861 5436 1930 5490 ab
1961 5455 2026 5491 eo
2052 5438 2398 5502 observatur,
2433 5440 2521 5493 cui
2552 5439 2876 5510 singulatim
2940 5441 3226 5510 quodlibet
3252 5442 3451 5510 hujus-

1859 5525 2011 5579 modi
2039 5528 2272 5581 mandat
2299 5529 2536 5582 domnus
2566 5529 2708 5583 abba
2763 5529 3079 5600 ubicunque
3126 5529 3174 5584 ei
3206 5531 3441 5585 dicatur.

1858 5612 2090 5668 Caeteris
2121 5633 2248 5670 vero
2280 5617 2594 5687 quibusque
2616 5619 2886 5675 orationis
2915 5636 3029 5674 sua:
3057 5620 3143 5674 vel
3164 5620 3449 5675 servitutis
