3934 6356
119 343 234 416 9.89

1188 338 1610 429 Cossum,
1649 336 1993 414 suam.
2038 366 2102 398 ;-
2142 335 2278 412 me.
2312 336 2365 414 Ἰ.

3296 339 3404 413 9.96

121 488 280 539 mare
306 485 370 539 Ἧι
407 482 622 547 estate,
657 484 720 538 in
745 479 950 554 hyeme
977 483 1112 561 Vero
1143 482 1278 537 ante
1303 473 1555 549 't'ertia’m,
1588 492 1642 539 et
1679 486 1721 538 si
1745 485 1788 544 Ᾱ
1810 481 1950 538 albis
1981 480 2066 537 est
2087 486 2323 554 agenda,
2359 478 2506 537 sicut
2729 477 2910 567 evenit
2945 477 3006 536 iii
3035 475 3402 567 susceptione

119 573 304 628 semel
325 573 644 627 *come'tlitur
671 573 797 643 post
825 568 1146 642 prandium,
1191 572 1259 625 ad
1310 571 1519 626 lectum
1562 570 1724 628 suum
1811 571 2045 642 alicujus
2075 568 2349 641 gravioris
2383 571 2652 643 personre.
2688 566 2867 640 Igitur
2898 566 3091 624 eodem
3127 576 3403 640 tempore,

119 663 259 717 facit
289 663 565 716 sedensin
598 661 813 715 c'uculla
844 677 946 714 sua
975 667 1029 714 et
1060 662 1297 732 pellicio,
1337 663 1382 714 si
1414 664 1555 738 opus
1601 670 1721 728 est;

117 754 269 807 duas
303 753 452 805 enim
473 750 664 810 habc‘t,
691 747 746 804 et
767 751 811 803 si
843 755 955 804 una
981 751 1360 805 resarcienda.
1391 749 1536 804 sedit
1562 753 1617 805 in
1641 751 1723 806 al”-

119 845 268 895 tera.
305 858 396 895 cn.
423 841 481 894 Si
517 855 660 910 opus
702 839 870 893 habet
902 837 1034 909 quid
1064 839 1132 891 de
1164 840 1492 893 vestimento
1523 855 1622 894 suo
1654 838 1723 894 ad

123 927 308 984 solem
339 930 659 992 extendere,
700 933 836 982 itunc
875 927 1145 993 extendit,
1185 936 1246 983 et
1273 928 1418 982 bene
1447 929 1722 984 memine-

124 1019 221 1080 ri‘t,
248 1017 560 1072 ut‘aui‘er‘at
591 1024 720 1071 ante
749 1018 1130 1080 collationem,
1151 1019 1234 1070 vel
1267 1019 1312 1071 si
1333 1018 1626 1072 duodecim
1650 1021 1725 1073 le-

124 1109 344 1162 ctio’nes
374 1108 431 1160 in
456 1107 710 1177 sequenti
735 1109 920 1169 nocte,
943 1115 1084 1184 ante
1125 1111 1430 1177 vesperam.

747 1195 980 1249 CAPUT
1007 1195 1116 1249 LX.

203 1286 277 1338 De
319 1302 394 1345 eo,
430 1287 529 1352 qui
557 1285 851 1354 inﬁrmum
885 1286 1119 1350 fratrem
1147 1288 1372 1338 risitarc
1397 1287 1649 1339 'rolurrit.

200 1376 222 1394 ‘
257 1373 316 1426 Si
343 1382 514 1441 quem
547 1373 776 1425 fratrem
809 1373 1186 1425 inﬁrmantem
1216 1373 1437 1426 visitare
1468 1359 1722 1441 velueriiz,

1803 669 1918 732 "quo
1950 662 2373 715 nocturnalibus
2397 662 2654 715 induitur
2671 651 2874 714 tollens
2903 660 3128 712 fasciam
3148 661 3307 713 suam
3331 653 3404 713 d‘e

1808 751 1950 803 lecto
1992 765 2111 812 suo,
2141 751 2326 821 pergit
2351 746 2424 803 ad
2448 751 2601 803 illam
2643 743 2931 803 minuendi
2967 749 3256 818 sanguinis
3283 741 3402 802 otii"-

1799 842 2010 903 cinam,
2042 847 2097 893 et
2123 849 2256 895 ante
2282 837 2471 895 omnia
2498 837 2631 894 facit
2660 841 2789 894 ante
2831 835 2887 893 e‘t
2919 839 3087 903 retro,
3123 845 3179 893 et
3205 831 3296 892 ter
3323 828 3405 890 di-

1800 925 1882 982 cit
1905 925 2128 983 brevem
2176 933 2394 1000 versum
2432 950 2442 983 :
2498 934 2650 985 Dom.
2702 933 2767 982 in.
2805 929 3155 997 adjiztorz'mn
3194 923 3396 980 meum

1815 1015 1975 1085 Tl'g/i'z'c
1993 1011 2338 1083 'eloi.s'0)1.'?..tl
2349 1015 2657 1086 dilitorz'u-m
2685 1023 2956 1072 host‘rm‘n.
2981 1016 3237 1086 Item‘qUe
3255 1014 3403 1068 facto

1809 1114 1938 1161 ante
1971 1115 2026 1162 et
2054 1115 2205 1162 retro
2235 1103 2554 1162 imminutio
2582 1102 2872 1174 sanguinis
2908 1096 3227 1159 inchoatur.

2371 1189 2609 1251 CAPUT
2633 1189 2806 1253 an.
2907 1264 2912 1270 ,

1815 1275 1874 1338 in
1906 1285 2104 1353 quibus
2143 1289 2269 1337 locis
2299 1293 2423 1339 ante
2454 1292 2498 1339 ct
2535 1291 2676 1339 retro
2717 1289 2787 1337 sit
2810 1274 3126 1352 lactandum
3157 1273 3398 1337 minuto.

1883 1375 1903 1396 ⁶
1937 1374 2044 1426 Sed
2078 1375 2537 1445 sciendum,quod
2565 1376 2719 1428 nullo
2749 1389 2805 1426 in
2836 1375 2954 1426 loco
2983 1369 3152 1425 faciat
3179 1375 3311 1423 ‘ante
3342 1363 3401 1423 et

125 1465 264 1515 tunc
298 1462 535 1514 maxime
568 1461 1356 1530 accipitlicentia'mvisitandi.
1387 1463 1520 1515 llluc
1542 1463 1724 1518 eundo
1807 1468 1980 1523 retro,
2015 1461 2122 1515 nisi
2153 1463 2206 1515 in
2242 1464 2470 1516 ecclesia
2493 1465 2574 1516 vel
2605 1469 2734 1516 ante
2769 1477 2986 1514 crucem
3019 1455 3127 1525 sit;
3171 1459 3398 1528 eicc'epto

127 1549 296 1603 debet
322 1551 604 1620 ‘psalmu‘m
651 1552 896 1611 Deinfnc,
930 1557 998 1602 “ne
1037 1553 1097 1603 in
1141 1552 1334 1616 furore
1378 1557 1468 1603 tuo
1517 1553 1723 1616 arguas
1806 1552 1873 1604 ad
1906 1557 2045 1620 opus
2071 1567 2358 1614 manuum,
2395 1547 2463 1605 ad
2511 1545 2800 1621 sanguinis
2842 1549 3230 1612 minutionem,
3260 1554 3316 1601 et
3338 1541 3399 1601 in

127 1655 226 1701 me,
264 1644 398 1696 etc.,
446 1639 720 1702 recitare;
775 1625 967 1691 addita
1016 1637 1310 1691 Do'mi‘nica
1358 1640 1628 1695 oratione.
1665 1641 1721 1693 e't
1796 1641 2042 1709 'coq'uina
2070 1638 2333 1708 regulari.
2363 1639 2758 1694 unﬁilentium
2781 1645 2953 1693 tenet.
2986 1630 3092 1691 nisi
3113 1636 3398 1690 'modicuni

118 1737 235 1780 una
271 1728 510 1781 collecta
558 1737 656 1796 pro
693 1727 938 1785 infirmo,
989 1728 1338 1794 Omnipotens
1392 1734 1719 1794 sempiterna
1804 1729 1936 1798 quid
1970 1729 2119 1782 dicat
2148 1729 2216 1781 de
2243 1745 2307 1781 eo
2341 1721 2485 1798 quod
2519 1725 2668 1781 inter
2695 1725 3130 1782 manushabet.‘
3151 1722 3399 1780 Cellerae

122 1816 281 1872 Deus,
330 1821 436 1867 etc.
483 1815 622 1866 Cum
649 1813 890 1866 inﬁrmis
916 1815 1187 1867 i’ratribus
1234 1820 1417 1884 potest.
1463 1815 1536 1867 ibi
1567 1816 1719 1885 loqui
1739 1804 1782 1862 Β
1803 1817 1917 1870 rius
1949 1833 2075 1870 vero
2105 1815 2418 1886 adj'utorein
2449 1813 2611 1871 suuin
2642 1811 2776 1870 illuc
2802 1811 3023 1870 mittere
3044 1809 3400 1886 praemuniit

116 1910 426 1972 antequam
459 1903 527 1955 ad
561 1903 758 1955 horam
791 1909 1117 1972 sequentem
1159 1904 1429 1972 pulsetur.
1481 1905 1638 1966 Quod
1671 1905 1719 1957 si
1803 1911 1939 1975 quot
1975 1907 2085 1959 sint
2125 1906 2327 1959 'minuti
2385 1905 2567 1959 videat
2617 1919 2712 1959 un.
2770 1897 2846 1958 Ab
2895 1905 3024 1958 hinc
3067 1896 3306 1972 surgens
3338 1897 3397 1955 in

115 1992 291 2045 citius
320 1981 390 2044 ad
416 1993 612 2044 horam
635 1993 911 2061 pulsatur,
937 1993 1016 2044 ita
1041 1997 1102 2044 ut
1125 2001 1233 2044 non
1251 1993 1426 2061 possit
1445 1996 1716 2062 perageie
1803 1995 2155 2048 refectorium
2180 1996 2350 2056 venit,
2370 1995 2782 2065 aliquantulum
2800 1993 2866 2047 de
2898 1988 3043 2046 libra
3065 2010 3166 2045 sua
3186 2005 3397 2046 comes-

121 2081 274 2150 quod
299 2079 486 2150 coepit,
533 2087 729 2150 postea
778 2095 888 2133 non
938 2081 1059 2134 sine
1111 2081 1336 2134 licentia
1381 2081 1711 2148 regreditur.
1799 2088 1964 2136 eurus
1998 2091 2049 2135 et
2077 2073 2373 2144 bibiturus,
2409 2085 2552 2136 sicut
2590 2079 2761 2136 etiam
2804 2097 2903 2152 per
2929 2083 3068 2134 duos
3095 2077 3395 2150 sequentes

120 2171 244 2221 Non
279 2170 461 2222 solum
486 2169 748 2222 autemin
774 2170 878 2221 hoc
906 2175 1173 2239 tempore,
1201 2171 1292 2221 sed
1323 2171 1569 2222 etiamin
1589 2170 1716 2223 aliis
1800 2171 1917 2224 dies
1953 2179 2076 2240 post
2106 2171 2453 2241 evangelium
2478 2173 2707 2239 majoris
2728 2172 2906 2224 missa:
2935 2190 2945 2236 ;
2979 2170 3035 2223 in
3060 2176 3258 2240 quarto
3291 2185 3394 2223 au-

118 2257 566 2327 co‘mpetentibus
605 2259 756 2310 horis
787 2259 1110 2310 conceditur
1131 2258 1464 2327 quibusdam
1503 2259 1717 2327 gravio-

115 2343 274 2399 ribus
300 2347 556 2416 personis
578 2352 914 2415 aegrotantes
946 2347 1190 2401 visitare.

193 2439 324 2501 (υῡ.)
359 2436 510 2488 Nihil
531 2436 975 2504 appellatsuum,
1010 2437 1104 2487 sed
1133 2436 1200 2488 ad
1221 2436 1406 2488 omnia
1427 2437 1564 2489 dicit
1585 2442 1710 2489 no.3;

125 2530 276 2576 trmn
310 2525 416 2576 nisi
443 2524 510 2576 de
534 2530 709 2592 patre,
760 2531 938 2576 matre
968 2534 1023 2576 et
1051 2525 1229 2593 culpa,
1265 2525 1332 2577 de
1366 2525 1450 2576 his
1483 2526 1715 2578 licenter

123 2613 256 2664 dicit
288 2630 437 2664 mrus
460 2619 515 2665 et
549 2614 898 2665 mcaﬂ’erum
944 2614 1110 2664 etiam
1134 2613 1204 2664 de
1228 2631 1285 2664 se
1309 2614 1519 2683 aliquid
1545 2615 1720 2669 dictu-

120 2717 240 2758 rus.
275 2701 411 2753 dicit
447 2715 536 2768 ego
567 2717 674 2754 non
720 2719 830 2754 nos.
876 2703 931 2754 Si
964 2718 1126 2770 quem
1177 2701 1404 2754 fratrem
1451 2705 1712 2773 appellat,

124 2807 415 2860 nunquam
442 2809 579 2860 puro
594 2791 816 2843 nomine
838 2792 1102 2861 appellat,
1129 2792 1236 2844 nisi
1255 2795 1490 2844 domnus
1515 2794 1718 2861 adjun-

93 2886 250 2949 ,ε’-λῖς
283 2879 380 2931 Sed
411 2880 645 2948 juvenes
677 2882 882 2946 fratres
912 2886 1088 2932 'vocat.
1124 2881 1264 2933 lte‘m
1294 2881 1582 2950 proprium
1614 2899 1716 2935 no-

1794 2260 1910 2312 tem
1929 2267 2054 2312 cu'm
2072 2260 2362 2312 ministris.
2401 2263 2420 2284 α
2440 2249 2522 2313 Ad
2542 2261 2862 2328 hujusmodi
2881 2265 3071 2312 autem
3093 2250 3392 2328 prandium

1796 2354 1909 2401 aen
1941 2349 2148 2401 dicitur
2167 2344 2606 2402 refectionaliter
2637 2359 2846 2408 versus,
2875 2340 3046 2401 etiam
3077 2346 3122 2400 si
3153 2347 3226 2399 sit
3255 2337 3395 2400 illud

1798 2439 2054 2506 regulare
2081 2438 2378 2507 jejunium,
2399 2439 2455 2490 in
2479 2453 2586 2508 quo
2617 2445 2670 2491 et
2699 2430 2822 2508 post
2840 2433 3066 2490 tertiam
3089 2428 3397 2506 pra'nsiiru's

1795 2527 2069 2596 pietantia
2098 2543 2207 2579 non
2240 2524 2468 2580 carebit.
2495 2527 2674 2580 Finita
2703 2544 2822 2579 com
2834 2521 2985 2578 mu'ni
3002 2518 3240 2578 fratrum
3259 2523 3398 2577 refe-

1801 2615 2002 2668 ctione.
2027 2615 2071 2665 si
2090 2631 2228 2684 opus
2247 2607 2417 2667 inerit
2444 2621 2568 2684 post
2591 2627 2782 2667 versus
2805 2611 2953 2666 inter
2984 2611 3196 2684 primos
3217 2613 3400 2683 poteSt

1801 2703 2054 2754 exire/id
2080 2705 2389 2774 proximam
2431 2695 2624 2756 horam
2650 2709 2777 2773 post
2807 2693 3400 2756 niinutioneni'secedit

1800 2796 1930 2843 ante
1983 2792 2115 2844 illud
2151 2793 2346 2854 altare,
2383 2809 2490 2861 quo
2547 2785 2756 2845 infirmi
2809 2792 2958 2843 inter
3005 2787 3395 2842 matutinal‘cm

1798 2880 2030 2932 missam
2062 2882 2242 2934 solent
2272 2881 2562 2945 accubare,
2597 2886 2648 2933 et
2676 2879 3007 2950 quacunque
3038 2877 3203 2931 modo
3232 2881 3396 2930 recu-

115 2978 252 3021 men
273 2969 525 3021 dieturus
559 2971 738 3034 frater
755 2969 1065 3039 praemittit.
1092 2967 1153 3022 In
1186 2969 1289 3022 hoc
1313 2976 1368 3021 et
1393 2969 1499 3021 alio
1529 2970 1719 3039 quovis
1802 2969 1941 3020 bans
1973 2968 2049 3021 ibi
2078 2971 2266 3039 jaceat
2294 2967 2598 3023 secundum
2629 2965 3002 3022 Valetudinem
3031 2973 3210 3028 suam,
3229 2962 3396 3019 bemo

115 3059 376 3128 tempore
407 3058 762 3127 competenti,
797 3058 937 3110 sicut
967 3055 1113 3111 infra
1155 3061 1452 3128 utramque
1484 3059 1714 3111 missam
1743 3118 1777 3128 η
1805 3057 2098 3126 vituperat.
2128 3055 2184 3111 Si
2213 3065 2398 3112 autem
2426 3057 2634 3111 viribus
2665 3058 2780 3110 suis
2802 3045 3048 3114 conﬁdit.
3074 3056 3142 3109 ad
3157 3053 3395 3125 sequeri—

117 3153 311 3218 potest
331 3153 456 3199 cum
479 3147 702 3199 licentia
723 3147 1041 3199 saecularem
1071 3147 1310 3200 amicum
1335 3147 1628 3200 convenire
1661 3118 1779 3200 etC
1802 3152 1915 3198 tem
1965 3148 2161 3200 horam
2212 3147 2347 3200 inibi
2401 3145 2935 3200 eonsUetudinaliter
2972 3145 3150 3210 ‘sedet,
3208 3139 3264 3197 et
3317 3145 3397 3195 si‘c

116 3235 226 3289 hoc
255 3241 368 3288 'non
401 3236 520 3288 sine
556 3242 716 3298 teste,
752 3235 794 3287 si
818 3236 994 3288 scitur
1022 3236 1432 3306 aliquantulum
1461 3237 1718 3290 incautus
1802 3235 2062 3306 deinceps
2104 3237 2172 3289 ad
2221 3237 2469 3306 reliquas
2512 3235 2679 3289 horas
2727 3229 3044 3304 ubicunque
3076 3229 3213 3296 vult,
3238 3229 3397 3286 extra

115 3332 263 3379 esse.
305 3325 529 3377 Nullam
557 3325 785 3377 omnino
808 3325 1094 3377 osculatur
1123 3326 1416 3378 mulierem
1445 3344 1455 3391 ;
1492 3325 1588 3379 'sed
1619 3341 1719 3378 nec
1801 3324 2076 3377 'minOrem
2099 3327 2329 3378 chorum
2359 3327 2564 3378 manet.
2602 3325 2740 3378 Cum
2764 3324 2961 3400 autem
2985 3321 3109 3394 post
3136 3325 3396 3392 vespe‘ra’s

113 3418 358 3468 Matrem
377 3422 564 3466 suam.

719 3503 952 3556 CAPUT
981 3503 1119 3556 LXI.

120 3596 189 3646 Dc
210 3595 519 3645 minutione
534 3595 772 3657 sangm'n
786 3596 857 3666 is.-
875 3594 950 3643 ret
971 3593 1369 3658 phlebotomm‘c
1385 3595 1712 3646 volentibus.

193 3685 304 3748 (Uti.
343 3685 479 3742 κατ’.)
525 3681 580 3734 Si
621 3681 952 3748 sanguinem
985 3680 1220 3732 voluerit
1248 3680 1499 3732 minuere
1533 3681 1588 3732 in
1616 3683 1713 3735 ΧΙΙ

116 3765 496 3835 Lectionibus,
532 3770 615 3822 vel
661 3773 716 3822 in
759 3770 866 3822 alio
894 3777 1223 3839 quocunque
1262 3767 1369 3832 die,
1419 3770 1472 3822 in
1507 3785 1616 3839 quo
1647 3771 1717 3824 si-

119 3859 359 3913 lentium
405 3865 490 3912 est
519 3859 841 3916 tenendum.
875 3859 996 3927 ipsa
1039 3855 1197 3910 liora.
1233 3875 1342 3927 qua
1374 3859 1441 3911 de
1472 3860 1715 3928 capitulo

115 3950 322 4008 exitur,
344 3947 628 4000 licentiam
661 3964 694 4000 a
721 3951 948 4000 tenente
971 3934 1221 3999 ordinem
1238 3959 1362 3999 cum
1388 3947 1549 4015 signo
1573 3966 1717 4018 quae-

113 4038 204 4090 rit.
236 4037 254 4058 ‘
283 4035 350 4089 In
373 4036 600 4106 privatis
627 4041 817 4088 autem
849 4035 1042 4087 diebus
1074 4035 1296 4104 quando
1327 4036 1530 4089 locutio
1551 4044 1636 4089 est
1657 4053 1713 4090 ιη

117 4127 385 4186 claustro,
417 4125 464 4177 si
495 4132 678 4194 potest
707 4125 1008 4177 consedere
1031 4126 1196 4193 juxta
1241 4125 1502 4192 priorem,
1543 4126 1707 4179 licen-

117 4216 258 4269 tiam
282 4215 420 4286 petit
443 4214 612 4268 verbo
638 4234 650 4267 :
677 4215 763 4268 sin
786 4220 996 4271 autem.
1025 4216 1203 4284 signo.
1230 4216 1388 4277 Quod
1410 4215 1455 4267 si
1478 4215 1715 4268 doans

114 4303 262 4357 abba
293 4306 377 4357 vel
410 4299 563 4374 prior
589 4304 896 4373 capitulum
931 4304 1130 4368 tenuit,
1162 4309 1218 4356 ct
1249 4319 1370 4356 mox
1393 4303 1550 4355 ﬁnito
1574 4304 1720 4374 capi-

115 4394 257 4455 tulo,
290 4395 479 4464 aliquo
509 4393 782 4454 discessit,
814 4409 922 4462 quo
962 4393 1028 4454 is,
1086 4392 1178 4462 qui
1224 4392 1558 4486 minuendus
1609 4399 1711 4458 est,
1735 4429 1780 4486 Β

117 4483 239 4535 sine
269 4481 498 4535 licentia
539 4483 726 4535 venire
767 4491 878 4535 non
911 4482 1103 4551 possit,
1141 4487 1272 4534 tunc
1303 4471 1372 4534 ab
1402 4499 1485 4544 eo,
1521 4481 1614 4550 qui
1646 4475 1714 4534 ad

114 4581 363 4641 praesens
381 4572 634 4624 ordinem
656 4571 820 4641 regit.
841 4571 1126 4624 licentiam
1153 4571 1369 4640 quazrit.
1395 4571 1716 4623 Cavendum

117 4668 309 4713 autem
335 4659 792 4713 esthebdomadaa
809 4660 1083 4713 sacerdoti
1108 4659 1566 4721 liebdomadario,
1593 4657 1717 4711 dia-

115 4753 257 4803 cono
290 4749 347 4802 et
376 4733 735 4809 subdiacono,
768 4747 1203 4801 hebdomadario
1245 4749 1478 4812 cantori,
1515 4764 1719 4800 mensa:

117 4829 332 4892 lectori.
351 4837 802 4891 hebdomadariis
836 4838 1106 4907 coquinae,
1133 4843 1195 4890 ut
1215 4843 1569 4907 nequaquam
1595 4853 1718 4888 san-

112 4927 344 4996 guinem
381 4928 634 4980 minuere
664 4933 1025 4997 praesumant.
1059 4925 1165 4979 nisi
1208 4926 1362 4996 prius
1391 4927 1447 4978 in
1479 4926 1720 4995 capitulo

115 5016 293 5086 petita
333 5017 496 5069 venia
540 5016 826 5070 licentiam
874 5015 1167 5085 accipiant.
1220 5023 1330 5077 tuo.
1371 5016 1516 5082 ναν.)
1553 5015 1621 5066 Et
1659 5019 1721 5068 ut

116 5105 220 5159 hoc
251 5105 433 5169 modo,
459 5117 574 5174 quo
604 5106 704 5158 flat
757 5104 970 5168 ordine,
1006 5108 1440 5174 prosequamur;
1497 5110 1723 5172 accepta

119 5194 343 5248 licentia
375 5192 613 5263 ldipsu'ni
644 5201 907 5262 procurat
953 5193 1178 5246 cellario
1201 5192 1465 5256 indiCzti‘e,
1493 5195 1553 5245 ut
1578 5207 1719 5263 [)l't’C-

119 5282 306 5336 videat
340 5282 609 5336 famulum
651 5283 745 5352 qui
780 5282 849 5335 ad
891 5282 1515 5351 liujusmodinegotium
1545 5283 1720 5351 depu-

124 5377 276 5426 tatus
308 5377 412 5433 est,
454 5371 511 5424 in
545 5377 806 5441 promptu
853 5387 973 5423 esse
998 5373 1118 5440 post
1151 5371 1500 5440 evangelium
1536 5371 1720 5423 missa)

127 5462 378 5529 majoris.
415 5462 490 5514 Eo
513 5463 754 5531 namque
779 5463 1062 5513 momento
1085 5459 1468 5513 abscedensde
1491 5461 1724 5513 ecclesia

129 5550 312 5604 induit
330 5547 704 5614 nocturridles,
725 5555 834 5602 non
857 5548 996 5601 alios
1023 5549 1244 5619 quidem
1277 5551 1452 5619 usque
1485 5548 1551 5600 ad
1576 5550 1722 5601 diem

129 5639 363 5694 tertium
393 5639 734 5706 indulturus,
787 5639 1013 5710 extept'o
1043 5637 1089 5690 si
1121 5636 1308 5708 aliqua
1351 5638 1628 5708 processio
1668 5639 1726 5690 in

1805 3418 1859 3464 et
1889 3414 2238 3466 matutinalis
2267 3415 2543 3484 preccssi'o
2575 3413 2641 3466 ad
2676 3415 2729 3467 s.
2758 3401 2993 3466 Mariam
3040 3413 3245 3488 agitiir,
3278 3408 3397 3481 ipse

1802 3502 2017 3572 priores
2053 3503 2398 3572 subsequens
2455 3504 2512 3556 in
2551 3503 2818 3573 capitulo,
2871 3495 2979 3555 niSi
3035 3497 3110 3555 sit
3150 3496 3392 3571 juvenis.

1801 3595 2073 3644 moratur.
2098 3593 2182 3644 Ad
2214 3577 2425 3646 nullam
2455 3592 2650 3644 horam
2684 3593 2999 3660 regularem
3025 3586 3191 3645 debet
3223 3587 3399 3660 proet-

1800 3681 1931 3732 dere
1962 3689 2142 3750 ‘nequc
2194 3693 2292 3751 pro
2341 3681 2449 3735 illis
2497 3682 2674 3734 tribus
2710 3682 3076 3746 orationibus,
3119 3693 3241 3750 "qua:
3274 3669 3398 3750 post

1800 3770 2044 3822 sonitum
2087 3771 2143 3822 in
2173 3771 2341 3823 choro
2363 3769 2543 3824 solent
2570 3771 2689 3823 fieri
2720 3787 2751 3823 a
2782 3771 3055 3823 conventu
3089 3763 3291 3823 stando
3314 3769 3399 3823 vel

1801 3858 2234 3927 procumbendo,
2273 3860 2390 3929 ipse
2420 3873 2588 3912 unam
2613 3858 2830 3912 tantum
2855 3861 2984 3911 ante
3005 3856 3236 3911 oliorum
3261 3851 3395 3910 facit

1795 3948 2063 4000 sedendo.
2111 3951 2174 4001 In
2221 3951 2329 4001 line
2373 3963 2501 4001 vero
2537 3946 2976 4018 uniuscujusqlm
3018 3945 3165 4000 hei-1e
3206 3943 3392 3999 exi-ens

1800 4043 1926 4089 cum
1958 4037 2173 4089 czeteris
2200 4023 2333 4090 facit
2361 4045 2490 4090 ante
2521 4045 2578 4090 et
2607 4039 2777 4100 retro,
2795 4042 2850 4088 et
2869 4039 2999 4088 ante
3026 4034 3248 4088 initium
3264 4037 3394 4088 cuin

1799 4125 1924 4177 aliis
1961 4131 2094 4177 ante
2116 4131 2171 4177 et
2202 4131 2350 4178 retro
2381 4125 2531 4178 facit.
2578 4125 2659 4178 Ad
2691 4123 2963 4188 litaniam,
2998 4114 3042 4176 si
3073 4125 3190 4176 vult
3219 4121 3398 4193 preci-

1800 4214 1950 4276 derc,
1982 4214 2258 4282 procidat;
2295 4215 2339 4266 si
2367 4215 2485 4267 vult
2513 4214 2726 4277 sedere,
2763 4213 2976 4277 Sedeat,
3011 4209 3288 4282 nemoque
3330 4206 3395 4265 il-

1802 4289 1896 4354 lud
1933 4302 2325 4371 reprehendat.

1875 4392 2012 4455 (υῡ.)
2035 4391 2116 4442 Ad
2139 4389 2434 4459 prandium
2461 4391 2683 4461 quando
2707 4390 2801 4444 alii
2817 4374 3026 4444 habent
3042 4386 3392 4462 pietantlaiil‘,

1802 4478 1893 4530 ille
1922 4481 2184 4547 generale
2217 4493 2315 4549 per
2342 4479 2480 4533 clues
2513 4478 2650 4544 dies,
2689 4485 2745 4534 et
2774 4477 2845 4534 ad
2879 4483 3094 4534 cmnan‘i
3125 4479 3229 4534 b'va
3252 4481 3388 4538 tria;

1803 4567 1858 4619 Si
1891 4574 2080 4619 autem
2122 4563 2208 4620 est
2248 4571 2469 4641 tempus
2515 4567 2792 4640 hyemale,
2829 4571 3038 4623 scilicet
3077 4575 3111 4623 a
3149 4569 3396 4623 Calendis

1804 4656 2076 4721 Octobris,
2105 4665 2281 4727 usque
2313 4658 2379 4710 ad
2407 4657 2924 4729 Quadragcsimam,
2952 4666 3007 4713 et
3027 4660 3071 4713 si
3094 4653 3295 4713 fratres
3306 4655 3400 4729 ge-

1803 4746 2068 4797 neraliter
2108 4749 2216 4798 non
2252 4747 2357 4799 nisi
2399 4747 2571 4801 semel
2621 4749 2895 4809 reﬁciunt,
2931 4751 3063 4803 tunc
3092 4748 3184 4803 ille
3215 4741 3396 4818 primo

1803 4840 2022 4887 tantum
2055 4835 2144 4888 die
2178 4839 2302 4904 “post
2331 4853 2608 4908 vesperos,
2657 4837 2790 4892 dum
2835 4831 3117 4910 incipitur.
3153 4839 3388 4900 Plat-cbo;

1802 4930 1932 4975 ante
1962 4929 2017 4976 et
2046 4931 2193 4976 retro
2225 4924 2373 4984 facit,
2413 4931 2468 4979 et
2498 4926 2627 4979 lotis
2661 4926 2918 4980 manibus
2939 4929 3008 4981 ad
3041 4920 3397 4980 rel‘ectorlum

1803 5009 1974 5076 vadit,
2010 5016 2033 5035 *
2061 5020 2116 5065 et
2136 5013 2253 5066 sine
2278 5029 2439 5067 versu
2463 5017 2929 5080 consuetudinali,
2957 5015 3010 5068 in
3046 5008 3398 5069 extremitate

1804 5100 2045 5154 sinistra:
2075 5095 2279 5154 tabula).
2309 5101 2483 5156 sedet.
2519 5109 2575 5155 et
2609 5108 2812 5169 ctunat,
2869 5099 3156 5158 cellerario
3198 5099 3398 5174 procli-

1804 5193 1965 5243 rante
1990 5193 2038 5244 ei
2081 5195 2177 5262 pro
2210 5188 2724 5255 iimtessitateQuod
2747 5195 2792 5246 si
2824 5193 3022 5263 priusa
3053 5207 3208 5247 coma
3230 5187 3394 5259 redit,

1806 5287 1974 5349 quam
2003 5284 2306 5334 conventus
2338 5282 2403 5334 ad
2442 5281 2738 5335 bibendum
2773 5283 2939 5343 venit,
2985 5283 3129 5336 sient
3169 5287 3312 5353 Smpe
3341 5281 3399 5336 ih

1805 5370 2230 5438 Septuagesnna
2287 5377 2471 5440 potest
2515 5369 2756 5432 evenire,
2815 5389 2924 5424 non
2975 5373 3201 5427 omittit.
3264 5371 3397 5442 quin

1807 5455 2008 5510 iterum
2041 5459 2165 5511 cum
2217 5461 2489 5513 conventu
2537 5459 2593 5513 in
2625 5453 2978 5530 refectoridm
3009 5462 3217 5524 redeat,
3252 5465 3308 5514 et
3353 5460 3402 5513 si

1807 5546 1941 5606 Vult,
1987 5546 2155 5602 bibat.
2209 5547 2264 5602 Si
2301 5553 2487 5603 autem
2527 5553 2829 5604 conventus
2873 5543 3029 5604 illum
3085 5557 3401 5605 coenanth

1808 5638 2099 5702 invenerit,
2147 5636 2256 5692 illis
2292 5632 2622 5696 exeuntibus
2655 5641 2773 5711 ipse
2805 5634 2971 5694 altius
3013 5630 3126 5694 sua
3154 5637 3397 5706 inelinis,
