3934 6380
524 323 628 382 991

1574 325 1633 381 8.
1673 322 2065 382 GUlLLELMI
2100 320 2406 379 ABBATIS
2438 323 2779 379 HIRSAUG.

3697 318 3807 378 992

529 467 708 525 usque
733 451 870 507 dum
902 466 1099 507 omnes
1140 466 1255 507 non
1301 451 1637 508 inclinantes
1676 452 2123 525 pertransierint.
2145 452 2348 513 Aniat.
2379 452 2505 507 Alio
2527 456 2715 507 autem
2744 449 2910 505 modo
2930 463 3099 521 quam
3137 447 3197 502 in
3222 463 3364 502 vena
3393 447 3441 501 si
3469 447 3718 503 voluerit
3748 447 3810 501 in

532 541 651 606 (UD.
673 545 838 610 var.)
867 540 1121 595 Secundo
1148 545 1206 593 et
1232 540 1401 595 tertio
1428 542 1516 595 die
1544 548 1671 612 post
1696 542 2006 613 capitulum
2031 558 2126 597 ve-

535 630 702 685 niens
726 630 786 683 in
826 628 1185 684 refectorium
1225 628 1361 683 dicit
1390 631 1783 685 matutinalem
1812 647 2033 685 versum
2072 635 2130 685 et

533 718 710 773 sumit
743 718 856 772 tria
902 723 1059 772 cocta
1105 718 1517 788 pulmentaria;
1563 714 1667 773 die'
1702 723 1893 772 autem
1926 722 2127 789 quarto

531 823 661 862 cum
708 806 980 861 ministris
1025 821 1355 876 pransurus,
1404 808 1553 861 casei
1608 807 1998 878 quadrantem,
2042 807 2128 861 vel

535 896 684 968 quod
730 899 955 950 tantum
1001 895 1163 961 valet,
1195 893 1419 965 accipit.
1452 897 1478 921 *
1497 896 1690 951 Tertio
1711 900 1901 950 autem
1927 896 2018 949 die
2042 895 2132 949 in-

542 985 694 1040 dutis
726 983 1077 1038 diurnalibus
1107 983 1178 1037 ad
1208 982 1449 1054 primam
1481 985 1629 1039 redit
1678 985 1738 1039 in
1781 986 2032 1049 chorum,
2085 984 2133 1038 si

537 1078 670 1129 sunt
693 1072 984 1127 duodecim
1003 1072 1301 1139 lectiones;
1334 1073 1383 1126 si
1412 1078 1600 1128 autem
1631 1074 1851 1145 privata
1869 1073 1988 1128 dies
2025 1079 2129 1138 est,

536 1163 608 1218 ad
632 1163 879 1217 tertiam.
909 1162 1069 1227 Quod
1098 1161 1146 1216 si
1171 1179 1275 1216 nec
1302 1161 1515 1217 viribus
1542 1164 1660 1219 suis
1681 1165 1929 1231 conﬁdit,
1965 1164 2135 1236 priori

536 1250 1073 1307 hocinnotescit.Ad
1108 1256 1411 1306 nocturnos
1431 1252 1656 1307 interim
1692 1254 1740 1307 si
1777 1253 2136 1318 obdormivit,

536 1358 702 1395 nemo
733 1357 865 1394 eum
894 1356 1019 1394 cum
1045 1339 1314 1394 absconsa
1341 1340 1711 1412 inquietabit:
1748 1343 1844 1396 sed
1891 1343 2060 1397 etiam
2088 1343 2135 1396 si

540 1430 613 1484 ad
644 1429 1004 1484 intervallum
1032 1429 1091 1483 in
1120 1429 1263 1483 lecto
1288 1430 1569 1500 pausavit,
1585 1432 1667 1485 ita
1688 1432 1922 1486 vestitus
1941 1432 2011 1485 ad
2031 1432 2136 1486 hoc

537 1519 608 1573 de
638 1518 931 1589 capitulo,‘
952 1517 1086 1571 dum
1099 1519 1239 1572 Deus
1259 1520 1514 1585 auribus,
1540 1519 1623 1574 vel
1653 1520 1700 1573 si
1727 1520 1832 1574 hoc
1859 1537 1972 1575 non
1999 1525 2135 1575 tunc

539 1607 784 1673 canitur,
805 1606 941 1660 dum
966 1607 1313 1660 Ewullabunt
1344 1607 1656 1676 inchoatur,
1690 1608 1819 1663 exit.
1861 1610 1977 1663 Nec
2004 1626 2134 1680 per-

542 1695 749 1749 missus
766 1699 853 1748 est
879 1693 1108 1748 interim
1137 1694 1354 1748 veniam
1375 1700 1565 1767 petere
1595 1696 1650 1750 in
1676 1697 1943 1768 capitulo,
1966 1711 2061 1751 UD.
2090 1696 2138 1751 si

2208 547 2401 597 aestate
2428 542 2488 596 in
2508 541 2799 596 duodecim
2816 538 3149 595 lectionibus
3170 538 3503 608 sanguinem
3524 538 3810 603 minuere,

2207 636 2438 702 accepta
2456 631 2682 685 licentia
2705 629 3015 684 camerario
3030 628 3374 682 voluntatem
3390 642 3549 681 suam
3571 626 3811 692 indicat,

2210 724 2276 773 ut
2302 719 2595 791 provideat
2622 736 2744 791 quae
2792 718 2865 773 ad
2906 716 3233 788 huiusmodi
3272 715 3592 771 necessaria
3634 720 3813 781 sunt;

2211 809 2310 863 sed
2337 814 2528 863 tamen
2556 825 2753 879 usque,
2785 807 2921 862 dum
2953 821 3103 861 nona
3123 807 3199 860 sit
3225 810 3470 871 cantata,
3503 810 3815 877 exspectat,

2212 903 2271 953 et
2297 903 2432 953 tunc
2461 897 2654 952 statim
2698 896 2850 951 vadit
2877 895 2949 950 ad
2990 896 3146 950 illam
3189 894 3481 949 minuendi
3519 893 3820 965 sanguinis

2216 988 2518 1054 ofﬁcinam,
2542 992 2600 1042 et
2618 986 2906 1059 praemisso
2926 1002 3110 1048 versu,
3132 988 3352 1040 servato
3374 990 3567 1038 tamen
3586 983 3819 1039 silentio

2218 1077 2344 1141 (nisi
2374 1076 2447 1131 sit
2474 1076 2870 1144 necessarium)
2905 1074 3197 1146 sanguinis
3221 1073 3462 1128 minutio
3488 1072 3817 1127 inchoatur.

2218 1166 2268 1219 A
2287 1165 2553 1220 Kalendis
2566 1170 2754 1220 autem
2761 1164 3015 1220 Octobris
3028 1180 3208 1235 usque
3227 1163 3299 1217 ad
3309 1162 3819 1232 Quadragesimam

2222 1254 2414 1309 statim
2445 1259 2571 1325 post
2588 1254 2894 1325 capitulum
2918 1269 3044 1307 cum
3086 1252 3322 1306 minutis
3345 1251 3620 1321 sanguine
3649 1268 3823 1323 pran-

2218 1342 2332 1407 det,
2378 1347 2437 1397 et
2484 1348 2610 1413 post
2649 1343 3001 1413 evangelium
3057 1342 3240 1396 missa:
3276 1340 3529 1412 majoris,
3560 1341 3647 1394 vel
3690 1346 3824 1413 post

2219 1432 2520 1503 prandium
2560 1436 2815 1502 tempore
2867 1435 3182 1502 opportuno
3232 1435 3291 1485 et
3315 1430 3436 1501 ipse
3482 1429 3821 1501 sanguinem

2217 1521 2599 1575 minuet.Post
2628 1520 3000 1575 minutionem
3020 1536 3149 1573 vero
3169 1520 3404 1573 chorum
3420 1534 3534 1573 non
3550 1518 3815 1583 intrabit,

2220 1609 2318 1663 sed
2349 1615 2506 1664 extra
2525 1608 2623 1664 ubi
2651 1615 2708 1663 et
2735 1608 2831 1663 alii
2860 1608 3219 1675 minuti,sive
3243 1608 3290 1663 si
3313 1614 3537 1680 tempus
3566 1609 3813 1680 hyemis,

2221 1699 2335 1753 sive
2362 1698 2572 1753 aestatis
2596 1714 2708 1752 non
2728 1697 3118 1769 procumbens.
3152 1714 3334 1768 neque
3365 1697 3583 1752 veniam
3604 1698 3822 1753 faciens

545 1782 681 1854 quid
726 1782 1092 1837 reclamatum
1138 1786 1224 1836 est
1259 1783 1330 1836 ab
1358 1783 1475 1843 illo,
1509 1785 1606 1838 sed
1646 1790 1796 1840 stare
1818 1787 2009 1856 jussus
2037 1804 2138 1858 pro
2156 1806 2203 1866 B
2224 1792 2490 1858 repausat
2513 1806 2526 1854 ;
2563 1792 2621 1841 et
2647 1786 2694 1841 si
2723 1786 3012 1857 caputium
3033 1786 3411 1852 induit,nemo
3429 1787 3818 1858 reprehendit.

542 1872 705 1926 venia
733 1871 992 1940 inclinat;
1015 1874 1036 1896 *
1066 1871 1213 1943 quod
1233 1879 1424 1927 tamen
1453 1875 1763 1930 cavendum
1792 1881 1895 1942 est,
1928 1876 1976 1930 si
1996 1877 2140 1932 scire

542 1965 748 2033 potest,
779 1961 928 2032 quod
971 1961 1247 2030 sanguine
1277 1961 1531 2016 minutus
1560 1963 1652 2017 sit.
1685 1964 1794 2028 Qui
1842 1970 2034 2019 tamen
2080 1966 2138 2020 in

544 2048 858 2114 refectorio,
901 2048 950 2103 si
979 2048 1226 2103 sonitum
1266 2050 1350 2102 vel
1394 2050 1607 2121 aliquid
1638 2052 1800 2106 venia
1818 2053 2053 2123 dignum
2079 2054 2139 2108 in

541 2138 649 2193 hoc
677 2137 862 2201 biduo,
875 2153 984 2208 quo
1013 2136 1238 2203 minuit,
1262 2138 1475 2204 fecerit,
1510 2140 1593 2194 vel
1616 2141 1736 2212 ipse
1755 2142 1835 2196 vel
1866 2142 2139 2196 alteruter

543 2226 724 2298 ipsius
754 2226 1088 2280 collateralis
1131 2226 1349 2280 veniam
1391 2228 1550 2298 petit.
1586 2230 1731 2284 Nam
1781 2230 1829 2284 si
1860 2231 2000 2285 alias
2025 2232 2139 2286 tale

543 2316 678 2387 quid
703 2314 1061 2382 commiserit,
1096 2316 1246 2387 quod
1288 2333 1399 2371 non
1426 2317 1517 2385 :sit
1543 2318 1598 2372 in
1626 2320 1873 2391 capitulo
1905 2321 2140 2376 reticen-

542 2405 698 2472 dum,
729 2421 909 2476 usque
939 2404 997 2459 in
1026 2405 1176 2459 diem
1204 2406 1435 2460 tertium
1462 2413 1547 2461 est
1566 2408 1954 2465 differendum.

616 2495 787 2548 Cavet
815 2500 1006 2548 autem
1034 2494 1094 2548 in
1119 2494 1331 2548 Pascha
1362 2499 1419 2549 et
1444 2494 1776 2552 Pentecoste
1795 2503 1926 2553 aute
1940 2499 2139 2554 feriam

551 2588 811 2655 quartam
833 2583 1163 2654 sanguinem
1185 2585 1459 2647 minuere,
1478 2585 1590 2640 nisi
1617 2587 1692 2640 sit
1719 2587 1847 2642 talis
1871 2588 2138 2644 obedien-

548 2672 770 2740 tiarius,
803 2672 897 2743 qui
921 2673 1058 2727 foris
1083 2678 1339 2727 moratur
1354 2674 1599 2739 assidue,
1620 2676 1897 2745 acquisita
1915 2677 2143 2733 licentia

546 2779 581 2816 a
608 2761 800 2833 priori.
831 2762 992 2826 Quod
1025 2761 1072 2815 si
1104 2761 1227 2832 quis
1258 2762 1401 2816 alius
1425 2763 1483 2816 in
1508 2764 1787 2834 praedictis
1812 2765 2028 2833 diebus,
2057 2769 2144 2822 vel

514 2851 1014 2923 quandocumque
1064 2855 1183 2905 tam
1219 2851 1615 2907 inconveniens
1661 2859 1764 2920 est,
1816 2871 1929 2909 non
1958 2860 2142 2927 potest

545 2958 659 3012 prae
686 2940 1019 2994 inﬁrmitate
1048 2956 1357 3011 congruum
1397 2946 1620 3013 tempus
1668 2949 2009 3014 exspectare,
2044 2960 2139 2999 U1).

546 3030 639 3084 hic
658 3030 717 3084 in
738 3030 983 3101 capitulo
1004 3046 1132 3084 cum
1152 3030 1313 3085 venia
1329 3031 1613 3086 licentiam
1635 3032 1801 3088 debet
1814 3033 2136 3105 impetrare.

2223 1875 2407 1930 Habet
2419 1875 2491 1929 ad
2519 1891 2736 1929 coenam
2756 1892 2789 1928 a
2810 1875 3099 1929 cellerario
3120 1874 3471 1946 pietantiam,
3489 1875 3575 1928 vel
3591 1875 3640 1929 si
3659 1891 3826 1930 coena

2222 1980 2335 2018 non
2363 1963 2636 2034 sequitur,
2666 1962 2931 2017 fratribus
2951 1962 3326 2017 communiter
3352 1961 3690 2029 bibentibus,
3725 1964 3826 2017 da-

2222 2060 2319 2108 tur
2350 2053 2402 2106 ei
2431 2052 2633 2106 melior
2659 2056 2843 2123 potus.
2876 2052 2979 2106 Die
3018 2068 3148 2106 vero
3173 2051 3417 2106 secunda
3440 2052 3512 2105 ad
3540 2052 3687 2106 hanc
3712 2052 3824 2106 ho-

2220 2159 2341 2197 ram
2366 2142 2542 2196 intrat
2569 2142 2823 2207 chorum,
2855 2141 2924 2195 ad
2945 2157 3116 2211 quam
3136 2140 3372 2212 quilibet
3391 2156 3531 2195 vena
3562 2140 3823 2195 minutus

2220 2231 2399 2285 intrat
2425 2230 2516 2284 die
2542 2229 2733 2293 tertia,
2767 2234 2825 2283 et
2852 2245 2916 2283 ea
2937 2229 3027 2283 die
3057 2234 3185 2300 post
3204 2229 3634 2300 capitulum,vel
3664 2229 3714 2283 si
3731 2235 3825 2285 est

2222 2320 2332 2374 alio
2360 2324 2614 2390 tempore
2656 2324 2786 2390 post
2830 2319 3181 2389 evangelium
3209 2335 3324 2373 non
3360 2318 3541 2373 deerit
3579 2318 3822 2389 prandio

2220 2408 2588 2465 minutorum.

2786 2531 3021 2587 CAPUT
3057 2530 3253 2587 LXIII.

2229 2660 2519 2727 Quomodo,
2553 2661 2605 2712 si
2631 2661 2779 2713 inter
2807 2659 3139 2726 loquendum
3171 2659 3245 2711 ad
3270 2658 3468 2711 horam
3500 2660 3820 2723 regularem

2397 2733 2623 2799 signum
2651 2731 2916 2796 audierit,
2948 2730 3023 2783 ad
3042 2731 3349 2782 orationem
3382 2733 3658 2782 occurrat.

2293 2855 2440 2925 (ιω.)
2473 2853 2582 2908 Sed
2604 2857 2668 2907 ut
2693 2853 2922 2907 redeam
2954 2851 3026 2906 ad
3040 2852 3223 2906 locum
3249 2851 3398 2906 unde
3420 2851 3710 2923 paululum
3740 2851 3826 2906 di-

2225 2942 2384 2999 verti.
2410 2944 2564 2997 Inter
2591 2942 2955 3013 loquendum,
2995 2940 3041 2996 si
3063 2941 3134 2995 ad
3161 2941 3361 2994 horam
3400 2940 3718 3010 regularem
3751 2941 3827 2995 si-

2222 3048 2398 3102 gnum
2418 3030 2680 3095 audierit,
2705 3030 2763 3083 in
2793 3029 3037 3084 claustro
3058 3029 3246 3099 ipsum
3270 3028 3522 3094 verbum,
3547 3028 3695 3099 quod
3727 3029 3827 3083 ha-

548 3119 721 3173 Cavet
739 3124 926 3173 autem
951 3136 1016 3174 eo
1043 3118 1134 3173 die
1151 3120 1538 3190 unusquisque
1558 3121 1889 3191 sanguinem
1919 3124 2139 3178 minue-
2156 3128 2199 3191 c
2222 3119 2319 3174 bet
2337 3120 2396 3173 in
2416 3136 2512 3174 ore
2532 3136 2645 3174 non
2675 3118 2908 3190 perﬁcit,
2944 3119 3043 3172 sed
3064 3119 3330 3172 continuo
3350 3122 3516 3184 tacet,
3541 3122 3599 3172 et
3632 3132 3828 3172 occur-

544 3223 627 3272 re,
651 3208 812 3278 cujus
849 3213 1119 3279 sequente
1155 3213 1317 3262 nocte
1348 3209 1641 3263 duodecim
1669 3211 1813 3266 ﬁunt
1850 3212 2137 3279 lectiones,

545 3295 656 3349 nisi
684 3312 743 3349 in
765 3297 1238 3367 Quadragesima:
1267 3301 1402 3352 tunc
1428 3314 1651 3370 semper
1676 3299 1735 3353 in
1757 3299 1998 3355 Sabbato
2016 3307 2146 3372 post

545 3386 983 3455 vesperos,dicto
998 3387 1388 3441 Benedicti-mus
1407 3389 1657 3451 Domino,
1680 3389 1901 3457 minuit;
1933 3406 2034 3460 pro
2055 3407 2140 3458 eo,

550 3473 697 3544 quod
728 3474 786 3527 in
816 3475 907 3531 die
949 3475 1241 3530 Dominica
1283 3493 1395 3532 non
1414 3476 1653 3546 jejunat,
1696 3477 1753 3531 in
1779 3494 1891 3549 qua
1915 3494 1981 3532 ex
2008 3496 2142 3534 con-

548 3562 847 3616 suetudine
885 3568 1013 3633 post
1040 3565 1393 3635 evangelium
1436 3565 1682 3619 aestivale
1711 3566 2010 3636 prandium
2040 3567 2142 3621 ha-

548 3649 681 3705 bere
700 3650 882 3718 debet,
908 3656 965 3707 et
985 3653 1074 3707 die
1094 3654 1261 3707 tertia
1281 3670 1540 3725 vesperos
1557 3670 1683 3708 cum
1707 3655 1948 3709 inﬁrmis
1964 3656 2136 3710 audit.

551 3740 611 3795 Si
630 3740 749 3794 vult
774 3745 1050 3795 statutum
1070 3742 1368 3813 prandium
1402 3742 1640 3797 fratrum
1667 3743 1957 3815 anticipat,
1982 3744 2061 3797 ita
2081 3749 2145 3797 ut

546 3834 744 3900 postea
770 3847 883 3885 non
931 3832 1164 3896 reﬁciat,
1205 3837 1263 3886 et
1307 3832 1456 3886 infra
1499 3849 1854 3887 communem
1904 3832 2145 3887 fratrum

545 3918 901 3975 refectionem
935 3926 1189 3976 moratur
1208 3921 1279 3975 ad
1312 3922 1368 3976 S.
1402 3921 1657 3977 Mariam.
1691 3924 1713 3945 *
1760 3922 1823 3976 In
1854 3920 2142 3976 Dominico

547 4024 678 4062 vero
710 4009 824 4078 die,
856 4027 966 4081 quo
1012 4011 1265 4065 facturus
1294 4016 1379 4065 est
1418 4010 1551 4065 foris
1581 4011 1888 4065 claustrum
1927 4027 2146 4081 proces-

545 4096 783 4164 sionem,
810 4099 996 4153 induit
1014 4099 1299 4154 diurnales
1331 4118 1343 4151 ε
1375 4105 1604 4154 caeteras
1624 4105 1832 4161 autem,
1858 4115 1981 4170 quae
2002 4100 2145 4154 ﬁunt

545 4186 714 4241 nudis
740 4187 992 4258 pedibus,
1025 4195 1254 4259 accepta
1296 4187 1523 4242 licentia
1572 4189 1781 4242 evitare
1812 4193 2017 4259 potest.
2047 4202 2140 4243 nn.

545 4276 683 4329 Post
711 4277 1137 4347 completorium
1179 4278 1248 4332 de
1288 4278 1468 4332 tribus
1498 4278 1848 4332 orationibus
1890 4294 2004 4330 non
2032 4276 2142 4330 nisi

2225 3209 2302 3263 rit
2343 3209 2415 3263 ad
2452 3208 2783 3261 orationem.
2846 3207 2969 3270 Qua
3010 3207 3191 3272 ﬁnita,
3239 3207 3400 3261 sedet
3442 3206 3501 3260 in
3541 3207 3735 3272 choro,
3767 3212 3827 3261 et

2226 3313 2519 3368 quousque
2552 3296 2812 3350 sacerdos
2854 3295 3056 3349 missas
3093 3299 3424 3349 cantaturus
3461 3294 3534 3348 sit
3563 3294 3822 3362 vestitus,

2224 3386 2468 3440 intendit
2493 3383 2738 3442 lectioni.
2768 3386 2816 3437 A
2850 3400 2963 3454 qua
2990 3388 3181 3438 tamen
3198 3400 3327 3437 cum
3354 3383 3600 3454 primum
3628 3400 3829 3438 secun-

2226 3475 2361 3528 dum
2391 3474 2634 3528 audierit
2662 3473 2907 3543 signum,
2948 3471 3096 3527 illico
3133 3478 3318 3526 cessat
3355 3476 3412 3525 et
3438 3471 3639 3542 surgit,
3679 3473 3829 3526 sicut

2226 3564 2397 3617 etiam
2427 3563 2497 3616 ad
2526 3563 2637 3616 duo
2666 3562 2847 3632 signa,
2867 3578 2989 3633 quae
3020 3561 3316 3632 pulsantur
3334 3561 3406 3615 ad
3435 3577 3720 3632 vesperas,
3738 3561 3827 3615 vel

2225 3652 2667 3722 quotiescunque
2723 3651 2915 3705 omnia
2970 3650 3282 3722 pulsantur,
3342 3649 3582 3715 veniam,
3652 3666 3828 3719 quam

2226 3741 2385 3812 petit,
2427 3740 2729 3810 diligenter
2756 3739 3035 3806 observat,
3058 3755 3130 3793 ne
3171 3754 3423 3808 unquam
3467 3738 3687 3791 tardius
3724 3743 3827 3792 aut

2226 3829 2462 3883 celerius
2494 3845 2662 3899 quam
2695 3828 2791 3881 alii
2812 3833 2983 3898 petat.
3020 3828 3160 3882 Cum
3200 3826 3325 3881 aliis
3362 3826 3827 3881 submittentibus

2227 3936 2286 3972 se
2316 3917 2629 3985 submittit;
2676 3934 2802 3972 cum
2832 3917 2957 3970 aliis
2986 3933 3045 3971 se
3071 3916 3405 3982 levantibus,
3446 3932 3507 3970 se
3553 3915 3724 3982 levat,
3755 3915 3827 3969 ad

2227 4008 2438 4070 venias,
2457 4007 2528 4061 ad
2550 4023 2759 4078 preces,
2782 4006 2849 4059 ad
2864 4005 3146 4060 orationes
3171 4020 3182 4059 :
3218 4005 3344 4059 aliis
3365 4021 3479 4058 non
3508 4003 3827 4075 legentibus

2228 4113 2332 4151 nec
2359 4096 2513 4150 aliud
2541 4112 2709 4166 quam
2737 4095 2919 4149 solum
2940 4094 3189 4148 divinum
3211 4092 3457 4146 ofﬁcium
3474 4093 3823 4146 attendenti-

2229 4184 2354 4252 bus,
2387 4186 2507 4256 ipse
2529 4201 2750 4256 quoque
2783 4200 3070 4254 nunquam
3096 4182 3303 4236 librum
3339 4181 3521 4252 aperit
3540 4181 3611 4234 ad
3638 4181 3829 4251 legen-

2234 4274 2390 4339 dum,
2423 4274 2666 4327 maxime
2693 4273 2753 4326 in
2784 4272 2986 4336 choro;
3014 4271 3123 4324 nisi
3160 4269 3463 4340 aliquando
3492 4269 3827 4339 gradualem

545 4380 739 4431 unam,
772 4370 831 4418 et
857 4366 1000 4420 hanc
1027 4367 1272 4421 sedendo
1301 4366 1458 4434 facit,
1491 4372 1548 4420 et
1572 4367 1763 4420 statim
1791 4364 2143 4428 exit.Quibus
2164 4370 2213 4429 D
2233 4363 2436 4417 librum
2463 4363 2533 4417 ad
2563 4363 2833 4432 majorem
2866 4361 3119 4424 missam,
3153 4363 3383 4430 propter
3418 4358 3666 4428 aliquem
3698 4374 3827 4412 can-

550 4459 740 4507 autem
761 4472 863 4526 pro
893 4453 1279 4510 misericordia
1307 4470 1631 4508 concessum
1665 4458 1769 4517 est,
1808 4454 1827 4473 ⁹
1858 4453 2025 4507 horas
2053 4468 2144 4506 re-

546 4537 774 4606 gulares
813 4540 883 4594 ad
913 4541 970 4596 S.
1013 4542 1251 4597 Mariam
1293 4543 1630 4607 auscultare,
1677 4541 1905 4595 interim
1953 4541 2142 4608 etiam,

547 4627 684 4681 dum
707 4634 840 4685 sunt
856 4629 915 4683 in
942 4631 1065 4701 lege
1082 4632 1450 4695 minutorum,
1468 4630 1673 4684 ibidem
1695 4631 2147 4697 morantur,dum

550 4724 610 4774 et
655 4718 781 4773 aliis
823 4719 1159 4791 quibusdam
1202 4719 1436 4773 minutis
1470 4720 1749 4773 interdum
1800 4720 2144 4785 conceditur,

547 4809 779 4881 insuper
792 4810 984 4876 etiam,
1001 4815 1067 4864 ut
1085 4809 1259 4863 ﬁnitis
1276 4808 1486 4863 ibidem
1504 4809 1796 4863 matutinis
1822 4826 1881 4863 se
1901 4809 1960 4862 in
1992 4809 2150 4863 lectis

550 4899 887 4953 recollocent
904 4914 1082 4969 usque
1111 4897 1246 4951 dum
1275 4897 1366 4951 die
1387 4897 1553 4950 tertio
1583 4897 1655 4951 ad
1684 4897 1946 4968 primam,
1969 4898 2056 4950 vel
2086 4896 2145 4950 in

548 4988 752 5059 hyeme
777 4988 847 5042 ad
891 4988 1117 5041 tertiam
1154 4987 1210 5040 in
1242 4987 1412 5040 choro
1458 5002 1518 5040 se
1558 4991 1979 5057 repraesentent.
2031 4987 2148 5040 Nec

547 5078 689 5132 illud
709 5084 797 5131 est
806 5075 1435 5147 praetereundum,quod
1451 5075 1589 5129 nulli
1607 5092 1706 5146 pro
1718 5076 1839 5129 sola
1855 5074 2149 5145 sanguinis

549 5166 866 5221 minutione
883 5164 1209 5218 conceditur
1227 5164 1299 5217 ad
1328 5163 1699 5217 inﬁrmariam
1715 5163 1922 5229 venire,
1956 5162 2063 5216 nisi
2091 5163 2152 5217 in

554 5256 713 5328 pedis
742 5271 883 5309 vena
908 5255 1039 5309 velit
1075 5253 1348 5319 minuere,
1378 5260 1436 5308 et
1462 5254 1746 5307 interdum
1769 5252 1938 5306 alicui
1966 5252 2150 5306 senio-

556 5361 704 5407 rum,
740 5344 838 5415 qui
867 5348 1039 5398 tantze
1062 5342 1367 5397 debilitatis
1388 5343 1480 5404 sit,
1511 5346 1577 5394 ut
1603 5342 1753 5396 hunc
1791 5340 2044 5394 ordinem
2092 5340 2154 5393 in

555 5439 834 5488 conventu
862 5433 1185 5487 nullatenus
1214 5432 1511 5487 observare
1541 5431 1733 5502 possit.
1770 5430 1931 5493 Quod
1962 5434 2154 5484 tamen

558 5523 789 5576 omnino
814 5522 971 5589 vitat,
1005 5522 1051 5577 si
1080 5521 1139 5576 in
1166 5521 1421 5593 proxima
1440 5526 1605 5574 nocte
1632 5519 1839 5573 festum
1859 5518 2154 5573 duodecim

557 5610 867 5665 lectionum
893 5610 1099 5677 instat;
1129 5610 1261 5677 nisi,
1307 5610 1455 5664 sicut
1481 5607 1714 5675 dictum,
1744 5606 1910 5663 venia
1949 5623 2154 5678 praeve-

2228 4458 2374 4522 tum,
2405 4453 2501 4522 qui
2531 4452 2601 4505 ad
2630 4467 2875 4522 praesens
2896 4454 3176 4514 cantatur,
3201 4448 3287 4501 vel
3316 4447 3363 4500 si
3391 4451 3478 4502 est
3502 4446 3824 4511 illiteratus,

2232 4542 2405 4610 (ram
2435 4541 2505 4594 ad
2539 4557 2799 4611 vesperos
2838 4539 3043 4593 librum
3088 4538 3428 4609 hymnorum
3470 4541 3704 4606 propter
3731 4536 3829 4589 ali—

2230 4646 2396 4701 quem
2420 4630 2695 4701 hymnum
2722 4645 2790 4682 ea
2816 4628 2939 4698 ipsa
2967 4627 3081 4681 vice
3110 4626 3448 4679 canendum.

2300 4720 2321 4740 '
2350 4720 2492 4773 Item
2522 4718 2593 4771 ad
2614 4723 2861 4782 cantum,
2896 4721 2954 4770 et
2973 4717 3248 4787 hymnum
3291 4712 3701 4768 matutinorum
3734 4730 3829 4784 po-

2232 4813 2343 4863 test
2370 4807 2643 4878 inspicere
2672 4807 2875 4860 librum
2904 4822 3007 4859 nec
3035 4811 3226 4859 tamen
3251 4804 3541 4874 proprium
3574 4802 3830 4858 dimittat

2231 4897 2436 4960 locum,
2468 4912 2573 4950 nec
2601 4896 2711 4949 alio
2740 4895 2967 4949 interim
3021 4899 3215 4948 utatur
3271 4892 3504 4960 lumine,
3548 4891 3660 4945 nisi
3708 4893 3825 4957 illo,

2232 4987 2381 5056 quod
2412 4987 2561 5040 lucet
2597 4985 2658 5038 in
2709 5000 3020 5038 commune.
3065 4984 3179 5055 (un.
3212 4985 3355 5051 var.)
3390 4982 3462 5036 Et
3487 4981 3534 5035 si
3564 4982 3827 5036 sacerdos

2232 5075 2704 5129 hebdomadarius
2732 5079 2834 5140 est,
2854 5074 2913 5127 in
2939 5073 3253 5128 collectario
3282 5072 3413 5126 licet
3436 5071 3488 5125 ei
3518 5070 3668 5142 quod
3688 5087 3828 5141 opus

2234 5168 2318 5216 est
2349 5162 2671 5233 praevidere,
2728 5161 2941 5214 scilicet
2985 5160 3294 5230 capitulum
3324 5159 3618 5230 praesentis
3651 5159 3825 5213 horae.

2236 5251 2427 5322 Signa,
2470 5268 2592 5322 quae
2643 5268 2770 5304 cum
2821 5266 2993 5303 manu
3052 5250 3196 5302 ﬁunt
3223 5265 3323 5318 pro
3369 5247 3671 5312 locutione,
3716 5264 3829 5301 non

2236 5346 2391 5394 amat
2408 5340 2732 5411 frequenter
2755 5339 2956 5401 facere,
2981 5342 3255 5391 conventu
3284 5337 3527 5390 maxime
3542 5342 3825 5403 cernente,

2236 5434 2293 5482 et
2314 5429 2572 5500 quotiens
2592 5427 2742 5493 facit,
2760 5425 2892 5479 facit
2918 5431 3236 5480 reverenter
3256 5430 3312 5478 et
3341 5442 3441 5496 pro
3471 5424 3827 5479 necessitate.

2234 5517 2311 5572 Ut
2339 5523 2541 5572 cetera
2573 5514 2825 5569 membra
2858 5514 2939 5568 ita
2962 5514 3149 5585 ipsum
3166 5529 3390 5584 quoque
3404 5511 3628 5566 cohibet
3645 5512 3830 5566 visum

2237 5623 2272 5660 a
2298 5602 2822 5675 vagacitate.Finita
2834 5603 3007 5659 missa
3023 5620 3151 5658 cum
3170 5618 3391 5657 summo
3414 5600 3641 5656 silentio
3673 5599 3833 5655 sedet
