  <div class='ocr_page' id='page_1' title='image "/cluster/home/n/w/nwhite01/storage/ocr_20150623/150/umn.31951002477443u/572.png"; bbox 0 0 3934 6358; ppageno 0'>
   <div class='ocr_carea' id='block_1_1' title="bbox 126 324 231 385">
    <p class='ocr_par' dir='ltr' id='par_1_1' title="bbox 126 324 231 385">
     <span class='ocr_line' id='line_1_1' title="bbox 126 324 231 385; baseline 0.019 -2"><span class='ocrx_word' id='word_1_1' title='bbox 126 324 231 385; x_wconf 88' lang='lat'>993</span> 
     </span>
    </p>
   </div>
   <div class='ocr_carea' id='block_1_2' title="bbox 1179 332 2354 392">
    <p class='ocr_par' dir='ltr' id='par_1_2' title="bbox 1179 332 2354 392">
     <span class='ocr_line' id='line_1_2' title="bbox 1179 332 2354 392; baseline -0.003 0"><span class='ocrx_word' id='word_1_2' title='bbox 1179 334 1599 392; x_wconf 87' lang='lat' dir='ltr'><strong>CONSTITUT.</strong></span> <span class='ocrx_word' id='word_1_3' title='bbox 1642 333 1985 390; x_wconf 82' lang='lat' dir='ltr'><strong>HIRSAUG.</strong></span> <span class='ocrx_word' id='word_1_4' title='bbox 2026 361 2090 375; x_wconf 89' lang='lat'>—</span> <span class='ocrx_word' id='word_1_5' title='bbox 2128 332 2268 390; x_wconf 91' lang='lat' dir='ltr'><strong>LIB.</strong></span> <span class='ocrx_word' id='word_1_6' title='bbox 2307 335 2354 390; x_wconf 93' lang='grc' dir='ltr'><strong>Ι.</strong></span> 
     </span>
    </p>
   </div>
   <div class='ocr_carea' id='block_1_3' title="bbox 3294 334 3400 394">
    <p class='ocr_par' dir='ltr' id='par_1_3' title="bbox 3294 334 3400 394">
     <span class='ocr_line' id='line_1_3' title="bbox 3294 334 3400 394; baseline 0 0"><span class='ocrx_word' id='word_1_7' title='bbox 3294 334 3400 394; x_wconf 80' lang='grc'>994</span> 
     </span>
    </p>
   </div>
   <div class='ocr_carea' id='block_1_4' title="bbox 122 452 3397 531">
    <p class='ocr_par' dir='ltr' id='par_1_4' title="bbox 122 452 3397 531">
     <span class='ocr_line' id='line_1_4' title="bbox 122 452 3397 531; baseline 0.003 -26"><span class='ocrx_word' id='word_1_8' title='bbox 122 452 195 506; x_wconf 90' lang='lat' dir='ltr'><strong>ad</strong></span> <span class='ocrx_word' id='word_1_9' title='bbox 225 452 525 509; x_wconf 86' lang='lat' dir='ltr'><strong>lectionem</strong></span> <span class='ocrx_word' id='word_1_10' title='bbox 561 471 854 529; x_wconf 87' lang='lat' dir='ltr'><strong>quousque</strong></span> <span class='ocrx_word' id='word_1_11' title='bbox 882 458 1127 514; x_wconf 84' lang='lat' dir='ltr'><strong>ministri</strong></span> <span class='ocrx_word' id='word_1_12' title='bbox 1159 465 1217 515; x_wconf 89' lang='lat' dir='ltr'><strong>et</strong></span> <span class='ocrx_word' id='word_1_13' title='bbox 1235 459 1418 531; x_wconf 90' lang='lat' dir='ltr'><strong>pueri,</strong></span> <span class='ocrx_word' id='word_1_14' title='bbox 1441 459 1489 514; x_wconf 89' lang='lat' dir='ltr'><strong>si</strong></span> <span class='ocrx_word' id='word_1_15' title='bbox 1510 459 1572 514; x_wconf 91' lang='lat' dir='ltr'><strong>in</strong></span> <span class='ocrx_word' id='word_1_16' title='bbox 1600 460 1722 515; x_wconf 93' lang='lat' dir='ltr'><strong>loco</strong></span> <span class='ocrx_word' id='word_1_17' title='bbox 1738 459 1944 520; x_wconf 83' lang='lat' dir='ltr'><strong>Acella</strong></span> <span class='ocrx_word' id='word_1_18' title='bbox 1971 459 2134 530; x_wconf 90' lang='lat' dir='ltr'><strong>panis</strong></span> <span class='ocrx_word' id='word_1_19' title='bbox 2161 459 2368 531; x_wconf 90' lang='lat' dir='ltr'><strong>operiri</strong></span> <span class='ocrx_word' id='word_1_20' title='bbox 2392 475 2505 513; x_wconf 92' lang='lat' dir='ltr'><strong>non</strong></span> <span class='ocrx_word' id='word_1_21' title='bbox 2531 460 2848 530; x_wconf 89' lang='lat' dir='ltr'><strong>possit,sive</strong></span> <span class='ocrx_word' id='word_1_22' title='bbox 2874 460 3237 530; x_wconf 84' lang='lat' dir='ltr'><strong>legatur,sive</strong></span> <span class='ocrx_word' id='word_1_23' title='bbox 3262 478 3397 528; x_wconf 93' lang='lat' dir='ltr'><strong>non,</strong></span> 
     </span>
    </p>
   </div>
   <div class='ocr_carea' id='block_1_5' title="bbox 122 544 1045 617">
    <p class='ocr_par' dir='ltr' id='par_1_5' title="bbox 122 544 1045 617">
     <span class='ocr_line' id='line_1_5' title="bbox 122 544 1045 617; baseline 0.007 -21"><span class='ocrx_word' id='word_1_24' title='bbox 122 548 275 610; x_wconf 90' lang='lat' dir='ltr'><strong>sunt,</strong></span> <span class='ocrx_word' id='word_1_25' title='bbox 304 544 543 598; x_wconf 83' lang='lat' dir='ltr'><strong>redeant.</strong></span> <span class='ocrx_word' id='word_1_26' title='bbox 575 546 644 601; x_wconf 89' lang='lat' dir='ltr'><strong>de</strong></span> <span class='ocrx_word' id='word_1_27' title='bbox 673 547 845 601; x_wconf 85' lang='lat' dir='ltr'><strong>mixto</strong></span> <span class='ocrx_word' id='word_1_28' title='bbox 881 547 1045 617; x_wconf 76' lang='lat'><strong>(103).</strong></span> 
     </span>
    </p>
   </div>
   <div class='ocr_carea' id='block_1_6' title="bbox 697 654 1145 715">
    <p class='ocr_par' dir='ltr' id='par_1_6' title="bbox 697 654 1145 715">
     <span class='ocr_line' id='line_1_6' title="bbox 697 654 1145 715; baseline 0.016 -8"><span class='ocrx_word' id='word_1_29' title='bbox 697 654 929 709; x_wconf 81' lang='lat' dir='ltr'><strong>CAPUT</strong></span> <span class='ocrx_word' id='word_1_30' title='bbox 948 656 1120 710; x_wconf 84' lang='lat' dir='ltr'><strong>LXIV</strong></span> <span class='ocrx_word' id='word_1_31' title='bbox 1132 700 1145 715; x_wconf 92' lang='lat'><strong>.</strong></span> 
     </span>
    </p>
   </div>
   <div class='ocr_carea' id='block_1_7' title="bbox 126 758 1724 830">
    <p class='ocr_par' dir='ltr' id='par_1_7' title="bbox 126 758 1724 830">
     <span class='ocr_line' id='line_1_7' title="bbox 126 758 1724 830; baseline 0.005 -20"><span class='ocrx_word' id='word_1_32' title='bbox 126 758 244 823; x_wconf 81' lang='lat' dir='ltr'><strong>Qua</strong></span> <span class='ocrx_word' id='word_1_33' title='bbox 271 758 577 827; x_wconf 72' lang='lat' dir='ltr'><strong>disciplina</strong></span> <span class='ocrx_word' id='word_1_34' title='bbox 621 763 693 814; x_wconf 78' lang='lat' dir='ltr'><strong>sit</strong></span> <span class='ocrx_word' id='word_1_35' title='bbox 736 765 801 815; x_wconf 86' lang='lat' dir='ltr'><strong>in</strong></span> <span class='ocrx_word' id='word_1_36' title='bbox 848 763 1134 829; x_wconf 77' lang='lat' dir='ltr'><strong>refectorio</strong></span> <span class='ocrx_word' id='word_1_37' title='bbox 1180 764 1289 816; x_wconf 79' lang='lat' dir='ltr'><strong>sive</strong></span> <span class='ocrx_word' id='word_1_38' title='bbox 1325 769 1441 830; x_wconf 77' lang='lat' dir='ltr'><strong>post</strong></span> <span class='ocrx_word' id='word_1_39' title='bbox 1474 766 1614 818; x_wconf 80' lang='lat' dir='ltr'><strong>alios</strong></span> <span class='ocrx_word' id='word_1_40' title='bbox 1645 780 1724 818; x_wconf 83' lang='lat' dir='ltr'><strong>ve-</strong></span> 
     </span>
    </p>
   </div>
   <div class='ocr_carea' id='block_1_8' title="bbox 194 830 1725 953">
    <p class='ocr_par' dir='ltr' id='par_1_8' title="bbox 194 830 1725 953">
     <span class='ocr_line' id='line_1_8' title="bbox 194 830 1725 953; baseline 0.005 -72"><span class='ocrx_word' id='word_1_41' title='bbox 194 830 378 913; x_wconf 61' lang='lat' dir='ltr'><strong>niens,</strong></span> <span class='ocrx_word' id='word_1_42' title='bbox 402 832 512 953; x_wconf 54' lang='lat' dir='ltr'><strong>s‘ive</strong></span> <span class='ocrx_word' id='word_1_43' title='bbox 524 836 654 885; x_wconf 79' lang='lat' dir='ltr'><strong>ante</strong></span> <span class='ocrx_word' id='word_1_44' title='bbox 673 836 812 887; x_wconf 79' lang='lat' dir='ltr'><strong>alios</strong></span> <span class='ocrx_word' id='word_1_45' title='bbox 832 834 1126 901; x_wconf 77' lang='lat' dir='ltr'><strong>discedens,</strong></span> <span class='ocrx_word' id='word_1_46' title='bbox 1148 836 1413 903; x_wconf 85' lang='lat' dir='ltr'><strong>quomodo</strong></span> <span class='ocrx_word' id='word_1_47' title='bbox 1442 837 1725 889; x_wconf 75' lang='lat' dir='ltr'><strong>licentiam</strong></span> 
     </span>
     <span class='ocr_line' id='line_1_9' title="bbox 194 916 456 953; baseline 0.004 -1"><span class='ocrx_word' id='word_1_48' title='bbox 194 916 412 953; x_wconf 72' lang='lat' dir='ltr'><strong>accima</strong></span> <span class='ocrx_word' id='word_1_49' title='bbox 444 940 456 953; x_wconf 93' lang='lat'><strong>.</strong></span> 
     </span>
    </p>
   </div>
   <div class='ocr_carea' id='block_1_9' title="bbox 193 916 456 968">
    <p class='ocr_par' dir='ltr' id='par_1_9' title="bbox 193 916 456 968">
     <span class='ocr_line' id='line_1_10' title="bbox 193 916 456 968; baseline 0.004 -16"><span class='ocrx_word' id='word_1_50' title='bbox 193 916 456 968; x_wconf 68' lang='lat' dir='ltr'><strong>accipiat.</strong></span> 
     </span>
    </p>
   </div>
   <div class='ocr_carea' id='block_1_10' title="bbox 191 987 1725 1061">
    <p class='ocr_par' dir='ltr' id='par_1_10' title="bbox 191 987 1725 1061">
     <span class='ocr_line' id='line_1_11' title="bbox 191 987 1725 1061; baseline 0.002 -18"><span class='ocrx_word' id='word_1_51' title='bbox 191 987 297 1057; x_wconf 77' lang='grc' dir='ltr'><strong>(ω)</strong></span> <span class='ocrx_word' id='word_1_52' title='bbox 306 989 435 1059; x_wconf 81' lang='lat' dir='ltr'><strong>.)Ad</strong></span> <span class='ocrx_word' id='word_1_53' title='bbox 447 990 644 1044; x_wconf 88' lang='lat' dir='ltr'><strong>horam</strong></span> <span class='ocrx_word' id='word_1_54' title='bbox 655 991 877 1061; x_wconf 87' lang='lat' dir='ltr'><strong>prandii</strong></span> <span class='ocrx_word' id='word_1_55' title='bbox 895 992 982 1046; x_wconf 87' lang='lat' dir='ltr'><strong>vel</strong></span> <span class='ocrx_word' id='word_1_56' title='bbox 1002 1008 1171 1048; x_wconf 75' lang='lat' dir='ltr'><strong>cmnae</strong></span> <span class='ocrx_word' id='word_1_57' title='bbox 1191 993 1236 1048; x_wconf 88' lang='lat' dir='ltr'><strong><em>si</em></strong></span> <span class='ocrx_word' id='word_1_58' title='bbox 1255 993 1314 1048; x_wconf 92' lang='lat' dir='ltr'><strong>in</strong></span> <span class='ocrx_word' id='word_1_59' title='bbox 1333 993 1725 1048; x_wconf 86' lang='lat' dir='ltr'><strong>dormitorium</strong></span> 
     </span>
    </p>
   </div>
   <div class='ocr_carea' id='block_1_11' title="bbox 121 1078 1724 1143">
    <p class='ocr_par' dir='ltr' id='par_1_11' title="bbox 121 1078 1724 1143">
     <span class='ocr_line' id='line_1_12' title="bbox 121 1078 1724 1143; baseline 0.002 -12"><span class='ocrx_word' id='word_1_60' title='bbox 121 1093 236 1131; x_wconf 89' lang='lat' dir='ltr'><strong>non</strong></span> <span class='ocrx_word' id='word_1_61' title='bbox 267 1078 748 1143; x_wconf 87' lang='lat' dir='ltr'><strong>ascendit,lavatis</strong></span> <span class='ocrx_word' id='word_1_62' title='bbox 769 1080 1031 1135; x_wconf 88' lang='lat' dir='ltr'><strong>manibus</strong></span> <span class='ocrx_word' id='word_1_63' title='bbox 1047 1082 1238 1136; x_wconf 88' lang='lat' dir='ltr'><strong>statim</strong></span> <span class='ocrx_word' id='word_1_64' title='bbox 1269 1083 1341 1137; x_wconf 89' lang='lat' dir='ltr'><strong>ad</strong></span> <span class='ocrx_word' id='word_1_65' title='bbox 1366 1081 1724 1136; x_wconf 87' lang='lat' dir='ltr'><strong>refectorium</strong></span> 
     </span>
    </p>
   </div>
   <div class='ocr_carea' id='block_1_12' title="bbox 121 1166 1725 1225">
    <p class='ocr_par' dir='ltr' id='par_1_12' title="bbox 121 1166 1725 1225">
     <span class='ocr_line' id='line_1_13' title="bbox 121 1166 1725 1225; baseline 0.003 -7"><span class='ocrx_word' id='word_1_66' title='bbox 121 1166 294 1220; x_wconf 81' lang='lat' dir='ltr'><strong>venit.</strong></span> <span class='ocrx_word' id='word_1_67' title='bbox 320 1166 343 1187; x_wconf 76' lang='lat'><strong><em>*</em></strong></span> <span class='ocrx_word' id='word_1_68' title='bbox 365 1167 454 1220; x_wconf 89' lang='lat' dir='ltr'><strong>Ad</strong></span> <span class='ocrx_word' id='word_1_69' title='bbox 492 1167 682 1221; x_wconf 87' lang='lat' dir='ltr'><strong>sedem</strong></span> <span class='ocrx_word' id='word_1_70' title='bbox 710 1185 871 1223; x_wconf 90' lang='lat' dir='ltr'><strong>suam</strong></span> <span class='ocrx_word' id='word_1_71' title='bbox 900 1168 1046 1223; x_wconf 88' lang='lat' dir='ltr'><strong>facto</strong></span> <span class='ocrx_word' id='word_1_72' title='bbox 1086 1175 1218 1224; x_wconf 82' lang='lat' dir='ltr'><strong>ante</strong></span> <span class='ocrx_word' id='word_1_73' title='bbox 1248 1176 1305 1224; x_wconf 90' lang='lat' dir='ltr'><strong>et</strong></span> <span class='ocrx_word' id='word_1_74' title='bbox 1340 1175 1492 1225; x_wconf 90' lang='lat' dir='ltr'><strong>retro</strong></span> <span class='ocrx_word' id='word_1_75' title='bbox 1535 1171 1593 1224; x_wconf 92' lang='lat' dir='ltr'><strong>in</strong></span> <span class='ocrx_word' id='word_1_76' title='bbox 1634 1187 1725 1223; x_wconf 83' lang='lat' dir='ltr'><strong>re-</strong></span> 
     </span>
    </p>
   </div>
   <div class='ocr_carea' id='block_1_13' title="bbox 120 1256 1727 1329">
    <p class='ocr_par' dir='ltr' id='par_1_13' title="bbox 120 1256 1727 1329">
     <span class='ocr_line' id='line_1_14' title="bbox 120 1256 1727 1329; baseline 0.002 -21"><span class='ocrx_word' id='word_1_77' title='bbox 120 1256 385 1325; x_wconf 90' lang='lat' dir='ltr'><strong>gularem</strong></span> <span class='ocrx_word' id='word_1_78' title='bbox 414 1256 731 1327; x_wconf 89' lang='lat' dir='ltr'><strong>coquinam,</strong></span> <span class='ocrx_word' id='word_1_79' title='bbox 764 1258 851 1311; x_wconf 85' lang='lat' dir='ltr'><strong>vel</strong></span> <span class='ocrx_word' id='word_1_80' title='bbox 886 1263 1019 1312; x_wconf 85' lang='lat' dir='ltr'><strong>ante</strong></span> <span class='ocrx_word' id='word_1_81' title='bbox 1061 1259 1371 1324; x_wconf 84' lang='lat' dir='ltr'><strong>cellarium,</strong></span> <span class='ocrx_word' id='word_1_82' title='bbox 1415 1259 1463 1313; x_wconf 90' lang='lat' dir='ltr'><strong><em>si</em></strong></span> <span class='ocrx_word' id='word_1_83' title='bbox 1504 1257 1727 1329; x_wconf 88' lang='lat' dir='ltr'><strong>juvenis</strong></span> 
     </span>
    </p>
   </div>
   <div class='ocr_carea' id='block_1_14' title="bbox 123 1345 1722 1419">
    <p class='ocr_par' dir='ltr' id='par_1_14' title="bbox 123 1345 1722 1419">
     <span class='ocr_line' id='line_1_15' title="bbox 123 1345 1722 1419; baseline 0.002 -21"><span class='ocrx_word' id='word_1_84' title='bbox 123 1360 236 1398; x_wconf 88' lang='lat' dir='ltr'><strong>non</strong></span> <span class='ocrx_word' id='word_1_85' title='bbox 259 1349 367 1411; x_wconf 91' lang='lat' dir='ltr'><strong>est,</strong></span> <span class='ocrx_word' id='word_1_86' title='bbox 402 1345 693 1416; x_wconf 88' lang='lat' dir='ltr'><strong>aliquanto</strong></span> <span class='ocrx_word' id='word_1_87' title='bbox 716 1346 797 1400; x_wconf 89' lang='lat' dir='ltr'><strong>ire</strong></span> <span class='ocrx_word' id='word_1_88' title='bbox 820 1352 1024 1418; x_wconf 89' lang='lat' dir='ltr'><strong>potest;</strong></span> <span class='ocrx_word' id='word_1_89' title='bbox 1048 1353 1114 1401; x_wconf 91' lang='lat' dir='ltr'><strong>ut</strong></span> <span class='ocrx_word' id='word_1_90' title='bbox 1132 1348 1180 1401; x_wconf 92' lang='lat' dir='ltr'><strong>si</strong></span> <span class='ocrx_word' id='word_1_91' title='bbox 1200 1348 1392 1419; x_wconf 89' lang='lat' dir='ltr'><strong>aliqua</strong></span> <span class='ocrx_word' id='word_1_92' title='bbox 1410 1364 1472 1401; x_wconf 92' lang='lat' dir='ltr'><strong>re</strong></span> <span class='ocrx_word' id='word_1_93' title='bbox 1488 1347 1722 1418; x_wconf 87' lang='lat' dir='ltr'><strong>indiget,</strong></span> 
     </span>
    </p>
   </div>
   <div class='ocr_carea' id='block_1_15' title="bbox 124 1432 1724 1506">
    <p class='ocr_par' dir='ltr' id='par_1_15' title="bbox 124 1432 1724 1506">
     <span class='ocr_line' id='line_1_16' title="bbox 124 1432 1724 1506; baseline 0.002 -21"><span class='ocrx_word' id='word_1_94' title='bbox 124 1448 296 1502; x_wconf 90' lang='lat' dir='ltr'><strong>quam</strong></span> <span class='ocrx_word' id='word_1_95' title='bbox 328 1437 499 1486; x_wconf 81' lang='lat' dir='ltr'><strong>antea</strong></span> <span class='ocrx_word' id='word_1_96' title='bbox 522 1432 690 1488; x_wconf 89' lang='lat' dir='ltr'><strong>verbo</strong></span> <span class='ocrx_word' id='word_1_97' title='bbox 713 1450 960 1504; x_wconf 66' lang='lat' dir='ltr'><strong>quaerere</strong></span> <span class='ocrx_word' id='word_1_98' title='bbox 989 1451 1101 1489; x_wconf 91' lang='lat' dir='ltr'><strong>non</strong></span> <span class='ocrx_word' id='word_1_99' title='bbox 1130 1435 1331 1506; x_wconf 89' lang='lat' dir='ltr'><strong>potuit,</strong></span> <span class='ocrx_word' id='word_1_100' title='bbox 1372 1434 1724 1489; x_wconf 88' lang='lat' dir='ltr'><strong>cellerarium</strong></span> 
     </span>
    </p>
   </div>
   <div class='ocr_carea' id='block_1_16' title="bbox 122 1521 1724 1594">
    <p class='ocr_par' dir='ltr' id='par_1_16' title="bbox 122 1521 1724 1594">
     <span class='ocr_line' id='line_1_17' title="bbox 122 1521 1724 1594; baseline 0.002 -20"><span class='ocrx_word' id='word_1_101' title='bbox 122 1537 223 1591; x_wconf 91' lang='lat' dir='ltr'><strong>pro</strong></span> <span class='ocrx_word' id='word_1_102' title='bbox 254 1521 367 1575; x_wconf 84' lang='lat' dir='ltr'><strong>hac</strong></span> <span class='ocrx_word' id='word_1_103' title='bbox 395 1521 570 1592; x_wconf 81' lang='lat' dir='ltr'><strong><em>signis</em></strong></span> <span class='ocrx_word' id='word_1_104' title='bbox 602 1522 938 1594; x_wconf 86' lang='lat' dir='ltr'><strong>interpellet.</strong></span> <span class='ocrx_word' id='word_1_105' title='bbox 969 1541 1060 1578; x_wconf 82' lang='lat' dir='ltr'><strong>uo.</strong></span> <span class='ocrx_word' id='word_1_106' title='bbox 1094 1522 1235 1578; x_wconf 90' lang='lat' dir='ltr'><strong>Inde</strong></span> <span class='ocrx_word' id='word_1_107' title='bbox 1270 1523 1493 1578; x_wconf 89' lang='lat' dir='ltr'><strong>rediens</strong></span> <span class='ocrx_word' id='word_1_108' title='bbox 1523 1523 1724 1577; x_wconf 88' lang='lat' dir='ltr'><strong>stando</strong></span> 
     </span>
    </p>
   </div>
   <div class='ocr_carea' id='block_1_17' title="bbox 122 1612 1726 1682">
    <p class='ocr_par' dir='ltr' id='par_1_17' title="bbox 122 1612 1726 1682">
     <span class='ocr_line' id='line_1_18' title="bbox 122 1612 1726 1682; baseline 0.002 -20"><span class='ocrx_word' id='word_1_109' title='bbox 122 1616 454 1664; x_wconf 78' lang='lat' dir='ltr'><strong>reverenter</strong></span> <span class='ocrx_word' id='word_1_110' title='bbox 493 1616 748 1682; x_wconf 84' lang='lat' dir='ltr'><strong>expectat</strong></span> <span class='ocrx_word' id='word_1_111' title='bbox 796 1612 1065 1666; x_wconf 92' lang='lat' dir='ltr'><strong>domnum</strong></span> <span class='ocrx_word' id='word_1_112' title='bbox 1109 1612 1389 1679; x_wconf 80' lang='lat' dir='ltr'><strong>abbatem,</strong></span> <span class='ocrx_word' id='word_1_113' title='bbox 1421 1613 1507 1666; x_wconf 93' lang='lat' dir='ltr'><strong>vel</strong></span> <span class='ocrx_word' id='word_1_114' title='bbox 1535 1612 1583 1666; x_wconf 91' lang='lat' dir='ltr'><strong><em>si</em></strong></span> <span class='ocrx_word' id='word_1_115' title='bbox 1612 1628 1726 1666; x_wconf 92' lang='lat' dir='ltr'><strong>non</strong></span> 
     </span>
    </p>
   </div>
   <div class='ocr_carea' id='block_1_18' title="bbox 122 1701 1726 1773">
    <p class='ocr_par' dir='ltr' id='par_1_18' title="bbox 122 1701 1726 1773">
     <span class='ocr_line' id='line_1_19' title="bbox 122 1701 1726 1773; baseline 0.002 -21"><span class='ocrx_word' id='word_1_116' title='bbox 122 1704 312 1768; x_wconf 87' lang='lat' dir='ltr'><strong>potest</strong></span> <span class='ocrx_word' id='word_1_117' title='bbox 357 1704 530 1766; x_wconf 90' lang='lat' dir='ltr'><strong>stare,</strong></span> <span class='ocrx_word' id='word_1_118' title='bbox 578 1701 843 1754; x_wconf 83' lang='lat' dir='ltr'><strong>sedendo.</strong></span> <span class='ocrx_word' id='word_1_119' title='bbox 874 1703 895 1724; x_wconf 76' lang='lat'>&#39;</span> <span class='ocrx_word' id='word_1_120' title='bbox 926 1701 983 1755; x_wconf 88' lang='lat' dir='ltr'><strong>Si</strong></span> <span class='ocrx_word' id='word_1_121' title='bbox 1012 1702 1235 1772; x_wconf 86' lang='lat' dir='ltr'><strong>juvenis</strong></span> <span class='ocrx_word' id='word_1_122' title='bbox 1263 1707 1368 1771; x_wconf 89' lang='lat' dir='ltr'><strong>est,</strong></span> <span class='ocrx_word' id='word_1_123' title='bbox 1394 1718 1562 1773; x_wconf 88' lang='lat' dir='ltr'><strong>super</strong></span> <span class='ocrx_word' id='word_1_124' title='bbox 1584 1701 1726 1755; x_wconf 85' lang='lat' dir='ltr'><strong>infe-</strong></span> 
     </span>
    </p>
   </div>
   <div class='ocr_carea' id='block_1_19' title="bbox 1806 548 3402 621">
    <p class='ocr_par' dir='ltr' id='par_1_19' title="bbox 1806 548 3402 621">
     <span class='ocr_line' id='line_1_20' title="bbox 1806 548 3402 621; baseline 0.002 -20"><span class='ocrx_word' id='word_1_125' title='bbox 1806 548 2026 602; x_wconf 89' lang='lat' dir='ltr'><strong>veniam</strong></span> <span class='ocrx_word' id='word_1_126' title='bbox 2071 548 2231 620; x_wconf 88' lang='lat' dir='ltr'><strong>petit.</strong></span> <span class='ocrx_word' id='word_1_127' title='bbox 2280 548 2339 603; x_wconf 91' lang='lat' dir='ltr'><strong>Si</strong></span> <span class='ocrx_word' id='word_1_128' title='bbox 2383 549 2640 603; x_wconf 88' lang='lat' dir='ltr'><strong>cochlear</strong></span> <span class='ocrx_word' id='word_1_129' title='bbox 2677 549 2735 603; x_wconf 92' lang='lat' dir='ltr'><strong>in</strong></span> <span class='ocrx_word' id='word_1_130' title='bbox 2766 553 2955 620; x_wconf 88' lang='lat' dir='ltr'><strong>partes</strong></span> <span class='ocrx_word' id='word_1_131' title='bbox 3002 549 3250 619; x_wconf 85' lang='lat' dir='ltr'><strong>fregerit,</strong></span> <span class='ocrx_word' id='word_1_132' title='bbox 3277 550 3402 621; x_wconf 91' lang='lat' dir='ltr'><strong>ipsa</strong></span> 
     </span>
    </p>
   </div>
   <div class='ocr_carea' id='block_1_20' title="bbox 1806 636 3399 709">
    <p class='ocr_par' dir='ltr' id='par_1_20' title="bbox 1806 636 3399 709">
     <span class='ocr_line' id='line_1_21' title="bbox 1806 636 3399 709; baseline 0.003 -19"><span class='ocrx_word' id='word_1_133' title='bbox 1806 637 2087 707; x_wconf 84' lang='lat' dir='ltr'><strong>fragmina</strong></span> <span class='ocrx_word' id='word_1_134' title='bbox 2111 638 2314 692; x_wconf 89' lang='lat' dir='ltr'><strong>tollens</strong></span> <span class='ocrx_word' id='word_1_135' title='bbox 2335 638 2407 691; x_wconf 90' lang='lat' dir='ltr'><strong>ad</strong></span> <span class='ocrx_word' id='word_1_136' title='bbox 2436 637 2676 708; x_wconf 89' lang='lat' dir='ltr'><strong>gradum</strong></span> <span class='ocrx_word' id='word_1_137' title='bbox 2710 638 2886 709; x_wconf 87' lang='lat' dir='ltr'><strong>ponit,</strong></span> <span class='ocrx_word' id='word_1_138' title='bbox 2919 642 2977 692; x_wconf 86' lang='lat' dir='ltr'><strong>et.</strong></span> <span class='ocrx_word' id='word_1_139' title='bbox 2994 636 3214 691; x_wconf 87' lang='lat' dir='ltr'><strong>veniam</strong></span> <span class='ocrx_word' id='word_1_140' title='bbox 3243 638 3399 708; x_wconf 89' lang='lat' dir='ltr'><strong>petit.</strong></span> 
     </span>
    </p>
   </div>
   <div class='ocr_carea' id='block_1_21' title="bbox 1803 724 3405 798">
    <p class='ocr_par' dir='ltr' id='par_1_21' title="bbox 1803 724 3405 798">
     <span class='ocr_line' id='line_1_22' title="bbox 1803 724 3405 798; baseline 0.001 -19"><span class='ocrx_word' id='word_1_141' title='bbox 1803 724 1886 779; x_wconf 94' lang='lat' dir='ltr'><strong>De</strong></span> <span class='ocrx_word' id='word_1_142' title='bbox 1925 743 2035 797; x_wconf 92' lang='lat' dir='ltr'><strong>qua</strong></span> <span class='ocrx_word' id='word_1_143' title='bbox 2074 743 2310 797; x_wconf 86' lang='lat' dir='ltr'><strong>surgens</strong></span> <span class='ocrx_word' id='word_1_144' title='bbox 2356 743 2424 781; x_wconf 92' lang='lat' dir='ltr'><strong>ea</strong></span> <span class='ocrx_word' id='word_1_145' title='bbox 2451 727 2668 798; x_wconf 89' lang='lat' dir='ltr'><strong>recipit,</strong></span> <span class='ocrx_word' id='word_1_146' title='bbox 2704 732 2761 781; x_wconf 91' lang='lat' dir='ltr'><strong>et</strong></span> <span class='ocrx_word' id='word_1_147' title='bbox 2802 727 2860 780; x_wconf 90' lang='lat' dir='ltr'><strong>in</strong></span> <span class='ocrx_word' id='word_1_148' title='bbox 2904 726 3275 793; x_wconf 86' lang='lat' dir='ltr'><strong>extremitate,</strong></span> <span class='ocrx_word' id='word_1_149' title='bbox 3307 726 3405 781; x_wconf 92' lang='lat' dir='ltr'><strong>ubi</strong></span> 
     </span>
    </p>
   </div>
   <div class='ocr_carea' id='block_1_22' title="bbox 1806 814 3403 885">
    <p class='ocr_par' dir='ltr' id='par_1_22' title="bbox 1806 814 3403 885">
     <span class='ocr_line' id='line_1_23' title="bbox 1806 814 3403 885; baseline 0.001 -17"><span class='ocrx_word' id='word_1_150' title='bbox 1806 814 2119 869; x_wconf 89' lang='lat' dir='ltr'><strong>cochlearia</strong></span> <span class='ocrx_word' id='word_1_151' title='bbox 2139 821 2197 869; x_wconf 93' lang='lat' dir='ltr'><strong>et</strong></span> <span class='ocrx_word' id='word_1_152' title='bbox 2217 821 2421 869; x_wconf 71' lang='lat' dir='ltr'><strong>caetera</strong></span> <span class='ocrx_word' id='word_1_153' title='bbox 2440 815 2719 870; x_wconf 88' lang='lat' dir='ltr'><strong>refectorii</strong></span> <span class='ocrx_word' id='word_1_154' title='bbox 2740 815 3007 870; x_wconf 90' lang='lat' dir='ltr'><strong>utensilia</strong></span> <span class='ocrx_word' id='word_1_155' title='bbox 3024 815 3403 885; x_wconf 84' lang='lat' dir='ltr'><strong>continentur,</strong></span> 
     </span>
    </p>
   </div>
   <div class='ocr_carea' id='block_1_23' title="bbox 1808 904 3409 974">
    <p class='ocr_par' dir='ltr' id='par_1_23' title="bbox 1808 904 3409 974">
     <span class='ocr_line' id='line_1_24' title="bbox 1808 904 3409 974; baseline 0.001 -17"><span class='ocrx_word' id='word_1_156' title='bbox 1808 904 2048 974; x_wconf 90' lang='lat' dir='ltr'><strong>reponit.</strong></span> <span class='ocrx_word' id='word_1_157' title='bbox 2105 904 2163 958; x_wconf 92' lang='lat' dir='ltr'><strong>Si</strong></span> <span class='ocrx_word' id='word_1_158' title='bbox 2201 920 2313 958; x_wconf 90' lang='lat' dir='ltr'><strong>non</strong></span> <span class='ocrx_word' id='word_1_159' title='bbox 2359 909 2445 958; x_wconf 89' lang='lat' dir='ltr'><strong>est</strong></span> <span class='ocrx_word' id='word_1_160' title='bbox 2491 904 2749 972; x_wconf 87' lang='lat' dir='ltr'><strong>divisum,</strong></span> <span class='ocrx_word' id='word_1_161' title='bbox 2781 906 2877 959; x_wconf 90' lang='lat' dir='ltr'><strong>sed</strong></span> <span class='ocrx_word' id='word_1_162' title='bbox 2910 911 3103 959; x_wconf 91' lang='lat' dir='ltr'><strong>tamen</strong></span> <span class='ocrx_word' id='word_1_163' title='bbox 3144 905 3285 959; x_wconf 91' lang='lat' dir='ltr'><strong>adeo</strong></span> <span class='ocrx_word' id='word_1_164' title='bbox 3319 909 3409 959; x_wconf 89' lang='lat' dir='ltr'><strong>est</strong></span> 
     </span>
    </p>
   </div>
   <div class='ocr_carea' id='block_1_24' title="bbox 1808 991 3408 1062">
    <p class='ocr_par' dir='ltr' id='par_1_24' title="bbox 1808 991 3408 1062">
     <span class='ocr_line' id='line_1_25' title="bbox 1808 991 3408 1062; baseline 0.002 -18"><span class='ocrx_word' id='word_1_165' title='bbox 1808 991 2050 1045; x_wconf 86' lang='lat' dir='ltr'><strong>fractum</strong></span> <span class='ocrx_word' id='word_1_166' title='bbox 2080 997 2142 1046; x_wconf 92' lang='lat' dir='ltr'><strong>ut</strong></span> <span class='ocrx_word' id='word_1_167' title='bbox 2165 1009 2276 1046; x_wconf 91' lang='lat' dir='ltr'><strong>non</strong></span> <span class='ocrx_word' id='word_1_168' title='bbox 2306 993 2381 1047; x_wconf 90' lang='lat' dir='ltr'><strong>sit</strong></span> <span class='ocrx_word' id='word_1_169' title='bbox 2404 993 2590 1047; x_wconf 87' lang='lat' dir='ltr'><strong>habile</strong></span> <span class='ocrx_word' id='word_1_170' title='bbox 2610 994 2680 1047; x_wconf 91' lang='lat' dir='ltr'><strong>ad</strong></span> <span class='ocrx_word' id='word_1_171' title='bbox 2698 994 3026 1048; x_wconf 89' lang='lat' dir='ltr'><strong>comedendi</strong></span> <span class='ocrx_word' id='word_1_172' title='bbox 3057 1010 3408 1062; x_wconf 83' lang='lat' dir='ltr'><strong>usum,eum-</strong></span> 
     </span>
    </p>
   </div>
   <div class='ocr_carea' id='block_1_25' title="bbox 1808 1078 3406 1137">
    <p class='ocr_par' dir='ltr' id='par_1_25' title="bbox 1808 1078 3406 1137">
     <span class='ocr_line' id='line_1_26' title="bbox 1808 1078 3406 1137; baseline 0.002 -5"><span class='ocrx_word' id='word_1_173' title='bbox 1808 1078 1936 1133; x_wconf 92' lang='lat' dir='ltr'><strong>dem</strong></span> <span class='ocrx_word' id='word_1_174' title='bbox 1968 1079 2368 1135; x_wconf 87' lang='lat' dir='ltr'><strong>satisfactionis</strong></span> <span class='ocrx_word' id='word_1_175' title='bbox 2392 1087 2578 1135; x_wconf 89' lang='lat' dir='ltr'><strong>servat</strong></span> <span class='ocrx_word' id='word_1_176' title='bbox 2604 1083 2853 1136; x_wconf 89' lang='lat' dir='ltr'><strong>modum.</strong></span> <span class='ocrx_word' id='word_1_177' title='bbox 2889 1083 2948 1137; x_wconf 91' lang='lat' dir='ltr'><strong>Si</strong></span> <span class='ocrx_word' id='word_1_178' title='bbox 2969 1083 3261 1137; x_wconf 86' lang='lat' dir='ltr'><strong>cultellum</strong></span> <span class='ocrx_word' id='word_1_179' title='bbox 3291 1081 3406 1136; x_wconf 87' lang='lat' dir='ltr'><strong>fre-</strong></span> 
     </span>
    </p>
   </div>
   <div class='ocr_carea' id='block_1_26' title="bbox 1806 1167 3407 1242">
    <p class='ocr_par' dir='ltr' id='par_1_26' title="bbox 1806 1167 3407 1242">
     <span class='ocr_line' id='line_1_27' title="bbox 1806 1167 3407 1242; baseline 0.006 -22"><span class='ocrx_word' id='word_1_180' title='bbox 1806 1167 1977 1238; x_wconf 85' lang='lat' dir='ltr'><strong>gerit,</strong></span> <span class='ocrx_word' id='word_1_181' title='bbox 2011 1168 2160 1223; x_wconf 91' lang='lat' dir='ltr'><strong>idem</strong></span> <span class='ocrx_word' id='word_1_182' title='bbox 2191 1169 2343 1237; x_wconf 84' lang='lat' dir='ltr'><strong>facit,</strong></span> <span class='ocrx_word' id='word_1_183' title='bbox 2375 1175 2603 1240; x_wconf 83' lang='lat' dir='ltr'><strong>excepto</strong></span> <span class='ocrx_word' id='word_1_184' title='bbox 2634 1171 2781 1242; x_wconf 92' lang='lat' dir='ltr'><strong>quod</strong></span> <span class='ocrx_word' id='word_1_185' title='bbox 2810 1171 2880 1225; x_wconf 93' lang='lat' dir='ltr'><strong>de</strong></span> <span class='ocrx_word' id='word_1_186' title='bbox 2907 1172 3090 1242; x_wconf 88' lang='lat' dir='ltr'><strong>gradu</strong></span> <span class='ocrx_word' id='word_1_187' title='bbox 3121 1176 3407 1242; x_wconf 88' lang='lat' dir='ltr'><strong>receptum</strong></span> 
     </span>
    </p>
   </div>
   <div class='ocr_carea' id='block_1_27' title="bbox 1809 1256 3400 1331">
    <p class='ocr_par' dir='ltr' id='par_1_27' title="bbox 1809 1256 3400 1331">
     <span class='ocr_line' id='line_1_28' title="bbox 1809 1256 3400 1331; baseline 0.002 -22"><span class='ocrx_word' id='word_1_188' title='bbox 1809 1256 1880 1309; x_wconf 91' lang='lat' dir='ltr'><strong>ad</strong></span> <span class='ocrx_word' id='word_1_189' title='bbox 1909 1272 2159 1311; x_wconf 90' lang='lat' dir='ltr'><strong>mensam</strong></span> <span class='ocrx_word' id='word_1_190' title='bbox 2191 1274 2379 1313; x_wconf 90' lang='lat' dir='ltr'><strong>secum</strong></span> <span class='ocrx_word' id='word_1_191' title='bbox 2411 1264 2682 1330; x_wconf 90' lang='lat' dir='ltr'><strong>reportat,</strong></span> <span class='ocrx_word' id='word_1_192' title='bbox 2709 1265 2767 1313; x_wconf 90' lang='lat' dir='ltr'><strong>et</strong></span> <span class='ocrx_word' id='word_1_193' title='bbox 2794 1259 2850 1314; x_wconf 89' lang='lat' dir='ltr'><strong>in</strong></span> <span class='ocrx_word' id='word_1_194' title='bbox 2869 1260 3126 1330; x_wconf 81' lang='lat' dir='ltr'><strong>vaginam</strong></span> <span class='ocrx_word' id='word_1_195' title='bbox 3155 1259 3400 1331; x_wconf 91' lang='lat' dir='ltr'><strong>reponit,</strong></span> 
     </span>
    </p>
   </div>
   <div class='ocr_carea' id='block_1_28' title="bbox 1811 1346 3408 1418">
    <p class='ocr_par' dir='ltr' id='par_1_28' title="bbox 1811 1346 3408 1418">
     <span class='ocr_line' id='line_1_29' title="bbox 1811 1346 3408 1418; baseline 0.003 -21"><span class='ocrx_word' id='word_1_196' title='bbox 1811 1349 1867 1397; x_wconf 92' lang='lat' dir='ltr'><strong>et</strong></span> <span class='ocrx_word' id='word_1_197' title='bbox 1894 1346 2203 1400; x_wconf 88' lang='lat' dir='ltr'><strong>camerario</strong></span> <span class='ocrx_word' id='word_1_198' title='bbox 2234 1353 2487 1418; x_wconf 88' lang='lat' dir='ltr'><strong>tempore</strong></span> <span class='ocrx_word' id='word_1_199' title='bbox 2531 1365 2797 1418; x_wconf 89' lang='lat' dir='ltr'><strong>congruo,</strong></span> <span class='ocrx_word' id='word_1_200' title='bbox 2840 1355 2905 1402; x_wconf 89' lang='lat' dir='ltr'><strong>ut</strong></span> <span class='ocrx_word' id='word_1_201' title='bbox 2930 1349 3171 1402; x_wconf 89' lang='lat' dir='ltr'><strong>eundem</strong></span> <span class='ocrx_word' id='word_1_202' title='bbox 3199 1348 3408 1403; x_wconf 84' lang='lat' dir='ltr'><strong>reinte-</strong></span> 
     </span>
    </p>
   </div>
   <div class='ocr_carea' id='block_1_29' title="bbox 1807 1435 3405 1508">
    <p class='ocr_par' dir='ltr' id='par_1_29' title="bbox 1807 1435 3405 1508">
     <span class='ocr_line' id='line_1_30' title="bbox 1807 1435 3405 1508; baseline 0.002 -21"><span class='ocrx_word' id='word_1_203' title='bbox 1807 1438 2032 1504; x_wconf 89' lang='lat' dir='ltr'><strong>gratum</strong></span> <span class='ocrx_word' id='word_1_204' title='bbox 2099 1440 2200 1489; x_wconf 91' lang='lat' dir='ltr'><strong>aut</strong></span> <span class='ocrx_word' id='word_1_205' title='bbox 2248 1435 2418 1490; x_wconf 88' lang='lat' dir='ltr'><strong>alium</strong></span> <span class='ocrx_word' id='word_1_206' title='bbox 2477 1437 2727 1508; x_wconf 88' lang='lat' dir='ltr'><strong>recipiat,</strong></span> <span class='ocrx_word' id='word_1_207' title='bbox 2773 1437 2922 1490; x_wconf 90' lang='lat' dir='ltr'><strong>hunc</strong></span> <span class='ocrx_word' id='word_1_208' title='bbox 2976 1437 3181 1492; x_wconf 90' lang='lat' dir='ltr'><strong>reddit.</strong></span> <span class='ocrx_word' id='word_1_209' title='bbox 3223 1436 3405 1492; x_wconf 89' lang='lat' dir='ltr'><strong>Simili</strong></span> 
     </span>
    </p>
   </div>
   <div class='ocr_carea' id='block_1_30' title="bbox 1808 1522 3409 1596">
    <p class='ocr_par' dir='ltr' id='par_1_30' title="bbox 1808 1522 3409 1596">
     <span class='ocr_line' id='line_1_31' title="bbox 1808 1522 3409 1596; baseline 0.002 -20"><span class='ocrx_word' id='word_1_210' title='bbox 1808 1522 1977 1577; x_wconf 89' lang='lat' dir='ltr'><strong>modo</strong></span> <span class='ocrx_word' id='word_1_211' title='bbox 2017 1523 2312 1592; x_wconf 86' lang='lat' dir='ltr'><strong>satisfacit,</strong></span> <span class='ocrx_word' id='word_1_212' title='bbox 2346 1525 2686 1596; x_wconf 87' lang='lat' dir='ltr'><strong>quicumque</strong></span> <span class='ocrx_word' id='word_1_213' title='bbox 2715 1526 2863 1579; x_wconf 90' lang='lat' dir='ltr'><strong>inter</strong></span> <span class='ocrx_word' id='word_1_214' title='bbox 2889 1526 3292 1580; x_wconf 90' lang='lat' dir='ltr'><strong>comedendum</strong></span> <span class='ocrx_word' id='word_1_215' title='bbox 3322 1525 3409 1579; x_wconf 91' lang='lat' dir='ltr'><strong>vel</strong></span> 
     </span>
    </p>
   </div>
   <div class='ocr_carea' id='block_1_31' title="bbox 1806 1610 3407 1680">
    <p class='ocr_par' dir='ltr' id='par_1_31' title="bbox 1806 1610 3407 1680">
     <span class='ocr_line' id='line_1_32' title="bbox 1806 1610 3407 1680; baseline 0.001 -15"><span class='ocrx_word' id='word_1_216' title='bbox 1806 1610 2109 1666; x_wconf 90' lang='lat' dir='ltr'><strong>bibendum</strong></span> <span class='ocrx_word' id='word_1_217' title='bbox 2152 1613 2209 1667; x_wconf 93' lang='lat' dir='ltr'><strong>in</strong></span> <span class='ocrx_word' id='word_1_218' title='bbox 2246 1612 2558 1680; x_wconf 84' lang='lat' dir='ltr'><strong>refectorio,</strong></span> <span class='ocrx_word' id='word_1_219' title='bbox 2601 1615 2687 1668; x_wconf 91' lang='lat' dir='ltr'><strong>vel</strong></span> <span class='ocrx_word' id='word_1_220' title='bbox 2734 1620 2865 1668; x_wconf 90' lang='lat' dir='ltr'><strong>ante</strong></span> <span class='ocrx_word' id='word_1_221' title='bbox 2921 1614 3280 1669; x_wconf 84' lang='lat' dir='ltr'><strong>refectorium</strong></span> <span class='ocrx_word' id='word_1_222' title='bbox 3347 1614 3407 1668; x_wconf 91' lang='lat' dir='ltr'><strong>in</strong></span> 
     </span>
    </p>
   </div>
   <div class='ocr_carea' id='block_1_32' title="bbox 1810 1700 3411 1774">
    <p class='ocr_par' dir='ltr' id='par_1_32' title="bbox 1810 1700 3411 1774">
     <span class='ocr_line' id='line_1_33' title="bbox 1810 1700 3411 1774; baseline 0.002 -21"><span class='ocrx_word' id='word_1_223' title='bbox 1810 1700 2036 1754; x_wconf 87' lang='lat' dir='ltr'><strong>cellario</strong></span> <span class='ocrx_word' id='word_1_224' title='bbox 2066 1702 2151 1755; x_wconf 89' lang='lat' dir='ltr'><strong>vel</strong></span> <span class='ocrx_word' id='word_1_225' title='bbox 2184 1707 2315 1756; x_wconf 89' lang='lat' dir='ltr'><strong>ante</strong></span> <span class='ocrx_word' id='word_1_226' title='bbox 2349 1703 2639 1757; x_wconf 88' lang='lat' dir='ltr'><strong>cellarium</strong></span> <span class='ocrx_word' id='word_1_227' title='bbox 2674 1708 2773 1757; x_wconf 90' lang='lat' dir='ltr'><strong>aut</strong></span> <span class='ocrx_word' id='word_1_228' title='bbox 2809 1703 2866 1756; x_wconf 93' lang='lat' dir='ltr'><strong>in</strong></span> <span class='ocrx_word' id='word_1_229' title='bbox 2895 1703 3145 1773; x_wconf 86' lang='lat' dir='ltr'><strong>regulari</strong></span> <span class='ocrx_word' id='word_1_230' title='bbox 3169 1703 3411 1774; x_wconf 84' lang='lat' dir='ltr'><strong>coquina</strong></span> 
     </span>
    </p>
   </div>
   <div class='ocr_carea' id='block_1_33' title="bbox 123 1770 3409 1863">
    <p class='ocr_par' dir='ltr' id='par_1_33' title="bbox 123 1770 3409 1863">
     <span class='ocr_line' id='line_1_34' title="bbox 123 1770 3409 1863; baseline 0.002 -23"><span class='ocrx_word' id='word_1_231' title='bbox 123 1788 263 1853; x_wconf 90' lang='lat' dir='ltr'><strong>rius,</strong></span> <span class='ocrx_word' id='word_1_232' title='bbox 294 1787 344 1841; x_wconf 91' lang='lat' dir='ltr'><strong><em>si</em></strong></span> <span class='ocrx_word' id='word_1_233' title='bbox 386 1789 747 1858; x_wconf 88' lang='lat' dir='ltr'><strong>provectioris</strong></span> <span class='ocrx_word' id='word_1_234' title='bbox 787 1791 989 1856; x_wconf 62' lang='lat' dir='ltr'><strong>aetatis,</strong></span> <span class='ocrx_word' id='word_1_235' title='bbox 1023 1791 1182 1844; x_wconf 91' lang='lat' dir='ltr'><strong>sedet</strong></span> <span class='ocrx_word' id='word_1_236' title='bbox 1208 1807 1378 1861; x_wconf 90' lang='lat' dir='ltr'><strong>super</strong></span> <span class='ocrx_word' id='word_1_237' title='bbox 1419 1790 1592 1844; x_wconf 91' lang='lat' dir='ltr'><strong>sedile</strong></span> <span class='ocrx_word' id='word_1_238' title='bbox 1628 1807 1726 1844; x_wconf 91' lang='lat' dir='ltr'><strong>su-</strong></span> <span class='ocrx_word' id='word_1_239' title='bbox 1746 1770 2055 1860; x_wconf 84' lang='lat' dir='ltr'><strong>Baliquem</strong></span> <span class='ocrx_word' id='word_1_240' title='bbox 2077 1790 2469 1861; x_wconf 68' lang='lat' dir='ltr'><strong>praedictorum</strong></span> <span class='ocrx_word' id='word_1_241' title='bbox 2491 1807 2814 1845; x_wconf 87' lang='lat' dir='ltr'><strong>excessuum</strong></span> <span class='ocrx_word' id='word_1_242' title='bbox 2836 1792 3155 1859; x_wconf 89' lang='lat' dir='ltr'><strong>incurrerit;</strong></span> <span class='ocrx_word' id='word_1_243' title='bbox 3180 1796 3409 1863; x_wconf 79' lang='lat' dir='ltr'><strong>excepto</strong></span> 
     </span>
    </p>
   </div>
   <div class='ocr_carea' id='block_1_34' title="bbox 122 1876 3408 1949">
    <p class='ocr_par' dir='ltr' id='par_1_34' title="bbox 122 1876 3408 1949">
     <span class='ocr_line' id='line_1_35' title="bbox 122 1876 3408 1949; baseline 0.002 -19"><span class='ocrx_word' id='word_1_244' title='bbox 122 1876 336 1947; x_wconf 90' lang='lat' dir='ltr'><strong>perius.</strong></span> <span class='ocrx_word' id='word_1_245' title='bbox 371 1878 627 1932; x_wconf 90' lang='lat' dir='ltr'><strong>Intrante</strong></span> <span class='ocrx_word' id='word_1_246' title='bbox 658 1894 789 1933; x_wconf 89' lang='lat' dir='ltr'><strong>vero</strong></span> <span class='ocrx_word' id='word_1_247' title='bbox 834 1879 1039 1933; x_wconf 91' lang='lat' dir='ltr'><strong>domno</strong></span> <span class='ocrx_word' id='word_1_248' title='bbox 1077 1879 1297 1945; x_wconf 86' lang='lat' dir='ltr'><strong>abbate,</strong></span> <span class='ocrx_word' id='word_1_249' title='bbox 1330 1884 1528 1935; x_wconf 91' lang='lat' dir='ltr'><strong>contra</strong></span> <span class='ocrx_word' id='word_1_250' title='bbox 1565 1878 1726 1933; x_wconf 91' lang='lat' dir='ltr'><strong>illum</strong></span> <span class='ocrx_word' id='word_1_251' title='bbox 1809 1878 1958 1948; x_wconf 90' lang='lat' dir='ltr'><strong>quod</strong></span> <span class='ocrx_word' id='word_1_252' title='bbox 1989 1895 2088 1949; x_wconf 85' lang='lat' dir='ltr'><strong>pro</strong></span> <span class='ocrx_word' id='word_1_253' title='bbox 2111 1879 2297 1933; x_wconf 88' lang='lat' dir='ltr'><strong>sonitu</strong></span> <span class='ocrx_word' id='word_1_254' title='bbox 2318 1896 2430 1933; x_wconf 92' lang='lat' dir='ltr'><strong>non</strong></span> <span class='ocrx_word' id='word_1_255' title='bbox 2461 1879 2613 1946; x_wconf 86' lang='lat' dir='ltr'><strong>alibi,</strong></span> <span class='ocrx_word' id='word_1_256' title='bbox 2645 1880 2752 1933; x_wconf 92' lang='lat' dir='ltr'><strong>nisi</strong></span> <span class='ocrx_word' id='word_1_257' title='bbox 2781 1879 2840 1936; x_wconf 91' lang='lat' dir='ltr'><strong>in</strong></span> <span class='ocrx_word' id='word_1_258' title='bbox 2884 1881 3197 1947; x_wconf 89' lang='lat' dir='ltr'><strong>refectorio,</strong></span> <span class='ocrx_word' id='word_1_259' title='bbox 3226 1881 3311 1934; x_wconf 88' lang='lat' dir='ltr'><strong>vel</strong></span> <span class='ocrx_word' id='word_1_260' title='bbox 3348 1881 3408 1935; x_wconf 91' lang='lat' dir='ltr'><strong>in</strong></span> 
     </span>
    </p>
   </div>
   <div class='ocr_carea' id='block_1_35' title="bbox 123 1964 3404 2040">
    <p class='ocr_par' dir='ltr' id='par_1_35' title="bbox 123 1964 3404 2040">
     <span class='ocr_line' id='line_1_36' title="bbox 123 1964 3404 2040; baseline 0.001 -21"><span class='ocrx_word' id='word_1_261' title='bbox 123 1965 384 2032; x_wconf 85' lang='lat' dir='ltr'><strong>inclinat,</strong></span> <span class='ocrx_word' id='word_1_262' title='bbox 416 1964 720 2037; x_wconf 89' lang='lat' dir='ltr'><strong>statimque</strong></span> <span class='ocrx_word' id='word_1_263' title='bbox 767 1983 827 2021; x_wconf 94' lang='lat' dir='ltr'><strong>se</strong></span> <span class='ocrx_word' id='word_1_264' title='bbox 865 1967 1085 2038; x_wconf 82' lang='lat' dir='ltr'><strong>erigens</strong></span> <span class='ocrx_word' id='word_1_265' title='bbox 1134 1972 1354 2021; x_wconf 90' lang='lat' dir='ltr'><strong>erectus</strong></span> <span class='ocrx_word' id='word_1_266' title='bbox 1380 1972 1512 2031; x_wconf 91' lang='lat' dir='ltr'><strong>stat,</strong></span> <span class='ocrx_word' id='word_1_267' title='bbox 1549 1983 1727 2038; x_wconf 89' lang='lat' dir='ltr'><strong>usque</strong></span> <span class='ocrx_word' id='word_1_268' title='bbox 1806 1967 2052 2036; x_wconf 88' lang='lat' dir='ltr'><strong>regulari</strong></span> <span class='ocrx_word' id='word_1_269' title='bbox 2086 1967 2327 2038; x_wconf 87' lang='lat' dir='ltr'><strong>coquina</strong></span> <span class='ocrx_word' id='word_1_270' title='bbox 2354 1968 2563 2037; x_wconf 84' lang='lat' dir='ltr'><strong>taliter,</strong></span> <span class='ocrx_word' id='word_1_271' title='bbox 2594 1973 2658 2023; x_wconf 91' lang='lat' dir='ltr'><strong>ut</strong></span> <span class='ocrx_word' id='word_1_272' title='bbox 2685 1969 3071 2040; x_wconf 85' lang='lat' dir='ltr'><strong>praescriptum</strong></span> <span class='ocrx_word' id='word_1_273' title='bbox 3099 1974 3202 2035; x_wconf 90' lang='lat' dir='ltr'><strong>est,</strong></span> <span class='ocrx_word' id='word_1_274' title='bbox 3234 1969 3404 2034; x_wconf 90' lang='lat' dir='ltr'><strong>facto,</strong></span> 
     </span>
    </p>
   </div>
   <div class='ocr_carea' id='block_1_36' title="bbox 123 2054 3406 2127">
    <p class='ocr_par' dir='ltr' id='par_1_36' title="bbox 123 2054 3406 2127">
     <span class='ocr_line' id='line_1_37' title="bbox 123 2054 3406 2127; baseline 0.001 -19"><span class='ocrx_word' id='word_1_275' title='bbox 123 2054 263 2109; x_wconf 88' lang='lat' dir='ltr'><strong>dum</strong></span> <span class='ocrx_word' id='word_1_276' title='bbox 313 2055 701 2126; x_wconf 89' lang='lat' dir='ltr'><strong>pertransiens</strong></span> <span class='ocrx_word' id='word_1_277' title='bbox 738 2055 798 2109; x_wconf 90' lang='lat' dir='ltr'><strong>in</strong></span> <span class='ocrx_word' id='word_1_278' title='bbox 836 2056 1021 2110; x_wconf 92' lang='lat' dir='ltr'><strong>locum</strong></span> <span class='ocrx_word' id='word_1_279' title='bbox 1063 2073 1227 2110; x_wconf 91' lang='lat' dir='ltr'><strong>suum</strong></span> <span class='ocrx_word' id='word_1_280' title='bbox 1269 2057 1342 2110; x_wconf 88' lang='lat' dir='ltr'><strong>ad</strong></span> <span class='ocrx_word' id='word_1_281' title='bbox 1390 2056 1726 2127; x_wconf 88' lang='lat' dir='ltr'><strong>pulsandam</strong></span> <span class='ocrx_word' id='word_1_282' title='bbox 1807 2056 2025 2109; x_wconf 80' lang='lat' dir='ltr'><strong>veniam</strong></span> <span class='ocrx_word' id='word_1_283' title='bbox 2055 2057 2215 2125; x_wconf 84' lang='lat' dir='ltr'><strong>petit.</strong></span> <span class='ocrx_word' id='word_1_284' title='bbox 2236 2057 2304 2111; x_wconf 91' lang='lat' dir='ltr'><strong>Et</strong></span> <span class='ocrx_word' id='word_1_285' title='bbox 2336 2056 2383 2111; x_wconf 90' lang='lat' dir='ltr'><strong><em>si</em></strong></span> <span class='ocrx_word' id='word_1_286' title='bbox 2416 2057 2719 2111; x_wconf 88' lang='lat' dir='ltr'><strong>sextarium</strong></span> <span class='ocrx_word' id='word_1_287' title='bbox 2737 2058 2847 2111; x_wconf 91' lang='lat' dir='ltr'><strong>vini</strong></span> <span class='ocrx_word' id='word_1_288' title='bbox 2871 2059 2960 2112; x_wconf 90' lang='lat' dir='ltr'><strong>vel</strong></span> <span class='ocrx_word' id='word_1_289' title='bbox 3003 2057 3280 2113; x_wconf 70' lang='lat' dir='ltr'><strong>cerevisiaa</strong></span> <span class='ocrx_word' id='word_1_290' title='bbox 3319 2057 3406 2111; x_wconf 93' lang='lat' dir='ltr'><strong>vel</strong></span> 
     </span>
    </p>
   </div>
   <div class='ocr_carea' id='block_1_37' title="bbox 124 2143 3407 2218">
    <p class='ocr_par' dir='ltr' id='par_1_37' title="bbox 124 2143 3407 2218">
     <span class='ocr_line' id='line_1_38' title="bbox 124 2143 3407 2218; baseline 0.001 -21"><span class='ocrx_word' id='word_1_291' title='bbox 124 2143 344 2198; x_wconf 88' lang='lat' dir='ltr'><strong>scillam</strong></span> <span class='ocrx_word' id='word_1_292' title='bbox 374 2144 825 2215; x_wconf 77' lang='lat' dir='ltr'><strong>perveniat.(cn.)</strong></span> <span class='ocrx_word' id='word_1_293' title='bbox 859 2145 1039 2209; x_wconf 88' lang='lat' dir='ltr'><strong>Quam</strong></span> <span class='ocrx_word' id='word_1_294' title='bbox 1067 2151 1365 2217; x_wconf 89' lang='lat' dir='ltr'><strong>postquam</strong></span> <span class='ocrx_word' id='word_1_295' title='bbox 1397 2144 1721 2216; x_wconf 89' lang='lat' dir='ltr'><strong>pulsaverit,</strong></span> <span class='ocrx_word' id='word_1_296' title='bbox 1807 2144 2102 2200; x_wconf 88' lang='lat' dir='ltr'><strong>dimidium</strong></span> <span class='ocrx_word' id='word_1_297' title='bbox 2134 2146 2410 2213; x_wconf 76' lang='lat' dir='ltr'><strong>effuderit,</strong></span> <span class='ocrx_word' id='word_1_298' title='bbox 2442 2146 2708 2218; x_wconf 91' lang='lat' dir='ltr'><strong>utrinque</strong></span> <span class='ocrx_word' id='word_1_299' title='bbox 2737 2152 2794 2201; x_wconf 91' lang='lat' dir='ltr'><strong>et</strong></span> <span class='ocrx_word' id='word_1_300' title='bbox 2821 2147 2881 2200; x_wconf 93' lang='lat' dir='ltr'><strong>in</strong></span> <span class='ocrx_word' id='word_1_301' title='bbox 2916 2146 3210 2201; x_wconf 90' lang='lat' dir='ltr'><strong>refectorio</strong></span> <span class='ocrx_word' id='word_1_302' title='bbox 3235 2151 3293 2201; x_wconf 91' lang='lat' dir='ltr'><strong>et</strong></span> <span class='ocrx_word' id='word_1_303' title='bbox 3316 2162 3407 2199; x_wconf 81' lang='lat' dir='ltr'><strong>se-</strong></span> 
     </span>
    </p>
   </div>
   <div class='ocr_carea' id='block_1_38' title="bbox 125 2232 3409 2307">
    <p class='ocr_par' dir='ltr' id='par_1_38' title="bbox 125 2232 3409 2307">
     <span class='ocr_line' id='line_1_39' title="bbox 125 2232 3409 2307; baseline 0.001 -21"><span class='ocrx_word' id='word_1_304' title='bbox 125 2236 184 2286; x_wconf 92' lang='lat' dir='ltr'><strong>et</strong></span> <span class='ocrx_word' id='word_1_305' title='bbox 212 2249 432 2299; x_wconf 85' lang='lat' dir='ltr'><strong>versus,</strong></span> <span class='ocrx_word' id='word_1_306' title='bbox 465 2232 644 2287; x_wconf 90' lang='lat' dir='ltr'><strong>oratio</strong></span> <span class='ocrx_word' id='word_1_307' title='bbox 668 2233 1095 2305; x_wconf 87' lang='lat' dir='ltr'><strong>benedictioque</strong></span> <span class='ocrx_word' id='word_1_308' title='bbox 1133 2234 1267 2288; x_wconf 89' lang='lat' dir='ltr'><strong>data</strong></span> <span class='ocrx_word' id='word_1_309' title='bbox 1294 2235 1483 2297; x_wconf 90' lang='lat' dir='ltr'><strong>fuerit,</strong></span> <span class='ocrx_word' id='word_1_310' title='bbox 1517 2237 1638 2307; x_wconf 92' lang='lat' dir='ltr'><strong>ipse</strong></span> <span class='ocrx_word' id='word_1_311' title='bbox 1666 2236 1727 2290; x_wconf 90' lang='lat' dir='ltr'><strong>in</strong></span> <span class='ocrx_word' id='word_1_312' title='bbox 1809 2233 2001 2304; x_wconf 89' lang='lat' dir='ltr'><strong>quenti</strong></span> <span class='ocrx_word' id='word_1_313' title='bbox 2021 2234 2112 2287; x_wconf 94' lang='lat' dir='ltr'><strong>die</strong></span> <span class='ocrx_word' id='word_1_314' title='bbox 2133 2234 2191 2288; x_wconf 92' lang='lat' dir='ltr'><strong>in</strong></span> <span class='ocrx_word' id='word_1_315' title='bbox 2213 2235 2456 2305; x_wconf 90' lang='lat' dir='ltr'><strong>capitulo</strong></span> <span class='ocrx_word' id='word_1_316' title='bbox 2480 2252 2581 2306; x_wconf 92' lang='lat' dir='ltr'><strong>pro</strong></span> <span class='ocrx_word' id='word_1_317' title='bbox 2609 2236 2714 2289; x_wconf 91' lang='lat' dir='ltr'><strong>hoc</strong></span> <span class='ocrx_word' id='word_1_318' title='bbox 2739 2234 3027 2289; x_wconf 87' lang='lat' dir='ltr'><strong>satisfacit.</strong></span> <span class='ocrx_word' id='word_1_319' title='bbox 3046 2235 3112 2289; x_wconf 92' lang='lat' dir='ltr'><strong>In</strong></span> <span class='ocrx_word' id='word_1_320' title='bbox 3132 2234 3409 2305; x_wconf 86' lang='lat' dir='ltr'><strong>scyphum</strong></span> 
     </span>
    </p>
   </div>
   <div class='ocr_carea' id='block_1_39' title="bbox 123 2319 3409 2396">
    <p class='ocr_par' dir='ltr' id='par_1_39' title="bbox 123 2319 3409 2396">
     <span class='ocr_line' id='line_1_40' title="bbox 123 2319 3409 2396; baseline 0.002 -23"><span class='ocrx_word' id='word_1_321' title='bbox 123 2319 248 2373; x_wconf 92' lang='lat' dir='ltr'><strong>loco</strong></span> <span class='ocrx_word' id='word_1_322' title='bbox 272 2336 378 2374; x_wconf 89' lang='lat' dir='ltr'><strong>suo</strong></span> <span class='ocrx_word' id='word_1_323' title='bbox 406 2321 628 2390; x_wconf 88' lang='lat' dir='ltr'><strong>sedens,</strong></span> <span class='ocrx_word' id='word_1_324' title='bbox 659 2322 907 2375; x_wconf 89' lang='lat' dir='ltr'><strong>mensale</strong></span> <span class='ocrx_word' id='word_1_325' title='bbox 932 2322 1199 2393; x_wconf 85' lang='lat' dir='ltr'><strong>applicat,</strong></span> <span class='ocrx_word' id='word_1_326' title='bbox 1231 2323 1372 2376; x_wconf 91' lang='lat' dir='ltr'><strong>nihil</strong></span> <span class='ocrx_word' id='word_1_327' title='bbox 1389 2328 1579 2377; x_wconf 89' lang='lat' dir='ltr'><strong>tamen</strong></span> <span class='ocrx_word' id='word_1_328' title='bbox 1604 2340 1729 2378; x_wconf 90' lang='lat' dir='ltr'><strong>om-</strong></span> <span class='ocrx_word' id='word_1_329' title='bbox 1804 2322 2040 2392; x_wconf 67' lang='lat' dir='ltr'><strong>justitiae.</strong></span> <span class='ocrx_word' id='word_1_330' title='bbox 2082 2322 2229 2393; x_wconf 82' lang='lat'><strong>(105)</strong></span> <span class='ocrx_word' id='word_1_331' title='bbox 2257 2324 2676 2396; x_wconf 85' lang='lat' dir='ltr'><strong>superpositum</strong></span> <span class='ocrx_word' id='word_1_332' title='bbox 2715 2323 2858 2378; x_wconf 88' lang='lat' dir='ltr'><strong>nihil</strong></span> <span class='ocrx_word' id='word_1_333' title='bbox 2882 2324 3143 2395; x_wconf 90' lang='lat' dir='ltr'><strong>imponit,</strong></span> <span class='ocrx_word' id='word_1_334' title='bbox 3174 2340 3279 2378; x_wconf 90' lang='lat' dir='ltr'><strong>nec</strong></span> <span class='ocrx_word' id='word_1_335' title='bbox 3305 2340 3409 2395; x_wconf 83' lang='lat' dir='ltr'><strong>pa-</strong></span> 
     </span>
    </p>
   </div>
   <div class='ocr_carea' id='block_1_40' title="bbox 123 2409 1733 2482">
    <p class='ocr_par' dir='ltr' id='par_1_40' title="bbox 123 2409 1733 2482">
     <span class='ocr_line' id='line_1_41' title="bbox 123 2409 1733 2482; baseline 0.003 -21"><span class='ocrx_word' id='word_1_336' title='bbox 123 2409 264 2462; x_wconf 90' lang='lat' dir='ltr'><strong>nino</strong></span> <span class='ocrx_word' id='word_1_337' title='bbox 294 2409 611 2475; x_wconf 90' lang='lat' dir='ltr'><strong>comedens,</strong></span> <span class='ocrx_word' id='word_1_338' title='bbox 643 2415 948 2481; x_wconf 87' lang='lat' dir='ltr'><strong>antequam</strong></span> <span class='ocrx_word' id='word_1_339' title='bbox 972 2411 1136 2465; x_wconf 84' lang='lat' dir='ltr'><strong>lectio</strong></span> <span class='ocrx_word' id='word_1_340' title='bbox 1156 2410 1479 2482; x_wconf 90' lang='lat' dir='ltr'><strong>incipiatur,</strong></span> <span class='ocrx_word' id='word_1_341' title='bbox 1499 2417 1556 2466; x_wconf 92' lang='lat' dir='ltr'><strong>et</strong></span> <span class='ocrx_word' id='word_1_342' title='bbox 1578 2416 1733 2466; x_wconf 88' lang='lat' dir='ltr'><strong>ante-</strong></span> 
     </span>
    </p>
   </div>
   <div class='ocr_carea' id='block_1_41' title="bbox 125 2498 1728 2571">
    <p class='ocr_par' dir='ltr' id='par_1_41' title="bbox 125 2498 1728 2571">
     <span class='ocr_line' id='line_1_42' title="bbox 125 2498 1728 2571; baseline 0.002 -21"><span class='ocrx_word' id='word_1_343' title='bbox 125 2514 301 2568; x_wconf 88' lang='lat' dir='ltr'><strong>quam</strong></span> <span class='ocrx_word' id='word_1_344' title='bbox 328 2498 399 2552; x_wconf 92' lang='lat' dir='ltr'><strong>de</strong></span> <span class='ocrx_word' id='word_1_345' title='bbox 427 2515 598 2552; x_wconf 91' lang='lat' dir='ltr'><strong>manu</strong></span> <span class='ocrx_word' id='word_1_346' title='bbox 615 2499 922 2554; x_wconf 89' lang='lat' dir='ltr'><strong>sacerdotis</strong></span> <span class='ocrx_word' id='word_1_347' title='bbox 935 2499 1180 2554; x_wconf 90' lang='lat' dir='ltr'><strong>oblatam</strong></span> <span class='ocrx_word' id='word_1_348' title='bbox 1210 2499 1346 2569; x_wconf 77' lang='grc'><strong>(104)</strong></span> <span class='ocrx_word' id='word_1_349' title='bbox 1381 2501 1617 2571; x_wconf 90' lang='lat' dir='ltr'><strong>accipiat</strong></span> <span class='ocrx_word' id='word_1_350' title='bbox 1643 2520 1655 2570; x_wconf 89' lang='lat'><strong>;</strong></span> <span class='ocrx_word' id='word_1_351' title='bbox 1681 2500 1728 2555; x_wconf 92' lang='lat' dir='ltr'><strong><em>si</em></strong></span> 
     </span>
    </p>
   </div>
   <div class='ocr_carea' id='block_1_42' title="bbox 123 2588 1724 2659">
    <p class='ocr_par' dir='ltr' id='par_1_42' title="bbox 123 2588 1724 2659">
     <span class='ocr_line' id='line_1_43' title="bbox 123 2588 1724 2659; baseline 0.002 -20"><span class='ocrx_word' id='word_1_352' title='bbox 123 2596 322 2641; x_wconf 84' lang='lat' dir='ltr'><strong>tamen</strong></span> <span class='ocrx_word' id='word_1_353' title='bbox 344 2593 430 2642; x_wconf 91' lang='lat' dir='ltr'><strong>est</strong></span> <span class='ocrx_word' id='word_1_354' title='bbox 460 2589 675 2658; x_wconf 85' lang='lat' dir='ltr'><strong>privata</strong></span> <span class='ocrx_word' id='word_1_355' title='bbox 703 2588 842 2653; x_wconf 91' lang='lat' dir='ltr'><strong>dies,</strong></span> <span class='ocrx_word' id='word_1_356' title='bbox 863 2593 919 2642; x_wconf 90' lang='lat' dir='ltr'><strong>et</strong></span> <span class='ocrx_word' id='word_1_357' title='bbox 946 2589 991 2643; x_wconf 92' lang='lat' dir='ltr'><strong>si</strong></span> <span class='ocrx_word' id='word_1_358' title='bbox 1008 2589 1067 2643; x_wconf 91' lang='lat' dir='ltr'><strong>in</strong></span> <span class='ocrx_word' id='word_1_359' title='bbox 1084 2588 1205 2659; x_wconf 89' lang='lat' dir='ltr'><strong>ipso</strong></span> <span class='ocrx_word' id='word_1_360' title='bbox 1218 2589 1309 2642; x_wconf 90' lang='lat' dir='ltr'><strong>die</strong></span> <span class='ocrx_word' id='word_1_361' title='bbox 1328 2606 1441 2643; x_wconf 92' lang='lat' dir='ltr'><strong>non</strong></span> <span class='ocrx_word' id='word_1_362' title='bbox 1470 2607 1724 2644; x_wconf 90' lang='lat' dir='ltr'><strong>commu-</strong></span> 
     </span>
    </p>
   </div>
   <div class='ocr_carea' id='block_1_43' title="bbox 121 2675 1724 2749">
    <p class='ocr_par' dir='ltr' id='par_1_43' title="bbox 121 2675 1724 2749">
     <span class='ocr_line' id='line_1_44' title="bbox 121 2675 1724 2749; baseline 0.001 -20"><span class='ocrx_word' id='word_1_363' title='bbox 121 2675 416 2729; x_wconf 87' lang='lat' dir='ltr'><strong>nicaverit.</strong></span> <span class='ocrx_word' id='word_1_364' title='bbox 441 2676 499 2730; x_wconf 90' lang='lat' dir='ltr'><strong>Si</strong></span> <span class='ocrx_word' id='word_1_365' title='bbox 528 2694 654 2731; x_wconf 83' lang='lat' dir='ltr'><strong>vero</strong></span> <span class='ocrx_word' id='word_1_366' title='bbox 683 2691 783 2747; x_wconf 88' lang='lat' dir='ltr'><strong>pro</strong></span> <span class='ocrx_word' id='word_1_367' title='bbox 813 2694 961 2748; x_wconf 90' lang='lat' dir='ltr'><strong>aqua</strong></span> <span class='ocrx_word' id='word_1_368' title='bbox 983 2678 1333 2749; x_wconf 88' lang='lat' dir='ltr'><strong>apportanda</strong></span> <span class='ocrx_word' id='word_1_369' title='bbox 1363 2679 1450 2732; x_wconf 89' lang='lat' dir='ltr'><strong>vel</strong></span> <span class='ocrx_word' id='word_1_370' title='bbox 1480 2678 1589 2731; x_wconf 89' lang='lat' dir='ltr'><strong>alia</strong></span> <span class='ocrx_word' id='word_1_371' title='bbox 1622 2678 1724 2732; x_wconf 86' lang='lat' dir='ltr'><strong>hu-</strong></span> 
     </span>
    </p>
   </div>
   <div class='ocr_carea' id='block_1_44' title="bbox 113 2764 1719 2834">
    <p class='ocr_par' dir='ltr' id='par_1_44' title="bbox 113 2764 1719 2834">
     <span class='ocr_line' id='line_1_45' title="bbox 113 2764 1719 2834; baseline 0.002 -16"><span class='ocrx_word' id='word_1_372' title='bbox 113 2764 374 2834; x_wconf 88' lang='lat' dir='ltr'><strong>jusmodi</strong></span> <span class='ocrx_word' id='word_1_373' title='bbox 410 2782 582 2820; x_wconf 89' lang='lat' dir='ltr'><strong>causa</strong></span> <span class='ocrx_word' id='word_1_374' title='bbox 617 2766 765 2820; x_wconf 91' lang='lat' dir='ltr'><strong>dicto</strong></span> <span class='ocrx_word' id='word_1_375' title='bbox 789 2783 952 2821; x_wconf 90' lang='lat' dir='ltr'><strong>versu</strong></span> <span class='ocrx_word' id='word_1_376' title='bbox 979 2768 1099 2821; x_wconf 91' lang='lat' dir='ltr'><strong>vult</strong></span> <span class='ocrx_word' id='word_1_377' title='bbox 1129 2767 1280 2821; x_wconf 82' lang='lat' dir='ltr'><strong>exire</strong></span> <span class='ocrx_word' id='word_1_378' title='bbox 1308 2767 1376 2821; x_wconf 93' lang='lat' dir='ltr'><strong>de</strong></span> <span class='ocrx_word' id='word_1_379' title='bbox 1406 2766 1719 2831; x_wconf 89' lang='lat' dir='ltr'><strong>refectorio,</strong></span> 
     </span>
    </p>
   </div>
   <div class='ocr_carea' id='block_1_45' title="bbox 119 2853 1725 2926">
    <p class='ocr_par' dir='ltr' id='par_1_45' title="bbox 119 2853 1725 2926">
     <span class='ocr_line' id='line_1_46' title="bbox 119 2853 1725 2926; baseline 0.002 -20"><span class='ocrx_word' id='word_1_380' title='bbox 119 2854 142 2877; x_wconf 91' lang='lat'><strong>&quot;&#39;</strong></span> <span class='ocrx_word' id='word_1_381' title='bbox 174 2868 289 2908; x_wconf 92' lang='lat' dir='ltr'><strong>non</strong></span> <span class='ocrx_word' id='word_1_382' title='bbox 320 2853 435 2908; x_wconf 85' lang='lat' dir='ltr'><strong>exit</strong></span> <span class='ocrx_word' id='word_1_383' title='bbox 470 2854 799 2926; x_wconf 90' lang='lat' dir='ltr'><strong>priusquam</strong></span> <span class='ocrx_word' id='word_1_384' title='bbox 825 2856 947 2926; x_wconf 90' lang='lat' dir='ltr'><strong>ipsa</strong></span> <span class='ocrx_word' id='word_1_385' title='bbox 971 2854 1272 2926; x_wconf 90' lang='lat' dir='ltr'><strong>incipiatur</strong></span> <span class='ocrx_word' id='word_1_386' title='bbox 1299 2855 1483 2909; x_wconf 89' lang='lat' dir='ltr'><strong>lectio.</strong></span> <span class='ocrx_word' id='word_1_387' title='bbox 1516 2870 1611 2910; x_wconf 86' lang='lat' dir='ltr'><strong>UD.</strong></span> <span class='ocrx_word' id='word_1_388' title='bbox 1645 2856 1725 2909; x_wconf 94' lang='lat' dir='ltr'><strong>De</strong></span> 
     </span>
    </p>
   </div>
   <div class='ocr_carea' id='block_1_46' title="bbox 117 2942 1725 3015">
    <p class='ocr_par' dir='ltr' id='par_1_46' title="bbox 117 2942 1725 3015">
     <span class='ocr_line' id='line_1_47' title="bbox 117 2942 1725 3015; baseline 0.002 -19"><span class='ocrx_word' id='word_1_389' title='bbox 117 2942 284 2996; x_wconf 88' lang='lat' dir='ltr'><strong>nullo</strong></span> <span class='ocrx_word' id='word_1_390' title='bbox 304 2947 499 3013; x_wconf 87' lang='lat' dir='ltr'><strong>gustat</strong></span> <span class='ocrx_word' id='word_1_391' title='bbox 519 2944 773 3014; x_wconf 88' lang='lat' dir='ltr'><strong>generali</strong></span> <span class='ocrx_word' id='word_1_392' title='bbox 800 2945 1128 3015; x_wconf 88' lang='lat' dir='ltr'><strong>priusquam</strong></span> <span class='ocrx_word' id='word_1_393' title='bbox 1157 2944 1542 2999; x_wconf 89' lang='lat' dir='ltr'><strong>benedicatur.</strong></span> <span class='ocrx_word' id='word_1_394' title='bbox 1578 2945 1725 2999; x_wconf 90' lang='lat' dir='ltr'><strong>Sibi-</strong></span> 
     </span>
    </p>
   </div>
   <div class='ocr_carea' id='block_1_47' title="bbox 1813 2411 3409 2485">
    <p class='ocr_par' dir='ltr' id='par_1_47' title="bbox 1813 2411 3409 2485">
     <span class='ocr_line' id='line_1_48' title="bbox 1813 2411 3409 2485; baseline 0.002 -21"><span class='ocrx_word' id='word_1_395' title='bbox 1813 2427 1942 2465; x_wconf 90' lang='lat' dir='ltr'><strong>nem</strong></span> <span class='ocrx_word' id='word_1_396' title='bbox 1998 2411 2247 2483; x_wconf 90' lang='lat' dir='ltr'><strong>intingit,</strong></span> <span class='ocrx_word' id='word_1_397' title='bbox 2294 2413 2404 2467; x_wconf 92' lang='lat' dir='ltr'><strong>nisi</strong></span> <span class='ocrx_word' id='word_1_398' title='bbox 2456 2413 2613 2485; x_wconf 90' lang='lat' dir='ltr'><strong>prius</strong></span> <span class='ocrx_word' id='word_1_399' title='bbox 2659 2429 2829 2484; x_wconf 90' lang='lat' dir='ltr'><strong>super</strong></span> <span class='ocrx_word' id='word_1_400' title='bbox 2867 2430 3119 2467; x_wconf 90' lang='lat' dir='ltr'><strong>mensam</strong></span> <span class='ocrx_word' id='word_1_401' title='bbox 3160 2418 3293 2467; x_wconf 90' lang='lat' dir='ltr'><strong>ante</strong></span> <span class='ocrx_word' id='word_1_402' title='bbox 3347 2429 3409 2467; x_wconf 90' lang='lat' dir='ltr'><strong>se</strong></span> 
     </span>
    </p>
   </div>
   <div class='ocr_carea' id='block_1_48' title="bbox 1811 2501 3411 2574">
    <p class='ocr_par' dir='ltr' id='par_1_48' title="bbox 1811 2501 3411 2574">
     <span class='ocr_line' id='line_1_49' title="bbox 1811 2501 3411 2574; baseline 0.002 -21"><span class='ocrx_word' id='word_1_403' title='bbox 1811 2501 2081 2570; x_wconf 90' lang='lat' dir='ltr'><strong>posuerit.</strong></span> <span class='ocrx_word' id='word_1_404' title='bbox 2118 2501 2299 2555; x_wconf 93' lang='lat' dir='ltr'><strong>Simul</strong></span> <span class='ocrx_word' id='word_1_405' title='bbox 2334 2519 2462 2556; x_wconf 91' lang='lat' dir='ltr'><strong>cum</strong></span> <span class='ocrx_word' id='word_1_406' title='bbox 2484 2502 2595 2556; x_wconf 91' lang='lat' dir='ltr'><strong>alio</strong></span> <span class='ocrx_word' id='word_1_407' title='bbox 2627 2503 2802 2556; x_wconf 87' lang='lat' dir='ltr'><strong>fratre</strong></span> <span class='ocrx_word' id='word_1_408' title='bbox 2832 2502 2891 2556; x_wconf 92' lang='lat' dir='ltr'><strong>in</strong></span> <span class='ocrx_word' id='word_1_409' title='bbox 2917 2519 3029 2557; x_wconf 91' lang='lat' dir='ltr'><strong>uno</strong></span> <span class='ocrx_word' id='word_1_410' title='bbox 3067 2502 3275 2574; x_wconf 85' lang='lat' dir='ltr'><strong>scypho</strong></span> <span class='ocrx_word' id='word_1_411' title='bbox 3296 2517 3411 2556; x_wconf 91' lang='lat' dir='ltr'><strong>non</strong></span> 
     </span>
    </p>
   </div>
   <div class='ocr_carea' id='block_1_49' title="bbox 1811 2589 3411 2661">
    <p class='ocr_par' dir='ltr' id='par_1_49' title="bbox 1811 2589 3411 2661">
     <span class='ocr_line' id='line_1_50' title="bbox 1811 2589 3411 2661; baseline 0.001 -19"><span class='ocrx_word' id='word_1_412' title='bbox 1811 2589 1978 2643; x_wconf 88' lang='lat' dir='ltr'><strong>debet</strong></span> <span class='ocrx_word' id='word_1_413' title='bbox 2005 2606 2207 2660; x_wconf 91' lang='lat' dir='ltr'><strong>panem</strong></span> <span class='ocrx_word' id='word_1_414' title='bbox 2239 2590 2537 2661; x_wconf 89' lang='lat' dir='ltr'><strong>intingere.</strong></span> <span class='ocrx_word' id='word_1_415' title='bbox 2558 2592 2729 2645; x_wconf 89' lang='lat' dir='ltr'><strong>Nulla</strong></span> <span class='ocrx_word' id='word_1_416' title='bbox 2756 2607 2835 2658; x_wconf 90' lang='lat' dir='ltr'><strong>re,</strong></span> <span class='ocrx_word' id='word_1_417' title='bbox 2848 2591 3132 2645; x_wconf 86' lang='lat' dir='ltr'><strong>necetiam</strong></span> <span class='ocrx_word' id='word_1_418' title='bbox 3164 2589 3411 2660; x_wconf 83' lang='lat' dir='ltr'><strong>ﬂabello,</strong></span> 
     </span>
    </p>
   </div>
   <div class='ocr_carea' id='block_1_50' title="bbox 1809 2670 3410 2748">
    <p class='ocr_par' dir='ltr' id='par_1_50' title="bbox 1809 2670 3410 2748">
     <span class='ocr_line' id='line_1_51' title="bbox 1809 2670 3410 2748; baseline 0.001 -17"><span class='ocrx_word' id='word_1_419' title='bbox 1809 2694 1917 2747; x_wconf 89' lang='lat' dir='ltr'><strong>quo</strong></span> <span class='ocrx_word' id='word_1_420' title='bbox 1946 2693 2151 2732; x_wconf 62' lang='lat' dir='ltr'><strong>musca;</strong></span> <span class='ocrx_word' id='word_1_421' title='bbox 2179 2678 2501 2748; x_wconf 88' lang='lat' dir='ltr'><strong>abiguntur,</strong></span> <span class='ocrx_word' id='word_1_422' title='bbox 2528 2679 2585 2733; x_wconf 90' lang='lat' dir='ltr'><strong>in</strong></span> <span class='ocrx_word' id='word_1_423' title='bbox 2597 2670 3044 2733; x_wconf 46' lang='lat' dir='ltr'><strong>azstate&#39;interim</strong></span> <span class='ocrx_word' id='word_1_424' title='bbox 3067 2679 3248 2732; x_wconf 88' lang='lat' dir='ltr'><strong>utitur</strong></span> <span class='ocrx_word' id='word_1_425' title='bbox 3274 2679 3410 2733; x_wconf 91' lang='lat' dir='ltr'><strong>dum</strong></span> 
     </span>
    </p>
   </div>
   <div class='ocr_carea' id='block_1_51' title="bbox 1811 2767 3410 2839">
    <p class='ocr_par' dir='ltr' id='par_1_51' title="bbox 1811 2767 3410 2839">
     <span class='ocr_line' id='line_1_52' title="bbox 1811 2767 3410 2839; baseline 0 -20"><span class='ocrx_word' id='word_1_426' title='bbox 1811 2768 2110 2821; x_wconf 69' lang='lat' dir='ltr'><strong>Benedicite</strong></span> <span class='ocrx_word' id='word_1_427' title='bbox 2141 2784 2307 2838; x_wconf 83' lang='lat' dir='ltr'><strong>super</strong></span> <span class='ocrx_word' id='word_1_428' title='bbox 2337 2767 2520 2822; x_wconf 91' lang='lat' dir='ltr'><strong>cibum</strong></span> <span class='ocrx_word' id='word_1_429' title='bbox 2566 2773 2622 2822; x_wconf 90' lang='lat' dir='ltr'><strong>et</strong></span> <span class='ocrx_word' id='word_1_430' title='bbox 2666 2774 2862 2839; x_wconf 91' lang='lat' dir='ltr'><strong>potum</strong></span> <span class='ocrx_word' id='word_1_431' title='bbox 2904 2768 3090 2821; x_wconf 90' lang='lat' dir='ltr'><strong>datur.</strong></span> <span class='ocrx_word' id='word_1_432' title='bbox 3130 2767 3188 2821; x_wconf 89' lang='lat' dir='ltr'><strong>Si</strong></span> <span class='ocrx_word' id='word_1_433' title='bbox 3217 2771 3410 2820; x_wconf 88' lang='lat' dir='ltr'><strong>autem</strong></span> 
     </span>
    </p>
   </div>
   <div class='ocr_carea' id='block_1_52' title="bbox 1807 2855 3415 2927">
    <p class='ocr_par' dir='ltr' id='par_1_52' title="bbox 1807 2855 3415 2927">
     <span class='ocr_line' id='line_1_53' title="bbox 1807 2855 3415 2927; baseline 0 -18"><span class='ocrx_word' id='word_1_434' title='bbox 1807 2855 1957 2909; x_wconf 92' lang='lat' dir='ltr'><strong>inter</strong></span> <span class='ocrx_word' id='word_1_435' title='bbox 1984 2856 2385 2910; x_wconf 89' lang='lat' dir='ltr'><strong>comedendum</strong></span> <span class='ocrx_word' id='word_1_436' title='bbox 2410 2873 2512 2927; x_wconf 90' lang='lat' dir='ltr'><strong>pro</strong></span> <span class='ocrx_word' id='word_1_437' title='bbox 2525 2855 2716 2926; x_wconf 90' lang='lat' dir='ltr'><strong>aliqua</strong></span> <span class='ocrx_word' id='word_1_438' title='bbox 2744 2856 3074 2911; x_wconf 86' lang='lat' dir='ltr'><strong>necessitate</strong></span> <span class='ocrx_word' id='word_1_439' title='bbox 3094 2856 3246 2909; x_wconf 84' lang='lat' dir='ltr'><strong>exire</strong></span> <span class='ocrx_word' id='word_1_440' title='bbox 3266 2855 3415 2925; x_wconf 85' lang='lat' dir='ltr'><strong>cogi-</strong></span> 
     </span>
    </p>
   </div>
   <div class='ocr_carea' id='block_1_53' title="bbox 1807 2943 3413 3016">
    <p class='ocr_par' dir='ltr' id='par_1_53' title="bbox 1807 2943 3413 3016">
     <span class='ocr_line' id='line_1_54' title="bbox 1807 2943 3413 3016; baseline 0 -18"><span class='ocrx_word' id='word_1_441' title='bbox 1807 2949 1919 3009; x_wconf 90' lang='lat' dir='ltr'><strong>tur,</strong></span> <span class='ocrx_word' id='word_1_442' title='bbox 1962 2949 2284 3015; x_wconf 89' lang='lat' dir='ltr'><strong>propterea,</strong></span> <span class='ocrx_word' id='word_1_443' title='bbox 2336 2944 2384 2998; x_wconf 89' lang='lat' dir='ltr'><strong>si</strong></span> <span class='ocrx_word' id='word_1_444' title='bbox 2433 2944 2746 2999; x_wconf 88' lang='lat' dir='ltr'><strong>rediturum</strong></span> <span class='ocrx_word' id='word_1_445' title='bbox 2803 2961 2862 2998; x_wconf 92' lang='lat' dir='ltr'><strong>se</strong></span> <span class='ocrx_word' id='word_1_446' title='bbox 2913 2949 3121 3016; x_wconf 91' lang='lat' dir='ltr'><strong>sperat,</strong></span> <span class='ocrx_word' id='word_1_447' title='bbox 3182 2944 3292 2998; x_wconf 90' lang='lat' dir='ltr'><strong>nisi</strong></span> <span class='ocrx_word' id='word_1_448' title='bbox 3338 2943 3413 2998; x_wconf 89' lang='lat' dir='ltr'><strong>sit</strong></span> 
     </span>
    </p>
   </div>
   <div class='ocr_carea' id='block_1_54' title="bbox 119 3031 3412 3106">
    <p class='ocr_par' dir='ltr' id='par_1_54' title="bbox 119 3031 3412 3106">
     <span class='ocr_line' id='line_1_55' title="bbox 119 3031 3412 3106; baseline 0 -20"><span class='ocrx_word' id='word_1_449' title='bbox 119 3033 357 3103; x_wconf 87' lang='lat' dir='ltr'><strong>metipsi</strong></span> <span class='ocrx_word' id='word_1_450' title='bbox 394 3033 535 3087; x_wconf 89' lang='lat' dir='ltr'><strong>nihil</strong></span> <span class='ocrx_word' id='word_1_451' title='bbox 568 3050 815 3105; x_wconf 88' lang='lat' dir='ltr'><strong>unquam</strong></span> <span class='ocrx_word' id='word_1_452' title='bbox 846 3038 1108 3105; x_wconf 76' lang='lat' dir='ltr'><strong>apportet</strong></span> <span class='ocrx_word' id='word_1_453' title='bbox 1133 3035 1309 3089; x_wconf 87' lang='lat' dir='ltr'><strong>frater</strong></span> <span class='ocrx_word' id='word_1_454' title='bbox 1325 3046 1530 3106; x_wconf 81' lang='lat' dir='ltr'><strong>praeter</strong></span> <span class='ocrx_word' id='word_1_455' title='bbox 1559 3036 1785 3106; x_wconf 62' lang='lat' dir='ltr'><strong>sal,etn</strong></span> <span class='ocrx_word' id='word_1_456' title='bbox 1810 3032 2075 3087; x_wconf 87' lang='lat' dir='ltr'><strong>ostiarius</strong></span> <span class='ocrx_word' id='word_1_457' title='bbox 2121 3033 2180 3087; x_wconf 92' lang='lat' dir='ltr'><strong>in</strong></span> <span class='ocrx_word' id='word_1_458' title='bbox 2223 3033 2545 3103; x_wconf 91' lang='lat' dir='ltr'><strong>suceptione</strong></span> <span class='ocrx_word' id='word_1_459' title='bbox 2579 3033 2863 3104; x_wconf 77' lang='lat' dir='ltr'><strong>hospit’um</strong></span> <span class='ocrx_word' id='word_1_460' title='bbox 2904 3049 3018 3087; x_wconf 91' lang='lat' dir='ltr'><strong>non</strong></span> <span class='ocrx_word' id='word_1_461' title='bbox 3055 3032 3324 3104; x_wconf 89' lang='lat' dir='ltr'><strong>loquitur.</strong></span> <span class='ocrx_word' id='word_1_462' title='bbox 3352 3031 3412 3087; x_wconf 93' lang='lat' dir='ltr'><strong>Si</strong></span> 
     </span>
    </p>
   </div>
   <div class='ocr_carea' id='block_1_55' title="bbox 121 3121 3409 3194">
    <p class='ocr_par' dir='ltr' id='par_1_55' title="bbox 121 3121 3409 3194">
     <span class='ocr_line' id='line_1_56' title="bbox 121 3121 3409 3194; baseline -0.001 -16"><span class='ocrx_word' id='word_1_463' title='bbox 121 3140 335 3194; x_wconf 89' lang='lat' dir='ltr'><strong>aquam</strong></span> <span class='ocrx_word' id='word_1_464' title='bbox 363 3143 375 3191; x_wconf 86' lang='lat'><strong>;</strong></span> <span class='ocrx_word' id='word_1_465' title='bbox 409 3125 470 3177; x_wconf 92' lang='lat' dir='ltr'><strong>ni</strong></span> <span class='ocrx_word' id='word_1_466' title='bbox 489 3125 633 3179; x_wconf 88' lang='lat' dir='ltr'><strong>forte</strong></span> <span class='ocrx_word' id='word_1_467' title='bbox 656 3123 947 3179; x_wconf 89' lang='lat' dir='ltr'><strong>serviendo</strong></span> <span class='ocrx_word' id='word_1_468' title='bbox 960 3124 1149 3179; x_wconf 88' lang='lat' dir='ltr'><strong>veniat</strong></span> <span class='ocrx_word' id='word_1_469' title='bbox 1177 3124 1454 3178; x_wconf 89' lang='lat' dir='ltr'><strong>adsedem</strong></span> <span class='ocrx_word' id='word_1_470' title='bbox 1470 3140 1648 3178; x_wconf 87' lang='lat' dir='ltr'><strong>suam.</strong></span> <span class='ocrx_word' id='word_1_471' title='bbox 1665 3123 1724 3178; x_wconf 92' lang='lat' dir='ltr'><strong>Si</strong></span> <span class='ocrx_word' id='word_1_472' title='bbox 1744 3121 1787 3148; x_wconf 74' lang='grc' dir='ltr'>υ</span> <span class='ocrx_word' id='word_1_473' title='bbox 1812 3137 1941 3174; x_wconf 87' lang='lat' dir='ltr'><strong>vero</strong></span> <span class='ocrx_word' id='word_1_474' title='bbox 1969 3121 2053 3174; x_wconf 93' lang='lat' dir='ltr'><strong>illi</strong></span> <span class='ocrx_word' id='word_1_475' title='bbox 2087 3138 2233 3187; x_wconf 77' lang='lat' dir='ltr'><strong>mox,</strong></span> <span class='ocrx_word' id='word_1_476' title='bbox 2269 3126 2333 3176; x_wconf 93' lang='lat' dir='ltr'><strong>ut</strong></span> <span class='ocrx_word' id='word_1_477' title='bbox 2358 3137 2662 3192; x_wconf 88' lang='lat' dir='ltr'><strong>parumper</strong></span> <span class='ocrx_word' id='word_1_478' title='bbox 2699 3121 3024 3183; x_wconf 87' lang='lat' dir='ltr'><strong>comederit,</strong></span> <span class='ocrx_word' id='word_1_479' title='bbox 3073 3137 3284 3175; x_wconf 88' lang='lat' dir='ltr'><strong>nausea</strong></span> <span class='ocrx_word' id='word_1_480' title='bbox 3320 3121 3409 3175; x_wconf 86' lang='lat' dir='ltr'><strong>vel</strong></span> 
     </span>
    </p>
   </div>
   <div class='ocr_carea' id='block_1_56' title="bbox 120 3212 1725 3284">
    <p class='ocr_par' dir='ltr' id='par_1_56' title="bbox 120 3212 1725 3284">
     <span class='ocr_line' id='line_1_57' title="bbox 120 3212 1725 3284; baseline -0.001 -18"><span class='ocrx_word' id='word_1_481' title='bbox 120 3212 265 3283; x_wconf 88' lang='lat' dir='ltr'><strong>quid</strong></span> <span class='ocrx_word' id='word_1_482' title='bbox 295 3212 345 3266; x_wconf 92' lang='lat' dir='ltr'><strong>ei</strong></span> <span class='ocrx_word' id='word_1_483' title='bbox 372 3228 474 3282; x_wconf 89' lang='lat' dir='ltr'><strong>per</strong></span> <span class='ocrx_word' id='word_1_484' title='bbox 492 3213 664 3267; x_wconf 90' lang='lat' dir='ltr'><strong>alium</strong></span> <span class='ocrx_word' id='word_1_485' title='bbox 686 3218 1366 3284; x_wconf 88' lang='lat' dir='ltr'><strong>apportatur,reverenter</strong></span> <span class='ocrx_word' id='word_1_486' title='bbox 1391 3218 1725 3283; x_wconf 88' lang='lat' dir='ltr'><strong>contrapor—</strong></span> 
     </span>
    </p>
   </div>
   <div class='ocr_carea' id='block_1_57' title="bbox 118 3300 1725 3373">
    <p class='ocr_par' dir='ltr' id='par_1_57' title="bbox 118 3300 1725 3373">
     <span class='ocr_line' id='line_1_58' title="bbox 118 3300 1725 3373; baseline -0.001 -18"><span class='ocrx_word' id='word_1_487' title='bbox 118 3300 267 3372; x_wconf 88' lang='lat' dir='ltr'><strong>rigit</strong></span> <span class='ocrx_word' id='word_1_488' title='bbox 305 3317 537 3356; x_wconf 88' lang='lat' dir='ltr'><strong>manum</strong></span> <span class='ocrx_word' id='word_1_489' title='bbox 580 3307 636 3356; x_wconf 85' lang='lat' dir='ltr'><strong>et</strong></span> <span class='ocrx_word' id='word_1_490' title='bbox 684 3302 1098 3373; x_wconf 88' lang='lat' dir='ltr'><strong>aliquantulum</strong></span> <span class='ocrx_word' id='word_1_491' title='bbox 1148 3302 1401 3356; x_wconf 90' lang='lat' dir='ltr'><strong>inclinat.</strong></span> <span class='ocrx_word' id='word_1_492' title='bbox 1456 3301 1725 3356; x_wconf 91' lang='lat' dir='ltr'><strong>Similiter</strong></span> 
     </span>
    </p>
   </div>
   <div class='ocr_carea' id='block_1_58' title="bbox 117 3390 1724 3462">
    <p class='ocr_par' dir='ltr' id='par_1_58' title="bbox 117 3390 1724 3462">
     <span class='ocr_line' id='line_1_59' title="bbox 117 3390 1724 3462; baseline -0.001 -17"><span class='ocrx_word' id='word_1_493' title='bbox 117 3390 366 3445; x_wconf 90' lang='lat' dir='ltr'><strong>inclinat</strong></span> <span class='ocrx_word' id='word_1_494' title='bbox 389 3390 461 3444; x_wconf 90' lang='lat' dir='ltr'><strong>ad</strong></span> <span class='ocrx_word' id='word_1_495' title='bbox 485 3391 695 3457; x_wconf 86' lang='lat' dir='ltr'><strong>omnia,</strong></span> <span class='ocrx_word' id='word_1_496' title='bbox 721 3407 843 3462; x_wconf 67' lang='lat' dir='ltr'><strong>quae</strong></span> <span class='ocrx_word' id='word_1_497' title='bbox 866 3390 972 3445; x_wconf 90' lang='lat' dir='ltr'><strong>sibi</strong></span> <span class='ocrx_word' id='word_1_498' title='bbox 1010 3396 1147 3445; x_wconf 89' lang='lat' dir='ltr'><strong>tunc</strong></span> <span class='ocrx_word' id='word_1_499' title='bbox 1175 3391 1402 3459; x_wconf 87' lang='lat' dir='ltr'><strong>dantur,</strong></span> <span class='ocrx_word' id='word_1_500' title='bbox 1434 3391 1521 3444; x_wconf 86' lang='lat' dir='ltr'><strong>vel</strong></span> <span class='ocrx_word' id='word_1_501' title='bbox 1549 3406 1724 3461; x_wconf 89' lang='lat' dir='ltr'><strong>appo-</strong></span> 
     </span>
    </p>
   </div>
   <div class='ocr_carea' id='block_1_59' title="bbox 119 3478 1723 3551">
    <p class='ocr_par' dir='ltr' id='par_1_59' title="bbox 119 3478 1723 3551">
     <span class='ocr_line' id='line_1_60' title="bbox 119 3478 1723 3551; baseline -0.001 -17"><span class='ocrx_word' id='word_1_502' title='bbox 119 3485 364 3546; x_wconf 89' lang='lat' dir='ltr'><strong>nuntur,</strong></span> <span class='ocrx_word' id='word_1_503' title='bbox 386 3479 474 3533; x_wconf 89' lang='lat' dir='ltr'><strong>vel</strong></span> <span class='ocrx_word' id='word_1_504' title='bbox 499 3496 621 3549; x_wconf 70' lang='lat' dir='ltr'><strong>quae</strong></span> <span class='ocrx_word' id='word_1_505' title='bbox 651 3478 721 3533; x_wconf 90' lang='lat' dir='ltr'><strong>ab</strong></span> <span class='ocrx_word' id='word_1_506' title='bbox 743 3496 808 3534; x_wconf 94' lang='lat' dir='ltr'><strong>eo</strong></span> <span class='ocrx_word' id='word_1_507' title='bbox 835 3479 1201 3551; x_wconf 88' lang='lat' dir='ltr'><strong>recipiuntur.</strong></span> <span class='ocrx_word' id='word_1_508' title='bbox 1219 3479 1277 3534; x_wconf 93' lang='lat' dir='ltr'><strong>Si</strong></span> <span class='ocrx_word' id='word_1_509' title='bbox 1300 3479 1433 3550; x_wconf 94' lang='lat' dir='ltr'><strong>quid</strong></span> <span class='ocrx_word' id='word_1_510' title='bbox 1460 3479 1512 3533; x_wconf 89' lang='lat' dir='ltr'><strong>ei</strong></span> <span class='ocrx_word' id='word_1_511' title='bbox 1540 3478 1609 3533; x_wconf 89' lang='lat' dir='ltr'><strong>ab</strong></span> <span class='ocrx_word' id='word_1_512' title='bbox 1639 3496 1723 3546; x_wconf 91' lang='lat' dir='ltr'><strong>eo,</strong></span> 
     </span>
    </p>
   </div>
   <div class='ocr_carea' id='block_1_60' title="bbox 124 3567 1728 3640">
    <p class='ocr_par' dir='ltr' id='par_1_60' title="bbox 124 3567 1728 3640">
     <span class='ocr_line' id='line_1_61' title="bbox 124 3567 1728 3640; baseline -0.001 -17"><span class='ocrx_word' id='word_1_513' title='bbox 124 3569 225 3640; x_wconf 91' lang='lat' dir='ltr'><strong>qui</strong></span> <span class='ocrx_word' id='word_1_514' title='bbox 254 3568 326 3623; x_wconf 91' lang='lat' dir='ltr'><strong>ad</strong></span> <span class='ocrx_word' id='word_1_515' title='bbox 356 3568 569 3622; x_wconf 87' lang='lat' dir='ltr'><strong>scillam</strong></span> <span class='ocrx_word' id='word_1_516' title='bbox 601 3569 777 3633; x_wconf 89' lang='lat' dir='ltr'><strong>sedet,</strong></span> <span class='ocrx_word' id='word_1_517' title='bbox 812 3567 1090 3639; x_wconf 88' lang='lat' dir='ltr'><strong>dirigitur,</strong></span> <span class='ocrx_word' id='word_1_518' title='bbox 1125 3585 1191 3622; x_wconf 87' lang='lat' dir='ltr'><strong>ex</strong></span> <span class='ocrx_word' id='word_1_519' title='bbox 1224 3573 1342 3622; x_wconf 90' lang='lat' dir='ltr'><strong>toto</strong></span> <span class='ocrx_word' id='word_1_520' title='bbox 1378 3584 1615 3637; x_wconf 89' lang='lat' dir='ltr'><strong>surgens</strong></span> <span class='ocrx_word' id='word_1_521' title='bbox 1645 3568 1728 3621; x_wconf 90' lang='lat' dir='ltr'><strong>al-</strong></span> 
     </span>
    </p>
   </div>
   <div class='ocr_carea' id='block_1_61' title="bbox 124 3657 1728 3728">
    <p class='ocr_par' dir='ltr' id='par_1_61' title="bbox 124 3657 1728 3728">
     <span class='ocr_line' id='line_1_62' title="bbox 124 3657 1728 3728; baseline -0.002 -14"><span class='ocrx_word' id='word_1_522' title='bbox 124 3660 246 3714; x_wconf 91' lang='lat' dir='ltr'><strong>tius</strong></span> <span class='ocrx_word' id='word_1_523' title='bbox 277 3663 473 3712; x_wconf 91' lang='lat' dir='ltr'><strong>contra</strong></span> <span class='ocrx_word' id='word_1_524' title='bbox 496 3657 681 3728; x_wconf 89' lang='lat' dir='ltr'><strong>ipsum</strong></span> <span class='ocrx_word' id='word_1_525' title='bbox 711 3674 903 3711; x_wconf 89' lang='lat' dir='ltr'><strong>versus</strong></span> <span class='ocrx_word' id='word_1_526' title='bbox 928 3657 1405 3724; x_wconf 84' lang='lat' dir='ltr'><strong>inclinat,etiamsi</strong></span> <span class='ocrx_word' id='word_1_527' title='bbox 1422 3658 1492 3711; x_wconf 91' lang='lat' dir='ltr'><strong>ad</strong></span> <span class='ocrx_word' id='word_1_528' title='bbox 1522 3657 1728 3712; x_wconf 90' lang='lat' dir='ltr'><strong>lineam</strong></span> 
     </span>
    </p>
   </div>
   <div class='ocr_carea' id='block_1_62' title="bbox 128 3745 1731 3816">
    <p class='ocr_par' dir='ltr' id='par_1_62' title="bbox 128 3745 1731 3816">
     <span class='ocr_line' id='line_1_63' title="bbox 128 3745 1731 3816; baseline -0.001 -15"><span class='ocrx_word' id='word_1_529' title='bbox 128 3747 364 3812; x_wconf 90' lang='lat' dir='ltr'><strong>sedeat;</strong></span> <span class='ocrx_word' id='word_1_530' title='bbox 405 3750 462 3800; x_wconf 93' lang='lat' dir='ltr'><strong>et</strong></span> <span class='ocrx_word' id='word_1_531' title='bbox 481 3746 898 3816; x_wconf 90' lang='lat' dir='ltr'><strong>quantumlibet</strong></span> <span class='ocrx_word' id='word_1_532' title='bbox 944 3746 1088 3800; x_wconf 89' lang='lat' dir='ltr'><strong>forte</strong></span> <span class='ocrx_word' id='word_1_533' title='bbox 1116 3746 1307 3815; x_wconf 87' lang='lat' dir='ltr'><strong>cupiat</strong></span> <span class='ocrx_word' id='word_1_534' title='bbox 1329 3745 1628 3813; x_wconf 86' lang='lat' dir='ltr'><strong>abstinere,</strong></span> <span class='ocrx_word' id='word_1_535' title='bbox 1661 3746 1731 3800; x_wconf 91' lang='lat' dir='ltr'><strong>de</strong></span> 
     </span>
    </p>
   </div>
   <div class='ocr_carea' id='block_1_63' title="bbox 126 3834 1731 3909">
    <p class='ocr_par' dir='ltr' id='par_1_63' title="bbox 126 3834 1731 3909">
     <span class='ocr_line' id='line_1_64' title="bbox 126 3834 1731 3909; baseline -0.001 -19"><span class='ocrx_word' id='word_1_536' title='bbox 126 3837 237 3890; x_wconf 86' lang='lat' dir='ltr'><strong>hoc</strong></span> <span class='ocrx_word' id='word_1_537' title='bbox 265 3841 458 3889; x_wconf 89' lang='lat' dir='ltr'><strong>tamen</strong></span> <span class='ocrx_word' id='word_1_538' title='bbox 476 3852 587 3889; x_wconf 91' lang='lat' dir='ltr'><strong>non</strong></span> <span class='ocrx_word' id='word_1_539' title='bbox 613 3835 850 3909; x_wconf 83' lang='lat' dir='ltr'><strong>dimittit</strong></span> <span class='ocrx_word' id='word_1_540' title='bbox 874 3834 1492 3906; x_wconf 66' lang='lat' dir='ltr'><strong>prmlibareScutellam</strong></span> <span class='ocrx_word' id='word_1_541' title='bbox 1511 3852 1731 3906; x_wconf 92' lang='lat' dir='ltr'><strong>quoque</strong></span> 
     </span>
    </p>
   </div>
   <div class='ocr_carea' id='block_1_64' title="bbox 129 3923 1730 3997">
    <p class='ocr_par' dir='ltr' id='par_1_64' title="bbox 129 3923 1730 3997">
     <span class='ocr_line' id='line_1_65' title="bbox 129 3923 1730 3997; baseline -0.001 -18"><span class='ocrx_word' id='word_1_542' title='bbox 129 3924 382 3997; x_wconf 89' lang='lat' dir='ltr'><strong>applicat</strong></span> <span class='ocrx_word' id='word_1_543' title='bbox 414 3924 486 3978; x_wconf 88' lang='lat' dir='ltr'><strong>ad</strong></span> <span class='ocrx_word' id='word_1_544' title='bbox 514 3924 672 3978; x_wconf 88' lang='lat' dir='ltr'><strong>illum</strong></span> <span class='ocrx_word' id='word_1_545' title='bbox 703 3923 1058 3995; x_wconf 89' lang='lat' dir='ltr'><strong>potissimum</strong></span> <span class='ocrx_word' id='word_1_546' title='bbox 1086 3923 1319 3977; x_wconf 89' lang='lat' dir='ltr'><strong>fratrem</strong></span> <span class='ocrx_word' id='word_1_547' title='bbox 1346 3923 1441 3995; x_wconf 92' lang='lat' dir='ltr'><strong>qui</strong></span> <span class='ocrx_word' id='word_1_548' title='bbox 1477 3925 1640 3994; x_wconf 86' lang='lat' dir='ltr'><strong>juxta</strong></span> <span class='ocrx_word' id='word_1_549' title='bbox 1670 3941 1730 3978; x_wconf 86' lang='lat' dir='ltr'><strong>se</strong></span> 
     </span>
    </p>
   </div>
   <div class='ocr_carea' id='block_1_65' title="bbox 128 4012 1727 4084">
    <p class='ocr_par' dir='ltr' id='par_1_65' title="bbox 128 4012 1727 4084">
     <span class='ocr_line' id='line_1_66' title="bbox 128 4012 1727 4084; baseline -0.001 -16"><span class='ocrx_word' id='word_1_550' title='bbox 128 4013 395 4084; x_wconf 88' lang='lat' dir='ltr'><strong>superius</strong></span> <span class='ocrx_word' id='word_1_551' title='bbox 421 4012 597 4077; x_wconf 87' lang='lat' dir='ltr'><strong>sedet,</strong></span> <span class='ocrx_word' id='word_1_552' title='bbox 629 4017 695 4067; x_wconf 90' lang='lat' dir='ltr'><strong>ut</strong></span> <span class='ocrx_word' id='word_1_553' title='bbox 735 4013 993 4067; x_wconf 91' lang='lat' dir='ltr'><strong>comedat</strong></span> <span class='ocrx_word' id='word_1_554' title='bbox 1031 4028 1220 4066; x_wconf 90' lang='lat' dir='ltr'><strong>secum</strong></span> <span class='ocrx_word' id='word_1_555' title='bbox 1255 4031 1266 4065; x_wconf 94' lang='lat'>:</span> <span class='ocrx_word' id='word_1_556' title='bbox 1297 4013 1345 4066; x_wconf 92' lang='lat' dir='ltr'><strong>si</strong></span> <span class='ocrx_word' id='word_1_557' title='bbox 1370 4012 1418 4066; x_wconf 92' lang='lat' dir='ltr'><strong>is</strong></span> <span class='ocrx_word' id='word_1_558' title='bbox 1457 4012 1727 4080; x_wconf 89' lang='lat' dir='ltr'><strong>renuerit,</strong></span> 
     </span>
    </p>
   </div>
   <div class='ocr_carea' id='block_1_66' title="bbox 127 4100 1724 4175">
    <p class='ocr_par' dir='ltr' id='par_1_66' title="bbox 127 4100 1724 4175">
     <span class='ocr_line' id='line_1_67' title="bbox 127 4100 1724 4175; baseline -0.002 -18"><span class='ocrx_word' id='word_1_559' title='bbox 127 4102 379 4175; x_wconf 87' lang='lat' dir='ltr'><strong>applicat</strong></span> <span class='ocrx_word' id='word_1_560' title='bbox 429 4102 501 4156; x_wconf 90' lang='lat' dir='ltr'><strong>ad</strong></span> <span class='ocrx_word' id='word_1_561' title='bbox 548 4102 868 4156; x_wconf 89' lang='lat' dir='ltr'><strong>inferiorem</strong></span> <span class='ocrx_word' id='word_1_562' title='bbox 903 4121 915 4156; x_wconf 91' lang='lat'><strong>:</strong></span> <span class='ocrx_word' id='word_1_563' title='bbox 961 4101 1111 4172; x_wconf 91' lang='lat' dir='ltr'><strong>quod</strong></span> <span class='ocrx_word' id='word_1_564' title='bbox 1146 4101 1194 4155; x_wconf 92' lang='lat' dir='ltr'><strong><em>si</em></strong></span> <span class='ocrx_word' id='word_1_565' title='bbox 1240 4106 1298 4155; x_wconf 90' lang='lat' dir='ltr'><strong>et</strong></span> <span class='ocrx_word' id='word_1_566' title='bbox 1325 4100 1420 4154; x_wconf 92' lang='lat' dir='ltr'><strong>ille</strong></span> <span class='ocrx_word' id='word_1_567' title='bbox 1460 4100 1724 4166; x_wconf 86' lang='lat' dir='ltr'><strong>noluerit,</strong></span> 
     </span>
    </p>
   </div>
   <div class='ocr_carea' id='block_1_67' title="bbox 130 4189 1732 4263">
    <p class='ocr_par' dir='ltr' id='par_1_67' title="bbox 130 4189 1732 4263">
     <span class='ocr_line' id='line_1_68' title="bbox 130 4189 1732 4263; baseline -0.002 -18"><span class='ocrx_word' id='word_1_568' title='bbox 130 4190 496 4263; x_wconf 88' lang='lat' dir='ltr'><strong>quantumvis</strong></span> <span class='ocrx_word' id='word_1_569' title='bbox 544 4195 855 4256; x_wconf 88' lang='lat' dir='ltr'><strong>remaneat,</strong></span> <span class='ocrx_word' id='word_1_570' title='bbox 891 4190 1039 4261; x_wconf 92' lang='lat' dir='ltr'><strong>quod</strong></span> <span class='ocrx_word' id='word_1_571' title='bbox 1076 4189 1277 4256; x_wconf 90' lang='lat' dir='ltr'><strong>noluit,</strong></span> <span class='ocrx_word' id='word_1_572' title='bbox 1306 4190 1394 4243; x_wconf 89' lang='lat' dir='ltr'><strong>vel</strong></span> <span class='ocrx_word' id='word_1_573' title='bbox 1433 4189 1581 4259; x_wconf 93' lang='lat' dir='ltr'><strong>quod</strong></span> <span class='ocrx_word' id='word_1_574' title='bbox 1618 4205 1732 4243; x_wconf 93' lang='lat' dir='ltr'><strong>non</strong></span> 
     </span>
    </p>
   </div>
   <div class='ocr_carea' id='block_1_68' title="bbox 131 4277 1734 4351">
    <p class='ocr_par' dir='ltr' id='par_1_68' title="bbox 131 4277 1734 4351">
     <span class='ocr_line' id='line_1_69' title="bbox 131 4277 1734 4351; baseline -0.002 -16"><span class='ocrx_word' id='word_1_575' title='bbox 131 4280 321 4351; x_wconf 87' lang='lat' dir='ltr'><strong>potuit</strong></span> <span class='ocrx_word' id='word_1_576' title='bbox 341 4280 773 4348; x_wconf 89' lang='lat' dir='ltr'><strong>comedere,non</strong></span> <span class='ocrx_word' id='word_1_577' title='bbox 794 4279 969 4334; x_wconf 90' lang='lat' dir='ltr'><strong>mittit</strong></span> <span class='ocrx_word' id='word_1_578' title='bbox 990 4295 1271 4351; x_wconf 89' lang='lat' dir='ltr'><strong>quoquam</strong></span> <span class='ocrx_word' id='word_1_579' title='bbox 1301 4278 1523 4348; x_wconf 91' lang='lat' dir='ltr'><strong>longius</strong></span> <span class='ocrx_word' id='word_1_580' title='bbox 1545 4278 1615 4332; x_wconf 91' lang='lat' dir='ltr'><strong>ad</strong></span> <span class='ocrx_word' id='word_1_581' title='bbox 1635 4277 1734 4331; x_wconf 88' lang='lat' dir='ltr'><strong>ali-</strong></span> 
     </span>
    </p>
   </div>
   <div class='ocr_carea' id='block_1_69' title="bbox 136 4367 1735 4440">
    <p class='ocr_par' dir='ltr' id='par_1_69' title="bbox 136 4367 1735 4440">
     <span class='ocr_line' id='line_1_70' title="bbox 136 4367 1735 4440; baseline -0.002 -16"><span class='ocrx_word' id='word_1_582' title='bbox 136 4386 307 4440; x_wconf 89' lang='lat' dir='ltr'><strong>quem</strong></span> <span class='ocrx_word' id='word_1_583' title='bbox 339 4369 569 4424; x_wconf 88' lang='lat' dir='ltr'><strong>fratrem</strong></span> <span class='ocrx_word' id='word_1_584' title='bbox 598 4385 699 4440; x_wconf 92' lang='lat' dir='ltr'><strong>pro</strong></span> <span class='ocrx_word' id='word_1_585' title='bbox 730 4368 846 4423; x_wconf 90' lang='lat' dir='ltr'><strong>ulla</strong></span> <span class='ocrx_word' id='word_1_586' title='bbox 872 4368 1056 4439; x_wconf 85' lang='lat' dir='ltr'><strong>gratia</strong></span> <span class='ocrx_word' id='word_1_587' title='bbox 1084 4368 1321 4438; x_wconf 88' lang='lat' dir='ltr'><strong>privata,</strong></span> <span class='ocrx_word' id='word_1_588' title='bbox 1339 4367 1437 4421; x_wconf 93' lang='lat' dir='ltr'><strong>sed</strong></span> <span class='ocrx_word' id='word_1_589' title='bbox 1460 4371 1653 4421; x_wconf 91' lang='lat' dir='ltr'><strong>tamen</strong></span> <span class='ocrx_word' id='word_1_590' title='bbox 1670 4371 1735 4421; x_wconf 88' lang='lat' dir='ltr'><strong>ut</strong></span> 
     </span>
    </p>
   </div>
   <div class='ocr_carea' id='block_1_70' title="bbox 136 4455 1733 4530">
    <p class='ocr_par' dir='ltr' id='par_1_70' title="bbox 136 4455 1733 4530">
     <span class='ocr_line' id='line_1_71' title="bbox 136 4455 1733 4530; baseline -0.003 -16"><span class='ocrx_word' id='word_1_591' title='bbox 136 4460 323 4514; x_wconf 86' lang='lat' dir='ltr'><strong>adhuc</strong></span> <span class='ocrx_word' id='word_1_592' title='bbox 340 4458 601 4530; x_wconf 88' lang='lat' dir='ltr'><strong>superius</strong></span> <span class='ocrx_word' id='word_1_593' title='bbox 627 4459 714 4512; x_wconf 92' lang='lat' dir='ltr'><strong>vel</strong></span> <span class='ocrx_word' id='word_1_594' title='bbox 736 4456 970 4512; x_wconf 90' lang='lat' dir='ltr'><strong>inferius</strong></span> <span class='ocrx_word' id='word_1_595' title='bbox 988 4456 1207 4512; x_wconf 89' lang='lat' dir='ltr'><strong>sedenti</strong></span> <span class='ocrx_word' id='word_1_596' title='bbox 1226 4455 1733 4527; x_wconf 89' lang='lat' dir='ltr'><strong>applicetur,alter-</strong></span> 
     </span>
    </p>
   </div>
   <div class='ocr_carea' id='block_1_71' title="bbox 135 4543 1734 4604">
    <p class='ocr_par' dir='ltr' id='par_1_71' title="bbox 135 4543 1734 4604">
     <span class='ocr_line' id='line_1_72' title="bbox 135 4543 1734 4604; baseline -0.004 -1"><span class='ocrx_word' id='word_1_597' title='bbox 135 4549 252 4604; x_wconf 88' lang='lat' dir='ltr'><strong>utri</strong></span> <span class='ocrx_word' id='word_1_598' title='bbox 282 4563 516 4602; x_wconf 90' lang='lat' dir='ltr'><strong>suorum</strong></span> <span class='ocrx_word' id='word_1_599' title='bbox 546 4545 951 4600; x_wconf 90' lang='lat' dir='ltr'><strong>collateralium</strong></span> <span class='ocrx_word' id='word_1_600' title='bbox 982 4546 1218 4599; x_wconf 90' lang='lat' dir='ltr'><strong>innuere</strong></span> <span class='ocrx_word' id='word_1_601' title='bbox 1255 4560 1370 4599; x_wconf 91' lang='lat' dir='ltr'><strong>non</strong></span> <span class='ocrx_word' id='word_1_602' title='bbox 1396 4543 1625 4598; x_wconf 90' lang='lat' dir='ltr'><strong>omittit.</strong></span> <span class='ocrx_word' id='word_1_603' title='bbox 1675 4543 1734 4598; x_wconf 91' lang='lat' dir='ltr'><strong>Si</strong></span> 
     </span>
    </p>
   </div>
   <div class='ocr_carea' id='block_1_72' title="bbox 136 4632 1738 4706">
    <p class='ocr_par' dir='ltr' id='par_1_72' title="bbox 136 4632 1738 4706">
     <span class='ocr_line' id='line_1_73' title="bbox 136 4632 1738 4706; baseline -0.003 -15"><span class='ocrx_word' id='word_1_604' title='bbox 136 4635 360 4692; x_wconf 88' lang='lat' dir='ltr'><strong>duobus</strong></span> <span class='ocrx_word' id='word_1_605' title='bbox 387 4634 655 4690; x_wconf 83' lang='lat' dir='ltr'><strong>fratribus</strong></span> <span class='ocrx_word' id='word_1_606' title='bbox 678 4633 890 4706; x_wconf 89' lang='lat' dir='ltr'><strong>aliquid</strong></span> <span class='ocrx_word' id='word_1_607' title='bbox 918 4633 1163 4688; x_wconf 89' lang='lat' dir='ltr'><strong>mittitur</strong></span> <span class='ocrx_word' id='word_1_608' title='bbox 1186 4638 1243 4687; x_wconf 92' lang='lat' dir='ltr'><strong>et</strong></span> <span class='ocrx_word' id='word_1_609' title='bbox 1268 4633 1413 4687; x_wconf 89' lang='lat' dir='ltr'><strong>alter</strong></span> <span class='ocrx_word' id='word_1_610' title='bbox 1435 4646 1630 4687; x_wconf 91' lang='lat' dir='ltr'><strong>eorum</strong></span> <span class='ocrx_word' id='word_1_611' title='bbox 1652 4632 1738 4686; x_wconf 91' lang='lat' dir='ltr'><strong>in-</strong></span> 
     </span>
    </p>
   </div>
   <div class='ocr_carea' id='block_1_73' title="bbox 136 4720 1730 4788">
    <p class='ocr_par' dir='ltr' id='par_1_73' title="bbox 136 4720 1730 4788">
     <span class='ocr_line' id='line_1_74' title="bbox 136 4720 1730 4788; baseline -0.001 -8"><span class='ocrx_word' id='word_1_612' title='bbox 136 4726 307 4781; x_wconf 89' lang='lat' dir='ltr'><strong>terim</strong></span> <span class='ocrx_word' id='word_1_613' title='bbox 336 4723 480 4779; x_wconf 87' lang='lat' dir='ltr'><strong>forte</strong></span> <span class='ocrx_word' id='word_1_614' title='bbox 507 4723 769 4788; x_wconf 88' lang='lat' dir='ltr'><strong>defuerit,</strong></span> <span class='ocrx_word' id='word_1_615' title='bbox 799 4739 1054 4777; x_wconf 90' lang='lat' dir='ltr'><strong>reversus</strong></span> <span class='ocrx_word' id='word_1_616' title='bbox 1085 4720 1357 4777; x_wconf 91' lang='lat' dir='ltr'><strong>inclinare</strong></span> <span class='ocrx_word' id='word_1_617' title='bbox 1377 4738 1490 4775; x_wconf 93' lang='lat' dir='ltr'><strong>non</strong></span> <span class='ocrx_word' id='word_1_618' title='bbox 1505 4720 1730 4778; x_wconf 88' lang='lat' dir='ltr'><strong>desinit.</strong></span> 
     </span>
    </p>
   </div>
   <div class='ocr_carea' id='block_1_74' title="bbox 136 4809 1738 4882">
    <p class='ocr_par' dir='ltr' id='par_1_74' title="bbox 136 4809 1738 4882">
     <span class='ocr_line' id='line_1_75' title="bbox 136 4809 1738 4882; baseline -0.004 -12"><span class='ocrx_word' id='word_1_619' title='bbox 136 4816 157 4837; x_wconf 81' lang='lat'><strong>’</strong></span> <span class='ocrx_word' id='word_1_620' title='bbox 187 4815 248 4870; x_wconf 91' lang='lat' dir='ltr'><strong>Si</strong></span> <span class='ocrx_word' id='word_1_621' title='bbox 275 4818 501 4869; x_wconf 90' lang='lat' dir='ltr'><strong>tantum</strong></span> <span class='ocrx_word' id='word_1_622' title='bbox 552 4812 801 4867; x_wconf 89' lang='lat' dir='ltr'><strong>sonitum</strong></span> <span class='ocrx_word' id='word_1_623' title='bbox 836 4811 1054 4879; x_wconf 86' lang='lat' dir='ltr'><strong>fecerit,</strong></span> <span class='ocrx_word' id='word_1_624' title='bbox 1097 4811 1193 4882; x_wconf 88' lang='lat' dir='ltr'><strong>qui</strong></span> <span class='ocrx_word' id='word_1_625' title='bbox 1233 4826 1636 4881; x_wconf 89' lang='lat' dir='ltr'><strong>usquequaque</strong></span> <span class='ocrx_word' id='word_1_626' title='bbox 1677 4809 1738 4864; x_wconf 92' lang='lat' dir='ltr'><strong>in</strong></span> 
     </span>
    </p>
   </div>
   <div class='ocr_carea' id='block_1_75' title="bbox 134 4898 1737 4972">
    <p class='ocr_par' dir='ltr' id='par_1_75' title="bbox 134 4898 1737 4972">
     <span class='ocr_line' id='line_1_76' title="bbox 134 4898 1737 4972; baseline -0.003 -15"><span class='ocrx_word' id='word_1_627' title='bbox 134 4902 432 4958; x_wconf 87' lang='lat' dir='ltr'><strong>refectorio</strong></span> <span class='ocrx_word' id='word_1_628' title='bbox 488 4901 674 4957; x_wconf 89' lang='lat' dir='ltr'><strong>audiri</strong></span> <span class='ocrx_word' id='word_1_629' title='bbox 716 4901 912 4972; x_wconf 88' lang='lat' dir='ltr'><strong>possit,</strong></span> <span class='ocrx_word' id='word_1_630' title='bbox 961 4899 1182 4954; x_wconf 87' lang='lat' dir='ltr'><strong>veniam</strong></span> <span class='ocrx_word' id='word_1_631' title='bbox 1229 4899 1390 4970; x_wconf 90' lang='lat' dir='ltr'><strong>petit,</strong></span> <span class='ocrx_word' id='word_1_632' title='bbox 1440 4898 1588 4971; x_wconf 92' lang='lat' dir='ltr'><strong>quod</strong></span> <span class='ocrx_word' id='word_1_633' title='bbox 1626 4898 1737 4953; x_wconf 92' lang='lat' dir='ltr'><strong>alio</strong></span> 
     </span>
    </p>
   </div>
   <div class='ocr_carea' id='block_1_76' title="bbox 131 4987 1737 5064">
    <p class='ocr_par' dir='ltr' id='par_1_76' title="bbox 131 4987 1737 5064">
     <span class='ocr_line' id='line_1_77' title="bbox 131 4987 1737 5064; baseline -0.003 -17"><span class='ocrx_word' id='word_1_634' title='bbox 131 4997 412 5064; x_wconf 87' lang='lat' dir='ltr'><strong>tempore,</strong></span> <span class='ocrx_word' id='word_1_635' title='bbox 446 4990 670 5063; x_wconf 91' lang='lat' dir='ltr'><strong>quando</strong></span> <span class='ocrx_word' id='word_1_636' title='bbox 697 4988 911 5044; x_wconf 88' lang='lat' dir='ltr'><strong>bibitur</strong></span> <span class='ocrx_word' id='word_1_637' title='bbox 946 4989 1046 5043; x_wconf 91' lang='lat' dir='ltr'><strong>sed</strong></span> <span class='ocrx_word' id='word_1_638' title='bbox 1084 5004 1199 5043; x_wconf 89' lang='lat' dir='ltr'><strong>non</strong></span> <span class='ocrx_word' id='word_1_639' title='bbox 1235 4988 1461 5058; x_wconf 89' lang='lat' dir='ltr'><strong>legitur,</strong></span> <span class='ocrx_word' id='word_1_640' title='bbox 1503 4987 1737 5042; x_wconf 87' lang='lat' dir='ltr'><strong>minime</strong></span> 
     </span>
    </p>
   </div>
   <div class='ocr_carea' id='block_1_77' title="bbox 134 5081 298 5138">
    <p class='ocr_par' dir='ltr' id='par_1_77' title="bbox 134 5081 298 5138">
     <span class='ocr_line' id='line_1_78' title="bbox 134 5081 298 5138; baseline 0.018 -3"><span class='ocrx_word' id='word_1_641' title='bbox 134 5081 272 5136; x_wconf 88' lang='lat' dir='ltr'><strong>facit</strong></span> <span class='ocrx_word' id='word_1_642' title='bbox 284 5126 298 5138; x_wconf 93' lang='lat'><strong>.</strong></span> 
     </span>
    </p>
   </div>
   <div class='ocr_carea' id='block_1_78' title="bbox 210 5165 1741 5237">
    <p class='ocr_par' dir='ltr' id='par_1_78' title="bbox 210 5165 1741 5237">
     <span class='ocr_line' id='line_1_79' title="bbox 210 5165 1741 5237; baseline -0.004 -11"><span class='ocrx_word' id='word_1_643' title='bbox 210 5171 272 5226; x_wconf 92' lang='lat' dir='ltr'><strong>Si</strong></span> <span class='ocrx_word' id='word_1_644' title='bbox 299 5168 465 5236; x_wconf 83' lang='lat' dir='ltr'><strong>forte,</strong></span> <span class='ocrx_word' id='word_1_645' title='bbox 505 5185 570 5224; x_wconf 93' lang='lat' dir='ltr'><strong>eo</strong></span> <span class='ocrx_word' id='word_1_646' title='bbox 595 5168 728 5223; x_wconf 93' lang='lat' dir='ltr'><strong>illuc</strong></span> <span class='ocrx_word' id='word_1_647' title='bbox 747 5171 935 5233; x_wconf 89' lang='lat' dir='ltr'><strong>eunte,</strong></span> <span class='ocrx_word' id='word_1_648' title='bbox 957 5167 1035 5221; x_wconf 82' lang='lat' dir='ltr'><strong>Tu</strong></span> <span class='ocrx_word' id='word_1_649' title='bbox 1064 5172 1250 5221; x_wconf 81' lang='lat' dir='ltr'><strong>autem</strong></span> <span class='ocrx_word' id='word_1_650' title='bbox 1264 5165 1490 5231; x_wconf 84' lang='lat' dir='ltr'><strong>dicitur,</strong></span> <span class='ocrx_word' id='word_1_651' title='bbox 1511 5170 1741 5237; x_wconf 84' lang='lat' dir='ltr'><strong>propter</strong></span> 
     </span>
    </p>
   </div>
   <div class='ocr_carea' id='block_1_79' title="bbox 135 5252 1742 5326">
    <p class='ocr_par' dir='ltr' id='par_1_79' title="bbox 135 5252 1742 5326">
     <span class='ocr_line' id='line_1_80' title="bbox 135 5252 1742 5326; baseline -0.004 -13"><span class='ocrx_word' id='word_1_652' title='bbox 135 5260 245 5313; x_wconf 89' lang='lat' dir='ltr'><strong>hoc</strong></span> <span class='ocrx_word' id='word_1_653' title='bbox 284 5273 400 5312; x_wconf 90' lang='lat' dir='ltr'><strong>non</strong></span> <span class='ocrx_word' id='word_1_654' title='bbox 436 5255 602 5319; x_wconf 88' lang='lat' dir='ltr'><strong>redit,</strong></span> <span class='ocrx_word' id='word_1_655' title='bbox 655 5254 987 5326; x_wconf 88' lang='lat' dir='ltr'><strong>priusquam</strong></span> <span class='ocrx_word' id='word_1_656' title='bbox 1029 5253 1251 5308; x_wconf 85' lang='lat' dir='ltr'><strong>veniam</strong></span> <span class='ocrx_word' id='word_1_657' title='bbox 1288 5253 1500 5308; x_wconf 90' lang='lat' dir='ltr'><strong>fecerit.</strong></span> <span class='ocrx_word' id='word_1_658' title='bbox 1566 5253 1624 5307; x_wconf 93' lang='lat' dir='ltr'><strong>Si</strong></span> <span class='ocrx_word' id='word_1_659' title='bbox 1671 5252 1742 5306; x_wconf 89' lang='lat' dir='ltr'><strong>de</strong></span> 
     </span>
    </p>
   </div>
   <div class='ocr_carea' id='block_1_80' title="bbox 136 5340 1745 5419">
    <p class='ocr_par' dir='ltr' id='par_1_80' title="bbox 136 5340 1745 5419">
     <span class='ocr_line' id='line_1_81' title="bbox 136 5340 1745 5419; baseline -0.005 -17"><span class='ocrx_word' id='word_1_660' title='bbox 136 5353 278 5419; x_wconf 87' lang='lat' dir='ltr'><strong>potu</strong></span> <span class='ocrx_word' id='word_1_661' title='bbox 324 5346 413 5401; x_wconf 86' lang='lat' dir='ltr'><strong>vel</strong></span> <span class='ocrx_word' id='word_1_662' title='bbox 455 5344 687 5399; x_wconf 91' lang='lat' dir='ltr'><strong>humido</strong></span> <span class='ocrx_word' id='word_1_663' title='bbox 716 5342 838 5398; x_wconf 92' lang='lat' dir='ltr'><strong>cibo</strong></span> <span class='ocrx_word' id='word_1_664' title='bbox 885 5347 1107 5398; x_wconf 90' lang='lat' dir='ltr'><strong>tantum</strong></span> <span class='ocrx_word' id='word_1_665' title='bbox 1137 5342 1398 5397; x_wconf 75' lang='lat' dir='ltr'><strong>effuderit</strong></span> <span class='ocrx_word' id='word_1_666' title='bbox 1434 5342 1584 5413; x_wconf 92' lang='lat' dir='ltr'><strong>quod</strong></span> <span class='ocrx_word' id='word_1_667' title='bbox 1613 5340 1745 5395; x_wconf 87' lang='lat' dir='ltr'><strong>buc-</strong></span> 
     </span>
    </p>
   </div>
   <div class='ocr_carea' id='block_1_81' title="bbox 212 5466 1739 5541">
    <p class='ocr_par' dir='ltr' id='par_1_81' title="bbox 212 5466 1739 5541">
     <span class='ocr_line' id='line_1_82' title="bbox 212 5466 1739 5541; baseline -0.004 -16"><span class='ocrx_word' id='word_1_668' title='bbox 212 5469 364 5541; x_wconf 84' lang='grc'><strong>(103)</strong></span> <span class='ocrx_word' id='word_1_669' title='bbox 396 5470 638 5541; x_wconf 60' lang='lat' dir='ltr'><strong>illirium</strong></span> <span class='ocrx_word' id='word_1_670' title='bbox 666 5467 827 5541; x_wconf 83' lang='lat' dir='ltr'><strong>panis</strong></span> <span class='ocrx_word' id='word_1_671' title='bbox 849 5472 907 5541; x_wconf 81' lang='lat' dir='ltr'><strong>et</strong></span> <span class='ocrx_word' id='word_1_672' title='bbox 932 5466 1124 5541; x_wconf 64' lang='lat' dir='ltr'><strong>vinum</strong></span> <span class='ocrx_word' id='word_1_673' title='bbox 1154 5466 1350 5521; x_wconf 91' lang='lat' dir='ltr'><strong>lectori</strong></span> <span class='ocrx_word' id='word_1_674' title='bbox 1389 5466 1461 5521; x_wconf 89' lang='lat' dir='ltr'><strong>ad</strong></span> <span class='ocrx_word' id='word_1_675' title='bbox 1484 5482 1739 5520; x_wconf 91' lang='lat' dir='ltr'><strong>mensam</strong></span> 
     </span>
    </p>
   </div>
   <div class='ocr_carea' id='block_1_82' title="bbox 138 5538 1309 5609">
    <p class='ocr_par' dir='ltr' id='par_1_82' title="bbox 138 5538 1309 5609">
     <span class='ocr_line' id='line_1_83' title="bbox 138 5538 1309 5609; baseline -0.006 -10"><span class='ocrx_word' id='word_1_676' title='bbox 138 5538 504 5599; x_wconf 82' lang='lat' dir='ltr'><strong>servitoribus</strong></span> <span class='ocrx_word' id='word_1_677' title='bbox 529 5538 591 5594; x_wconf 91' lang='lat' dir='ltr'><strong>in</strong></span> <span class='ocrx_word' id='word_1_678' title='bbox 618 5539 815 5609; x_wconf 87' lang='lat' dir='ltr'><strong>regula</strong></span> <span class='ocrx_word' id='word_1_679' title='bbox 843 5538 901 5609; x_wconf 3' lang='lat' dir='ltr'><strong>Sp.</strong></span> <span class='ocrx_word' id='word_1_680' title='bbox 932 5538 996 5592; x_wconf 91' lang='lat' dir='ltr'><strong>B.</strong></span> <span class='ocrx_word' id='word_1_681' title='bbox 1029 5554 1309 5609; x_wconf 89' lang='lat' dir='ltr'><strong>concessa.</strong></span> 
     </span>
    </p>
   </div>
   <div class='ocr_carea' id='block_1_83' title="bbox 216 5607 1738 5687">
    <p class='ocr_par' dir='ltr' id='par_1_83' title="bbox 216 5607 1738 5687">
     <span class='ocr_line' id='line_1_84' title="bbox 216 5607 1738 5687; baseline -0.006 -14"><span class='ocrx_word' id='word_1_682' title='bbox 216 5611 363 5687; x_wconf 74' lang='grc'>(104)</span> <span class='ocrx_word' id='word_1_683' title='bbox 422 5612 634 5680; x_wconf 81' lang='lat' dir='ltr'><strong>Oblata,</strong></span> <span class='ocrx_word' id='word_1_684' title='bbox 666 5607 830 5684; x_wconf 78' lang='lat' dir='ltr'><strong>panis</strong></span> <span class='ocrx_word' id='word_1_685' title='bbox 878 5608 939 5665; x_wconf 85' lang='lat' dir='ltr'><strong>in</strong></span> <span class='ocrx_word' id='word_1_686' title='bbox 984 5608 1160 5665; x_wconf 77' lang='lat' dir='ltr'><strong>missa</strong></span> <span class='ocrx_word' id='word_1_687' title='bbox 1215 5609 1458 5682; x_wconf 87' lang='lat' dir='ltr'><strong>oblatus,</strong></span> <span class='ocrx_word' id='word_1_688' title='bbox 1483 5607 1582 5664; x_wconf 84' lang='lat' dir='ltr'><strong>sed</strong></span> <span class='ocrx_word' id='word_1_689' title='bbox 1624 5624 1738 5665; x_wconf 89' lang='lat' dir='ltr'><strong>non</strong></span> 
     </span>
    </p>
   </div>
   <div class='ocr_carea' id='block_1_84' title="bbox 1808 3209 3412 3281">
    <p class='ocr_par' dir='ltr' id='par_1_84' title="bbox 1808 3209 3412 3281">
     <span class='ocr_line' id='line_1_85' title="bbox 1808 3209 3412 3281; baseline -0.001 -18"><span class='ocrx_word' id='word_1_690' title='bbox 1808 3211 1953 3263; x_wconf 89' lang='lat' dir='ltr'><strong>ﬂuor</strong></span> <span class='ocrx_word' id='word_1_691' title='bbox 1978 3210 2269 3280; x_wconf 89' lang='lat' dir='ltr'><strong>sanguinis</strong></span> <span class='ocrx_word' id='word_1_692' title='bbox 2298 3210 2600 3281; x_wconf 87' lang='lat' dir='ltr'><strong>ingruerit,</strong></span> <span class='ocrx_word' id='word_1_693' title='bbox 2631 3209 2732 3277; x_wconf 89' lang='lat' dir='ltr'><strong>ita,</strong></span> <span class='ocrx_word' id='word_1_694' title='bbox 2760 3215 2825 3264; x_wconf 92' lang='lat' dir='ltr'><strong>ut</strong></span> <span class='ocrx_word' id='word_1_695' title='bbox 2868 3211 2939 3264; x_wconf 91' lang='lat' dir='ltr'><strong>ad</strong></span> <span class='ocrx_word' id='word_1_696' title='bbox 2968 3209 3225 3265; x_wconf 89' lang='lat' dir='ltr'><strong>eamdem</strong></span> <span class='ocrx_word' id='word_1_697' title='bbox 3267 3210 3412 3264; x_wconf 87' lang='lat' dir='ltr'><strong>refe-</strong></span> 
     </span>
    </p>
   </div>
   <div class='ocr_carea' id='block_1_85' title="bbox 1808 3284 3406 3369">
    <p class='ocr_par' dir='ltr' id='par_1_85' title="bbox 1808 3284 3406 3369">
     <span class='ocr_line' id='line_1_86' title="bbox 1808 3284 3406 3369; baseline 0.001 -18"><span class='ocrx_word' id='word_1_698' title='bbox 1808 3297 2049 3352; x_wconf 90' lang='lat' dir='ltr'><strong>ctionem</strong></span> <span class='ocrx_word' id='word_1_699' title='bbox 2076 3299 2260 3353; x_wconf 91' lang='lat' dir='ltr'><strong>redire</strong></span> <span class='ocrx_word' id='word_1_700' title='bbox 2284 3315 2396 3353; x_wconf 91' lang='lat' dir='ltr'><strong>non</strong></span> <span class='ocrx_word' id='word_1_701' title='bbox 2410 3284 2608 3369; x_wconf 84' lang='lat' dir='ltr'><strong>possit,</strong></span> <span class='ocrx_word' id='word_1_702' title='bbox 2630 3304 2825 3369; x_wconf 90' lang='lat' dir='ltr'><strong>postea</strong></span> <span class='ocrx_word' id='word_1_703' title='bbox 2845 3314 2972 3354; x_wconf 92' lang='lat' dir='ltr'><strong>cum</strong></span> <span class='ocrx_word' id='word_1_704' title='bbox 3002 3297 3273 3353; x_wconf 76' lang='lat' dir='ltr'><strong>ministris</strong></span> <span class='ocrx_word' id='word_1_705' title='bbox 3284 3298 3406 3353; x_wconf 91' lang='lat' dir='ltr'><strong>sine</strong></span> 
     </span>
    </p>
   </div>
   <div class='ocr_carea' id='block_1_86' title="bbox 1812 3386 2268 3442">
    <p class='ocr_par' dir='ltr' id='par_1_86' title="bbox 1812 3386 2268 3442">
     <span class='ocr_line' id='line_1_87' title="bbox 1812 3386 2268 3442; baseline 0.004 -2"><span class='ocrx_word' id='word_1_706' title='bbox 1812 3387 2041 3441; x_wconf 88' lang='lat' dir='ltr'><strong>licentia</strong></span> <span class='ocrx_word' id='word_1_707' title='bbox 2068 3386 2268 3442; x_wconf 88' lang='lat' dir='ltr'><strong>reﬁcit.</strong></span> 
     </span>
    </p>
   </div>
   <div class='ocr_carea' id='block_1_87' title="bbox 1878 3476 3412 3552">
    <p class='ocr_par' dir='ltr' id='par_1_87' title="bbox 1878 3476 3412 3552">
     <span class='ocr_line' id='line_1_88' title="bbox 1878 3476 3412 3552; baseline 0.001 -22"><span class='ocrx_word' id='word_1_708' title='bbox 1878 3476 2026 3547; x_wconf 72' lang='grc' dir='ltr'><strong>(ιω.)</strong></span> <span class='ocrx_word' id='word_1_709' title='bbox 2056 3477 2137 3531; x_wconf 92' lang='lat' dir='ltr'><strong>De</strong></span> <span class='ocrx_word' id='word_1_710' title='bbox 2166 3477 2324 3531; x_wconf 89' lang='lat' dir='ltr'><strong>micis</strong></span> <span class='ocrx_word' id='word_1_711' title='bbox 2371 3477 2801 3552; x_wconf 85' lang='lat' dir='ltr'><strong>diligentissime</strong></span> <span class='ocrx_word' id='word_1_712' title='bbox 2835 3481 3012 3547; x_wconf 86' lang='lat' dir='ltr'><strong>cavet,</strong></span> <span class='ocrx_word' id='word_1_713' title='bbox 3045 3493 3117 3531; x_wconf 91' lang='lat' dir='ltr'><strong>ne</strong></span> <span class='ocrx_word' id='word_1_714' title='bbox 3163 3477 3296 3548; x_wconf 91' lang='lat' dir='ltr'><strong>quid</strong></span> <span class='ocrx_word' id='word_1_715' title='bbox 3326 3477 3412 3531; x_wconf 89' lang='lat' dir='ltr'><strong>vel</strong></span> 
     </span>
    </p>
   </div>
   <div class='ocr_carea' id='block_1_88' title="bbox 1810 3565 3413 3638">
    <p class='ocr_par' dir='ltr' id='par_1_88' title="bbox 1810 3565 3413 3638">
     <span class='ocr_line' id='line_1_89' title="bbox 1810 3565 3413 3638; baseline 0.001 -20"><span class='ocrx_word' id='word_1_716' title='bbox 1810 3565 2248 3621; x_wconf 88' lang='lat' dir='ltr'><strong>minutissimum</strong></span> <span class='ocrx_word' id='word_1_717' title='bbox 2282 3567 2449 3621; x_wconf 86' lang='lat' dir='ltr'><strong>cadat</strong></span> <span class='ocrx_word' id='word_1_718' title='bbox 2486 3573 2542 3621; x_wconf 86' lang='lat' dir='ltr'><strong>et</strong></span> <span class='ocrx_word' id='word_1_719' title='bbox 2568 3572 2776 3638; x_wconf 89' lang='lat' dir='ltr'><strong>pereat.</strong></span> <span class='ocrx_word' id='word_1_720' title='bbox 2811 3565 2953 3621; x_wconf 92' lang='lat' dir='ltr'><strong>Cum</strong></span> <span class='ocrx_word' id='word_1_721' title='bbox 2975 3566 3199 3621; x_wconf 91' lang='lat' dir='ltr'><strong>cultello</strong></span> <span class='ocrx_word' id='word_1_722' title='bbox 3230 3566 3413 3621; x_wconf 86' lang='lat' dir='ltr'><strong>aufert</strong></span> 
     </span>
    </p>
   </div>
   <div class='ocr_carea' id='block_1_89' title="bbox 1815 3655 3413 3723">
    <p class='ocr_par' dir='ltr' id='par_1_89' title="bbox 1815 3655 3413 3723">
     <span class='ocr_line' id='line_1_90' title="bbox 1815 3655 3413 3723; baseline 0.001 -15"><span class='ocrx_word' id='word_1_723' title='bbox 1815 3672 1909 3709; x_wconf 85' lang='lat' dir='ltr'><strong>eas</strong></span> <span class='ocrx_word' id='word_1_724' title='bbox 1939 3655 2007 3708; x_wconf 89' lang='lat' dir='ltr'><strong>de</strong></span> <span class='ocrx_word' id='word_1_725' title='bbox 2036 3656 2295 3723; x_wconf 88' lang='lat' dir='ltr'><strong>mensali,</strong></span> <span class='ocrx_word' id='word_1_726' title='bbox 2322 3661 2388 3709; x_wconf 90' lang='lat' dir='ltr'><strong>ut</strong></span> <span class='ocrx_word' id='word_1_727' title='bbox 2416 3656 2485 3710; x_wconf 91' lang='lat' dir='ltr'><strong>ad</strong></span> <span class='ocrx_word' id='word_1_728' title='bbox 2516 3655 2781 3710; x_wconf 89' lang='lat' dir='ltr'><strong>ultimnm</strong></span> <span class='ocrx_word' id='word_1_729' title='bbox 2806 3672 2934 3709; x_wconf 91' lang='lat' dir='ltr'><strong>cum</strong></span> <span class='ocrx_word' id='word_1_730' title='bbox 2961 3655 3179 3709; x_wconf 91' lang='lat' dir='ltr'><strong>flebello</strong></span> <span class='ocrx_word' id='word_1_731' title='bbox 3210 3655 3279 3709; x_wconf 89' lang='lat' dir='ltr'><strong>ad</strong></span> <span class='ocrx_word' id='word_1_732' title='bbox 3308 3655 3413 3709; x_wconf 89' lang='lat' dir='ltr'><strong>hoc</strong></span> 
     </span>
    </p>
   </div>
   <div class='ocr_carea' id='block_1_90' title="bbox 1813 3744 3418 3814">
    <p class='ocr_par' dir='ltr' id='par_1_90' title="bbox 1813 3744 3418 3814">
     <span class='ocr_line' id='line_1_91' title="bbox 1813 3744 3418 3814; baseline 0.001 -18"><span class='ocrx_word' id='word_1_733' title='bbox 1813 3749 2006 3814; x_wconf 88' lang='lat' dir='ltr'><strong>aptato</strong></span> <span class='ocrx_word' id='word_1_734' title='bbox 2030 3744 2087 3797; x_wconf 91' lang='lat' dir='ltr'><strong>in</strong></span> <span class='ocrx_word' id='word_1_735' title='bbox 2114 3745 2348 3798; x_wconf 91' lang='lat' dir='ltr'><strong>scutella</strong></span> <span class='ocrx_word' id='word_1_736' title='bbox 2365 3745 2700 3814; x_wconf 87' lang='lat' dir='ltr'><strong>colligantur</strong></span> <span class='ocrx_word' id='word_1_737' title='bbox 2726 3750 2783 3799; x_wconf 90' lang='lat' dir='ltr'><strong>et</strong></span> <span class='ocrx_word' id='word_1_738' title='bbox 2802 3744 2872 3797; x_wconf 88' lang='lat' dir='ltr'><strong>ad</strong></span> <span class='ocrx_word' id='word_1_739' title='bbox 2896 3744 3306 3814; x_wconf 82' lang='lat' dir='ltr'><strong>eleemosynam</strong></span> <span class='ocrx_word' id='word_1_740' title='bbox 3323 3744 3418 3797; x_wconf 88' lang='lat' dir='ltr'><strong>de-</strong></span> 
     </span>
    </p>
   </div>
   <div class='ocr_carea' id='block_1_91' title="bbox 1813 3833 3418 3903">
    <p class='ocr_par' dir='ltr' id='par_1_91' title="bbox 1813 3833 3418 3903">
     <span class='ocr_line' id='line_1_92' title="bbox 1813 3833 3418 3903; baseline 0 -17"><span class='ocrx_word' id='word_1_741' title='bbox 1813 3833 2084 3886; x_wconf 87' lang='lat' dir='ltr'><strong>ferantur.</strong></span> <span class='ocrx_word' id='word_1_742' title='bbox 2124 3834 2295 3903; x_wconf 72' lang='grc' dir='ltr'><strong>(ναν.)</strong></span> <span class='ocrx_word' id='word_1_743' title='bbox 2315 3834 2576 3897; x_wconf 88' lang='lat' dir='ltr'><strong>Quandiu</strong></span> <span class='ocrx_word' id='word_1_744' title='bbox 2608 3838 2794 3886; x_wconf 87' lang='lat' dir='ltr'><strong>autem</strong></span> <span class='ocrx_word' id='word_1_745' title='bbox 2827 3848 2860 3884; x_wconf 92' lang='lat' dir='ltr'><strong>a</strong></span> <span class='ocrx_word' id='word_1_746' title='bbox 2884 3837 3158 3885; x_wconf 91' lang='lat' dir='ltr'><strong>conventu</strong></span> <span class='ocrx_word' id='word_1_747' title='bbox 3191 3846 3302 3884; x_wconf 91' lang='lat' dir='ltr'><strong>non</strong></span> <span class='ocrx_word' id='word_1_748' title='bbox 3329 3837 3418 3886; x_wconf 91' lang='lat' dir='ltr'><strong>est</strong></span> 
     </span>
    </p>
   </div>
   <div class='ocr_carea' id='block_1_92' title="bbox 1814 3920 3412 3993">
    <p class='ocr_par' dir='ltr' id='par_1_92' title="bbox 1814 3920 3412 3993">
     <span class='ocr_line' id='line_1_93' title="bbox 1814 3920 3412 3993; baseline -0.002 -18"><span class='ocrx_word' id='word_1_749' title='bbox 1814 3926 2130 3993; x_wconf 88' lang='lat' dir='ltr'><strong>separatus,</strong></span> <span class='ocrx_word' id='word_1_750' title='bbox 2175 3927 2241 3976; x_wconf 93' lang='lat' dir='ltr'><strong>ut</strong></span> <span class='ocrx_word' id='word_1_751' title='bbox 2281 3922 2355 3976; x_wconf 91' lang='lat' dir='ltr'><strong>sit</strong></span> <span class='ocrx_word' id='word_1_752' title='bbox 2383 3938 2508 3975; x_wconf 91' lang='lat' dir='ltr'><strong>cum</strong></span> <span class='ocrx_word' id='word_1_753' title='bbox 2542 3920 2803 3987; x_wconf 85' lang='lat' dir='ltr'><strong>inﬁrmis,</strong></span> <span class='ocrx_word' id='word_1_754' title='bbox 2832 3936 2934 3973; x_wconf 92' lang='lat' dir='ltr'><strong>nec</strong></span> <span class='ocrx_word' id='word_1_755' title='bbox 2961 3936 3135 3974; x_wconf 91' lang='lat' dir='ltr'><strong>unum</strong></span> <span class='ocrx_word' id='word_1_756' title='bbox 3166 3935 3412 3990; x_wconf 87' lang='lat' dir='ltr'><strong>granum</strong></span> 
     </span>
    </p>
   </div>
   <div class='ocr_carea' id='block_1_93' title="bbox 1812 4006 3417 4081">
    <p class='ocr_par' dir='ltr' id='par_1_93' title="bbox 1812 4006 3417 4081">
     <span class='ocr_line' id='line_1_94' title="bbox 1812 4006 3417 4081; baseline -0.001 -18"><span class='ocrx_word' id='word_1_757' title='bbox 1812 4010 2021 4081; x_wconf 84' lang='lat' dir='ltr'><strong>piperis</strong></span> <span class='ocrx_word' id='word_1_758' title='bbox 2051 4015 2265 4081; x_wconf 87' lang='lat' dir='ltr'><strong>gustat,</strong></span> <span class='ocrx_word' id='word_1_759' title='bbox 2294 4027 2397 4064; x_wconf 85' lang='lat' dir='ltr'><strong>nec</strong></span> <span class='ocrx_word' id='word_1_760' title='bbox 2416 4010 2725 4081; x_wconf 90' lang='lat' dir='ltr'><strong>quidquam</strong></span> <span class='ocrx_word' id='word_1_761' title='bbox 2756 4008 2862 4062; x_wconf 92' lang='lat' dir='ltr'><strong>cibi</strong></span> <span class='ocrx_word' id='word_1_762' title='bbox 2893 4013 2993 4062; x_wconf 92' lang='lat' dir='ltr'><strong>aut</strong></span> <span class='ocrx_word' id='word_1_763' title='bbox 3022 4013 3206 4079; x_wconf 89' lang='lat' dir='ltr'><strong>potus,</strong></span> <span class='ocrx_word' id='word_1_764' title='bbox 3232 4007 3340 4062; x_wconf 88' lang='lat' dir='ltr'><strong>nisi</strong></span> <span class='ocrx_word' id='word_1_765' title='bbox 3354 4006 3417 4062; x_wconf 91' lang='lat' dir='ltr'><strong>in</strong></span> 
     </span>
    </p>
   </div>
   <div class='ocr_carea' id='block_1_94' title="bbox 1812 4095 3417 4171">
    <p class='ocr_par' dir='ltr' id='par_1_94' title="bbox 1812 4095 3417 4171">
     <span class='ocr_line' id='line_1_95' title="bbox 1812 4095 3417 4171; baseline -0.001 -19"><span class='ocrx_word' id='word_1_766' title='bbox 1812 4100 2109 4154; x_wconf 88' lang='lat' dir='ltr'><strong>refectorio</strong></span> <span class='ocrx_word' id='word_1_767' title='bbox 2147 4099 2409 4171; x_wconf 90' lang='lat' dir='ltr'><strong>percipit.</strong></span> <span class='ocrx_word' id='word_1_768' title='bbox 2463 4100 2765 4168; x_wconf 89' lang='lat' dir='ltr'><strong>Nunquam</strong></span> <span class='ocrx_word' id='word_1_769' title='bbox 2795 4095 2954 4162; x_wconf 89' lang='lat' dir='ltr'><strong>bibit,</strong></span> <span class='ocrx_word' id='word_1_770' title='bbox 3003 4096 3114 4150; x_wconf 85' lang='lat' dir='ltr'><strong>nisi</strong></span> <span class='ocrx_word' id='word_1_771' title='bbox 3159 4101 3417 4167; x_wconf 88' lang='lat' dir='ltr'><strong>pateram</strong></span> 
     </span>
    </p>
   </div>
   <div class='ocr_carea' id='block_1_95' title="bbox 1814 4184 3420 4256">
    <p class='ocr_par' dir='ltr' id='par_1_95' title="bbox 1814 4184 3420 4256">
     <span class='ocr_line' id='line_1_96' title="bbox 1814 4184 3420 4256; baseline -0.002 -14"><span class='ocrx_word' id='word_1_772' title='bbox 1814 4205 1940 4243; x_wconf 90' lang='lat' dir='ltr'><strong>cum</strong></span> <span class='ocrx_word' id='word_1_773' title='bbox 1972 4187 2244 4242; x_wconf 90' lang='lat' dir='ltr'><strong>ambabus</strong></span> <span class='ocrx_word' id='word_1_774' title='bbox 2275 4186 2535 4241; x_wconf 89' lang='lat' dir='ltr'><strong>manibus</strong></span> <span class='ocrx_word' id='word_1_775' title='bbox 2560 4185 2802 4240; x_wconf 86' lang='lat' dir='ltr'><strong>tenendo</strong></span> <span class='ocrx_word' id='word_1_776' title='bbox 2820 4189 3070 4256; x_wconf 83' lang='lat' dir='ltr'><strong>(excepto</strong></span> <span class='ocrx_word' id='word_1_777' title='bbox 3089 4184 3332 4249; x_wconf 74' lang='lat' dir='ltr'><strong>minuto)</strong></span> <span class='ocrx_word' id='word_1_778' title='bbox 3360 4189 3420 4239; x_wconf 91' lang='lat' dir='ltr'><strong>et</strong></span> 
     </span>
    </p>
   </div>
   <div class='ocr_carea' id='block_1_96' title="bbox 1815 4273 3419 4348">
    <p class='ocr_par' dir='ltr' id='par_1_96' title="bbox 1815 4273 3419 4348">
     <span class='ocr_line' id='line_1_97' title="bbox 1815 4273 3419 4348; baseline -0.001 -17"><span class='ocrx_word' id='word_1_779' title='bbox 1815 4293 2105 4348; x_wconf 87' lang='lat' dir='ltr'><strong>nunquam</strong></span> <span class='ocrx_word' id='word_1_780' title='bbox 2135 4275 2242 4330; x_wconf 91' lang='lat' dir='ltr'><strong>nisi</strong></span> <span class='ocrx_word' id='word_1_781' title='bbox 2263 4275 2530 4329; x_wconf 91' lang='lat' dir='ltr'><strong>sedendo.</strong></span> <span class='ocrx_word' id='word_1_782' title='bbox 2558 4275 2579 4296; x_wconf 75' lang='lat'><strong>*</strong></span> <span class='ocrx_word' id='word_1_783' title='bbox 2609 4274 2666 4329; x_wconf 92' lang='lat' dir='ltr'><strong>Si</strong></span> <span class='ocrx_word' id='word_1_784' title='bbox 2684 4280 2983 4345; x_wconf 88' lang='lat' dir='ltr'><strong>postquam</strong></span> <span class='ocrx_word' id='word_1_785' title='bbox 3014 4273 3419 4329; x_wconf 86' lang='lat' dir='ltr'><strong>scilladimissa</strong></span> 
     </span>
    </p>
   </div>
   <div class='ocr_carea' id='block_1_97' title="bbox 1820 4362 3420 4427">
    <p class='ocr_par' dir='ltr' id='par_1_97' title="bbox 1820 4362 3420 4427">
     <span class='ocr_line' id='line_1_98' title="bbox 1820 4362 3420 4427; baseline -0.002 -6"><span class='ocrx_word' id='word_1_786' title='bbox 1820 4366 1988 4421; x_wconf 91' lang='lat' dir='ltr'><strong>fuerit</strong></span> <span class='ocrx_word' id='word_1_787' title='bbox 2017 4370 2173 4419; x_wconf 83' lang='lat' dir='ltr'><strong>extra</strong></span> <span class='ocrx_word' id='word_1_788' title='bbox 2202 4363 2409 4418; x_wconf 92' lang='lat' dir='ltr'><strong>ostium</strong></span> <span class='ocrx_word' id='word_1_789' title='bbox 2468 4362 2823 4427; x_wconf 89' lang='lat' dir='ltr'><strong>remanserit,</strong></span> <span class='ocrx_word' id='word_1_790' title='bbox 2875 4362 3032 4417; x_wconf 92' lang='lat' dir='ltr'><strong>nullo</strong></span> <span class='ocrx_word' id='word_1_791' title='bbox 3073 4362 3240 4418; x_wconf 89' lang='lat' dir='ltr'><strong>modo</strong></span> <span class='ocrx_word' id='word_1_792' title='bbox 3282 4368 3420 4418; x_wconf 90' lang='lat' dir='ltr'><strong>tunc</strong></span> 
     </span>
    </p>
   </div>
   <div class='ocr_carea' id='block_1_98' title="bbox 1822 4450 3421 4524">
    <p class='ocr_par' dir='ltr' id='par_1_98' title="bbox 1822 4450 3421 4524">
     <span class='ocr_line' id='line_1_99' title="bbox 1822 4450 3421 4524; baseline -0.001 -16"><span class='ocrx_word' id='word_1_793' title='bbox 1822 4455 2030 4508; x_wconf 88' lang='lat' dir='ltr'><strong>intrare</strong></span> <span class='ocrx_word' id='word_1_794' title='bbox 2060 4452 2368 4524; x_wconf 76' lang='lat' dir='ltr'><strong>praesumit,</strong></span> <span class='ocrx_word' id='word_1_795' title='bbox 2384 4451 2482 4507; x_wconf 91' lang='lat' dir='ltr'><strong>sed</strong></span> <span class='ocrx_word' id='word_1_796' title='bbox 2510 4451 2729 4507; x_wconf 89' lang='lat' dir='ltr'><strong>tamdiu</strong></span> <span class='ocrx_word' id='word_1_797' title='bbox 2753 4450 2888 4506; x_wconf 89' lang='lat' dir='ltr'><strong>foris</strong></span> <span class='ocrx_word' id='word_1_798' title='bbox 2905 4456 3421 4523; x_wconf 77' lang='lat' dir='ltr'><strong>exspectat,quous-</strong></span> 
     </span>
    </p>
   </div>
   <div class='ocr_carea' id='block_1_99' title="bbox 1816 4539 3420 4613">
    <p class='ocr_par' dir='ltr' id='par_1_99' title="bbox 1816 4539 3420 4613">
     <span class='ocr_line' id='line_1_100' title="bbox 1816 4539 3420 4613; baseline -0.001 -16"><span class='ocrx_word' id='word_1_799' title='bbox 1816 4559 1925 4613; x_wconf 91' lang='lat' dir='ltr'><strong>que</strong></span> <span class='ocrx_word' id='word_1_800' title='bbox 1965 4543 2233 4596; x_wconf 90' lang='lat' dir='ltr'><strong>lectorem</strong></span> <span class='ocrx_word' id='word_1_801' title='bbox 2290 4541 2362 4595; x_wconf 91' lang='lat' dir='ltr'><strong>ad</strong></span> <span class='ocrx_word' id='word_1_802' title='bbox 2406 4557 2631 4596; x_wconf 90' lang='lat' dir='ltr'><strong>versum</strong></span> <span class='ocrx_word' id='word_1_803' title='bbox 2677 4539 2880 4611; x_wconf 87' lang='lat' dir='ltr'><strong>legisse</strong></span> <span class='ocrx_word' id='word_1_804' title='bbox 2936 4540 3150 4595; x_wconf 90' lang='lat' dir='ltr'><strong>audiat.</strong></span> <span class='ocrx_word' id='word_1_805' title='bbox 3182 4540 3252 4595; x_wconf 81' lang='lat' dir='ltr'><strong>Si</strong></span> <span class='ocrx_word' id='word_1_806' title='bbox 3288 4556 3420 4596; x_wconf 90' lang='lat' dir='ltr'><strong>vero</strong></span> 
     </span>
    </p>
   </div>
   <div class='ocr_carea' id='block_1_100' title="bbox 1817 4629 3421 4701">
    <p class='ocr_par' dir='ltr' id='par_1_100' title="bbox 1817 4629 3421 4701">
     <span class='ocr_line' id='line_1_101' title="bbox 1817 4629 3421 4701; baseline -0.001 -16"><span class='ocrx_word' id='word_1_807' title='bbox 1817 4630 2058 4685; x_wconf 90' lang='lat' dir='ltr'><strong>necdum</strong></span> <span class='ocrx_word' id='word_1_808' title='bbox 2079 4630 2405 4695; x_wconf 89' lang='lat' dir='ltr'><strong>occurrerit,</strong></span> <span class='ocrx_word' id='word_1_809' title='bbox 2430 4629 2478 4683; x_wconf 91' lang='lat' dir='ltr'><strong>si</strong></span> <span class='ocrx_word' id='word_1_810' title='bbox 2499 4629 2681 4684; x_wconf 85' lang='lat' dir='ltr'><strong>serius</strong></span> <span class='ocrx_word' id='word_1_811' title='bbox 2703 4635 2829 4701; x_wconf 89' lang='lat' dir='ltr'><strong>post</strong></span> <span class='ocrx_word' id='word_1_812' title='bbox 2850 4629 3135 4700; x_wconf 89' lang='lat' dir='ltr'><strong>inceptum</strong></span> <span class='ocrx_word' id='word_1_813' title='bbox 3164 4629 3421 4684; x_wconf 81' lang='lat' dir='ltr'><strong>lectionis</strong></span> 
     </span>
    </p>
   </div>
   <div class='ocr_carea' id='block_1_101' title="bbox 1815 4716 3421 4789">
    <p class='ocr_par' dir='ltr' id='par_1_101' title="bbox 1815 4716 3421 4789">
     <span class='ocr_line' id='line_1_102' title="bbox 1815 4716 3421 4789; baseline -0.001 -16"><span class='ocrx_word' id='word_1_814' title='bbox 1815 4719 2127 4784; x_wconf 86' lang='lat' dir='ltr'><strong>intraverit,</strong></span> <span class='ocrx_word' id='word_1_815' title='bbox 2163 4718 2210 4772; x_wconf 93' lang='lat' dir='ltr'><strong>si</strong></span> <span class='ocrx_word' id='word_1_816' title='bbox 2231 4719 2475 4789; x_wconf 89' lang='lat' dir='ltr'><strong>aliquem</strong></span> <span class='ocrx_word' id='word_1_817' title='bbox 2503 4719 2575 4772; x_wconf 91' lang='lat' dir='ltr'><strong>ad</strong></span> <span class='ocrx_word' id='word_1_818' title='bbox 2595 4718 2834 4789; x_wconf 89' lang='lat' dir='ltr'><strong>gradum</strong></span> <span class='ocrx_word' id='word_1_819' title='bbox 2863 4723 3105 4773; x_wconf 89' lang='lat' dir='ltr'><strong>stantem</strong></span> <span class='ocrx_word' id='word_1_820' title='bbox 3134 4716 3421 4772; x_wconf 91' lang='lat' dir='ltr'><strong>licentiam</strong></span> 
     </span>
    </p>
   </div>
   <div class='ocr_carea' id='block_1_102' title="bbox 1821 4805 3421 4878">
    <p class='ocr_par' dir='ltr' id='par_1_102' title="bbox 1821 4805 3421 4878">
     <span class='ocr_line' id='line_1_103' title="bbox 1821 4805 3421 4878; baseline -0.003 -16"><span class='ocrx_word' id='word_1_821' title='bbox 1821 4806 2151 4863; x_wconf 89' lang='lat' dir='ltr'><strong>comedendi</strong></span> <span class='ocrx_word' id='word_1_822' title='bbox 2181 4807 2461 4878; x_wconf 88' lang='lat' dir='ltr'><strong>accepisse</strong></span> <span class='ocrx_word' id='word_1_823' title='bbox 2488 4806 2854 4878; x_wconf 82' lang='lat' dir='ltr'><strong>perspexerit,</strong></span> <span class='ocrx_word' id='word_1_824' title='bbox 2885 4806 3006 4877; x_wconf 91' lang='lat' dir='ltr'><strong>ipse</strong></span> <span class='ocrx_word' id='word_1_825' title='bbox 3031 4805 3236 4860; x_wconf 91' lang='lat' dir='ltr'><strong>alicubi</strong></span> <span class='ocrx_word' id='word_1_826' title='bbox 3257 4805 3421 4875; x_wconf 85' lang='lat' dir='ltr'><strong>juxta</strong></span> 
     </span>
    </p>
   </div>
   <div class='ocr_carea' id='block_1_103' title="bbox 1820 4878 3421 4966">
    <p class='ocr_par' dir='ltr' id='par_1_103' title="bbox 1820 4878 3421 4966">
     <span class='ocr_line' id='line_1_104' title="bbox 1820 4878 3421 4966; baseline -0.003 -15"><span class='ocrx_word' id='word_1_827' title='bbox 1820 4896 2072 4951; x_wconf 89' lang='lat' dir='ltr'><strong>tabulam</strong></span> <span class='ocrx_word' id='word_1_828' title='bbox 2093 4901 2250 4950; x_wconf 86' lang='lat' dir='ltr'><strong>stans</strong></span> <span class='ocrx_word' id='word_1_829' title='bbox 2293 4894 2570 4960; x_wconf 85' lang='lat' dir='ltr'><strong>observat,</strong></span> <span class='ocrx_word' id='word_1_830' title='bbox 2613 4895 2837 4966; x_wconf 89' lang='lat' dir='ltr'><strong>quando</strong></span> <span class='ocrx_word' id='word_1_831' title='bbox 2867 4895 2962 4949; x_wconf 93' lang='lat' dir='ltr'><strong>ille</strong></span> <span class='ocrx_word' id='word_1_832' title='bbox 2991 4878 3283 4948; x_wconf 83' lang='lat' dir='ltr'><strong>discedens</strong></span> <span class='ocrx_word' id='word_1_833' title='bbox 3312 4891 3421 4947; x_wconf 91' lang='lat' dir='ltr'><strong>sibi</strong></span> 
     </span>
    </p>
   </div>
   <div class='ocr_carea' id='block_1_104' title="bbox 1820 4980 3424 5051">
    <p class='ocr_par' dir='ltr' id='par_1_104' title="bbox 1820 4980 3424 5051">
     <span class='ocr_line' id='line_1_105' title="bbox 1820 4980 3424 5051; baseline -0.003 -11"><span class='ocrx_word' id='word_1_834' title='bbox 1820 4985 2119 5042; x_wconf 91' lang='lat' dir='ltr'><strong>accedendi</strong></span> <span class='ocrx_word' id='word_1_835' title='bbox 2165 4985 2351 5039; x_wconf 86' lang='lat' dir='ltr'><strong>locum</strong></span> <span class='ocrx_word' id='word_1_836' title='bbox 2394 4983 2635 5051; x_wconf 88' lang='lat' dir='ltr'><strong>tribuat;</strong></span> <span class='ocrx_word' id='word_1_837' title='bbox 2663 4983 2760 5037; x_wconf 92' lang='lat' dir='ltr'><strong>ubi</strong></span> <span class='ocrx_word' id='word_1_838' title='bbox 2808 4988 2866 5037; x_wconf 87' lang='lat' dir='ltr'><strong>et</strong></span> <span class='ocrx_word' id='word_1_839' title='bbox 2891 4988 3047 5050; x_wconf 92' lang='lat' dir='ltr'><strong>tunc,</strong></span> <span class='ocrx_word' id='word_1_840' title='bbox 3093 4982 3141 5036; x_wconf 91' lang='lat' dir='ltr'><strong>si</strong></span> <span class='ocrx_word' id='word_1_841' title='bbox 3167 4982 3324 5036; x_wconf 91' lang='lat' dir='ltr'><strong>locus</strong></span> <span class='ocrx_word' id='word_1_842' title='bbox 3347 4980 3424 5035; x_wconf 89' lang='lat' dir='ltr'><strong>sit</strong></span> 
     </span>
    </p>
   </div>
   <div class='ocr_carea' id='block_1_105' title="bbox 1817 5069 3423 5145">
    <p class='ocr_par' dir='ltr' id='par_1_105' title="bbox 1817 5069 3423 5145">
     <span class='ocr_line' id='line_1_106' title="bbox 1817 5069 3423 5145; baseline -0.004 -16"><span class='ocrx_word' id='word_1_843' title='bbox 1817 5080 1937 5129; x_wconf 89' lang='lat' dir='ltr'><strong>tam</strong></span> <span class='ocrx_word' id='word_1_844' title='bbox 1962 5079 2235 5145; x_wconf 87' lang='lat' dir='ltr'><strong>angustus</strong></span> <span class='ocrx_word' id='word_1_845' title='bbox 2265 5078 2353 5127; x_wconf 90' lang='lat' dir='ltr'><strong>est</strong></span> <span class='ocrx_word' id='word_1_846' title='bbox 2380 5071 2736 5126; x_wconf 78' lang='lat' dir='ltr'><strong>standumSi</strong></span> <span class='ocrx_word' id='word_1_847' title='bbox 2765 5071 2971 5125; x_wconf 88' lang='lat' dir='ltr'><strong>viderit</strong></span> <span class='ocrx_word' id='word_1_848' title='bbox 2996 5069 3324 5125; x_wconf 88' lang='lat' dir='ltr'><strong>servitorem</strong></span> <span class='ocrx_word' id='word_1_849' title='bbox 3349 5069 3423 5124; x_wconf 90' lang='lat' dir='ltr'><strong>ad</strong></span> 
     </span>
    </p>
   </div>
   <div class='ocr_carea' id='block_1_106' title="bbox 1819 5157 3421 5235">
    <p class='ocr_par' dir='ltr' id='par_1_106' title="bbox 1819 5157 3421 5235">
     <span class='ocr_line' id='line_1_107' title="bbox 1819 5157 3421 5235; baseline -0.004 -16"><span class='ocrx_word' id='word_1_850' title='bbox 1819 5164 2144 5235; x_wconf 90' lang='lat' dir='ltr'><strong>generalem</strong></span> <span class='ocrx_word' id='word_1_851' title='bbox 2203 5162 2417 5217; x_wconf 90' lang='lat' dir='ltr'><strong>scillam</strong></span> <span class='ocrx_word' id='word_1_852' title='bbox 2458 5161 2577 5231; x_wconf 90' lang='lat' dir='ltr'><strong>jam</strong></span> <span class='ocrx_word' id='word_1_853' title='bbox 2609 5159 2985 5230; x_wconf 87' lang='lat' dir='ltr'><strong>pulsaturum,</strong></span> <span class='ocrx_word' id='word_1_854' title='bbox 3039 5158 3231 5230; x_wconf 91' lang='lat' dir='ltr'><strong>ibique</strong></span> <span class='ocrx_word' id='word_1_855' title='bbox 3270 5157 3421 5212; x_wconf 89' lang='lat' dir='ltr'><strong>inter</strong></span> 
     </span>
    </p>
   </div>
   <div class='ocr_carea' id='block_1_107' title="bbox 1821 5246 3427 5318">
    <p class='ocr_par' dir='ltr' id='par_1_107' title="bbox 1821 5246 3427 5318">
     <span class='ocr_line' id='line_1_108' title="bbox 1821 5246 3427 5318; baseline -0.004 -11"><span class='ocrx_word' id='word_1_856' title='bbox 1821 5251 2269 5307; x_wconf 90' lang='lat' dir='ltr'><strong>benedictionem</strong></span> <span class='ocrx_word' id='word_1_857' title='bbox 2300 5256 2454 5305; x_wconf 87' lang='lat' dir='ltr'><strong>stans</strong></span> <span class='ocrx_word' id='word_1_858' title='bbox 2483 5248 2773 5303; x_wconf 89' lang='lat' dir='ltr'><strong>humiliter</strong></span> <span class='ocrx_word' id='word_1_859' title='bbox 2796 5264 2857 5302; x_wconf 92' lang='lat' dir='ltr'><strong>se</strong></span> <span class='ocrx_word' id='word_1_860' title='bbox 2888 5247 3142 5314; x_wconf 90' lang='lat' dir='ltr'><strong>inclinat,</strong></span> <span class='ocrx_word' id='word_1_861' title='bbox 3172 5247 3320 5318; x_wconf 89' lang='lat' dir='ltr'><strong>quod</strong></span> <span class='ocrx_word' id='word_1_862' title='bbox 3345 5246 3427 5301; x_wconf 90' lang='lat' dir='ltr'><strong>ni-</strong></span> 
     </span>
    </p>
   </div>
   <div class='ocr_carea' id='block_1_108' title="bbox 1827 5335 3423 5412">
    <p class='ocr_par' dir='ltr' id='par_1_108' title="bbox 1827 5335 3423 5412">
     <span class='ocr_line' id='line_1_109' title="bbox 1827 5335 3423 5412; baseline -0.004 -17"><span class='ocrx_word' id='word_1_863' title='bbox 1827 5342 2135 5397; x_wconf 90' lang='lat' dir='ltr'><strong>hilominus</strong></span> <span class='ocrx_word' id='word_1_864' title='bbox 2178 5340 2414 5412; x_wconf 86' lang='lat' dir='ltr'><strong>quisque</strong></span> <span class='ocrx_word' id='word_1_865' title='bbox 2443 5337 2718 5406; x_wconf 86' lang='lat' dir='ltr'><strong>observat,</strong></span> <span class='ocrx_word' id='word_1_866' title='bbox 2751 5335 2848 5407; x_wconf 92' lang='lat' dir='ltr'><strong>qui</strong></span> <span class='ocrx_word' id='word_1_867' title='bbox 2897 5336 3204 5408; x_wconf 91' lang='lat' dir='ltr'><strong>quidquam</strong></span> <span class='ocrx_word' id='word_1_868' title='bbox 3248 5335 3423 5390; x_wconf 89' lang='lat' dir='ltr'><strong>mini-</strong></span> 
     </span>
    </p>
   </div>
   <div class='ocr_carea' id='block_1_109' title="bbox 1822 5462 2635 5535">
    <p class='ocr_par' dir='ltr' id='par_1_109' title="bbox 1822 5462 2635 5535">
     <span class='ocr_line' id='line_1_110' title="bbox 1822 5462 2635 5535; baseline -0.005 -15"><span class='ocrx_word' id='word_1_869' title='bbox 1822 5470 2200 5533; x_wconf 88' lang='lat' dir='ltr'><strong>consecratus,</strong></span> <span class='ocrx_word' id='word_1_870' title='bbox 2230 5465 2300 5518; x_wconf 93' lang='lat' dir='ltr'><strong>de</strong></span> <span class='ocrx_word' id='word_1_871' title='bbox 2329 5481 2439 5535; x_wconf 93' lang='lat' dir='ltr'><strong>quo</strong></span> <span class='ocrx_word' id='word_1_872' title='bbox 2467 5462 2635 5535; x_wconf 70' lang='lat' dir='ltr'><strong>infra.</strong></span> 
     </span>
    </p>
   </div>
   <div class='ocr_carea' id='block_1_110' title="bbox 1897 5530 3424 5607">
    <p class='ocr_par' dir='ltr' id='par_1_110' title="bbox 1897 5530 3424 5607">
     <span class='ocr_line' id='line_1_111' title="bbox 1897 5530 3424 5607; baseline -0.004 -14"><span class='ocrx_word' id='word_1_873' title='bbox 1897 5535 2034 5607; x_wconf 85' lang='lat'><strong>(105)</strong></span> <span class='ocrx_word' id='word_1_874' title='bbox 2063 5530 2316 5604; x_wconf 73' lang='lat' dir='ltr'><strong>Scyphus</strong></span> <span class='ocrx_word' id='word_1_875' title='bbox 2336 5530 2592 5604; x_wconf 62' lang='lat' dir='ltr'><strong>iustitia,</strong></span> <span class='ocrx_word' id='word_1_876' title='bbox 2624 5532 2772 5607; x_wconf 78' lang='lat' dir='ltr'><strong>idem</strong></span> <span class='ocrx_word' id='word_1_877' title='bbox 2805 5532 2955 5603; x_wconf 90' lang='lat' dir='ltr'><strong>quod</strong></span> <span class='ocrx_word' id='word_1_878' title='bbox 2994 5547 3091 5586; x_wconf 88' lang='lat' dir='ltr'><strong>vas</strong></span> <span class='ocrx_word' id='word_1_879' title='bbox 3119 5530 3424 5601; x_wconf 89' lang='lat' dir='ltr'><strong>vinarium,</strong></span> 
     </span>
    </p>
   </div>
   <div class='ocr_carea' id='block_1_111' title="bbox 1824 5604 2952 5682">
    <p class='ocr_par' dir='ltr' id='par_1_111' title="bbox 1824 5604 2952 5682">
     <span class='ocr_line' id='line_1_112' title="bbox 1824 5604 2952 5682; baseline -0.004 -18"><span class='ocrx_word' id='word_1_880' title='bbox 1824 5604 1973 5682; x_wconf 76' lang='lat' dir='ltr'><strong>qubd</strong></span> <span class='ocrx_word' id='word_1_881' title='bbox 1989 5610 2248 5681; x_wconf 62' lang='lat' dir='ltr'><strong>justitiz,</strong></span> <span class='ocrx_word' id='word_1_882' title='bbox 2278 5622 2379 5662; x_wconf 88' lang='lat' dir='ltr'><strong>seu</strong></span> <span class='ocrx_word' id='word_1_883' title='bbox 2400 5609 2558 5679; x_wconf 68' lang='lat' dir='ltr'><strong>juxta</strong></span> <span class='ocrx_word' id='word_1_884' title='bbox 2585 5604 2952 5679; x_wconf 85' lang='lat' dir='ltr'><strong>appellatum.</strong></span> 
     </span>
    </p>
   </div>
  </div>
