3934 6372
505 298 627 356 999-
1535 295 1592 349 S.
1634 291 2026 348 GUILLELMI
2063 291 2369 350 ABBATIS
2405 291 2747 349 HIRSAUG.
3647 281 3787 343 1000

504 423 591 477 vel
627 421 675 477 si
704 438 845 494 opus
891 419 1079 485 habet,
1118 417 1222 473 sub
1268 416 1503 489 capitale
1545 415 1721 486 ponit.
1754 415 1967 470 Deinde
2004 420 2382 479 co-Aventus
2428 418 2498 473 ad
2535 422 2839 471 nocturnos
2880 412 3080 484 surgit,
3122 411 3310 483 jungit
3356 426 3419 465 se
3456 408 3548 463 his
3585 409 3685 479 qui
3722 408 3786 461 in

506 511 787 582 opertorio
800 510 872 564 ad
883 509 1204 565 inferiorem
1219 516 1434 579 partem
1452 505 1800 575 lectirejecto
1812 521 2103 559 scamnum
2187 507 2391 561 minori
2418 507 2587 560 choro
2616 509 2797 567 orant,
2823 508 2881 557 et
2902 501 3125 574 prioris,
3150 500 3246 572 qui
3274 499 3330 553 in
3355 500 3628 569 majorem
3655 497 3786 552 cho-

506 599 854 659 ascendit.et
873 599 1189 661 introlatus,
1207 604 1271 650 ut
1291 594 1840 649 convenienterlecto
1861 594 2102 648 insidere
2186 613 2315 651 rum
2373 594 2448 649 ibi
2483 596 2837 665 ingressurus
2874 597 2978 655 est,
3020 590 3323 644 adventum
3379 590 3684 657 exspectat,
3730 588 3789 638 et

510 688 709 759 possit,
739 704 800 742 se
846 693 1144 759 praeparat,
1176 691 1232 739 et
1258 691 1393 738 tunc
1423 699 1623 737 manus
1651 682 1718 736 ad
1752 683 1947 748 latera,
1989 700 2103 736 non
2185 685 2362 738 donec
2415 690 2531 738 tres
2590 682 2873 736 orationes
2929 680 3218 745 ﬁniantur,
3251 683 3309 732 et
3348 683 3485 731 tunc
3520 692 3556 729 a
3594 674 3788 745 priore

509 793 705 830 versus
724 776 895 847 pedes
924 776 1221 829 extrahens
1247 790 1306 826 se
1347 771 1636 825 discalciat
1659 789 1670 823 :
1695 770 1776 824 ita
1802 776 2012 837 tamen,
2041 777 2107 825 ut

511 882 640 919 crus
667 865 815 919 cruri
844 880 953 918 non
990 866 1351 935 superponat.
1386 861 1587 914 Postea
1614 859 1849 931 pedibus
1874 859 2105 931 aequali-

510 959 599 1008 ter
638 954 853 1019 levatis,
898 958 955 1006 et
998 953 1057 1005 in
1103 952 1312 1005 lectum
1356 948 1660 1015 collocatis,
1692 948 1968 1003 cucullam
1994 964 2105 1002 non

510 1042 667 1113 prius
695 1042 867 1106 exuit,
899 1056 1067 1111 quam
1095 1037 1506 1110 coopertorium
1528 1036 1632 1091 sub
1656 1036 1873 1091 cubitos
1896 1037 2103 1091 trahat.

508 1130 665 1184 Tunc
710 1129 935 1200 quidem
978 1144 1102 1181 eam
1150 1131 1394 1191 exutam,
1426 1125 1543 1179 sive
1570 1124 1647 1178 sit
1690 1141 1818 1178 cum
1866 1124 2105 1195 pellicio,

510 1217 624 1272 sive
652 1233 784 1284 non,
817 1215 1130 1287 complicat,
1165 1220 1224 1269 et
1259 1214 1326 1267 ad
1375 1218 1545 1283 caput
1568 1212 1758 1283 ponit;
1790 1212 1875 1267 vel
1905 1212 1951 1266 si
1994 1211 2108 1265 tale

511 1305 687 1375 frigus
731 1304 920 1371 habet,
967 1319 1136 1374 super
1174 1319 1234 1356 se
1276 1301 1543 1361 extendit,
1581 1300 1785 1371 capitio
1818 1305 2008 1353 tamen
2037 1298 2108 1352 ad

511 1399 680 1466 caput
706 1410 882 1448 verso.
918 1392 1168 1463 ldipsum
1195 1390 1439 1444 novitius
1466 1390 1648 1443 adhuc
1675 1405 1787 1442 non
1815 1404 2108 1442 consecra-

514 1488 607 1538 tus
637 1498 766 1537 cum
796 1482 979 1535 frocco
1003 1480 1156 1534 facit.
1182 1478 1363 1549 Super
1388 1482 1592 1531 caetera
1620 1476 1970 1547 operimenta
1999 1476 2113 1546 pel-

2187 772 2413 827 licentia
2440 776 2687 842 accepta,
2729 776 3025 841 postquam
3050 772 3135 833 (ut
3162 767 3374 821 dictum
3399 766 3507 832 est)
3537 764 3599 817 in
3628 762 3791 816 infir-

2191 860 2371 913 maria
2396 858 2617 923 biberit,
2641 859 2711 912 de
2738 862 2938 912 caetero
2952 872 3131 927 usque
3151 870 3317 909 mane
3344 852 3421 907 ibi
3446 849 3787 907 remanebit.

2192 949 2251 1003 Si
2293 963 2423 1002 vero
2452 964 2631 1017 usque
2675 952 2803 1017 post
2832 950 3133 1000 nocturnos
3167 960 3228 998 se
3260 960 3294 997 a
3330 946 3466 1014 potu
3495 941 3792 995 continere

2192 1037 2356 1101 valet,
2388 1041 2524 1089 tunc
2546 1051 2672 1089 cum
2699 1034 2943 1099 licentia,
2968 1032 3170 1086 ardore
3198 1030 3321 1085 sitis
3345 1029 3637 1093 exstincto,
3662 1043 3789 1080 ma-

2189 1125 2437 1178 tutinum
2464 1139 2590 1177 cum
2618 1122 2725 1189 his,
2750 1123 2849 1193 qui
2875 1122 2934 1176 in
2964 1138 3031 1175 ea
3058 1122 3199 1175 hora
3216 1119 3275 1173 in
3298 1120 3443 1173 lecto
3467 1115 3793 1188 jacentibus

2190 1212 2427 1266 inﬁrmis
2458 1217 2708 1279 cantant,
2742 1212 2828 1265 vel
2870 1210 2917 1265 si
2949 1211 3090 1265 tales
3120 1226 3234 1264 non
3262 1208 3486 1274 adsunt,
3518 1212 3577 1260 et
3624 1205 3673 1258 si
3703 1208 3795 1258 est

2189 1303 2467 1368 literatus,
2495 1300 2824 1371 pereantare
2853 1299 3048 1366 debet;
3083 1299 3131 1353 si
3160 1298 3459 1352 illiteratus
3499 1294 3792 1350 neminem

2160 1392 2166 1398 ’
2192 1396 2372 1462 rogat,
2398 1397 2463 1445 ut
2488 1391 2592 1444 hoc
2620 1390 2725 1445 sibi
2754 1394 2961 1444 cantet.
2983 1388 3231 1453 Quilibet
3258 1392 3447 1441 autem
3471 1385 3567 1456 qui
3594 1385 3769 1455 hujus

2194 1480 2346 1534 modi
2390 1479 2716 1550 disciplinae,
2759 1485 2816 1533 et
2865 1476 3300 1532 conversationis
3344 1477 3430 1528 vir
3478 1490 3600 1528 esse
3647 1473 3788 1538 vult,

514 1572 707 1626 lieium
745 1570 923 1642 ponit.
957 1569 1004 1623 Si
1052 1568 1188 1633 vult.
1238 1567 1335 1620 88d
1380 1582 1493 1620 non
1542 1566 1845 1619 inversum.
1881 1565 2111 1629 Quoties
2194 1574 2468 1639 quantum
2491 1568 2551 1622 in
2577 1584 2638 1622 se
2666 1572 2753 1622 est
2778 1582 3134 1637 summopere
3160 1579 3474 1637 praecavere
3503 1561 3689 1628 debet,
3718 1577 3793 1615 ne

516 1660 655 1725 vult,
695 1660 830 1713 dum
857 1665 1049 1712 tamen
1078 1656 1366 1711 moderate
1396 1654 1487 1721 sit,
1514 1659 1718 1708 sanctis
1746 1654 1927 1707 crucis
1952 1654 2111 1723 signo
2129 1689 2176 1749 B
2195 1658 2323 1711 talis
2343 1656 2646 1711 necessitas
2665 1657 2823 1711 illum
2846 1653 3150 1726 aliquando
3176 1656 3504 1725 pmgravet,
3538 1667 3629 1705 ω),
3660 1649 3796 1703 Haec

520 1765 581 1803 se
626 1748 830 1813 munit,
881 1746 1142 1816 idemque
1191 1748 1375 1815 potest
1414 1743 1595 1797 facere
1646 1743 1868 1813 quando
1906 1739 2174 1813 surgit."
2197 1763 2391 1816 pauca,
2436 1751 2503 1800 ut
2542 1745 2827 1799 memoriae
2868 1747 3253 1809 occurrerunt,
3286 1742 3355 1795 de
3401 1739 3595 1794 multis
3639 1739 3797 1792 dicta

520 1838 806 1903 Quantum
834 1834 969 1889 libet
986 1831 1290 1905 aliquando
1310 1832 1551 1886 calorem
1576 1831 1801 1892 sentiat,
1824 1846 2112 1901 nunquam
2195 1841 2346 1902 sunt,
2380 1834 2584 1906 quibus
2627 1832 2840 1900 novitii,
2872 1833 2919 1887 si
2956 1831 3076 1887 ﬁeri
3106 1836 3309 1903 potest,
3346 1830 3503 1901 prius
3531 1833 3666 1883 sunt
3702 1827 3798 1881 in-

520 1932 712 1982 tamen
736 1925 863 1996 plus
886 1922 1136 1994 corporis
1161 1921 1249 1976 sui
1276 1920 1508 1990 detegit,
1529 1936 1696 1990 quam
1718 1920 1888 1991 pedes
1911 1925 1969 1973 et
1991 1919 2114 1973 bra-
2196 1924 2451 1980 struendi
2482 1941 2650 1996 quam
2680 1922 2914 1993 collegio
2944 1927 3136 1976 nostro
3166 1919 3467 1975 socientur.

519 2015 648 2070 chia
678 2019 735 2068 et
761 2018 974 2085 pectus.
1016 2012 1076 2066 Si
1119 2026 1345 2065 necesse
1392 2014 1478 2063 est
1514 2013 1768 2078 tempore
1799 2013 2114 2078 opportuno
2751 2011 2984 2065 CAPUT
3023 2008 3240 2066 LXXII.

517 2102 769 2157 tabulam
805 2100 1142 2154 mediocrem
1171 2098 1242 2152 ad
1272 2102 1458 2168 caput,
1495 2095 1551 2149 in
1580 2095 1780 2151 facilem
1816 2095 1945 2149 lecti
1986 2095 2116 2148 infi-

517 2207 652 2262 gere
680 2194 883 2262 potest,
916 2189 1031 2242 sive
1058 2188 1128 2241 ad
1152 2185 1582 2241 sustentandum
1609 2185 1869 2257 capitale,
1902 2184 2017 2238 sive
2044 2183 2116 2237 ad

519 2279 824 2336 arcendum
846 2279 1039 2335 lumen
1054 2277 1312 2329 lucernae.
1328 2276 1468 2329 Itcm
1481 2274 1732 2328 tabulam
1744 2274 1892 2328 inter
1908 2274 2113 2327 lectum

2315 2104 2433 2169 Qua
2464 2104 2572 2170 lege
2600 2103 2801 2155 novitii
2827 2104 2954 2154 ante
2991 2100 3454 2153 consecrationem
3482 2110 3675 2151 eorum

2875 2188 3127 2242 habeant.

2269 2281 2295 2306 *
2324 2278 2560 2344 Quando
2589 2278 2794 2332 domno
2824 2276 3014 2331 abbati
3036 2276 3273 2331 novitios
3300 2274 3370 2329 ad
3400 2274 3797 2329 monachicum

521 2373 579 2422 et
606 2367 882 2439 parietem
922 2382 1036 2419 non
1077 2364 1407 2435 prohibetur
1450 2379 1695 2432 congrue
1725 2364 2013 2433 adaptal'e,
2043 2362 2115 2416 ad
2197 2370 2452 2425 ordinem
2503 2383 2828 2439 promovere
2876 2365 3169 2437 placuerit,
3220 2365 3377 2435 prius
3433 2380 3468 2417 a
3522 2363 3797 2433 magistro

521 2455 1011 2527 superponendum
1036 2453 1088 2507 ei
1113 2453 1322 2507 fI‘OCCOS
1350 2453 1434 2505 vel
1460 2452 1593 2522 quid
1617 2452 1748 2506 tale-
1771 2452 2117 2522 Quocunque
2198 2472 2392 2511 eorum
2418 2454 2758 2518 admonitus,
2775 2452 2911 2507 facit
2929 2453 3059 2506 inde
3073 2452 3416 2506 mentionem
3436 2451 3496 2505 in
3516 2450 3790 2522 capitulo:

522 2544 690 2599 modo
724 2542 1056 2597 recumbens
1079 2542 1284 2611 jaceat.
1310 2540 1567 2594 Videlicet
1596 2541 1679 2595 Vel
1706 2556 2003 2610 supernus,
2034 2540 2116 2594 vel
2199 2552 2258 2600 et
2281 2545 2330 2599 si
2358 2545 2418 2599 in
2444 2544 2639 2598 eodem
2665 2543 2756 2596 die
2785 2541 3232 2596 benedictionem
3270 2540 3473 2594 fratres
3510 2539 3797 2610 accepturi

523 2632 825 2697 lateratim,
866 2631 981 2685 sive
1005 2629 1306 2685 contractis
1332 2628 1589 2698 genibus,
1620 2645 1786 2682 nemo
1814 2628 2111 2700 vituperat.
2198 2638 2348 2699 sunt,
2380 2638 2516 2687 tunc
2545 2631 2815 2702 magister
2836 2632 3028 2701 jussus
3057 2647 3153 2684 eos
3180 2630 3478 2695 adducere,
3511 2629 3697 2683 aufert
3724 2629 3795 2682 ab

521 2722 608 2776 Ad
636 2720 980 2776 necessarias
1009 2719 1069 2772 in
1114 2718 1331 2773 cuculla
1371 2722 1429 2771 et
1467 2717 1526 2771 in
1571 2718 1791 2788 pellicio
1824 2734 2113 2789 nunquam
2199 2722 2278 2776 eis
2307 2720 2529 2791 capitia.
2560 2721 2866 2790 Postquam
2891 2723 3081 2772 autem
3112 2716 3416 2771 introducti
3443 2716 3663 2770 veniam
3695 2733 3797 2787 pe-

521 2810 691 2878 vadit,
722 2809 831 2863 nisi
858 2813 1155 2880 postquam
1186 2811 1490 2860 conventus
1522 2822 1583 2860 se
1613 2806 1671 2860 in
1701 2806 1859 2860 lectis
1886 2808 2119 2862 colloca-
2198 2810 2413 2876 tierint,
2445 2808 2699 2862 eamdem
2730 2806 3058 2878 petitionem
3089 2809 3354 2877 repetunt
3384 2821 3556 2875 quam
3594 2805 3654 2859 in
3684 2805 3799 2875 pri-

520 2898 682 2963 verit,
715 2903 770 2952 et
796 2902 932 2951 tunc
958 2895 1369 2967 coopertorium
1408 2910 1576 2965 super
1621 2895 1828 2948 lectum
1875 2911 1985 2949 non
2028 2912 2119 2949 ex-
2200 2897 2417 2952 mordio
2463 2895 2833 2967 susceptionis
2881 2912 2994 2949 suae
3040 2894 3310 2948 fecerunt.
3363 2884 3574 2948 Eodem
3627 2892 3799 2949 modo

521 2986 757 3058 pandit;
788 2986 846 3039 in
872 2986 992 3039 sola
1019 2990 1209 3038 autem
1230 2984 1446 3037 cuculla
1471 2988 1656 3054 potest
1681 2983 1815 3037 illuc
1842 2983 1924 3037 ire
1945 3000 2118 3054 quan—
2139 3044 2176 3058 η
2200 2987 2406 3057 agitur,
2454 2986 2498 3039 si
2543 2983 2869 3055 aliquandiu
2913 2982 3115 3037 ablatis
3160 2981 3380 3053 capitiis
3426 2982 3485 3035 in
3522 2982 3664 3036 cella
3691 2998 3802 3037 sua

522 3075 817 3145 docunque
854 3073 1112 3129 voluerit.
1146 3073 1204 3127 Si
1249 3071 1479 3141 sanguis
1527 3088 1558 3124 e
1598 3071 1829 3125 naribus
1868 3077 2114 3139 emanat,
2135 3044 2178 3103 δ
2201 3080 2334 3130 sunt
2361 3074 2712 3137 commorati,
2744 3088 2809 3126 ac
2836 3071 3098 3142 deinceps
3134 3069 3453 3140 quindecim
3482 3069 3681 3125 diebus
3709 3070 3801 3125 vel

524 3169 684 3218 extra
707 3164 915 3217 lectum
943 3166 1140 3216 contra
1165 3161 1439 3232 parietem
1467 3176 1527 3214 se
1554 3159 1826 3228 inclinat;
1859 3160 1906 3214 si
1930 3166 2118 3215 autem
2202 3163 2409 3229 minus,
2455 3160 2501 3215 si
2532 3160 2721 3215 abbati
2757 3160 2996 3225 videtur,
3026 3176 3059 3213 a
3086 3164 3362 3213 conventu
3399 3158 3663 3229 separati,
3696 3157 3804 3212 ibi-

517 3252 677 3322 juxta
705 3251 982 3322 parietem
1011 3266 1124 3304 non
1153 3248 1379 3315 dormit,
1422 3253 1619 3303 contra
1654 3249 1851 3302 faciem
1888 3250 2017 3304 lecti
2060 3266 2121 3304 se

521 3338 713 3394 vertit.
744 3339 806 3393 Si
844 3354 1112 3392 nauseam
1142 3336 1248 3391 sibi
1290 3336 1675 3407 ingravescere
1711 3337 1899 3403 sentit,
1928 3338 1987 3392 in
2016 3355 2119 3393 an-

523 3427 721 3498 gulum
741 3426 1185 3481 necessariarum
1206 3425 1462 3494 tendens,
1478 3431 1730 3496 egestum
1751 3426 1897 3480 formo
1916 3428 2115 3498 operit.

528 3515 589 3570 Si
618 3515 793 3569 alium
818 3516 979 3585 juxta
999 3531 1060 3568 se
1078 3513 1322 3585 positum
1345 3514 1533 3585 aliquo
1556 3515 1722 3569 modo
1744 3532 1843 3585 per
1862 3532 2121 3571 somnum

524 3603 760 3659 fratrem
790 3604 1030 3658 excitare
1055 3602 1317 3669 audierit,
1343 3620 1470 3657 mox
1497 3604 1653 3657 illum
1685 3620 1797 3658 non
1826 3604 2015 3675 aliquo
2039 3622 2125 3660 so-

523 3692 673 3758 nitu,
715 3692 813 3746 sed
848 3691 1060 3762 aliquid
1113 3691 1183 3745 de
1229 3692 1591 3762 operimentis
1643 3692 1730 3746 vel
1767 3692 2123 3749 lectisterniis

523 3780 676 3835 illius
721 3781 996 3835 trahendo
1027 3780 1417 3851 expergefacit.
1452 3782 1516 3835 In
1546 3781 1721 3835 soccis
1762 3786 1819 3835 et
1870 3798 1995 3836 cum
2026 3799 2121 3837 ca-

527 3870 694 3942 pello,
724 3870 772 3924 si
792 3885 1019 3923 necesse
1039 3874 1142 3935 est,
1163 3874 1347 3939 potest
1366 3868 1633 3934 dormire,
1657 3870 1717 3923 in
1738 3869 1957 3940 pellicio
1983 3887 2125 3925 nun-

527 3975 717 4029 quam.
737 3960 803 4014 In
822 3959 985 4021 lecto,
1008 3957 1121 4012 sive
1142 3963 1296 4011 extra
1326 3958 1552 4025 lectum,
1580 3974 1869 4029 nunquam
1890 3960 2122 4014 alterius

524 4047 723 4102 faciem
752 4047 869 4101 suis
893 4046 1067 4101 oculis
1096 4046 1154 4099 in
1181 4046 1510 4100 dormitorio
1550 4046 1795 4117 inspicit.
1824 4046 1909 4101 Ad
1939 4048 2122 4103 Cruci-

525 4136 699 4192 ﬁxum
725 4135 804 4190 ibi
828 4135 1077 4201 inclinat,
1103 4135 1364 4206 quotiens
1391 4135 1519 4189 illac
1547 4135 1812 4206 praeterit.

1097 4223 1331 4278 CAPUT
1360 4224 1554 4279 LXXI.

847 4314 922 4366 De
949 4328 1007 4366 eo
1033 4313 1134 4380 qui
1163 4316 1276 4365 tam
1304 4315 1550 4379 graviter
1577 4316 1796 4367 sitierit.

602 4402 738 4471 (00.)
772 4400 832 4455 Si
866 4404 982 4453 tam
1001 4399 1247 4470 graviter
1265 4399 1360 4454 siti
1390 4400 1627 4468 laborat,
1651 4402 1800 4472 quod
1820 4418 1881 4456 se
1900 4407 2124 4458 noctur-

529 4504 732 4543 norum
772 4486 1146 4559 pulsationem
1189 4504 1316 4541 cum
1346 4488 1622 4557 patientia
1648 4490 1802 4544 nullo
1834 4492 1998 4545 modo
2029 4509 2123 4547 ex-

528 4582 757 4649 pectare
785 4581 993 4647 sperat,
1013 4576 1259 4647 priorem
1278 4577 1532 4630 modeste
1548 4577 1794 4632 excitans
1816 4596 1943 4634 cum
1965 4581 2124 4651 signo

529 4664 602 4734 ei,
626 4666 775 4737 quod
795 4665 931 4731 vult,
955 4665 1222 4730 insinuat,
1252 4665 1349 4736 qui
1370 4681 1495 4719 mox
1517 4682 1647 4720 eum
1668 4668 1738 4721 ad
1756 4668 2124 4725 inﬁrmariam

530 4754 760 4825 ducens,
784 4754 1098 4809 infirmario
1127 4770 1355 4809 causam
1387 4753 1660 4824 designat,
1684 4773 1785 4827 pro
1815 4774 1927 4829 qua
1951 4760 2124 4831 venit,

531 4849 589 4899 et
624 4845 821 4899 eodem
852 4843 1026 4897 fratre
1071 4842 1149 4897 ibi
1192 4843 1443 4908 dimisso,
1476 4842 1595 4914 ipse
1624 4846 1691 4899 ad
1723 4846 1927 4902 lectum
1957 4849 2123 4904 redit.

527 4930 629 4985 Ille
648 4936 838 4985 autem
859 4930 918 4983 in
939 4929 1104 4997 lecto,
1122 4945 1289 5000 quem
1313 4928 1661 4986 infirmarius
1682 4933 1732 4986 ei
1754 4934 2123 5002 demonstrat,

527 5037 589 5075 se
619 5020 917 5086 collocans,
947 5036 1075 5073 cum
1126 5018 1365 5072 infirmis
1411 5018 1483 5073 ad
1530 5027 1832 5078 nocturnos
1870 5025 2042 5091 venit,
2073 5030 2132 5078 et

524 5110 772 5165 diluculo
800 5126 901 5181 per
928 5107 1303 5163 inﬁrmarium
1332 5107 1560 5162 licentia
1586 5109 1828 5166 abeundi
1880 5131 1914 5167 a
1942 5113 2127 5185 priore

526 5197 634 5253 sibi
661 5199 983 5270 impetrata,
1017 5201 1073 5251 et
1101 5195 1452 5250 diurnalibus
1472 5197 1541 5251 de
1566 5198 1894 5256 dormitorio
1917 5203 2122 5273 allatis,

524 5292 783 5358 tempore
812 5303 923 5358 quo
952 5290 1010 5340 et
1037 5284 1274 5356 quilibet
1303 5285 1579 5354 infirmus,
1611 5287 1682 5342 de
1725 5288 2036 5345 inﬁrmaria
2066 5292 2124 5347 in

522 5381 861 5433 conventum
891 5374 1055 5431 redit.

595 5463 667 5516 Et
694 5468 760 5517 ut
787 5463 1017 5517 redeam
1048 5462 1120 5517 ad
1168 5463 1497 5519 noctumale
1526 5469 1751 5538 tempus
1792 5483 1902 5538 quo
1946 5468 2123 5524 frater

524 5548 682 5608 sitire
707 5552 959 5625 coeperit,
989 5552 1037 5608 si
1064 5557 1251 5627 potest
1282 5553 1590 5626 perdurare
1618 5571 1799 5629 usque
1825 5556 1959 5612 dum
1984 5573 2119 5614 con-

2204 3252 2331 3306 dem
2361 3256 2596 3305 manent
2619 3268 2633 3317 ;
2664 3255 2891 3321 excepto
2917 3249 3065 3321 quod
3093 3249 3152 3303 in
3176 3250 3346 3303 choro
3375 3247 3579 3302 minori
3607 3249 3801 3304 divino

2202 3340 2357 3412 operi
2386 3341 2687 3395 intersunt.
2719 3340 2864 3394 Nam
2893 3339 2952 3393 in
2980 3338 3068 3392 his
3096 3338 3292 3393 diebus
3321 3354 3433 3392 non
3457 3338 3640 3393 solum
3672 3339 3805 3393 dor-

2202 3430 2387 3484 miunt
2411 3429 2470 3483 in
2493 3429 2757 3500 praedicta
2776 3445 2878 3483 sua
2896 3427 3157 3495 cella,sed
3180 3427 3254 3481 ibi
3270 3427 3497 3482 lectioni
3523 3432 3726 3482 vacant
3743 3434 3803 3483 et

2205 3518 2523 3573 comedunt.
2548 3518 2611 3572 In
2644 3518 2851 3572 eisdem
2877 3533 3097 3588 quoque
3121 3515 3319 3571 diebus
3334 3516 3403 3571 ad
3424 3533 3637 3587 pacem,
3654 3523 3712 3571 et
3728 3517 3803 3572 ad

2204 3607 2656 3662 communionem
2686 3623 2797 3660 non
2818 3606 3107 3669 accedunt,
3136 3622 3317 3677 neque
3348 3606 3610 3660 offerunt.
3645 3607 3803 3671 Quo-

2205 3696 2343 3751 tidie
2372 3694 2694 3750 matutinali
2724 3695 2896 3749 missa
2921 3694 3114 3749 audita
3139 3694 3196 3747 in
3227 3693 3532 3765 capitulum
3555 3693 3801 3750 fratrum

2203 3786 2455 3850 veniunt,
2504 3784 2690 3855 ibique
2718 3800 2887 3854 super
2911 3800 3200 3838 scamnum
3231 3792 3285 3837 et
3315 3782 3639 3851 scabellum,
3677 3802 3804 3855 qua:

2203 3879 2337 3928 sunt
2365 3873 2421 3927 in
2451 3873 2647 3926 dextra
2674 3878 2834 3943 parte
2866 3889 3044 3943 prope
3075 3874 3280 3926 ostium
3310 3871 3527 3939 sedent,
3558 3872 3718 3927 nullo
3743 3891 3804 3928 se

2203 3963 2642 4025 intermiscente,
2660 3961 2766 4016 nisi
2788 3962 2905 4015 solo
2922 3962 3147 4015 illorum
3165 3961 3454 4031 magistro.
3471 3961 3553 4016 lbi
3577 3978 3805 4033 quoque

2202 4051 2419 4117 sedent,
2461 4064 2640 4120 usque
2679 4048 2813 4103 dum
2866 4048 3146 4103 sententia
3191 4049 3399 4120 regulae
3442 4049 3588 4104 lecta
3625 4050 3702 4104 sit
3748 4056 3806 4106 et

2205 4139 2476 4210 exposita,
2506 4138 2620 4192 sive
2649 4143 2715 4193 ut
2740 4137 2799 4191 in
2829 4138 2984 4192 festis
3027 4137 3223 4192 diebus
3252 4140 3416 4204 solet,
3444 4137 3611 4193 lectio
3641 4156 3809 4195 evan-

2201 4228 2401 4299 gelica.
2459 4228 2536 4283 Ut
2584 4235 2773 4282 autem
2813 4233 2940 4298 post
2985 4243 3302 4282 sermonem
3349 4228 3591 4283 domnus
3629 4228 3807 4285 abbas

2209 4316 2429 4383 dixerit,
2454 4318 2773 4385 Loquimini
2817 4317 2880 4370 de
2909 4318 3120 4377 ordine,
3172 4317 3363 4371 statim
3400 4322 3527 4371 ante
3566 4323 3617 4371 et
3656 4324 3806 4374 retro

2207 4406 2495 4473 facientes,
2520 4405 2925 4477 praecedentem
2948 4406 3280 4475 magistrum
3304 4420 3467 4460 suum
3488 4412 3808 4477 sequuntur

2207 4495 2267 4549 in
2303 4495 2498 4550 cellam
2537 4512 2719 4561 suam,
2755 4500 2821 4549 ut
2846 4494 2923 4548 ibi
2952 4494 3178 4549 solitum
3206 4494 3355 4549 inter
3399 4510 3494 4549 eos
3525 4493 3806 4551 habeatur

2207 4585 2537 4656 capitulum,
2570 4584 2629 4637 in
2659 4600 2768 4655 quo
2797 4583 2988 4640 etiam,
3019 4583 3066 4638 si
3096 4580 3230 4654 quid
3258 4582 3371 4637 tale
3390 4583 3801 4650 commiserint,

2209 4689 2243 4726 a
2265 4671 2516 4742 judiciali
2542 4670 2824 4725 sententia
2845 4670 3126 4725 immunes
3151 4687 3262 4725 non
3283 4677 3467 4737 erunt,
3491 4678 3548 4726 et
3576 4678 3810 4745 propter

2208 4760 2314 4815 hoc
2362 4760 2632 4831 magister
2681 4776 2873 4814 eorum
2921 4760 3164 4831 aliquem
3212 4759 3578 4831 provectioris
3623 4764 3810 4819 aetatis

2211 4849 2443 4904 fratrem
2477 4849 2553 4903 ibi
2577 4848 2749 4904 habet
2768 4865 2974 4915 secum,
3010 4849 3106 4919 qui
3126 4848 3184 4903 in
3208 4848 3289 4903 eis
3311 4848 3585 4919 judicium
3611 4850 3805 4920 faciat,

2212 4937 2321 4992 nisi
2359 4938 2525 4992 alicui
2552 4938 2759 4992 novitio
2790 4938 2895 4992 hoc
2925 4937 3204 5008 injungat.

2283 5026 2519 5091 Quando
2547 5032 2850 5081 conventus
2888 5033 3015 5098 post
3060 5026 3399 5082 matutinum
3442 5033 3503 5082 et
3542 5045 3808 5101 vesperos

2211 5115 2625 5186 processionem
2672 5116 2806 5169 facit
2847 5116 2918 5169 ad
2963 5116 3019 5170 S.
3052 5115 3308 5182 Mariam,
3342 5115 3448 5187 ipsi
3495 5118 3683 5172 ultimi
3722 5136 3809 5174 se.

2212 5209 2480 5274 quuntur,
2531 5210 2589 5258 et
2619 5204 2909 5259 ecclesiam
2949 5220 3062 5258 non
3105 5204 3338 5267 intrant,
3370 5205 3468 5259 sed
3505 5213 3805 5262 exeuntem

2207 5292 2357 5347 foras
2409 5293 2465 5347 in
2515 5293 2758 5364 capitulo
2801 5298 3132 5348 conventum
3181 5299 3522 5365 exspectant,
3570 5300 3628 5350 et
3668 5302 3806 5351 tunc

2205 5381 2465 5453 proprius
2491 5381 2835 5448 accedentes,
2856 5386 3009 5437 stant
3028 5399 3129 5453 per
3147 5383 3403 5437 ordinem
3428 5383 3681 5438 inclinati
3708 5387 3806 5440 ad-

2198 5472 2393 5541 juncto
2446 5471 2737 5541 magistro,
2782 5486 2959 5541 usque
3012 5472 3148 5525 dum
3204 5486 3397 5525 omnes
3447 5473 3802 5529 transierint.

2202 5559 2439 5628 Quando
2466 5565 2657 5616 autem
2686 5563 2819 5615 sunt
2854 5560 3138 5633 pransuri,
3171 5566 3303 5617 ante
3332 5567 3669 5620 conventum
3704 5578 3804 5619 ex-
