3934 6366
167 305 300 367 1001

1201 299 1620 364 CONSTITUT.
1659 297 2012 364 HIRSAUG.
2048 337 2118 350 -
2155 302 2293 364 LIB.
2333 307 2379 366 Ι.

3296 303 3435 376 1002

163 436 302 488 eunt
339 431 410 486 de
437 429 686 499 ecclesia,
731 433 791 486 et
827 428 959 484 lotis
988 428 1248 484 manibus
1292 446 1326 484 a
1373 430 1644 485 lavatorio
1665 431 1952 492 squrim
1983 436 2325 504 exspectant,
2356 433 2533 490 donec
2571 435 2770 491 eodem
2799 435 3069 509 magistro
3109 438 3172 496 in
3199 457 3436 498 conven-

162 525 408 592 pergunt
437 521 508 574 ad
539 518 857 590 coquinam,
897 523 962 572 ut
983 518 1193 589 singuli
1219 517 1377 573 fabas
1404 535 1535 574 suas
1555 535 1762 591 appor«

161 614 306 666 tent.
333 609 420 664 Ad
449 609 715 680 generale
735 623 958 681 quoque
986 608 1398 679 apportandum
1428 613 1486 662 et
1503 609 1762 680 pulmen-

162 705 307 764 tum,
341 703 430 752 tot
457 703 698 769 surgunt
745 703 880 768 quot
918 713 1059 768 opus
1098 697 1284 761 fuerit,
1319 702 1374 751 et
1403 697 1496 750 ille
1524 697 1764 751 voluerit

163 787 260 858 qui
290 787 350 840 in
378 787 499 841 loco
529 787 610 842 eis
639 786 917 842 cellerarii
959 786 1156 843 servit.
1209 786 1328 840 Iloc
1365 793 1451 840 est
1479 786 1645 840 etiam
1679 785 1762 840 eis

161 875 594 942 observandum,
643 881 709 930 ut
744 875 1118 946 pulsationem
1146 875 1316 929 scillae
1344 892 1458 930 sua:
1496 875 1574 929 ita
1606 891 1762 929 com-

159 965 324 1020 muni
369 965 608 1019 fratrum
657 969 964 1036 cozequent,
997 969 1062 1018 ut
1109 979 1220 1018 non
1266 963 1422 1035 prius
1467 963 1758 1034 incipiant,

159 1053 262 1108 sed
293 1058 488 1108 tamen
517 1052 683 1107 citius
709 1053 939 1110 finiant.
987 1055 1134 1107 Ante
1171 1053 1530 1107 refectionem
1573 1059 1760 1107 autem

162 1159 317 1198 unus
347 1159 542 1196 eorum
573 1141 776 1196 librum
799 1141 1082 1212 accipit,et
1101 1141 1298 1196 tandiu
1318 1141 1456 1212 legit
1471 1158 1764 1212 quousque

161 1247 296 1286 eum
327 1231 599 1302 magister
641 1247 836 1286 eorum
868 1229 1174 1302 praesidens
1201 1230 1272 1285 ad
1301 1229 1514 1284 scillam
1545 1247 1765 1286 cessare

158 1319 348 1390 jubet.
375 1319 483 1384 Qui
511 1335 640 1374 cum
666 1318 882 1374 caeteris
911 1317 1256 1373 manducent
1277 1319 1439 1390 juxta
1475 1319 1644 1372 ﬁnem
1673 1336 1766 1373 re-

167 1406 432 1463 fectionis
462 1408 669 1462 iterum
717 1407 900 1478 surgit
935 1413 992 1462 et
1028 1423 1230 1478 parum
1269 1407 1425 1478 legit,
1457 1413 1516 1462 et
1543 1424 1670 1462 cum
1705 1413 1764 1462 tu

161 1503 357 1552 autem
386 1498 635 1564 Domine,
666 1497 962 1552 lectionem
994 1497 1143 1553 linit.
1183 1497 1286 1550 His
1313 1501 1500 1550 autem
1529 1496 1767 1568 aliisque

161 1585 370 1654 modis,
415 1591 584 1657 prout
607 1591 862 1658 possunt,
899 1603 1020 1640 eam
1067 1585 1365 1640 imitantur
1391 1584 1764 1656 disciplinam,

162 1691 342 1748 quam
377 1691 478 1730 nos
511 1675 570 1729 in
601 1675 897 1730 refectorio
942 1675 1234 1729 habemus.
1292 1675 1400 1730 Sed
1450 1679 1508 1728 et
1552 1675 1656 1728 hoc
1685 1673 1767 1728 eis

1843 523 1964 574 tum
1995 521 2288 585 redeunte,
2321 526 2380 576 et
2409 523 2652 595 capitulo
2677 524 3089 595 aliquantulum
3129 535 3431 600 protracto,

1843 609 2084 664 domnus
2115 609 2288 666 abbas
2325 611 2490 682 jubet
2541 629 2637 667 eos
2679 613 2750 668 ad
2786 614 2936 669 idem
2977 616 3286 687 capitulum
3327 619 3436 674 sibi

1842 699 2252 769 reprzesentari.
2289 703 2420 770 (ιω.)
2451 701 2754 756 Venientes
2785 708 2974 758 autem
3005 710 3064 758 et
3090 706 3310 761 veniam
3337 723 3437 778 pe-

1843 791 2026 840 tentes
2055 786 2260 842 iterum
2291 789 2643 860 interrogati,
2677 790 2808 861 quid
2829 792 3035 846 velint?
3064 793 3144 848 ita
3171 796 3440 866 prostrati

1843 876 2204 946 respondent,
2241 877 2388 932 sicut
2415 877 2578 932 initio
2621 880 2993 951 susceptionis
3020 899 3135 937 suae
3167 883 3438 940 fecerunt.

1843 965 1918 1017 At
1971 981 2102 1019 vero
2139 971 2438 1036 postquam
2484 969 2870 1036 surrexerint,
2936 969 3142 1025 iterum
3197 972 3439 1028 domnus

1845 1052 2034 1117 abbas,
2067 1060 2132 1108 ut
2159 1055 2336 1126 prius,
2377 1055 2670 1126 aliquanta
2716 1057 2968 1113 insinuat
2997 1059 3066 1114 de
3106 1061 3439 1117 austeritate

1843 1143 2121 1213 regularis
2169 1143 2496 1216 disciplina},
2528 1151 2586 1200 et
2631 1145 2782 1199 inter
2827 1153 3028 1202 caetera
3055 1165 3166 1202 non
3197 1149 3434 1218 reticet;

1846 1231 2046 1286 melius
2075 1248 2216 1299 esse,
2260 1239 2326 1286 ut
2373 1233 2494 1288 sine
2541 1233 2927 1290 benedictione
2957 1235 3026 1290 ad
3057 1238 3325 1292 saeculum
3352 1255 3440 1294 re-

1849 1319 2040 1386 deant,
2069 1337 2238 1392 quam
2285 1327 2509 1392 accepta
2550 1321 2940 1379 benedictione
2969 1342 3081 1380 non
3111 1327 3438 1398 perdurare.

1847 1411 1868 1432 ⁶
1893 1409 2048 1464 Tunc
2077 1409 2121 1464 si
2154 1409 2248 1480 qui
2270 1410 2420 1464 inter
2434 1427 2530 1465 eos
2553 1417 2686 1466 sunt
2712 1414 2874 1484 (quod
2893 1413 3064 1485 absit)
3075 1414 3170 1486 qui
3185 1421 3440 1486 perstare

1847 1497 2064 1565 nolunt,
2099 1499 2368 1570 magister
2395 1516 2590 1554 eorum
2615 1500 2674 1555 in
2707 1502 2844 1556 cella
2866 1503 3115 1574 ipsorum
3137 1511 3301 1560 exuet
3319 1521 3436 1573 eos,

1847 1591 1904 1640 et
1932 1586 2014 1640 sic
2041 1587 2276 1642 redditis
2296 1587 2548 1659 pristinis
2574 1589 2922 1645 vestimentis
2941 1591 3058 1646 suis
3077 1591 3277 1648 illaesos
3291 1593 3442 1649 sinet

1848 1671 2005 1728 abire
2039 1693 2052 1728 :
2087 1674 2181 1746 qui
2226 1675 2419 1730 statim
2452 1675 2523 1729 ad
2553 1677 2723 1747 pedes
2753 1677 2875 1746 ejus
2923 1679 3210 1734 venientes
3236 1679 3352 1735 bini
3383 1685 3444 1736 et

169 1765 486 1832 sciendum,
518 1765 667 1836 quod
695 1769 826 1836 post
843 1764 1198 1819 refectorium
1217 1763 1292 1817 ibi
1319 1763 1378 1818 in
1406 1763 1548 1818 cella
1565 1762 1769 1816 debent
1789 1751 1985 1826 Bbini,
2016 1768 2074 1817 et
2101 1763 2148 1817 si
2175 1769 2290 1818 tres
2320 1765 2715 1832 remanserint,
2761 1765 2820 1820 hi
2848 1767 3018 1822 simul
3050 1769 3122 1823 ad
3146 1770 3316 1840 pedes
3344 1785 3440 1825 ves

163 1854 337 1910 ﬁnire
358 1853 572 1926 absque
591 1854 808 1925 psalmo
835 1870 1056 1909 versum
1087 1853 1186 1920 sic,
1217 1858 1282 1907 ut
1301 1851 1456 1924 prius
1485 1853 1552 1907 ad
1583 1853 1768 1908 locum

162 1941 550 1997 inclinationis
595 1942 822 1996 veniant
869 1959 1038 2013 quam
1092 1947 1396 1996 conventus
1434 1941 1504 1996 de
1531 1941 1771 1996 refecto-

162 2031 252 2086 rio
284 2036 562 2086 transeat.
595 2031 702 2096 Qui
729 2031 988 2086 videlicet
1007 2031 1228 2086 locutus
1255 2035 1342 2085 est
1367 2035 1498 2084 ante
1527 2031 1765 2084 refecto—

168 2119 345 2186 rium,
378 2119 474 2174 ubi
503 2123 629 2190 post
653 2119 904 2190 singulas
937 2119 1267 2174 refectiones
1291 2117 1495 2173 debent
1517 2117 1767 2172 inclinati

166 2215 347 2274 stare,
382 2213 442 2262 et
469 2208 714 2263 ordinati
743 2207 814 2263 ab
841 2208 983 2264 ostio
1027 2208 1306 2264 refectorii
1335 2223 1513 2279 usque
1539 2207 1610 2261 ad
1634 2224 1768 2278 gra-

165 2299 312 2354 dum
339 2297 659 2353 dormitorii
682 2303 957 2352 conventu
984 2298 1053 2352 de
1082 2296 1373 2351 refectorio
1401 2299 1656 2364 exeunte,
1689 2295 1770 2349 si-

166 2386 410 2458 milique
437 2393 572 2441 ante
597 2403 692 2441 eos
721 2386 1104 2452 inclinatione,
1126 2390 1474 2440 transeunte.
1506 2385 1684 2449 Quem
1715 2389 1772 2438 et

165 2475 279 2546 ipsi
309 2475 736 2546 subsequuntur
765 2475 936 2529 simul
962 2480 1254 2530 cantantes
1269 2475 1567 2546 psalmum,
1601 2489 1768 2545 quem

168 2563 336 2636 prius
366 2564 864 2636 prtetermiserunt.

242 2651 594 2724 Quocunque
639 2657 830 2707 autem
869 2651 1079 2707 habent
1120 2653 1332 2724 pariter
1360 2653 1462 2719 ire,
1505 2653 1775 2722 magister

172 2758 276 2798 eos
304 2739 473 2796 debet
494 2742 826 2812 praecedere,
869 2747 926 2796 et
963 2759 1090 2796 cum
1130 2741 1530 2796 inclinantibus
1566 2741 1774 2812 ubique

170 2831 396 2904 pariter
437 2829 728 2884 inclinare.
778 2829 838 2886 Si
883 2831 1009 2901 quis
1049 2847 1246 2885 eorum
1297 2831 1366 2886 de
1427 2830 1662 2885 ecclesia
1701 2829 1773 2884 ad

173 2920 381 2977 cellam
405 2919 656 2992 ipsorum
682 2918 765 2974 ire
789 2919 1046 2988 voluerit,
1079 2937 1190 2974 non
1220 2920 1527 2992 praesumit,
1555 2919 1664 2973 nisi
1690 2919 1776 2973 vel

168 3027 292 3066 uno
321 3009 474 3064 socio
503 3024 692 3064 secum
719 3014 1032 3080 assumpto,
1065 3013 1140 3074 et,
1170 3007 1216 3062 si
1241 3025 1350 3062 nox
1381 3015 1486 3076 est,
1519 3025 1631 3062 non
1654 3008 1776 3063 sine

177 3099 417 3156 lumine.
451 3097 534 3153 Ad
581 3097 936 3152 collationem
966 3097 1206 3152 fratrum
1235 3097 1572 3152 conveniunt
1601 3115 1615 3163 ;
1645 3097 1776 3151 inde

177 3193 456 3259 surgente
493 3193 788 3254 conventu,
829 3186 937 3258 ipsi
991 3187 1226 3241 inclines
1283 3191 1436 3242 stant
1471 3187 1530 3240 in
1577 3187 1774 3240 eodem

172 3277 304 3332 loco
332 3274 432 3330 ubi
459 3275 744 3344 sederunt,
769 3291 945 3347 usque
973 3275 1106 3330 dum
1139 3292 1334 3331 omnes
1362 3280 1772 3346 pertranseant.

176 3365 424 3430 Quando
455 3365 551 3419 alii
589 3365 660 3420 ad
699 3365 1052 3431 mandatum,
1089 3365 1176 3419 vel
1225 3365 1371 3419 infra
1421 3364 1776 3422 collationem

177 3455 405 3520 bibunt,
415 3453 523 3526 ipsi
543 3453 602 3508 in
622 3454 818 3508 cellam
830 3470 988 3508 suam
1013 3453 1353 3508 divertentes
1375 3453 1521 3524 idem
1541 3453 1774 3508 faciunt.

181 3545 338 3600 Sane
367 3543 514 3598 sicut
532 3549 666 3597 sunt
704 3541 1005 3597 novissime
1047 3542 1336 3596 ecclesiam
1379 3542 1664 3607 intraturi,
1699 3542 1778 3596 sic

179 3649 411 3706 quoque
431 3637 560 3704 post
589 3631 970 3703 aspersionem
987 3647 1146 3702 aquae
1173 3631 1480 3685 benedictae
1490 3631 1778 3685 novissimi

176 3727 319 3778 sunt
345 3719 568 3776 exituri.
596 3722 818 3785 Quanto
837 3727 1092 3792 tempore
1139 3726 1272 3775 sunt
1305 3720 1530 3791 spoliati
1557 3719 1778 3790 capitiis

174 3827 298 3866 non
334 3809 568 3882 ponitur
607 3809 878 3864 absconsa
911 3826 1098 3864 coram
1141 3811 1244 3875 eis,
1277 3809 1422 3864 sicut
1455 3825 1556 3862 nec
1582 3809 1636 3862 in
1669 3808 1778 3863 illis

178 3898 404 3956 duabus
449 3899 707 3954 noctibus
749 3904 878 3971 post
915 3903 1235 3964 nocturnos,
1288 3903 1416 3970 post
1441 3897 1776 3952 novitiorum

181 3993 476 4060 acceptam
502 3987 969 4043 benedictionem.
1001 3988 1307 4059 Nunquam
1333 3991 1460 4059 post
1479 3991 1780 4040 nocturnos

180 4093 370 4150 neque
396 4077 468 4132 de
485 4077 748 4148 capitulo,
780 4076 827 4132 si
857 4093 998 4148 opus
1029 4076 1202 4131 fuerit
1243 4077 1365 4130 sine
1408 4075 1622 4130 lumine
1649 4075 1780 4130 licet

180 4167 266 4223 eis
283 4165 437 4222 exire
457 4185 471 4234 ;
490 4165 586 4220 sed
604 4182 750 4220 unus
769 4165 868 4237 qui
913 4166 1064 4220 inter
1089 4181 1184 4220 eos
1207 4165 1362 4236 prior
1381 4182 1502 4220 esse
1539 4164 1776 4231 videtur,

181 4272 316 4312 cum
347 4257 569 4311 laterua
615 4259 846 4310 caiteros
891 4253 1190 4308 antecedit.
1239 4254 1548 4308 Dominicis
1583 4252 1782 4308 diebus

182 4345 314 4401 aliis
333 4345 406 4400 ad
425 4343 841 4417 processionem
859 4341 1208 4408 exeuntibus,
1227 4343 1333 4414 ipsi
1352 4343 1411 4397 in
1433 4343 1582 4398 exitu
1607 4343 1782 4398 cccle-

1849 1849 2031 1917 niunt,
2065 1850 2258 1922 sicque
2305 1858 2570 1907 exeuntes
2608 1854 2679 1908 de
2717 1856 2959 1926 capitulo
3003 1856 3305 1928 diligenter
3351 1859 3442 1914 in-

1849 1945 2149 1995 struuntur
2177 1940 2308 2012 quid
2342 1940 2400 1995 in
2428 1940 2550 2012 ipsa
2563 1939 2970 1998 benedictionis
2993 1945 3314 2018 acceptione
3343 1947 3446 2002 de-

1850 2027 2021 2082 beant
2047 2045 2232 2099 agere.
2267 2031 2346 2084 Eo
2393 2029 2484 2084 die
2517 2047 2628 2101 quo
2683 2031 3036 2100 ordinantur,
3075 2035 3144 2088 ad
3191 2035 3444 2106 singulas

1849 2117 2018 2171 horas
2045 2117 2297 2188 psalmus
2323 2119 2530 2185 Levavi,
2561 2119 2608 2173 si
2639 2119 2878 2175 domnus
2902 2121 3074 2177 abbas
3101 2123 3172 2178 ad
3195 2141 3443 2195 praesens

1845 2205 2106 2275 jusserit,
2141 2221 2242 2277 pro
2279 2205 2360 2260 eis
2406 2213 2685 2276 cantatur,
2717 2214 2775 2263 et
2813 2209 2922 2281 ipsi
2967 2217 3198 2284 propter
3240 2213 3346 2268 hoc
3371 2212 3443 2268 ad

1851 2295 2020 2366 pedes
2051 2296 2174 2366 ejus
2205 2293 2520 2350 volvuntur.

2389 2384 2628 2440 CAPUT
2669 2383 2910 2442 LXXIV.

2221 2475 2296 2528 De
2325 2475 2693 2528 benedictione
2724 2477 3085 2531 novitiorum.

1925 2563 2060 2629 (mi
2085 2563 2220 2616 Post
2266 2562 2616 2632 evangelium
2659 2563 2892 2634 majoris
2933 2567 3118 2622 missae
3165 2585 3293 2624 mox
3339 2570 3448 2626 rite

1856 2649 2168 2705 benedictio
2199 2656 2284 2706 est
2313 2650 2554 2721 agenda,
2579 2652 2760 2706 ethoc
2789 2653 2953 2708 modo
2981 2653 3449 2714 inchoanda.Sin-

1853 2740 2003 2810 gulis
2034 2741 2304 2810 scriptum
2333 2746 2438 2807 est,
2481 2741 2759 2810 quomodo
2798 2745 3169 2812 proﬁteantur
3191 2747 3336 2817 quod
3363 2753 3452 2803 est

1855 2828 2193 2898 hujusmodi.
2225 2831 2334 2898 Ego
2360 2831 2540 2896 frater
2570 2831 2660 2884 lil.
2716 2835 2976 2898 promitto
3013 2835 3369 2889 stabilitatem
3397 2841 3450 2892 et

1859 2920 2264 2972 conversionem
2288 2933 2508 2982 morum
2536 2924 2858 2984 meornm,et
2883 2921 3244 2976 obedientiam
3262 2941 3451 2980 secun-

1860 3009 1996 3060 dum
2029 3009 2280 3074 regulam
2313 3008 2495 3060 sancti
2521 3008 2794 3061 Benedicti
2815 3024 3002 3061 coram
3030 3011 3134 3065 Deo
3168 3016 3218 3066 et
3243 3017 3450 3068 sanctis

1797 3065 1972 3164 Cejus
2000 3097 2064 3149 in
2089 3096 2187 3150 hoc
2231 3097 2582 3157 monasterio,
2643 3097 2787 3164 quod
2833 3103 2908 3150 est
2961 3104 3337 3156 constructum
3387 3105 3452 3157 in

1859 3185 2062 3238 honore
2093 3185 2253 3238 beatae
2283 3185 2474 3238 Mariae
2526 3199 2738 3252 semper
2793 3185 3032 3252 Virginis
3060 3191 3126 3242 in
3151 3192 3450 3256 praesentia

1857 3273 1978 3324 dom
1987 3274 2052 3325 ni
2071 3273 2301 3328 abbatis.
2329 3271 2623 3341 (var.)Hoc
2636 3273 3110 3344 unusquisque,ut
3123 3275 3192 3331 ad
3211 3277 3452 3348 gradum

1859 3360 2163 3432 perlegerit
2186 3360 2244 3414 in
2268 3359 2420 3414 brevi
2448 3377 2572 3428 sua,
2607 3361 2798 3416 statim
2831 3363 3010 3434 ipsam
3040 3363 3264 3420 brevem
3293 3366 3456 3438 ponit

1860 3466 2030 3521 super
2076 3449 2274 3516 altare,
2319 3449 2534 3520 jugiter
2577 3449 2656 3504 ibi
2693 3452 3106 3509 reservandum.
3138 3454 3196 3510 Si
3235 3455 3454 3512 litteras

1859 3537 2057 3602 nescit,
2092 3539 2362 3608 magister
2389 3555 2490 3610 pro
2534 3555 2600 3594 eo
2629 3541 2798 3610 legat,
2835 3541 2957 3613 ipse
3003 3548 3193 3598 tamen
3229 3544 3452 3615 signum

1860 3626 2039 3682 crucis
2067 3626 2126 3681 in
2157 3629 2268 3681 fine
2298 3627 2548 3698 ejusdem
2578 3629 2850 3683 chartulae
2873 3631 3099 3703 prOpria
3123 3649 3294 3688 manu
3323 3634 3456 3689 scri-

1861 3716 1975 3783 bit;
2001 3717 2098 3770 sed
2130 3717 2234 3770 hoc
2261 3716 2548 3771 litteratus
2589 3735 2702 3772 non
2735 3718 2886 3772 facit.
2936 3720 3075 3774 Cum
3105 3726 3295 3776 autem
3326 3739 3455 3795 per-

1861 3807 2002 3860 lecta
2047 3805 2238 3870 fuerit,
2269 3804 2390 3876 ipse
2437 3805 2681 3860 novitius
2720 3807 2790 3861 de
2837 3825 3009 3864 manu
3049 3810 3304 3881 magistri
3329 3828 3455 3866 eam

1860 3893 2080 3964 accipit,
2113 3898 2172 3948 et
2199 3909 2368 3964 super
2395 3893 2573 3948 altare
2605 3895 2782 3964 ponit.
2824 3895 2946 3960 Qua
2971 3897 3151 3967 posita
3193 3904 3251 3952 et
3289 3899 3454 3954 altari

1863 3983 2110 4037 osculato
2169 3999 2472 4052 parumper
2531 3983 2851 4048 retroccdit,
2895 3990 2951 4038 et
3015 3985 3234 4040 veniam
3283 4003 3455 4059 super

1860 4088 2047 4143 genua
2072 4071 2230 4142 petit,
2252 4070 2553 4142 statimque
2584 4071 2640 4124 in
2667 4072 2849 4126 locum
2872 4089 3036 4128 suum
3062 4079 3194 4130 ante
3211 4077 3454 4147 gradum

1861 4161 2432 4230 redit.(Un.)Cumque
2453 4159 2754 4214 ordinatim
2769 4166 2899 4216 ante
2915 4163 3153 4233 gradum
3173 4165 3451 4234 steterint,

1863 4255 2064 4322 petunt
2091 4253 2178 4302 ter
2205 4247 2421 4301 veniam
2453 4263 2622 4318 super
2651 4265 2852 4304 manus
2873 4255 2930 4304 et
2946 4267 3152 4322 genua,
3179 4257 3268 4308 ter
3285 4253 3451 4309 etiam

1865 4339 2014 4393 hunc
2035 4352 2254 4392 versum
2270 4335 2505 4391 dicendo
2518 4335 2753 4406 .Suseipe
2771 4355 2872 4402 me,
2899 4341 3029 4396 Dom
3039 4342 3454 4405 ine,secumlum

181 4435 281 4490 size
305 4434 462 4489 intra
508 4433 689 4504 ipsam
737 4431 1028 4486 ecclesiam
1061 4436 1216 4486 stant
1251 4431 1494 4486 ordinati
1522 4431 1776 4496 inclines,
1801 4419 1844 4478 D
1867 4429 2147 4496 eloquium
2181 4429 2341 4478 tuum
2365 4427 2416 4477 et
2445 4426 2645 4479 riram.
2681 4425 2750 4480 Et
2775 4427 2944 4482 toties
2971 4445 3006 4482 a
3032 4433 3151 4484 toto
3181 4439 3456 4488 conventu

183 4523 365 4578 donec
393 4526 794 4596 pertranseant
816 4522 1040 4575 fratres.
1067 4519 1301 4576 Interim
1339 4521 1472 4574 dum
1503 4525 1637 4574 sunt
1664 4519 1785 4574 sine

183 4611 427 4684 capitiis,
446 4616 684 4684 possunt
709 4610 853 4664 albis
883 4615 940 4664 et
966 4609 1158 4681 cappis
1185 4609 1420 4664 licenter
1439 4609 1614 4676 indui,
1643 4609 1790 4664 sicut

184 4710 246 4759 et
281 4703 379 4758 alii
405 4701 636 4757 cuilibet
661 4699 1026 4772 processioni,
1059 4716 1181 4770 quae
1206 4704 1362 4753 extra
1382 4699 1785 4752 monasterium

184 4808 300 4848 non
329 4782 539 4863 agitur,
563 4790 868 4857 intersunt,
909 4789 1009 4844 sed
1037 4787 1225 4843 ultimi
1276 4788 1626 4860 praecedente
1667 4802 1787 4841 ma-

185 4881 368 4952 gistro
413 4895 650 4946 eorum;
707 4883 762 4932 et
798 4877 871 4932 ad
915 4876 1216 4933 stationem
1247 4893 1370 4948 quae
1417 4875 1475 4930 in
1513 4875 1788 4931 vestibulo

187 4969 410 5040 agenda
437 4972 542 5035 est,
585 4966 694 5040 ipsi
743 4972 894 5022 retro
923 4971 1051 5038 post
1089 4966 1340 5022 seniores
1373 4965 1535 5036 quasi
1581 4964 1786 5019 lineam

185 5059 480 5127 facientes,
515 5061 667 5113 stare
703 5055 930 5114 debent.

724 5145 958 5202 CAPUT
1004 5143 1256 5200 LXXIII.

506 5237 574 5292 De
605 5239 806 5292 iterata
829 5237 1170 5290 novitiormn
1194 5237 1472 5304 petitione.

262 5327 284 5348 ⁴’
313 5323 518 5380 Finitis
567 5329 755 5380 autem
794 5323 1076 5396 praedictis
1113 5323 1332 5390 diebus,
1368 5337 1492 5375 cum
1521 5319 1639 5388 jam
1669 5335 1788 5373 mo-

189 5413 421 5468 nasticae
457 5412 583 5467 vita;
631 5411 1078 5466 benedictionem
1127 5416 1260 5466 sunt
1311 5408 1616 5480 accepturi,
1669 5411 1795 5478 post

191 5501 442 5572 priorem
478 5501 711 5556 missam
739 5517 852 5555 non
877 5500 948 5555 ad
968 5500 1278 5572 capitulum
1311 5500 1567 5563 fratrum,
1611 5495 1708 5551 sed
1737 5495 1795 5550 in

192 5591 394 5646 cellam
425 5605 587 5646 suam
615 5606 743 5646 cum
763 5589 1035 5662 magistro
1053 5589 1410 5655 conveniunt,
1441 5586 1632 5659 ibique
1649 5585 1795 5639 inte-

480 5691 744 5754 PATROL.
775 5688 892 5753 CL.

1867 4514 2129 4569 similiter
2167 4512 2247 4566 eis
2277 4513 2669 4584 respondetur,
2700 4515 2868 4570 tertia
2913 4517 3049 4580 vice.
3082 4519 3270 4575 Gloria
3300 4523 3458 4576 Patri

1867 4603 2132 4673 adjuncto
2169 4619 2372 4672 gyrum
2405 4602 2616 4658 faciunt
2643 4604 2948 4676 poplitibus
2993 4608 3150 4664 flexis
3181 4615 3238 4664 et
3263 4615 3458 4682 postea

1869 4696 2236 4764 prosternunt
2259 4709 2319 4746 se
2347 4692 2419 4746 ad
2447 4693 2783 4751 orationem.

1939 4782 2191 4836 Domnus
2220 4779 2410 4844 abbas,
2445 4781 2560 4834 sive
2598 4780 2754 4836 illam
2787 4781 3016 4838 missam
3059 4785 3304 4840 celebret
3345 4787 3460 4843 sive

1869 4886 1983 4926 non
2008 4869 2286 4940 imponit:
2322 4870 2509 4936 Kyrie,
2546 4872 2766 4924 eleison.
2801 4873 2960 4925 Pater
2991 4878 3172 4928 noster
3196 4893 3214 4928 :
3245 4881 3303 4930 et
3333 4882 3462 4948 post

1871 4961 2144 5025 Miserere,
2169 4962 2227 5012 et
2254 4956 2555 5029 praemissis
2574 4957 2662 5012 his
2689 4957 2976 5014 versiculis
2997 4979 3009 5014 :
3031 4962 3218 5018 Salvos
3235 4965 3326 5032 fac
3343 4983 3460 5020 ser-

1871 5066 1980 5114 vos,
2013 5052 2120 5105 etc.
2151 5048 2304 5101 Mitte
2321 5049 2416 5108 eis,
2439 5047 2689 5109 Domine,
2715 5052 2820 5102 etc.
2854 5049 3016 5103 Nihil
3038 5053 3318 5120 proficiat,
3353 5059 3458 5110 etc.

1874 5139 1997 5194 Esto
2024 5139 2118 5197 eis,
2143 5137 2388 5198 Domine,
2425 5137 2601 5188 turris
2627 5137 3002 5202 fortitudinis.
3029 5141 3355 5212 Sequuntur
3379 5143 3464 5200 ha:

1873 5226 2116 5282 collecta:
2134 5243 2148 5280 :
2167 5225 2306 5278 Dens
2320 5224 2676 5289 indulgentia
2689 5226 3016 5280 Pater.Deus
3033 5231 3242 5298 quiper
3257 5240 3469 5289 coaeter-

1874 5333 2013 5370 num
2031 5316 2238 5370 Filium
2257 5313 2911 5376 tuum,ctc.Domine./esu
2928 5315 3154 5383 Christe,
3163 5322 3264 5388 qui
3275 5337 3345 5385 es,
3355 5329 3464 5379 etc.

1888 5405 2222 5466 Veni,sancte
2251 5403 2514 5471 Spiritus,
2539 5405 2638 5470 qui
2669 5406 2715 5454 te
2733 5403 2904 5456 Deum
2925 5421 2989 5458 ac
3009 5406 3330 5474 Dominum,
3353 5419 3460 5468 etc.

1877 5490 2137 5547 Cucullas
2165 5490 2245 5544 ita
2268 5489 2546 5544 benedicit
2577 5507 2589 5542 :
2617 5491 2848 5544 Domine
2872 5493 2999 5546 Jesu
3028 5492 3256 5558 Christe,
3283 5502 3383 5567 qui
3401 5507 3472 5557 te-

1877 5585 2223 5650 gumentum,
2259 5587 2364 5634 etc.
2397 5578 2454 5634 Si
2485 5577 2698 5646 novitii,
2727 5594 2831 5634 sua
2869 5579 3268 5639 benedictione
3289 5587 3468 5660 ﬁnita,

3148 5681 3225 5748 32
