3934 6366
461 265 597 343 1903

1499 257 1573 320 8.,
1599 253 1994 314 GUILLELMI
2031 251 2335 326 ABBATIS
2373 251 2713 321 HIBSAUG.

3591 245 3735 319 1004

453 361 802 471 consurgunt
833 387 904 443 ab
925 385 1196 448 oratione,
1230 387 1289 444 et
1313 382 1363 436 si
1388 382 1582 458 plures
1609 384 1744 442 sunt
1764 379 1823 433 in
1855 379 2051 432 eodem
2069 375 2822 454 Asuppleaturﬂujusmodi
2843 379 3034 433 autem
3057 373 3288 456 adjutus
3317 372 3731 442 benedictione,

453 475 575 536 loco
598 467 832 543 stantes,
857 481 1005 555 aqua
1020 471 1314 528 benedicta
1335 469 1714 542 asperguntur
1745 482 1758 516 :
1789 467 1836 521 si
1861 473 2048 521 autem

457 570 640 642 pauci,
671 569 734 622 in
773 562 1160 624 Sanctuarium
1209 560 1459 624 veniunt,
1505 561 1570 614 ut
1614 556 1690 610 ibi
1737 555 1806 612 ab
1850 555 2050 610 abbate

457 657 848 732 aspergantur.
885 653 1110 708 Exuunt
1145 649 1356 704 froccos
1403 652 1458 701 et
1485 645 1728 700 induunt
1755 643 2000 696 cucullas
2032 661 2043 694 :

457 741 518 802 et
541 746 692 800 inter
721 742 1035 798 exuendam
1064 740 1318 794 dicturus
1334 740 1420 790 est
1441 733 1511 788 ad
1529 733 1777 803 singulos
1808 732 2050 784 domnus

458 835 632 890 abbas
663 851 674 888 :
718 829 901 888 Exuat
942 835 988 884 te
1023 830 1294 882 Dominus
1332 830 1562 878 veterem
1601 823 1881 875 hominem
1920 835 2050 872 cum

459 925 672 978 (ictibus
689 923 824 983 suis,
841 913 898 972 et
915 917 1064 972 inter
1080 913 1662 978 induendum,1nduat
1689 916 1736 964 te
1759 911 2048 973 Dominus,

460 1013 566 1076 etc.
585 1011 742 1068 Tunc
759 1007 982 1071 fratres,
1009 1005 1104 1076 qui
1123 1005 1184 1057 in
1203 1001 1524 1056 sanctuario
1556 1004 1690 1054 sunt
1710 998 1858 1052 circa
1878 996 2048 1067 ipsos,

459 1074 530 1156 ab
559 1100 676 1176 ipso
706 1094 912 1152 domno
933 1074 1132 1148 abbate
1151 1091 1482 1162 incipientes
1503 1083 2054 1151 osculantur,deinde

457 1173 808 1244 circumeunt
824 1187 926 1256 per
939 1178 1195 1245 chorum,
1221 1181 1506 1250 praeeunte
1521 1175 1792 1248 magistro
1809 1173 2053 1237 eorum,‘

459 1270 518 1333 et
545 1271 748 1331 fratres
771 1276 1048 1346 quotquot
1073 1273 1311 1341 possunt
1337 1284 1516 1338 usque
1565 1266 1634 1319 ad
1663 1270 1886 1334 tempus
1919 1263 2054 1316 offe-

457 1364 1010 1440 fendifosculantur,
1055 1358 1388 1430 incipientes
1435 1353 1506 1410 ab
1548 1354 1635 1408 his
1671 1354 1768 1424 qui
1821 1353 2054 1416 chorum

457 1460 674 1521 ténent,
704 1453 808 1518 vel,
845 1451 892 1506 si
911 1449 994 1504 illi
1017 1449 1240 1513 desunt,
1273 1445 1344 1501 ad
1374 1446 1582 1500 formas
1611 1444 1680 1497 de
1717 1440 2049 1497 senioribus.

459 1545 604 1600 Nam
634 1541 743 1616 ipsi
768 1540 872 1597 soli
915 1555 979 1594 eo
1021 1534 1111 1592 die
1141 1536 1420 1603 offerunt;
1465 1534 1512 1588 si
1540 1539 1732 1588 tamen
1761 1531 2053 1586 duodecim

457 1617 730 1688 lectiones
771 1633 919 1685 sunt.
969 1616 1079 1684 Sed
1107 1626 1178 1680 ad
1207 1623 1575 1680 osculandum
1607 1627 1803 1694 postea
1829 1636 1940 1674 non
1971 1636 2056 1672 re-

2131 465 2374 540 capitulo
2395 466 2632 532 caret,si
2661 466 2901 520 domnus
2933 463 3104 518 abbas
3133 480 3262 517 eum
3290 479 3402 517 non
3433 480 3734 517 consecra-

2131 555 2244 623 vit;
2281 561 2336 609 et
2367 555 2621 626 quamvis
2650 555 2707 608 in
2729 554 2923 608 ordine
2949 558 3232 624 extremus
3254 552 3346 616 sit,
3361 559 3550 606 tamen
3579 552 3738 608 novi-

2132 644 2226 697 tiis
2257 644 2519 698 omnibus
2549 643 2806 714 superior
2827 643 2954 697 erit.
2991 641 3300 714 Postquam
3323 647 3512 696 autem
3537 646 3594 695 et
3623 640 3734 713 ipsi

2131 733 2443 786 consecrati
2489 733 2721 798 fuerint,
2763 732 2818 786 in
2870 732 3122 786 ordinem
3168 747 3334 786 suum
3363 730 3610 806 priorem
3640 730 3736 784 de-

2133 821 2370 876 scendit.

2683 911 2916 966 CAPUT
2951 911 3195 968 LXXVI.

2163 1001 2236 1055 De
2265 1001 2520 1054 maculari
2548 1002 2649 1069 qui
2665 1002 2739 1054 ad
2763 1006 3006 1054 extrema
3033 1004 3254 1054 veniens
3285 1001 3652 1054 monasticari
3680 1015 3736 1053 se

2829 1075 3071 1140 petierit.

2209 1159 2232 1183 ⁴’
2260 1159 2318 1213 Si
2346 1160 2570 1230 quando
2600 1161 2882 1214 saecularis
2911 1161 3114 1231 aliquis
3147 1161 3217 1214 ad
3265 1163 3514 1214 extrema
3536 1176 3736 1231 perve-

2137 1248 2298 1301 niens
2326 1249 2618 1303 monastici
2641 1248 2870 1302 habitus
2891 1249 3309 1303 consecratione
3335 1265 3394 1302 se
3421 1249 3607 1319 juvari
3637 1266 3736 1320 pe-

2137 1337 2310 1400 tierit,
2347 1355 2378 1391 a
2419 1338 2624 1392 domno
2667 1337 2885 1403 abbate,
2915 1339 3004 1392 vel
3031 1339 3078 1392 si
3107 1321 3225 1410 ipse
3273 1355 3386 1392 non
3415 1337 3612 1400 aderit,
3645 1338 3736 1392 vel

2140 1426 2312 1480 etiam
2340 1427 2530 1497 aliqua
2557 1427 2889 1480 necessitate
2918 1427 3256 1498 praepeditbs
3284 1427 3355 1480 ad
3385 1444 3514 1482 eum
3541 1427 3735 1481 venire

2138 1529 2248 1568 non
2279 1516 2544 1586 potuerit,
2579 1533 2610 1570 a
2637 1516 2822 1588 priore
2853 1521 3061 1582 (tamen
3091 1517 3208 1570 vice
3236 1517 3376 1587 ejus)
3408 1516 3735 1572 monachico

2137 1603 2333 1658 habitu
2359 1605 2616 1658 induitur
2636 1611 2691 1658 et
2706 1611 3082 1672 consecratur,
3112 1605 3258 1660 sicut
3287 1611 3344 1659 et
3371 1605 3605 1676 quilibet
3631 1621 3736 1658 no-

459 1719 826 1787 deant,etiam
847 1718 894 1773 si
916 1717 1071 1790 prius
1093 1713 1353 1770 omnibus
1369 1693 1622 1768 osculum
1640 1727 1752 1764 non
1773 1709 2050 1763 dederint.
2073 1695 2119 1754 B
2139 1693 2304 1747 Villius
2331 1694 2391 1747 in
2411 1693 2718 1748 Claustrum
2745 1694 3074 1765 ΓθσθΡῖυεβί
3100 1695 3181 1748 ita
3217 1694 3387 1748 fuerit
3414 1695 3738 1748 inﬁrmatus

458 1803 546 1867 Ad
565 1827 759 1884 pacem
778 1807 984 1872 ultimi,
1011 1805 1081 1860 ad
1102 1803 1554 1859 communionem
1574 1799 1846 1854 accedunt
1865 1797 2052 1868 primi.

459 1889 570 1956 Tot
608 1915 728 1954 esse
773 1900 1031 1970 possunt,
1060 1899 1126 1948 ut
1150 1895 1208 1948 in
1237 1893 1325 1947 his
1348 1891 1530 1945 tribus
1557 1889 1772 1974 diebus,
1807 1887 1978 1942 etiam
2007 1886 2055 1940 si

458 1981 664 2062 privati
721 1987 856 2046 sint.
902 2001 1089 2050 nemo,
1130 1983 1238 2037 nisi
1276 1981 1380 2035 soli
1425 1977 1620 2034 novitii
1653 1978 1724 2030 ad
1781 1977 2050 2046 majorem

458 2079 687 2134 missam
715 2075 931 2140 efferat,
965 2077 1066 2128 aut
1089 2071 1157 2125 ad
1185 2085 1380 2142 pacem
1408 2073 1464 2122 et
1490 2064 1939 2121 communionem
1968 2080 2056 2117 ac-

457 2167 638 2222 cedat.

532 2253 642 2309 Sed
683 2251 995 2308 notandum
1058 2248 1208 2321 quod
1255 2245 1582 2312 monachus,
1625 2243 1721 2316 qui
1762 2243 1831 2297 de
1871 2242 2052 2296 alieno

460 2343 804 2397 monasterio
833 2340 1004 2406 venit,
1037 2346 1096 2394 et
1129 2339 1250 2409 ipso
1297 2337 1389 2390 die
1431 2333 1746 2390 chartulam
1779 2347 1892 2386 suae
1922 2349 2052 2402 pro-

457 2431 716 2485 fessionis
745 2431 932 2500 legere
963 2427 1148 2489 debet,
1178 2425 1393 2498 primus
1426 2423 1676 2478 omnium
1723 2421 1876 2491 legit,
1911 2428 1968 2474 et
2007 2420 2054 2474 si

462 2519 620 2592 prius
636 2519 695 2573 in
718 2523 992 2572 conventu
1011 2517 1256 2588 aliquem
1281 2513 1821 2586 superioremlocum
1835 2510 2049 2575 habuit,

459 2611 592 2662 mox
637 2609 827 2662 tamen
866 2623 970 2660 sua
1007 2609 1224 2676 sponte,
1257 2601 1662 2674 qualiscunque
1691 2616 1932 2670 persona
1959 2599 2054 2668 sit,

459 2691 540 2752 ibi
568 2694 626 2751 in
655 2696 824 2750 choro
861 2695 922 2748 in
963 2694 1224 2749 ultimum
1263 2691 1445 2746 locum
1477 2690 1856 2744 litteratorum
1893 2686 2056 2740 debet

459 2767 564 2860 ire,
596 2785 644 2840 si
665 2785 783 2862 ipse
805 2790 892 2839 est
920 2785 1202 2838 litteratus
1233 2801 1246 2836 :
1277 2780 1337 2836 in
1363 2779 1608 2850 capitulo
1637 2794 1766 2832 vero
1797 2782 1854 2830 et
1883 2777 1944 2830 in
1963 2793 2054 2830 re-

460 2873 693 2928 fectorio
716 2871 888 2927 etiam
916 2863 1308 2926 conversorum
1343 2868 1451 2922 erit
1478 2866 1734 2920 ultimus.

479 2958 489 2964 ’
1021 2959 1254 3014 CAPUT
1283 2957 1496 3012 LXXV.

2137 1787 2223 1851 (ut
2251 1783 2428 1851 aiunt)
2453 1785 2526 1836 ad
2573 1785 3013 1837 surmrrcndmn
3043 1781 3356 1838 ordinatur.
3386 1783 3528 1837 Nam
3567 1782 3738 1837 verbo

2137 1875 2358 1924 tantum
2387 1876 2554 1941 prout
2572 1872 2915 1942 potest,fa01t
2933 1873 3361 1942 professionem,
3379 1877 3434 1926 et
3453 1878 3740 1926 consuetae

2137 1959 2418 2014 orationes
2439 1975 2608 2032 super
2629 1977 2758 2014 eum
2789 1960 3070 2014 dicuntur.
3113 1961 3272 2025 Quod
3318 1962 3363 2014 si
3396 1961 3582 2016 obitus
3611 1961 3740 2031 ejus

2137 2049 2274 2102 adeo
2304 2065 2477 2120 pr0pe
2523 2065 2644 2102 esse
2687 2051 2958 2116 cernitur,
2990 2054 3054 2104 ut
3082 2051 3344 2105 credatur
3374 2049 3591 2104 tamdiu
3621 2066 3740 2104 non

2136 2153 2298 2208 posse
2321 2137 2506 2192 vivere
2523 2153 2812 2210 quousque
2828 2138 3274 2195 benedictionem
3301 2138 3582 2192 talimodo
3605 2155 3742 2209 per-

2135 2227 2320 2299 cipere
2341 2227 2760 2298 possit,cuculla
2778 2225 3168 2282 tantummodo
3179 2227 3474 2282 benedicta
3491 2227 3584 2280 ind
3594 2243 3740 2280 uen-

2136 2317 2240 2371 dus
2271 2322 2374 2384 est,
2417 2322 2474 2370 et
2503 2315 2717 2382 statim,
2757 2316 2802 2369 si
2827 2316 2942 2388 pati
2974 2322 3179 2388 potest.
3213 2317 3282 2370 ad
3306 2316 3737 2371 monasterium:

2137 2404 2184 2458 si
2215 2411 2404 2458 autem
2430 2405 2487 2458 in
2518 2405 2714 2458 eodem
2747 2405 2868 2458 loco
2916 2405 3114 2460 mortis
3157 2406 3408 2459 debitum
3453 2405 3635 2470 solvit,
3674 2405 3737 2458 in

2137 2495 2442 2547 claustrum
2463 2500 2654 2546 tamen
2681 2493 3034 2563 recipitur,et
3051 2494 3200 2547 inter
3217 2493 3420 2548 fratres
3441 2491 3735 2565 sepelitur.

2139 2583 2196 2636 Si
2237 2599 2364 2636 vero
2393 2582 2463 2636 ad
2494 2581 2899 2635 monasterium
2931 2583 3135 2636 allatus
3157 2581 3225 2636 de
3247 2582 3578 2636 inﬁrmitate
3609 2598 3743 2635 con-

2141 2671 2398 2734 valuerit,
2423 2675 2550 2741 post
2564 2670 2806 2740 primam
2829 2673 2916 2724 vel
2936 2671 3047 2724 alio
3073 2677 3326 2742 tempore
3353 2677 3480 2742 post
3508 2670 3741 2725 tertiam

2137 2761 2196 2814 in
2226 2760 2422 2814 cellam
2463 2759 2798 2812 novitiorum
2826 2775 2927 2830 per
2954 2757 3398 2814 inﬁrmariumin
3425 2760 3742 2831 capitulum

2138 2865 2238 2920 pro
2269 2848 2538 2920 petitione
2570 2843 2824 2902 facienda
2852 2865 2954 2918 per
2981 2848 3316 2920 magistrum
3349 2849 3558 2904 dicitur
3584 2868 3597 2914 ;
3640 2849 3742 2902 sed

2140 2935 2394 3006 quamvis
2427 2935 2735 2990 monastica
2758 2934 3140 2990 benedictione
3171 2937 3398 3008 adjutus
3419 2937 3512 3003 sit,
3545 2943 3743 2990 tamen

465 3055 532 3110 De
580 3047 906 3108 habitudine
949 3051 1290 3104 novitz'orum
1317 3049 1381 3100 in
1411 3046 1509 3100 illo
1541 3046 1728 3099 triduo
1755 3047 1876 3114 post
1908 3045 2055 3098 bene-

2143 3025 2384 3096 capitulo
2413 3024 2877 3086 carebit,ctiamsi
2907 3041 2941 3078 a
2971 3025 3176 3079 domno
3209 3024 3410 3080 abbate
3442 3041 3742 3080 consecra-

1092 3139 1388 3190 dictzonem
1404 3178 1417 3190 .

530 3231 598 3286 In
623 3229 714 3284 his
736 3227 920 3284 tribus
949 3225 1144 3280 diebus
1173 3229 1343 3295 caput
1385 3239 1498 3277 non
1527 3221 1818 3276 denudant
1841 3221 2058 3299 jugiter

461 3305 674 3391 capello
705 3321 1052 3389 coopertum;
1077 3315 1136 3368 in
1155 3312 1388 3368 cucullis
1405 3311 1721 3366 dormiunt:
1750 3309 1844 3364 sed
1863 3317 2054 3364 tamen

458 3407 673 3462 froccos
713 3411 960 3460 exuunt:
991 3403 1206 3457 calceos
1244 3417 1464 3472 quoque
1505 3406 1562 3454 et
1589 3399 1844 3454 cultellos
1880 3399 2054 3470 depo-

459 3501 640 3552 nunt:
674 3493 1037 3568 coopertoriis
1058 3509 1117 3546 se
1135 3491 1397 3563 operiunt
1421 3508 1432 3541 :
1468 3489 1694 3561 pellicos
1727 3485 1795 3542 de
1822 3487 2054 3542 cucullis

461 3586 784 3651 extrahunt,
825 3583 874 3636 si
908 3583 1092 3657 placet
1137 3599 1148 3634 :
1198 3580 1340 3634 nihil
1385 3579 1612 3634 omnino
1639 3579 1967 3649 loquuntur,
2002 3583 2059 3630 et

461 3681 692 3747 propter
722 3673 826 3728 hoc
853 3689 981 3726 cum
1010 3686 1194 3724 sermo
1227 3668 1422 3725 finitur
1449 3669 1506 3722 in
1537 3667 1780 3740 capitulo
1810 3667 1941 3720 inde
1970 3684 2058 3720 ex-

462 3769 661 3820 euntes
688 3763 749 3818 in
773 3761 1062 3816 ecclesiam
1090 3759 1322 3824 vadunt,
1343 3765 1400 3812 et
1419 3775 1520 3830 per
1541 3765 1764 3828 tempus
1792 3756 2058 3826 loquendi

462 3853 690 3908 omnino
733 3851 813 3905 ibi
839 3849 1167 3923 persistunt.
1211 3849 1278 3902 In
1323 3846 1530 3900 minori
1571 3847 1740 3900 choro
1771 3845 1926 3917 operi
1955 3844 2057 3898 Dei

461 3943 764 4008 intersunt,
798 3939 989 4012 ibique
1026 3937 1154 3992 illas
1186 3943 1301 3991 tres
1345 3935 1626 3990 orationes
1653 3941 1785 3988 ante
1814 3933 2055 4006 primam

461 4031 694 4086 faciunt.
722 4031 789 4086 In
818 4028 1035 4083 eisdem
1065 4024 1262 4080 diebus
1293 4040 1514 4096 quoque
1543 4024 1682 4078 nulli
1712 4023 2056 4094 processioni

461 4120 766 4184 intersunt,
790 4117 899 4171 nisi
926 4133 1050 4188 quae
1068 4115 1140 4170 ad
1167 4120 1419 4168 sanctam
1450 4113 1688 4167 Mariam
1717 4112 1930 4184 agitur.
1957 4112 2059 4166 Co-

461 4209 601 4264 tidie
631 4209 929 4262 oil‘erentes
949 4205 1019 4258 ad
1036 4221 1230 4276 pacem
1252 4207 1308 4257 et
1335 4201 1408 4256 ad
1433 4203 1884 4256 communionem
1911 4217 2063 4256 acce-

463 4281 626 4362 dunt,
659 4294 807 4368 quod
844 4310 959 4348 non
1007 4292 1274 4346 omittunt
1321 4291 1490 4345 etiam
1539 4291 1586 4346 si
1631 4291 1782 4344 aliud
1816 4289 1951 4360 quid
1981 4289 2063 4344 eis

467 4383 741 4455 contingit
783 4381 1131 4436 dormienda.
1175 4379 1234 4435 Si
1271 4379 1330 4434 in
1361 4378 1654 4433 refectorio
1697 4379 1943 4432 sonitum
1975 4375 2062 4433 vel

465 4471 622 4528 aliud
653 4471 788 4542 quid
810 4469 1135 4540 hujusmodi
1162 4467 1414 4534 fecerint,
1443 4467 1524 4520 ita
1549 4467 1824 4521 cucullati‘
1843 4467 2061 4522 veniam

465 4565 687 4634 petunt.
715 4558 1042 4630 (UD.)Tertio
1060 4559 1290 4614 tandem
1311 4553 1402 4610 die
1421 4555 1494 4609 ad
1516 4557 1790 4626 majorem
1808 4557 2060 4625 missam,

465 4651 554 4706 vel
577 4649 626 4704 si
645 4646 850 4704 domno
881 4645 1070 4704 abbati
1103 4645 1338 4711 videtur,
1388 4645 1460 4698 ad
1495 4645 1724 4698 missam
1754 4661 1876 4716 qua
1900 4643 2060 4700 infir-

467 4739 577 4796 mis
604 4737 826 4793 canitur
853 4737 924 4792 ad
955 4738 1012 4792 S.
1037 4735 1295 4800 Mariam,
1323 4750 1452 4787 cum
1483 4733 1740 4787 sacerdos
1769 4751 1864 4788 eos
1892 4733 2062 4789 fuerit

467 4829 768 4894 osculatus,
811 4827 880 4881 de
913 4823 1191 4898 capitibus
1219 4838 1414 4876 eorum
1461 4821 1738 4876 abstrahit
1763 4822 2058 4894 capellam,

467 4919 526 4974 et
551 4915 621 4972 de
651 4921 851 4972 caetero
890 4915 1024 4969 licet
1063 4913 1144 4968 eis
1193 4911 1337 4966 sicut
1362 4911 1489 4966 aliis
1516 4912 1783 4967 fratribus
1821 4913 1976 4984 loqui
2006 4920 2064 4968 et

466 5023 670 5063 exuere
698 5003 965 5061 cucullas.

539 5085 598 5153 Si
619 5095 744 5167 quis
763 5095 1023 5148 inﬁrmus
1047 5095 1131 5158 (ut
1148 5089 1326 5160 aiunt)
1343 5089 1428 5146 Ad
1445 5091 1885 5144 succurrendum
1901 5089 2067 5144 bene-

465 5185 770 5242 dictionem
790 5181 1199 5252 accipit,etpraa
1218 5179 1545 5234 infirmitate
1565 5178 1852 5233 silentium
1870 5183 2064 5233 tenere

465 5292 579 5330 non
603 5270 944 5345 potuit,ante
963 5270 1104 5324 alios
1122 5269 1528 5340 professionem
1547 5267 1618 5321 ad
1635 5267 1876 5337 gradum
1905 5267 2059 5336 facit,

465 5369 524 5419 et
541 5377 668 5417 cum
690 5361 836 5431 aliis,
853 5360 950 5432 qui
969 5356 1589 5430 benedicuntur,capita
1609 5357 2056 5426 contegentibus,

461 5452 586 5522 ipse
611 5453 833 5528 quoque
861 5448 1140 5520 contegit:
1175 5447 1364 5503 omnia
1387 5463 1510 5518 quae
1532 5445 1614 5500 illi
1628 5446 1844 5502 faciunt
1869 5463 1935 5500 eo
1962 5447 2060 5504 tri-

2137 3119 2230 3168 tus
2259 3114 2352 3180 sit,
2386 3113 2490 3167 nisi
2521 3113 2640 3184 ipse
2669 3130 2914 3184 praesens
2933 3113 3017 3168 vel
3047 3131 3112 3168 eo
3137 3113 3368 3168 absente
3399 3115 3554 3186 prior
3574 3114 3744 3184 jussu

2138 3203 2315 3274 ipsius
2350 3203 2457 3256 hoc
2481 3203 2836 3268 concesserit,
2870 3219 3160 3274 quousque
3189 3221 3315 3258 cum
3344 3203 3488 3270 aliis,
3522 3203 3619 3278 qui
3646 3203 3742 3258 be-

2137 3292 2431 3347 ncdicendi
2459 3297 2610 3358 sunt,
2637 3291 3038 3363 professionem
3068 3293 3252 3358 iaciat,
3283 3298 3340 3346 et
3360 3298 3578 3359 caetera,
3613 3309 3743 3364 quae

2135 3381 2195 3434 in
2207 3381 2386 3435 tribus
2417 3380 2612 3434 diebus
2643 3380 2860 3451 agenda
2880 3397 3014 3434 usus
3036 3381 3298 3452 postulat.
3337 3383 3480 3454 (01).)
3498 3382 3548 3436 A
3567 3382 3745 3438 tertia

2136 3477 2326 3525 autem
2358 3469 2468 3537 die,
2489 3486 2600 3540 qua
2615 3484 2715 3540 per
2735 3470 3080 3524 sacerdotem
3107 3470 3270 3538 (sicut
3291 3471 3504 3526 dictum
3535 3476 3638 3529 est)
3667 3472 3744 3528 de

2139 3559 2419 3630 capitibus
2451 3575 2642 3612 eorum
2675 3559 2902 3613 cucullae
2941 3558 3349 3614 abstrahuntur
3377 3574 3746 3632 nequaquam

2140 3647 2376 3703 ulterius
2401 3664 2435 3700 a
2455 3647 2696 3717 capitulo
2725 3653 3080 3718 separantur,
3105 3653 3161 3701 et
3180 3647 3418 3702 domnus
3446 3647 3619 3702 abbas
3648 3665 3746 3702 se-

2139 3737 2388 3790 cundum
2422 3735 2686 3805 gratiam,
2719 3753 2842 3806 quae
2873 3732 3108 3806 singulis
3135 3741 3221 3790 est
3250 3737 3405 3800 data,
3436 3753 3532 3790 eos
3571 3736 3745 3808 jubet

2139 3825 2208 3881 de
2237 3829 2436 3879 caetero
2465 3824 2524 3877 in
2553 3823 2786 3878 ecclesia
2837 3824 3044 3879 servire
3095 3825 3308 3880 scilicet
3349 3830 3414 3881 ut
3459 3826 3654 3895 legant
3681 3831 3746 3880 et

2137 3919 2384 3982 cantent,
2417 3913 2514 3984 qui
2546 3914 2652 3968 hoc
2683 3913 2888 3967 sciunt.

2669 4020 2906 4075 CAPUT
2933 4021 3022 4075 LX
3030 4019 3202 4076 XVII.

2143 4130 2294 4198 Quod
2331 4129 2626 4197 diligenter
2671 4129 3038 4182 examinandi
3065 4131 3180 4183 sint
3213 4131 3412 4194 novitii
3437 4131 3746 4186 sacerdotes

2215 4205 2262 4253 et
2286 4203 2476 4266 leviter,
2506 4203 2806 4269 antequam
2831 4203 3078 4268 ofﬁcium
3123 4215 3290 4255 suum
3325 4216 3482 4270 age-re
3504 4205 3747 4272 permit-

2221 4276 2436 4328 tantur.

2215 4379 2356 4447 (ιω.)
2376 4377 2456 4432 De
2476 4377 2564 4432 his
2588 4382 2802 4444 tamen,
2834 4377 2930 4448 qui
2959 4377 3044 4431 vel
3065 4376 3384 4434 sacerdotes
3400 4385 3535 4435 sunt
3551 4381 3640 4436 vel
3665 4381 3749 4438 le-

2145 4465 2290 4532 vitas,
2331 4466 2634 4536 diligenter
2655 4467 3008 4522 examinatur
3028 4464 3306 4540 quomodo
3327 4463 3442 4525 sint
3469 4459 3747 4542 ordinati,

2143 4555 2325 4626 qualis
2355 4555 2430 4608 sit
2458 4572 2652 4609 eorum
2675 4555 3042 4624 conscientia,
3063 4562 3120 4610 et
3145 4573 3247 4628 per
3273 4557 3491 4630 aliquot
3516 4563 3747 4631 tempus

2143 4643 2415 4716 probatur
2443 4661 2640 4698 eorum
2671 4646 3042 4712 conversatio,
3075 4663 3244 4717 quam
3277 4647 3350 4702 ad
3375 4647 3547 4718 hujus
3569 4649 3746 4706 mini-

2143 4731 2298 4786 sterii
2321 4733 2603 4788 licentiam
2633 4735 3348 4808 permittantur.Praecipue
3365 4735 3461 4808 qui
3481 4737 3748 4794 sacerdos

2145 4829 2268 4874 erat
2295 4827 2602 4892 antequam
2630 4823 2846 4878 veniret
2866 4824 3094 4878 omnino
3122 4825 3192 4878 ab
3223 4826 3330 4880 hoc
3349 4825 3532 4880 ofﬁcio
3555 4827 3750 4898 prohi-

2144 4907 2328 4978 betur,
2360 4927 2538 4982 usque
2560 4911 2692 4966 dum
2711 4912 2915 4984 saepius
2937 4913 3279 4985 perspiciens
3299 4914 3552 4970 addiscat
3572 4932 3750 4988 quam

2145 5015 2199 5051 m
2209 4999 2306 5053 ulti
2311 5000 2440 5070 plici
2459 5001 2646 5054 studio
2667 5001 2780 5055 tale
2796 5010 3211 5058 sacramentum
3225 5008 3499 5060 tractetur
3509 5021 3543 5058 a
3559 5004 3745 5066 nobis.

2149 5089 2170 5111 *
2192 5089 2426 5152 Quando
2455 5095 2645 5144 autem
2663 5090 2904 5145 domnus
2925 5091 3096 5146 abbas
3111 5079 3437 5162 hujusmodi
3457 5092 3751 5149 licentiam

2145 5177 2372 5232 novitiis
2401 5195 2501 5248 per
2525 5196 2583 5233 se
2608 5179 2694 5233 vel
2713 5197 2816 5251 per
2841 5181 3102 5235 nuntium
3132 5181 3370 5248 dederit,
3402 5182 3750 5238 admonente

2145 5269 2414 5338 magistro
2443 5285 2658 5334 eorum,
2682 5286 2795 5322 non
2823 5270 2893 5322 ad
2905 5270 3074 5340 pedes
3099 5270 3276 5342 ipsius
3307 5270 3454 5326 sicut
3471 5287 3575 5327 nec
3593 5273 3746 5344 prio-

2141 5357 2219 5410 ris
2249 5355 2448 5411 inloco
2477 5359 2599 5429 ejus
2625 5357 2871 5412 sedentis
2901 5359 3166 5428 veniunt;
3200 5359 3301 5416 sed
3326 5365 3550 5416 tantum
3571 5361 3744 5416 incli-

2139 5449 2279 5502 nant
2305 5445 2365 5500 in
2389 5447 2614 5502 sedibus
2643 5447 2780 5502 suis.
2815 5447 2975 5511 Quod
3006 5456 3064 5504 et
3091 5455 3226 5506 tunc
3253 5449 3487 5519 faciunt,
3518 5451 3569 5505 si
3589 5438 3740 5522 jussi

461 5533 576 5612 duo
605 5537 862 5594 similiter
907 5535 1060 5615 facit,
1091 5542 1148 5592 et
1199 5537 1349 5610 quod
1403 5535 1562 5612 prius
1597 5534 1870 5591 omissum
1913 5541 2055 5609 erat,
2138 5553 2328 5592 coram
2350 5536 2706 5607 assistunt,et
2724 5537 3106 5597 sacerdotibus
3125 5538 3353 5614 quidem
3367 5539 3594 5600 novitiis
3609 5557 3742 5608 mox
