3934 6418
196 330 332 403 1005

1235 327 1654 385 CONSTITUT.
1699 324 2039 383 HIRSAUG.
2084 354 2147 364 —
2188 325 2326 380 LIB.
2367 325 2408 379 Ι.

3206 319 3463 413 ,10οἃ

192 455 614 528 deputabuntur
660 456 863 510 fratres
909 456 1079 525 hujus
1115 454 1283 508 ofﬁcii
1322 454 1506 527 periti,
1549 450 1849 524 singulisA
1868 449 2044 502 mario
2076 449 2299 518 signum
2328 450 2486 508 facit.
2524 450 2684 516 Quod
2708 452 2755 519 si
2786 452 3087 524 aliquando
3116 457 3175 511 in
3202 462 3462 531 sequenti

192 546 417 616 singuli,
444 545 538 618 qui
567 562 662 599 eos
684 544 931 599 studiose
954 544 1255 607 instruant,
1281 560 1451 613 quam
1478 559 1681 612 magna
1706 542 1786 595 di-

194 628 425 706 ligentia
451 634 599 704 apud
623 651 725 687 nos
750 635 868 688 hinc
896 639 1213 688 tractentur
1239 639 1611 687 sacramenta.
1635 624 1785 685 Nulli

192 731 381 779 tamen
411 722 621 777 novitio
644 723 1001 794 quantumvis
1021 723 1201 794 perito
1230 722 1379 775 infra
1405 721 1625 776 dimidii
1654 720 1788 774 anni

194 811 458 885 spatium,
492 805 701 883 absque
733 829 940 883 magna
967 810 1317 876 necessitate,
1350 811 1482 865 licet
1509 810 1657 881 apud
1687 826 1788 863 nos

194 901 465 973 majorem
491 899 721 954 missam
749 900 1055 953 celebrare.
1080 896 1213 969 (ιω.)
1254 899 1366 953 Sed
1394 903 1459 953 ut
1484 898 1576 952 hic
1598 898 1792 951 memi-

195 980 372 1044 nerim
390 994 509 1043 tam
524 989 619 1060 qui
635 989 1042 1055 examinantur,
1060 1005 1229 1059 quam
1244 988 1338 1060 qui
1350 989 1466 1058 jam
1487 985 1789 1040 examinati

195 1068 552 1150 aliquomodo
581 1077 788 1132 servire
829 1076 1119 1147 jubentur,
1166 1076 1551 1148 unusquisque
1595 1092 1790 1129 eorum

195 1156 395 1222 sedens
416 1158 474 1219 in
497 1165 743 1237 capitulo
763 1165 1064 1236 diligenter
1082 1164 1341 1232 attendit,
1357 1170 1419 1219 ut
1443 1166 1791 1219 animadver-

196 1262 297 1321 tat,
323 1256 373 1310 si
403 1261 489 1309 est
514 1255 585 1309 ad
614 1256 790 1309 ullum
819 1255 1057 1326 scriptus
1078 1254 1427 1326 obsequium,
1458 1255 1606 1325 quod
1628 1256 1712 1309 vel
1733 1255 1791 1309 in

198 1345 430 1400 ecclesia
456 1345 543 1399 vel
572 1350 729 1398 extra
755 1344 828 1398 sit
850 1345 1151 1414 agendum.

715 1434 947 1488 CAPUT
984 1435 1281 1490 LXXVIII.

601 1524 675 1577 De
703 1523 1125 1577 hebdomadario
1155 1528 1394 1578 cantore.

273 1613 412 1682 (UD.)
447 1611 506 1666 Si
549 1617 636 1666 est
676 1612 748 1665 ad
792 1611 1179 1666 invitatorium
1209 1617 1455 1679 notatus,
1491 1617 1797 1684 antequam

203 1701 386 1774 ipsum
408 1690 816 1767 inchoet,stans
836 1702 907 1755 ad
925 1703 1167 1772 gradum
1187 1719 1316 1756 cum
1338 1718 1439 1758 suo
1465 1703 1696 1772 collega,
1712 1704 1799 1757 vel

1868 537 2219 591 hebdomada
2251 539 2421 592 missa
2448 540 2795 595 matutinalis
2842 542 3036 597 festive
3076 548 3329 603 canenda
3355 554 3463 618 est,

1868 625 2112 699 ofﬁcium
2158 624 2230 679 ad
2275 625 2419 680 hanc
2471 645 2694 699 quoque
2735 630 3026 702 imponere
3085 636 3332 705 pertinet
3392 639 3467 695 ad

1870 715 2075 785 ipsum,
2110 715 2282 769 etiam
2312 715 2358 768 si
2390 733 2490 787 pro
2512 715 2806 799 defunctis,
2840 721 2911 774 ad
2941 739 3109 795 quam
3140 713 3310 799 etiam
3330 726 3466 782 ulti-

1872 820 1997 857 mus
2027 803 2135 858 erit
2161 800 2535 859 oﬁ‘erentium.
2558 804 2682 879 (ου.)
2711 808 2853 864 Cum
2881 806 2941 863 in
2962 811 3052 865 die
3074 812 3366 879 Dominica
3380 805 3470 871 vel

1871 892 1927 946 in
1947 893 2194 964 qualibet
2214 894 2263 946 ei
2286 893 2455 947 simili
2473 897 2660 949 omnia
2681 897 2840 968 signa
2861 899 2929 952 ad
2950 902 3217 970 majorem
3237 903 3471 967 missam

1872 988 2005 1035 sunt
2028 981 2322 1053 pulsanda,
2359 982 2430 1037 ad
2469 1000 2600 1038 eum
2629 982 2891 1057 pertinet,
2928 996 2992 1043 ut
3015 989 3230 1062 primus
3253 981 3497 1063 scillam.

1871 1069 2104 1141 incipiat
2117 1071 2361 1141 pulsare,
2378 1076 2434 1125 et
2452 1077 2516 1125 ut
2537 1071 2738 1127 chorus
2754 1070 3018 1129 teneatur
3034 1076 3104 1133 ab
3123 1077 3262 1149 ipso.
3281 1074 3472 1153 Cappa

1872 1176 1931 1212 se
1960 1158 2163 1226 induit,
2198 1176 2365 1230 quam
2394 1160 2514 1232 ipse
2543 1160 2648 1214 sibi
2687 1162 2838 1217 inter
2864 1181 3065 1233 sonum
3108 1162 3192 1222 vel
3221 1160 3469 1240 psalmos

1872 1254 2206 1324 apportavit.
2227 1254 2248 1276 ⁸
2266 1248 2323 1308 Si
2349 1256 2607 1310 sacerdos
2628 1262 2730 1323 est,
2754 1264 2883 1330 post
2905 1262 3256 1333 evangelium
3285 1248 3472 1336 impo-

1874 1343 1984 1395 sita
2008 1334 2288 1397 oblatione
2303 1349 2489 1416 potest
2512 1362 2612 1415 pro
2634 1337 2912 1402 cantanda
2929 1338 3102 1405 missa
3126 1352 3213 1406 vel
3241 1342 3354 1411 alia
3369 1334 3473 1409 hu-

1868 1430 2116 1500 jusmodi
2154 1432 2486 1487 necessitate
2520 1433 2806 1491 licentiam
2839 1437 3109 1509 accipere,
3136 1420 3200 1496 et
3221 1430 3355 1511 data
3373 1442 3474 1497 ali-

1878 1519 1970 1573 cui
2001 1514 2142 1589 (106)
2175 1521 2245 1576 de
2293 1521 2495 1577 oblatis
2536 1540 2731 1596 cappa,
2762 1526 3020 1599 factoque
3061 1536 3194 1586 ante
3236 1537 3293 1587 et
3319 1538 3474 1595 retro

1879 1608 2182 1664 discedere.
2226 1628 2323 1668 UD.
2360 1612 2466 1677 Qui
2515 1619 2571 1666 et
2613 1615 2904 1671 incensum
2935 1604 3041 1671 sibi
3075 1604 3330 1695 allatum,
3364 1637 3473 1693 quo

1878 1714 2080 1769 corpus
2108 1699 2333 1753 Domini
2362 1706 2493 1755 ante
2533 1705 3011 1760 consecrationem
3052 1711 3137 1763 est
3178 1696 3477 1765 ince‘nsan-

206 1790 430 1862 quando
460 1791 603 1857 ﬁnit,
623 1796 861 1862 utraque
893 1791 1005 1844 vice
1031 1791 1165 1845 facit
1191 1796 1322 1845 ante
1350 1797 1407 1845 et
1437 1795 1641 1847 retro.*
1665 1794 1792 1856 Sed,
1816 1803 1864 1862 Β
1882 1787 2037 1853 dum,
2071 1789 2231 1859 ponit
2252 1789 2313 1844 in
2339 1790 2711 1858 thuribulum,
2735 1795 2883 1864 quod
2911 1796 3079 1851 etiam
3107 1797 3242 1852 facit
3268 1798 3327 1852 in
3355 1798 3479 1851 Vir-

205 1879 536 1953 priusquam
554 1880 740 1950 ipsum
760 1879 1145 1933 invitatorium
1163 1879 1411 1950 incipiat,
1427 1886 1484 1934 et
1503 1886 1800 1953 postquam

206 1968 500 2041 inceperit,
530 1969 700 2022 etiam
734 1974 789 2022 et
818 1974 1122 2041 antequam
1153 1974 1281 2040 post
1310 1969 1555 2023 Gloriam
1596 1970 1801 2024 iterum

206 2057 458 2128 incipiat,
488 2073 666 2111 unum
695 2066 878 2112 servat
924 2058 1152 2111 modum
1188 2058 1513 2124 inclinandi,
1544 2059 1598 2111 id
1632 2065 1718 2113 est
1744 2059 1805 2113 in

209 2147 495 2203 anteriora
504 2148 961 2201 tantum.Verum
979 2153 1104 2218 post
1119 2148 1382 2201 ultimum
1399 2149 1600 2219 psalmi
1628 2150 1805 2203 Venite

208 2253 433 2291 versum
447 2235 793 2306 aliquamdiu
804 2241 917 2290 stat
930 2237 1248 2301 inclinatus,
1264 2237 1398 2290 dum
1420 2237 1806 2291 invitatorium

210 2330 406 2378 cantat
433 2326 754 2379 conventus.
790 2325 860 2378 Et
904 2325 1020 2379 sive
1066 2325 1176 2377 duo
1218 2326 1302 2377 vel
1349 2331 1591 2395 quatuor
1632 2327 1806 2379 Venite

212 2413 539 2484 praacinant,
558 2413 703 2467 hanc
728 2412 1108 2467 inclinationis
1127 2413 1309 2482 legem
1333 2413 1646 2467 observant.
1670 2415 1803 2482 (01).)

213 2504 271 2558 Si
297 2520 365 2558 ex
393 2501 613 2556 duobus
652 2500 1036 2557 invitatorium
1064 2501 1374 2555 cantaturis
1403 2502 1558 2572 prior
1588 2507 1675 2557 est
1702 2518 1805 2556 no-

210 2597 385 2659 tatus,
410 2596 548 2645 tunc
577 2590 748 2646 etiam
775 2591 885 2645 erit
906 2590 1396 2656 hebdomadarius,
1422 2596 1479 2645 et
1506 2608 1606 2662 per
1628 2595 1806 2645 totam

1879 1876 2076 1946 ginum
2130 1878 2522 1951 principalium
2580 1881 2901 1959 festivitate.
2940 1887 2966 1910 *
3005 1885 3479 1958 Quotiescumque

1882 1971 2105 2046 tempus
2134 1972 2191 2020 et
2216 1968 2399 2021 locum
2421 1974 2607 2038 potest
2634 1970 2857 2037 habere,
2882 1972 3012 2028 licet
3042 1962 3093 2030 ei
3122 1976 3337 2033 sedere.
3363 1966 3480 2031 Cae-

1883 2054 2020 2110 teris
2047 2055 2197 2110 inter
2215 2058 2554 2112 cantandum
2579 2076 2639 2112 se
2667 2050 3089 2133 inclinantibus,
3109 2064 3231 2135 ipse
3256 2052 3481 2143 quoque

1884 2143 2153 2211 inclinat;
2204 2152 2432 2218 excepto
2473 2149 2696 2219 quando
2742 2148 2978 2225 Sanctus
3023 2142 3304 2222 cantatur,
3346 2142 3483 2219 tunc

1887 2233 2038 2287 enim
2059 2238 2172 2287 stat
2199 2240 2436 2290 erectus.
2459 2236 2764 2308 Postquam
2793 2239 2965 2297 etiam
2987 2229 3279 2296 Dominica
3300 2226 3481 2303 oratio

1889 2323 2048 2377 ﬁnita
2075 2324 2264 2389 fuerit,
2294 2325 2489 2403 statim
2512 2342 2572 2381 se
2603 2326 2787 2397 erigit.
2816 2329 2900 2383 Ad
2931 2330 3191 2386 collectas
3209 2314 3340 2391 vero
3368 2316 3480 2403 pri-

1890 2428 2010 2465 mas
2026 2417 2081 2465 et
2099 2413 2328 2466 ultimas
2359 2418 2415 2467 et
2434 2414 2505 2467 ad
2523 2420 2772 2469 secretas
2803 2433 2906 2488 per
2928 2422 3112 2473 totum
3131 2406 3354 2479 inclinis
3370 2406 3488 2476 erit

1888 2500 2073 2555 Finita
2101 2501 2291 2568 missa,
2324 2519 2358 2555 a
2391 2503 2512 2556 loco
2562 2520 2664 2557 suo
2707 2521 2820 2563 non
2860 2506 3118 2581 discedit,
3150 2492 3485 2583 priusquam

1889 2606 2095 2644 mensm
2124 2592 2301 2644 lector
2323 2590 2767 2675 benedictionem
2788 2596 3084 2667 acceperit.
3112 2598 3223 2669 (un.
3255 2606 3400 2677 var.)
3422 2603 3489 2665 In

208 2681 624 2736 hebdomadam
653 2686 769 2734 tam
800 2680 860 2734 in
890 2679 1089 2741 tribus,
1125 2696 1292 2750 quam
1323 2680 1382 2734 in
1412 2680 1705 2733 duodecim
1734 2681 1810 2735 le-
1891 2678 2182 2733 duodecim
2215 2668 2547 2735 lectionibus
2572 2672 2642 2736 ad
2671 2688 3010 2740 nocturnum
3038 2692 3094 2742 et
3120 2668 3487 2761 matutinum,

209 2770 488 2826 ctionibus
521 2772 698 2833 Venite
719 2770 997 2836 cantabit;
1030 2786 1135 2824 nec
1159 2775 1350 2848 tamen
1365 2770 1626 2841 amplius,
1654 2772 1678 2795 ί
1699 2769 1809 2823 nisi
1890 2767 2226 2838 antipbonas
2267 2769 2338 2821 ad
2383 2786 2522 2841 quas
2552 2776 2781 2826 notatus
2812 2779 2916 2839 est,
2948 2774 3190 2845 imponit
3216 2796 3229 2845 ;
3274 2779 3335 2853 in
3363 2780 3493 2845 aliis

206 2860 265 2915 in
286 2860 520 2915 sabbato
547 2858 746 2931 prioris
769 2858 1132 2914 hebdomadas
1151 2859 1223 2912 ad
1254 2859 1359 2912 hoc
1383 2864 1468 2912 est
1491 2858 1805 2926 notandus;
1889 2856 2146 2910 noctibus
2189 2874 2424 2929 quaeque
2471 2859 2531 2913 in
2576 2877 2679 2915 suo
2721 2861 2888 2941 choro
2935 2863 3291 2935 imponendae
3332 2874 3489 2938 sunt,

208 2956 440 3021 excepto
462 2949 510 3002 si
530 2947 661 3002 talis
686 2947 956 3001 festivitas
978 2948 1385 3018 supervenerit,
1408 2948 1466 3001 in
1488 2963 1599 3018 qua
1619 2964 1653 3000 a
1677 2964 1809 3017 qua-
1890 2944 1959 2999 ab
1993 2945 2115 3017 ipso
2157 2945 2544 3018 imponuntur,
2575 2953 2698 3002 tam
2741 2949 2801 3031 in
2845 2953 3103 3025 sequenti
3138 2954 3494 3029 hebdomade.

208 3045 340 3094 tuor
368 3037 684 3093 canendum
722 3041 838 3104 est;
871 3042 1006 3090 tunc
1033 3036 1170 3090 item
1196 3037 1317 3107 ipse
1347 3036 1501 3106 prior
1528 3035 1587 3089 in
1616 3035 1810 3089 tabula
1824 3079 1866 3107 ρ
1891 3049 2060 3103 quam
2087 3034 2147 3088 in
2182 3036 2465 3105 praesenti.
2489 3036 2868 3094 Nihilominus
2890 3040 2960 3093 ad
2989 3041 3158 3097 horas
3179 3060 3374 3101 omnes
3397 3062 3493 3101 re-

207 3134 296 3182 est
317 3127 602 3181 notandus
627 3148 641 3192 ;
673 3143 801 3181 cum
824 3142 934 3197 quo
954 3131 1143 3179 tamen
1168 3126 1227 3178 in
1247 3125 1536 3180 duodecim
1559 3124 1807 3179 lectioni-
1824 3110 1868 3139 υ
1887 3122 2112 3191 gulares
2132 3110 2375 3194 imponit
2409 3114 2767 3207 antiphonas,
2795 3134 3000 3198 printer
3109 3110 3388 3207 vesperos,
3416 3135 3493 3205 ad

206 3217 312 3271 bus
333 3233 448 3271 non
474 3221 769 3270 transacta:
788 3214 1152 3269 hebdomadae
1169 3220 1383 3281 cantor,
1412 3215 1509 3268 sed
1531 3215 1717 3286 potius
1735 3215 1802 3280 is,
1890 3227 2028 3280 quos
2059 3228 2172 3265 non
2206 3211 2447 3282 imponit
2469 3213 2529 3267 in
2551 3215 2651 3293 tali
2677 3216 2999 3284 festivitate,
3032 3219 3088 3273 in
3124 3238 3236 3291 qua
3264 3223 3492 3294 singula

207 3307 298 3361 cui
328 3305 610 3360 armarius
646 3321 984 3375 unaquaque
1012 3304 1130 3358 vice
1159 3303 1216 3357 id
1262 3303 1588 3373 injunxerit,
1630 3305 1806 3357 Venite
1887 3299 2241 3369 responsoria
2271 3317 2306 3355 a
2332 3301 2551 3357 duobus
2579 3308 2880 3360 cantantur
2901 3320 2913 3353 :
2934 3324 3065 3363 nam
3094 3314 3228 3365 tunc
3246 3312 3494 3383 primam

206 3394 481 3452 cantabit.
515 3394 747 3458 Quoties
774 3398 965 3448 autem
1000 3398 1242 3464 quatuor
1268 3393 1651 3446 invitatorium
1682 3409 1808 3447 can-
1887 3392 2110 3442 tantum
2150 3388 2408 3462 imponit.
2440 3391 2688 3475 reliquas
2731 3396 3012 3451 armarius
3042 3397 3244 3470 quibus
3273 3387 3380 3465 sibi
3410 3401 3493 3456 vi-

205 3489 333 3539 tare
356 3483 584 3545 debent,
614 3483 674 3537 hi
705 3488 948 3554 quatuor
976 3482 1046 3535 ad
1074 3482 1299 3535 tertiam
1329 3481 1646 3552 quindecim
1673 3498 1805 3553 gra-
1889 3477 2055 3530 detur
2072 3477 2441 3548 imponendas
2459 3479 2759 3552 injungit.*
2779 3484 2837 3538 Si
2859 3486 2988 3540 talis
3010 3474 3284 3563 festivitas
3301 3506 3494 3563 super-

206 3574 387 3629 duum
433 3572 763 3630 incisionem
813 3572 881 3625 de
916 3571 1086 3626 choro
1136 3576 1358 3637 exeunt,
1394 3575 1451 3624 et
1489 3571 1645 3641 prius
1666 3570 1807 3638 glotis
1888 3565 2122 3629 venerit.
2146 3566 2206 3620 in
2232 3584 2342 3638 qua
2362 3585 2475 3623 una
2496 3569 2807 3653 antiphona
2826 3562 3077 3629 canenda
3104 3562 3181 3655 sit
3212 3594 3384 3649 super
3406 3562 3493 3633 fe-

206 3662 472 3717 manibus
515 3660 826 3733 sacristiam
861 3658 1096 3724 intrant,
1125 3675 1190 3713 ac
1235 3660 1377 3713 albis
1408 3660 1723 3714 vestiuntur
1752 3665 1809 3713 et

205 3754 422 3826 cappis,
455 3756 513 3807 et
553 3753 648 3807 illo
677 3751 948 3806 versiculo
984 3752 1209 3805 Domini
1235 3756 1311 3803 est
1341 3753 1490 3803 satus
1520 3749 1804 3818 imposito,

206 3845 444 3898 chorum
464 3842 701 3907 intrant,
725 3857 790 3893 eo
808 3840 990 3901 modo,
1015 3844 1082 3892 ut
1105 3838 1331 3893 altiores
1352 3838 1409 3891 in
1436 3854 1592 3892 sacro
1613 3838 1807 3890 ordine

206 3932 403 4000 medii,
452 3918 744 3985 inferiores
772 3928 843 3982 ad
881 3929 1120 3998 gradum
1160 3927 1467 3981 consistant
1507 3925 1710 3992 ultimi,
1752 3931 1807 3979 et

202 4020 614 4091 unusquisque,
638 4018 686 4072 si
713 4018 836 4071 ﬁeri
856 4021 1058 4088 potest,
1085 4016 1143 4069 in
1165 4022 1326 4086 parte
1352 4016 1440 4069 sui
1469 4016 1641 4068 chori.
1661 4016 1805 4069 Nam

205 4111 315 4166 etsi
340 4125 537 4163 omnes
561 4108 630 4162 de
659 4124 771 4161 uno
799 4107 968 4161 choro
997 4105 1128 4170 sint,
1159 4106 1308 4159 hunc
1328 4110 1517 4158 tamen
1551 4104 1805 4158 ordinem

1889 3653 2058 3708 riales
2088 3657 2331 3726 psalmos
2359 3657 2419 3711 in
2457 3658 2632 3728 priori
2670 3676 2920 3731 vespera,
2956 3663 3061 3731 hac
3089 3653 3261 3723 etiam
3289 3666 3360 3720 ab
3387 3667 3490 3724 he-

1892 3737 2255 3798 bdomadario
2298 3746 2628 3829 imponitur.
2673 3747 2945 3805 Similiter
2981 3769 3204 3825 quoque
3238 3740 3491 3826 primum

1890 3833 2151 3903 quodque
2188 3836 2608 3906 responsorium
2648 3842 2766 3891 tam
2812 3837 2975 3894 breve
3015 3857 3185 3917 quam
3231 3842 3487 3917 longum,

1890 3922 2038 3991 quod
2060 3923 2130 3975 ad
2151 3924 2494 3978 matutinum
2515 3925 2628 3979 sive
2646 3926 2715 3980 ad
2737 3943 2994 3997 vesperos
3014 3934 3101 3983 est
3119 3920 3483 3999 cantandum,

1886 4008 2008 4080 ipse
2032 4016 2238 4077 cantat,
2265 4028 2368 4067 nec
2396 4018 2529 4067 tunc
2556 4014 2675 4086 ipse
2703 4006 2984 4071 subtrahit
3021 4034 3102 4085 se,
3128 4034 3257 4073 cum
3286 4019 3399 4074 duo
3425 4019 3486 4075 id

1891 4100 1985 4152 vel?
1989 4100 2042 4171 pl
2051 4091 2179 4154 ures
2191 4102 2745 4159 cantabunt.Litania
2757 4092 2986 4161 missam
2998 4108 3486 4181 antecedens,quae

205 4198 473 4255 intrando
504 4196 895 4251 observabunt.
927 4194 1139 4249 Deinde
1168 4193 1635 4261 consuetudinali,
1663 4193 1808 4247 sicut
1889 4187 1960 4241 ad
1989 4190 2403 4259 processionem
2432 4193 2655 4247 canitur
2681 4200 3037 4267 nequaqtiam
3064 4196 3134 4261 ab
3164 4214 3229 4253 eo
3258 4198 3354 4271 qui
3377 4199 3488 4255 fuit

205 4288 560 4361 praemissum
583 4291 687 4348 est,
712 4284 1075 4339 inclinatione
1102 4284 1397 4355 completa,
1421 4283 1805 4336 invitatorium
1822 4356 1857 4361 Δγ
1887 4281 2184 4332 transacta
2211 4278 2593 4346 hebdomadas,
2616 4283 2714 4337 sed
2731 4285 2916 4355 potius
2933 4286 3002 4340 ab
3032 4286 3119 4343 his
3151 4274 3354 4361 quibus
3391 4272 3485 4359 ara;

206 4356 503 4433 moderate
525 4375 822 4447 incipiunt,
841 4379 897 4427 et
913 4374 1083 4427 simul
1102 4373 1347 4445 primum
1366 4389 1588 4427 versum
1614 4371 1689 4436 hi,
1711 4371 1805 4443 qui
1822 4356 1870 4415 Ι)
1887 4367 2100 4420 marius
2128 4367 2334 4422 librum
2365 4370 2619 4440 porrigit,
2646 4374 2973 4451 praacinitur
3000 4394 3012 4429 :
3044 4362 3140 4447 qui
3165 4356 3486 4451 aliquantus-

207 4468 267 4523 in
291 4469 526 4524 dextera
562 4470 721 4536 parte
748 4469 919 4529 stant,
952 4467 1301 4533 percantant,
1335 4477 1400 4515 ac
1428 4461 1687 4531 deinceps
1716 4466 1805 4514 to-

206 4562 332 4612 tum
373 4556 654 4629 psalmum
683 4552 1024 4617 alternatim,
1054 4551 1361 4606 secundum
1393 4566 1586 4615 unum,
1622 4555 1679 4603 et
1715 4567 1805 4603 se-

207 4645 458 4700 cundum
479 4644 723 4697 alterum
742 4658 966 4696 versum
986 4644 1278 4695 cantantes
1291 4656 1467 4711 usque
1480 4640 1633 4694 Sicut
1654 4643 1801 4702 erat;

205 4734 286 4789 ibi
316 4749 514 4789 omnes
536 4731 707 4786 simul
725 4735 952 4784 cantare
971 4729 1195 4784 debent.
1215 4731 1361 4784 Ante
1381 4744 1604 4782 versum
1622 4727 1802 4792 illum,

208 4825 378 4879 Hodie
412 4825 465 4877 si
500 4838 696 4887 vocem,
722 4819 1129 4885 invitatorium,
1162 4819 1211 4872 si
1240 4834 1378 4889 opus
1404 4816 1592 4883 fuerit,
1621 4815 1691 4870 ab
1721 4833 1807 4870 ar-

203 4911 389 4966 mario
414 4909 584 4965 altius
610 4915 698 4965 est
719 4908 1141 4980 imponendum.

278 5001 412 5066 Sed,
443 5005 508 5055 ut
532 4999 762 5054 redeam
789 4998 861 5052 ad
891 4995 1414 5062 hebdomadarium,
1444 4995 1563 5067 ipse
1590 5011 1691 5065 per
1717 4998 1805 5073 to-

203 5097 324 5147 tam
371 5082 786 5144 hebdomadam
812 5087 1059 5142 ofﬁcium
1087 5085 1316 5156 majoris
1359 5084 1540 5139 missae
1567 5083 1807 5155 imponit

202 5186 413 5253 praeter
444 5193 665 5233 versum
694 5176 983 5244 oﬁ‘ertorii,
1006 5177 1077 5231 de
1106 5175 1309 5249 quibus
1336 5173 1689 5246 imponendis
1718 5189 1805 5227 ar-

283 5339 427 5411 (106)
454 5336 582 5395 Huc
606 5337 853 5411 pertinet
881 5337 1029 5411 quod
1056 5336 1633 5411 TrithemiusChron.
1664 5334 1805 5411 Hir—

209 5402 372 5485 saug.
402 5402 532 5484 pag.
556 5402 660 5467 2'29
682 5402 974 5485 desancto
991 5402 1295 5485 VVilhelmo
1324 5408 1495 5485 habet
1510 5426 1529 5485 _:
1552 5406 1803 5485 Instituit

211 5482 517 5540 etiam—vir
560 5485 658 5538 Dei
708 5483 1029 5536 Withetmus
1074 5484 1313 5550 exemplo
1352 5482 1802 5536 Cluniacensium

213 5555 667 5615 consuetudinem
697 5554 1028 5620 oblatarum,
1061 5570 1194 5622 quos
1222 5568 1446 5608 manere
1474 5554 1537 5605 in
1557 5552 1802 5619 pristino

216 5627 413 5683 habitu
440 5640 602 5682 sacra
620 5626 1007 5681 constitutione
1025 5627 1322 5695 permisit:
1344 5638 1585 5693 quorum
1602 5623 1803 5677 minis-

1886 4454 2004 4507 lum
2034 4461 2338 4526 antequam
2366 4457 2598 4512 ﬁniatur
2625 4464 2804 4516 oratio
2829 4450 2943 4531 illa,
2968 4466 3111 4520 Deus
3139 4450 3299 4536 cujus
3328 4470 3488 4527 mise-

1888 4548 2122 4611 ratione,
2172 4546 2243 4599 ad
2282 4547 2523 4616 gradum
2577 4551 2904 4619 procedunt,
2944 4559 3001 4609 et
3046 4540 3383 4610 inclinantes
3423 4571 3485 4611 se

1886 4637 2108 4686 tantum
2128 4630 2199 4687 ad
2220 4634 2416 4703 altare,
2436 4637 2631 4691 statim
2652 4639 2814 4693 ﬁnita
2833 4641 3107 4710 oratione,
3130 4632 3385 4698 litaniam
3402 4644 3485 4699 in-

1888 4719 2120 4791 cipiunt.
2156 4722 2462 4804 Praedictus
2496 4731 2685 4804 autem
2710 4718 3202 4797 hebdomadarius,
3233 4733 3485 4803 quotidie

1888 4810 1959 4865 ad
1988 4811 2259 4880 majorem
2284 4802 2535 4879 missam,
2568 4802 2700 4869 licet
2718 4816 2788 4893 de
2808 4817 3038 4873 sinistre
3056 4820 3224 4876 choro
3250 4802 3347 4888 sit,
3381 4810 3484 4881 sed

1889 4901 2112 4972 quando
2141 4918 2319 4973 cappa
2345 4901 2581 4956 amictus
2618 4903 2836 4976 incipit,
2870 4898 3064 4979 dexter
3091 4909 3292 4965 chorus
3320 4909 3482 4979 illum

1887 4991 2133 5061 adjuvat.
2167 4990 2401 5073 Quando
2429 4996 2620 5046 autem
2649 5008 2843 5049 omnes
2874 5012 3070 5073 sumus
3107 4983 3247 5073 albis
3274 4984 3479 5073 induti,

1886 5096 1998 5135 non
2018 5081 2088 5134 ad
2118 5096 2269 5149 eum,
2296 5069 2393 5136 sed
2413 5080 2485 5145 ad
2503 5081 2811 5137 armarium
2827 5072 3075 5159 pertinet
3306 5070 3482 5158 majo-

1884 5170 1963 5225 ris
1985 5170 2253 5226 ofﬁcium.

1889 5335 2026 5388 torio
2040 5336 2103 5387 in
2124 5336 2320 5388 multis
2331 5334 2420 5388 uti
2438 5332 2853 5387 rationabiliter
2863 5337 3156 5399 consuevit,
3173 5339 3236 5391 in
3253 5337 3339 5392 his
3360 5355 3477 5394 ma-

1884 5408 2049 5467 xime,
2076 5422 2192 5473 qua:
2213 5409 2277 5459 in
2300 5404 2475 5459 medio
2494 5404 2865 5469 szcnlarium,
2902 5422 3006 5477 quo
3026 5402 3287 5463 Barbatus
3314 5406 3477 5477 (Cons

1882 5481 2091 5545 versos)
2122 5480 2358 5541 mittere,
2382 5479 2465 5549 vet
2482 5477 2774 5549 monachos
2801 5491 2915 5532 non
2934 5474 3143 5544 licebat,
3166 5474 3477 5549 peragenda

1881 5550 2231 5611 videbantur.
2258 5548 2501 5607 Consule
2522 5548 2629 5605 loc.
2660 5548 2758 5606 cit.
