3934 6376
479 338 618 399 1007

1017 464 1253 520 CAPUT
1281 464 1527 520 LXXIX.

554 559 629 611 De
657 573 715 610 eo
744 557 844 624 qui
873 558 1093 608 notatus
1123 559 1196 606 est
1227 556 1300 607 ad
1322 558 1574 622 primam
1602 554 1990 621 anliphonam.

1505 341 1562 393 S.
1605 339 1997 394 GUILLELMI
2034 338 2338 396 ABBATIS
2376 340 2714 396 HIRSAUG.

3623 342 3767 403 1008

2091 467 2142 525 Α
2165 467 2313 536 quod
2343 467 2390 520 si
2418 466 2717 537 aliquando
2758 470 2888 537 post
2925 465 3233 521 familiares
3271 467 3518 538 psalmos
3546 470 3769 545 aliquid

2158 555 2414 625 sequitur
2458 554 2849 617 continuatim,
2878 556 2993 609 *ut
3037 561 3125 609 est
3170 557 3418 612 ofﬁcium
3451 559 3537 613 vel
3587 559 3771 613 missa

550 645 687 714 (UD.)
712 643 873 707 Quod
894 643 941 696 si
959 641 1432 696 hebdomadarius
1452 659 1565 696 non
1587 646 1690 707 est,
1719 647 1775 695 et
1792 647 1982 695 tamen
2004 642 2076 696 ad
2158 643 2570 710 defunctorum,
2602 643 2880 714 processio
2909 644 2994 697 vel
3026 644 3244 707 litania,
3275 662 3386 700 non
3418 647 3627 702 dicitur
3666 651 3768 703 Bc-

474 733 720 803 aliquam
744 736 1148 786 nocturnorum
1176 731 1543 802 antiphonam
1571 736 1657 785 est
1684 736 1929 795 notatus,
1946 747 2073 785 cum

472 820 808 890 imposuerit
834 836 959 874 eam
988 820 1148 874 ﬁnito
1170 820 1350 890 primo
1371 836 1533 873 versu
1555 819 1763 873 Psalmi
1788 820 1921 873 facit
1942 825 2072 873 ante

473 916 531 965 et
558 915 729 977 retro,
752 909 861 963 nisi
886 914 1083 963 contra
1100 910 1278 963 altare
1299 909 1372 962 sit
1397 928 1408 962 :
1432 925 1563 962 nam
1591 908 1671 961 illi
1693 925 1907 974 omnes,
1930 910 1951 931 ¹
1973 908 2069 979 qui

470 999 530 1053 in
562 1016 627 1053 eo
655 999 833 1053 latere
857 1003 1026 1063 stant,
1052 998 1147 1051 ubi
1168 1003 1253 1052 est
1277 998 1436 1051 sedes
1462 998 1654 1051 domni
1675 996 1912 1063 abbatis,
1934 1002 2070 1051 tunc

472 1093 695 1142 tantum
726 1087 784 1141 in
812 1088 1097 1141 anteriora
1124 1087 1417 1140 inclinant.
1438 1086 1597 1150 Quod
1617 1087 1664 1140 si
1687 1103 1810 1139 eam
1838 1086 2066 1139 omnino

470 1176 800 1247 neglexerit,
848 1176 931 1230 ita
958 1181 1023 1230 ut
1051 1176 1137 1230 ab
1151 1176 1261 1230 alio
1308 1175 1666 1246 incipiantur,
1699 1181 1931 1246 propter
1957 1176 2066 1229 hoc

469 1281 572 1321 nec
595 1265 692 1331 ibi,
717 1282 820 1319 nec
840 1269 1036 1335 postea
1056 1265 1111 1318 in
1135 1264 1377 1334 capitulo
1406 1263 1622 1317 veniam
1652 1268 1823 1329 petet,
1854 1262 1960 1316 nisi
1985 1263 2066 1316 in-

468 1355 743 1409 clamatus
787 1354 972 1408 fuerit.
1007 1354 1065 1408 Si
1093 1358 1282 1407 autem
1329 1353 1645 1423 incipiendo
1676 1368 1801 1405 eam
1832 1352 2059 1417 fallitur,

468 1444 660 1498 statim
681 1439 905 1497 veniam
923 1443 1065 1513 petit
1080 1442 1408 1513 priusquam
1431 1458 1489 1495 se
1506 1442 1763 1503 inclinet;
1795 1442 1842 1494 si
1870 1446 2062 1494 tamen

464 1533 525 1587 in
536 1532 705 1587 verbo
724 1532 957 1586 fallitur.
974 1532 1113 1585 Nam
1132 1536 1360 1608 prAOpter
1379 1529 1779 1601 Neumas(107)
1800 1546 1964 1582 nemo
1977 1545 2065 1581 ve-

463 1622 619 1676 niam
632 1621 792 1693 petit,
807 1621 941 1692 quia
955 1621 1056 1674 hoc
1074 1636 1175 1673 nec
1187 1624 1415 1673 sanctus
1431 1619 1764 1673 Benedictus
1777 1618 2057 1689 praecepit.

999 1708 1233 1762 CAPUT
1282 1707 1492 1761 LXXX.

632 1800 706 1854 De
735 1815 791 1853 eo
819 1801 920 1867 qui
948 1802 1177 1851 notatur
1205 1797 1277 1849 ad
1305 1798 1557 1865 aliquam
1588 1798 1891 1848 lectionem.

532 1888 593 1943 Si
638 1888 710 1942 ad
754 1888 1052 1942 lectionem
1100 1890 1186 1939 est
1227 1889 1473 1949 notatus,
1527 1888 1830 1953 antequam
1882 1883 2051 1953 legat,

458 1976 685 2030 veniens
726 1976 798 2030 ad
842 1975 1080 2046 gradum
1130 1974 1264 2028 facit
1293 1978 1423 2027 ante
1452 1978 1509 2026 et
1537 1978 1707 2038 retro,
1740 1977 1796 2025 et
1824 1972 1954 2025 inde
1982 1972 2054 2025 ad

455 2065 776 2135 analogium
809 2066 1052 2119 multum
1081 2063 1305 2117 inclinis
1333 2062 1545 2116 accedit
1572 2068 1628 2114 et
1652 2061 1862 2115 recedit
1886 2080 1898 2127 ;
1944 2061 2052 2114 nisi

455 2170 523 2209 ea
549 2154 687 2221 vice,
708 2155 931 2226 quando
961 2158 1267 2208 conventus
1296 2152 1544 2205 nondum
1570 2150 1852 2217 consedit;
1888 2150 1936 2204 si
1970 2156 2051 2203 ta-

452 2259 586 2298 men
605 2243 927 2314 analogium
950 2242 1028 2296 ita
1058 2246 1145 2295 est
1172 2240 1435 2311 positum,
1454 2245 1518 2293 ut
1536 2240 1782 2293 lecturus
1808 2239 2049 2293 transire

449 2332 654 2388 debeat
677 2350 779 2404 per
811 2337 1173 2388 conventum.
1215 2333 1344 2399 (00.)
1377 2330 1682 2399 Postquam
1724 2329 2043 2399 perlegerit,

448 2437 647 2476 rursus
676 2422 747 2475 ad
785 2421 1026 2491 gradum
1072 2436 1185 2474 non
1217 2420 1397 2473 solum
1443 2424 1575 2473 ante
1615 2424 1673 2472 et
1713 2424 1863 2472 retro
1892 2418 2044 2482 facit,

448 2510 548 2564 sed
574 2510 746 2563 etiam
772 2509 928 2562 illam
952 2508 1173 2563 veniam
1202 2524 1372 2578 super
1400 2524 1599 2561 manus
1630 2512 1686 2561 et
1711 2523 1898 2577 genua
1925 2523 2047 2578 pre-

445 2598 642 2652 mittit.
674 2599 834 2666 (ναν.)
859 2600 906 2651 Α
937 2615 1046 2668 quo
1077 2598 1246 2651 etiam
1265 2597 1576 2651 notandum
1605 2596 1708 2650 hoc
1726 2596 1898 2649 moris
1921 2612 2043 2650 esse

439 2686 640 2752 nostri,
672 2692 737 2741 ut
778 2703 843 2740 eo
886 2692 1158 2757 tempore,
1206 2703 1315 2756 quo
1366 2686 1651 2757 pr0pheta2
1689 2685 1956 2754 leguntur
1984 2686 2043 2738 in

439 2775 692 2841 ecclesia,
726 2775 891 2830 lectio
942 2775 1263 2847 pr0phetice
1300 2775 1591 2845 incipiens,
1638 2774 1734 2829 sed
1778 2773 2041 2827 historice

438 2864 661 2931 ﬁniens,
708 2881 838 2919 cum
876 2866 955 2918 Tu
984 2870 1171 2919 autem
1204 2883 1220 2918 :
1259 2864 1523 2918 historice
1570 2880 1699 2917 vero
1744 2863 2034 2933 incipiens,

438 2954 538 3008 sed
560 2954 886 3024 pr0phetice
911 2953 1130 3014 ﬁniens,
1157 2969 1284 3007 cum
1315 2955 1433 3008 Ilzec
1462 2955 1594 3006 dicit
1626 2955 1894 3006 Dominus
1922 2957 2037 3005 ter-

437 3042 714 3110 minatur;
732 3045 754 3066 *
776 3044 853 3097 Tu
873 3048 1058 3096 autem
1071 3043 1244 3096 etiam
1264 3042 1470 3096 dicitur
1485 3042 1557 3095 ad
1576 3042 1747 3095 ﬁnem
1766 3042 2038 3112 cujusque

437 3131 644 3186 codicis
663 3131 1066 3203 prophetarum
1090 3131 1338 3202 perlecti.

984 3221 1218 3274 CAPUT
1255 3217 1498 3273 LXXXI.

560 3311 635 3364 De
664 3326 722 3363 eo
750 3313 850 3378 qui
875 3314 1105 3363 notatur
1131 3311 1203 3361 ad
1228 3310 1455 3376 aliquod
1484 3311 1910 3376 responsorium.

513 3398 651 3469 (UD.)
671 3398 831 3462 Quod
847 3398 894 3451 si
909 3399 982 3451 ad
1000 3396 1421 3468 responsorium
1439 3402 1687 3463 notatur,
1704 3398 1792 3451 hic
1807 3399 2034 3469 quidem

436 3488 728 3542 moderate
759 3487 1009 3551 inclinat,
1041 3492 1098 3540 et
1126 3491 1428 3557 antequam
1470 3486 1727 3557 imponat
1756 3493 1813 3541 et
1841 3493 2035 3558 postea

437 3577 599 3631 ﬁnito
632 3593 792 3631 versu
819 3577 907 3630 vel
946 3577 1132 3630 Gloria
1161 3577 1339 3642 Patri,
1378 3575 1445 3642 (si
1476 3576 1581 3629 hoc
1610 3581 1694 3629 est
1721 3577 2033 3647 adjungen-

436 3666 590 3734 dum)
622 3666 756 3720 facit
783 3671 841 3720 et
866 3665 944 3719 ibi
990 3670 1119 3719 ante
1149 3669 1205 3718 et
1233 3669 1403 3730 retro,
1449 3669 1506 3718 et
1545 3670 1673 3735 post
1702 3681 1922 3719 versum
1962 3666 2033 3719 ad

436 3754 593 3809 aliud
622 3759 970 3809 momentum
1000 3754 1265 3807 inclinem
1306 3770 1366 3807 se
1396 3753 1696 3807 submittit.
1730 3754 1800 3807 Et
1827 3754 1874 3807 si
1903 3770 2033 3809 cum

436 3843 547 3899 alio
574 3848 663 3898 est
689 3848 1040 3908 cantaturus,
1072 3844 1143 3896 ad
1172 3843 1411 3912 gradum
1442 3841 1709 3895 cantabit.

970 3932 1203 3987 CAPUT
1231 3932 1499 3985 LXXXII.

810 4025 884 4077 De
909 4023 1179 4075 sacerdote
1210 4020 1649 4074 lwbdomadario.

509 4114 647 4181 (01).)
660 4111 821 4176 Quod
837 4111 883 4164 si
897 4109 1140 4180 scriptus
1163 4112 1266 4174 est,
1279 4114 1343 4163 ut
1362 4109 1672 4163 sacerdotio
1692 4109 1961 4179 fungatur
1976 4116 2033 4163 et

433 4202 493 4255 in
520 4200 781 4272 praesenti
807 4198 1125 4269 septimana
1144 4199 1417 4268 majorem
1441 4198 1672 4252 missam
1700 4199 2026 4265 cantavcrit,

434 4288 604 4343 etiam
633 4287 892 4359 sequenti
923 4287 1203 4341 matutino
1235 4286 1483 4340 cantabit
1511 4287 1780 4358 aliquam,
1823 4289 1937 4341 sive
1968 4288 2027 4341 in

2158 736 2477 787 nedicamus
2500 736 2748 788 Domino.
2766 732 2826 787 Si
2844 733 2967 803 quis
2983 750 3100 805 prae
3120 740 3424 801 senectute,
3442 736 3528 790 vel
3545 737 3769 808 ingenii

2154 823 2420 876 tarditate
2448 822 2771 893 praescripta
2804 838 2913 875 non
2958 827 3144 892 potest
3171 824 3498 878 memoriter
3519 824 3761 892 discere,

2153 912 2306 965 nullo
2342 912 2507 965 modo
2538 912 2589 964 ei
2617 910 2943 964 conceditur
2966 910 3275 981 quidquam
3303 911 3508 966 horum
3538 913 3595 966 in
3623 930 3765 969 con-

2150 1006 2319 1054 ventu
2349 1005 2545 1054 contra
2573 998 2828 1052 ordinem
2855 1000 3056 1052 facere.
3099 1000 3230 1068 (01).)
3264 1000 3367 1054 Cui
3398 1005 3611 1068 autem,
3649 1002 3765 1057 hoc

2150 1088 2404 1158 exigente
2468 1087 2872 1153 convenientia,
2934 1088 3277 1154 conceditur,
3340 1090 3765 1159 quantumlibet

2149 1177 2352 1230 sciolus
2383 1174 2489 1230 sibi
2517 1177 2586 1229 de
2617 1174 2874 1229 omnibus
2905 1175 3179 1242 videatur,
3214 1182 3407 1231 tamen
3444 1194 3557 1232 non
3584 1179 3762 1235 debet

2147 1265 2451 1334 dedignare
2495 1266 2839 1335 frequenter,
2874 1263 3019 1317 sicut
3060 1269 3117 1318 et
3156 1265 3342 1319 caeteri
3389 1272 3626 1333 omnes,"
3655 1285 3759 1339 qm

2146 1355 2218 1407 ad
2246 1353 2474 1423 aliquod
2496 1353 2747 1406 divinum
2777 1352 3024 1406 ofﬁcium
3051 1359 3184 1406 sunt
3214 1356 3509 1423 przenotati
3530 1356 3600 1409 de
3631 1357 3760 1427 qui-

2144 1441 2248 1496 bus
2278 1442 2475 1496 incerti
2506 1448 2656 1507 sunt,
2704 1441 3013 1495 armarium
3045 1442 3415 1512 interrogare.
3451 1447 3478 1470 *
3509 1444 3567 1499 Si
3615 1446 3755 1502 inde

2142 1530 2326 1583 locum
2356 1528 2544 1593 habet,
2574 1529 2644 1582 ad
2671 1530 2909 1583 formam
2936 1529 3019 1582 vel
3039 1529 3097 1582 in
3117 1530 3470 1585 extremitate
3490 1532 3748 1602 parietis,

2143 1636 2244 1689 per
2266 1618 2419 1671 illam
2449 1618 2856 1671 hebdomadam
2886 1617 3108 1688 quando
3133 1624 3363 1673 notatur
3386 1620 3458 1673 ad
3487 1621 3747 1689 missam,

2142 1708 2297 1760 locus
2328 1708 2378 1759 ei
2410 1722 2715 1776 parumper
2743 1706 2910 1759 altior
2937 1706 3006 1759 ad
3028 1706 3299 1776 parietem
3329 1713 3413 1761 est
3440 1710 3750 1764 conceden-

2075 1777 2244 1849 Bdus
2277 1801 2505 1867 propter
2541 1795 2914 1848 reverentiam
2956 1794 3196 1864 injuncti
3227 1795 3333 1849 sibi
3362 1797 3551 1864 ofﬁcii,
3584 1803 3645 1851 et
3682 1805 3751 1854 ut

2139 1889 2522 1954 competenter
2562 1900 2596 1936 a
2642 1889 2919 1936 conventu
2952 1884 3128 1953 possit
3178 1883 3380 1938 audiri.
3415 1885 3522 1949 Qui
3568 1887 3749 1941 etiam

2139 1970 2431 2025 observare
2470 1970 2635 2025 debet
2664 1977 2728 2025 ut
2772 1972 2987 2025 nullam
3031 1971 3229 2025 horam
3276 1972 3517 2041 inchoet,
3550 1975 3747 2045 prius-

2137 2077 2306 2129 quam
2338 2061 2561 2129 signum
2593 2060 2929 2113 dimittatur.
2968 2060 3195 2123 Quoties
3224 2066 3414 2115 autem
3441 2062 3745 2120 duodecim

2134 2149 2278 2203 ﬁunt
2305 2149 2573 2203 lectiones
2613 2149 2763 2202 inter
2790 2153 3019 2203 cantum
3062 2149 3148 2203 vel
3191 2149 3366 2220 prius,
3399 2150 3446 2204 si
3476 2152 3737 2220 voluerit,

2132 2238 2202 2291 ad
2231 2237 2564 2292 lavatorium
2595 2253 2797 2290 manus
2826 2238 3011 2290 lavare
3040 2236 3235 2305 debet;
3270 2255 3441 2309 quare
3465 2246 3595 2311 post
3632 2258 3740 2297 no-

2131 2330 2359 2380 cturnos
2399 2342 2510 2379 non
2549 2326 2705 2396 prius
2735 2326 2849 2379 exit
2874 2327 2943 2379 de
2982 2327 3171 2392 choro,
3200 2341 3297 2382 τι).
3344 2344 3514 2399 quam
3543 2346 3611 2384 ex
3649 2331 3738 2385 al-

2129 2415 2446 2468 ternatione
2491 2414 2905 2468 modulantium
2953 2419 3185 2469 ventum
3229 2414 3398 2470 fuerit
3454 2417 3525 2471 ad
3570 2418 3735 2475 illum

2129 2522 2350 2559 versum
2382 2507 2540 2559 Pleni
2576 2510 2709 2558 sunt
2752 2508 2914 2559 cali:
2963 2505 3058 2558 sed
3108 2510 3243 2560 tunc
3297 2507 3487 2561 exiens
3536 2510 3735 2565 statim

2128 2594 2435 2648 sacrarium
2478 2594 2672 2647 intrat.
2728 2593 2964 2646 vestitur
3002 2594 3147 2661 alba,
3194 2595 3359 2660 stola,
3410 2602 3466 2650 et
3514 2599 3730 2667 casula,

2127 2684 2481 2753 perlectoque
2538 2681 2837 2751 Evangelio
2888 2683 3170 2745 audiente,
3211 2683 3260 2737 si
3312 2701 3450 2755 opus
3488 2691 3592 2751 est,
3642 2705 3735 2742 ar-

2125 2772 2341 2839 mario;
2386 2776 2410 2797 *
2452 2771 2660 2824 ibidem
2698 2771 2829 2825 thus
2868 2771 3127 2842 imponit,
3160 2777 3217 2826 et
3254 2772 3333 2826 sic
3366 2773 3434 2828 de
3464 2775 3731 2831 vestiario

2121 2876 2250 2913 cum
2281 2859 2635 2931 processione
2664 2860 2893 2925 incedit,
2943 2865 3007 2914 ut
3050 2860 3359 2915 sacrarium
3388 2862 3601 2917 intrare
3630 2882 3731 2919 va-

2120 2949 2232 3002 leat
2261 2949 2357 3003 illo
2397 2948 2669 3003 versiculo
2712 2951 2814 3002 Per
2842 2952 3091 3017 singulos
3131 2952 3245 3003 dies
3292 2951 3593 3021 imposito;
3625 2966 3724 3007 οι).

2120 3041 2450 3108 textumque
2474 3036 2777 3108 Evangelii,
2804 3054 2971 3107 quem
2994 3044 3315 3093 reverenter
3333 3039 3482 3094 inter
3498 3040 3734 3095 brachia

2119 3132 2326 3197 portat,
2372 3127 2608 3181 reclinat
2636 3127 2707 3180 ad
2748 3132 2960 3197 pectus,
2992 3128 3053 3181 in
3088 3129 3272 3183 medio
3306 3129 3501 3184 altaris
3544 3131 3727 3201 ponit,

2118 3230 2285 3284 quem
2316 3216 2488 3269 etiam
2515 3215 2575 3269 in
2605 3216 2832 3270 modum
2864 3217 3043 3271 crucis
3069 3216 3341 3285 incensat,
3376 3217 3566 3289 ibique
3592 3226 3731 3275 ante

2117 3305 2295 3358 altare
2340 3304 2411 3358 ad
2443 3304 2756 3359 orationem
2786 3306 3137 3359 Dominicam
3184 3323 3244 3360 se
3277 3307 3530 3362 inclinat.
3556 3307 3735 3378 (ναν.)

2115 3392 2257 3447 Cum
2281 3398 2509 3447 ventum
2533 3393 2703 3447 fuerit
2729 3394 2801 3448 ad
2830 3394 2990 3449 illum
3014 3412 3260 3464 versum,
3282 3398 3350 3450 In
3373 3401 3439 3464 te,
3459 3399 3716 3472 Domine,

2116 3485 2349 3549 speravi,
2384 3487 2603 3536 erectus
2656 3482 2843 3552 signat
2870 3499 2949 3544 se,
2983 3499 3048 3537 ac
3084 3484 3407 3539 deosculato
3455 3484 3622 3539 altari
3651 3486 3727 3540 li-

2117 3570 2279 3625 brum
2300 3570 2467 3637 tollit,
2503 3577 2561 3625 et
2589 3571 2817 3638 iterum,
2842 3571 2989 3625 sicut
3008 3572 3165 3642 prius
3196 3572 3346 3627 inter
3365 3573 3594 3628 brachia
3622 3574 3726 3629 de-

2116 3666 2308 3713 center
2335 3665 2511 3730 aptat,
2544 3666 2607 3715 ut
2646 3660 2759 3714 viso
2806 3661 3004 3714 eodem
3053 3661 3340 3731 Evangelii
3383 3662 3526 3717 libro
3574 3679 3724 3719 con-

2115 3759 2313 3809 ventus
2360 3771 2419 3808 se
2462 3754 2710 3818 inclinet,
2743 3756 2763 3777 *
2794 3754 2984 3823 sicque
3033 3754 3103 3808 ad
3152 3756 3475 3827 analogium
3513 3757 3717 3812 tendit.

2118 3844 2223 3897 Sed
2254 3859 2573 3909 conversus,
2606 3843 2702 3912 qui
2739 3841 3091 3897 thuribulum
3130 3850 3337 3914 portat,
3372 3846 3720 3915 praeveniens

2116 3933 2379 3985 eumdem
2423 3932 2792 3999 sacerdotem,
2830 3930 3153 4001 analogiam
3182 3932 3239 3985 in
3272 3934 3501 3987 modum
3533 3937 3719 3991 crucis

2114 4021 2387 4088 incensat,
2403 4021 2779 4091 recedensque
2799 4036 2914 4074 non
2934 4019 3196 4088 inclinat;
3228 4020 3372 4076 lecto
3392 4022 3715 4094 Evangelio,

2115 4116 2172 4163 et
2200 4111 2414 4164 caeteris
2449 4112 2590 4180 (quas
2618 4114 2753 4163 tunc
2781 4109 2998 4179 agenda
3017 4114 3243 4163 sanctus
3266 4110 3518 4182 praecipit
3541 4112 3720 4167 Bene-

2114 4196 2319 4268 dictus)
2372 4198 2480 4252 rite
2530 4199 2791 4268 peractis,
2851 4198 3181 4269 priusquam
3241 4199 3394 4255 idem
3453 4202 3746 4258 sacerdos'

2110 4287 2450 4341 matutinum
2478 4286 2787 4357 incoeperit,
2812 4304 2905 4341 ω).
2942 4303 3055 4342 non
3086 4304 3145 4341 se
3176 4294 3363 4343 movet
3390 4306 3424 4344 a
3448 4290 3591 4359 loco,
3615 4308 3716 4347 us-

431 4377 793 4443 monasterio,
828 4376 941 4430 sive
984 4377 1055 4430 ad
1102 4377 1158 4431 S.
1192 4374 1431 4430 Mariam
1472 4376 1768 4430 cantanda.
1802 4377 1868 4431 In
1904 4376 2026 4447 ipso
2045 4408 2091 4466 Β
2110 4392 2219 4447 que
2246 4376 2380 4430 dum
2411 4375 2616 4429 dixerit
2638 4392 2765 4429 cum
2787 4375 2912 4429 aliis
2938 4394 2949 4430 :
2977 4377 3166 4431 Gloria
3190 4380 3368 4441 Patri,
3393 4379 3712 4450 aliquantu-

430 4482 657 4520 accessu
704 4465 972 4520 diaconus
1018 4471 1075 4519 et
1124 4464 1496 4520 subdiaconus
1539 4465 1776 4519 linteum
1832 4465 2026 4520 altaris
2048 4462 2079 4466 ”
2109 4465 2227 4519 lum
2261 4462 2556 4518 inclinans.
2591 4464 2804 4530 Quibus
2834 4481 2893 4518 se
2923 4464 3287 4535 erigentibus,
3329 4466 3450 4538 ipse
3475 4470 3707 4525 recedit.

430 4555 725 4626 explicant,
745 4556 1011 4625 itemque,
1036 4554 1196 4608 ﬁnita
1231 4555 1421 4619 missa,
1458 4554 1813 4624 complicant.
1835 4556 2026 4609 UD.De

428 4644 517 4698 his
555 4649 765 4710 autem,
818 4660 940 4715 quae
973 4644 1231 4698 sacerdos
1261 4643 1512 4697 dicturus
1560 4648 1662 4708 est,
1705 4660 1816 4696 non
1847 4659 2025 4714 pauca

426 4733 594 4788 corde
622 4739 786 4788 tenus
814 4733 957 4787 scire
985 4733 1171 4799 debet,
1207 4733 1454 4803 primum
1501 4736 1617 4785 tres
1663 4732 1921 4786 collectas
1950 4733 2021 4787 ad

424 4828 652 4877 cantum
675 4822 993 4895 quindecim
1020 4822 1299 4892 graduum
1329 4826 1459 4874 ante
1496 4825 1816 4887 nocturnos,
1845 4822 1951 4885 vel,
1973 4821 2020 4875 si

421 4913 734 4984 psalmodia
763 4911 1117 4984 protenditur
1140 4926 1319 4980 usque
1339 4909 1410 4962 ad
1433 4910 1604 4963 ﬁnem
1623 4910 1894 4980 psalterii,
1912 4911 2021 4964 col-

420 5001 593 5056 lectas
619 5002 690 5055 ad
721 5000 990 5070 suffragia
1017 5004 1357 5063 sanctorum,
1381 4998 1639 5052 collectas
1668 4999 1740 5052 ad
1772 4999 2018 5053 ofﬁcium

415 5109 520 5164 pro
557 5091 819 5147 ﬁdelibus
856 5089 1153 5155 defunctis,
1212 5088 1471 5142 collectas
1509 5089 1580 5143 ad
1616 5088 1861 5161 psalmos
1916 5106 2017 5160 pro

415 5180 805 5241 familiaribus,
827 5179 1087 5234 collectas
1107 5177 1178 5230 ad
1198 5178 1566 5248 psalmodiam
1587 5180 1727 5232 Deus
1756 5181 2008 5242 auribus,

414 5286 642 5326 cursum
667 5269 739 5323 ad
780 5283 1057 5322 rasuram.
1082 5267 1103 5289 ⁴’
1124 5266 1273 5320 Usus
1307 5282 1527 5337 quoque
1568 5273 1790 5322 nostros
1816 5268 2011 5321 multi-

410 5361 551 5415 farie
582 5359 725 5413 scire
771 5357 956 5423 debet,
1005 5355 1245 5410 maxime
1272 5355 1331 5409 in
1379 5357 1625 5411 collectis
1673 5357 1922 5412 dicendis
1955 5363 2012 5412 et

411 5448 756 5514 ordinandis,
781 5463 872 5502 un.
900 5451 964 5500 ut
992 5446 1051 5500 in
1083 5451 1356 5500 conventu
1386 5446 1528 5499 nihil
1558 5462 1807 5516 unquam
1836 5446 2003 5515 dicat,

410 5538 560 5607 quod
580 5537 650 5590 ab
666 5553 772 5591 usu
793 5537 909 5590 ullo
932 5535 1097 5589 modo
1118 5535 1407 5590 dissideat.
1428 5534 1581 5589 Scire
1601 5540 1791 5589 autem
1818 5535 2003 5604 debet,

481 5640 620 5713 (107)
651 5641 792 5696 Vide
822 5658 907 5709 ea,
940 5658 1063 5713 quae
1092 5642 1161 5696 de
1186 5642 1421 5697 Neumis
1449 5658 1622 5714 supra
1650 5642 1914 5699 diximus.

2108 4554 2317 4608 Verum
2347 4571 2569 4625 semper
2614 4555 2904 4620 accelerat,
2952 4560 3017 4608 ut
3064 4555 3220 4625 prius
3261 4556 3336 4609 sit
3364 4573 3623 4613 reversus
3650 4559 3711 4615 in

2108 4643 2360 4709 chorum,
2383 4645 2404 4667 θ
2429 4659 2596 4714 quam
2618 4642 2831 4713 primus
2850 4643 3100 4714 psalmus
3122 4644 3528 4701 matutinorum
3550 4648 3712 4703 ﬁnia-

2106 4739 2238 4787 tur:
2283 4738 2339 4786 et
2376 4733 2424 4786 si
2464 4734 2640 4786 Venite
2667 4732 2726 4786 in
2776 4731 2915 4786 albis
2955 4733 3195 4801 canitur,
3234 4734 3355 4805 ipse
3393 4734 3615 4792 albatus
3648 4739 3709 4794 in

2101 4823 2332 4876 chorum
2387 4821 2706 4875 revertitur.
2744 4822 2802 4875 Si
2844 4821 3091 4892 quinque
3137 4823 3478 4879 candelabra
3505 4826 3711 4883 viderit

2101 4915 2232 4964 ante
2260 4908 2566 4980 principale
2602 4909 2798 4975 altare,
2850 4926 3028 4980 cappa
3053 4908 3220 4964 debet
3246 4910 3479 4966 indutus
3508 4913 3707 4971 incen-

2101 5017 2246 5067 sare,
2279 5008 2336 5053 et
2362 5004 2497 5053 tunc
2524 4999 2672 5053 infra
2690 4999 2964 5070 hymnum
2985 4999 3116 5067 exit,
3137 5006 3202 5054 ut
3232 5000 3429 5056 eadem
3448 5018 3627 5075 cappa
3645 5024 3706 5061 se

2096 5088 2344 5143 inducat.
2385 5090 2557 5154 Tunc,
2590 5088 2811 5142 etiamsi
2840 5088 3110 5142 domnum
3145 5088 3407 5144 abbatem
3444 5092 3505 5145 in
3535 5093 3703 5151 choro

2095 5178 2403 5249 reliquerit,
2427 5183 2485 5232 et
2503 5177 2550 5231 si
2568 5177 2727 5231 illum
2745 5176 3112 5247 antiphonam
3128 5177 3415 5249 imponere
3437 5180 3699 5251 audierit,

2094 5283 2220 5321 cum
2247 5282 2458 5332 acerra,
2492 5266 2717 5337 quando
2746 5264 3025 5320 canticum
3042 5267 3361 5321 Benedictus
3380 5267 3697 5342 inchoatur,

2093 5356 2163 5410 ad
2193 5372 2322 5410 eum
2349 5355 2580 5420 accedit,
2614 5359 2884 5426 sequente
2915 5371 3179 5409 converso
3209 5371 3337 5409 cum
3381 5356 3693 5424 thuribulo,

2092 5453 2148 5502 et
2184 5464 2311 5502 cum
2360 5447 2703 5501 osculatione
2744 5463 2966 5514 manus,
3009 5447 3143 5502 thus
3194 5447 3245 5501 ei
3293 5448 3699 5520 imponendum

2089 5537 2344 5610 porrigit.
2376 5536 2536 5600 Quod
2564 5536 2612 5590 si
2648 5536 2889 5591 domnus
2920 5535 3064 5591 abba
3103 5541 3239 5592 tunc
3276 5537 3337 5592 in
3379 5538 3552 5595 choro
3582 5557 3697 5598 non
