3934 6366
1729 292 1757 316 α

238 369 379 429 1009

1251 371 1672 428 CONSTITUT.
1717 371 2056 429 HIRSAUG.
2097 402 2170 413 —
2206 373 2343 428 LIB.
2384 376 2429 429 Ι.

3379 361 3518 422 1010

231 500 341 563 est,
372 496 496 567 ipse
520 495 579 550 in
608 495 864 551 sacristia
891 497 1060 552 thure
1081 497 1343 569 imposito
1374 498 1725 554 thuribulum
1754 503 1903 560 ac-A
1928 515 2031 569 per
2068 499 2345 553 minorem
2383 500 2617 553 chorum
2664 496 2902 552 discedit
2927 494 2999 549 ad
3027 491 3292 547 lavandos
3319 490 3511 562 pedes,

229 584 385 655 cipit,
429 590 485 640 et
535 585 606 639 ad
643 585 871 640 initium
908 585 1162 657 praedicti
1200 586 1401 642 cantici
1453 587 1837 642 sanctuarium

227 674 423 741 intrat,
448 677 514 730 ut
536 674 717 730 altare
744 674 1015 730 incenset.

739 763 973 819 CAPUT
1021 764 1320 819 LXXXIII.

502 852 774 920 Quomodo
797 854 1011 907 altaria
1039 855 1326 907 incensore
1357 854 1559 907 debeat.

297 941 479 1011 (var.)
504 940 709 997 Modus
737 947 927 996 autem
947 941 1275 996 incensandi
1293 942 1386 996 hic
1414 948 1516 997 est.
1550 941 1617 996 In
1638 942 1833 1014 primis

224 1028 430 1084 faciem
461 1030 658 1085 altaris
711 1031 968 1085 incensat
1013 1030 1193 1085 tribus
1237 1030 1469 1098 vicibus,
1503 1031 1704 1086 deinde
1732 1048 1832 1103 per

223 1123 345 1173 tres
376 1118 523 1174 vices
551 1120 1068 1191 superﬁciem,item
1088 1119 1147 1174 in
1171 1120 1354 1174 medio
1379 1121 1596 1186 altaris,
1628 1120 1830 1175 deinde

224 1212 536 1279 utrumque
565 1225 741 1263 cornu
768 1208 950 1263 tribus
977 1208 1189 1263 vicibus
1223 1209 1281 1263 in
1312 1209 1623 1280 superﬁcie,
1657 1215 1711 1264 et
1741 1226 1829 1263 se-

226 1298 343 1351 mel
362 1298 421 1351 in
449 1303 829 1352 transversum
852 1317 864 1365 ;
885 1302 1079 1369 postea
1101 1303 1404 1369 utrumque
1432 1299 1580 1352 latus
1610 1298 1754 1352 sicut
1778 1303 1835 1352 et

229 1385 434 1440 faciem
461 1404 474 1454 ;
497 1391 780 1458 postremo
811 1386 907 1441 ubi
933 1393 1082 1441 retro
1121 1394 1270 1441 stare
1299 1388 1481 1441 solent
1501 1387 1750 1457 reliquiae
1776 1393 1833 1441 et

227 1474 485 1545 plenaria
513 1473 656 1544 (-108)
688 1476 747 1530 in
774 1480 1014 1546 utraque
1057 1481 1216 1546 parte
1246 1482 1334 1529 ter
1376 1476 1570 1545 dirigit
1599 1493 1829 1530 manum

227 1578 354 1616 cum
389 1562 638 1617 incenso.
671 1563 875 1617 Postea
907 1580 1033 1617 vero
1075 1563 1330 1618 incensat
1362 1564 1565 1618 altaria
1609 1565 1831 1619 minora

224 1651 401 1705 choro
432 1652 704 1722 proxima,
741 1656 799 1705 et
828 1652 886 1709 S.
919 1652 1112 1707 Crucis
1157 1653 1355 1719 altare,
1408 1653 1618 1708 faciens
1660 1670 1831 1725 super

222 1739 455 1811 singula
481 1757 608 1793 cum
633 1741 861 1795 incenso
891 1742 1064 1795 semel
1086 1742 1265 1796 crucis
1284 1742 1525 1812 signum.
1545 1746 1566 1765 *
1585 1743 1642 1797 Si
1671 1743 1828 1812 cujus

1917 586 2106 657 sicque
2135 588 2428 653 accelerat,
2454 591 2521 641 ut
2549 585 2879 657 tempestive
2908 584 3165 653 imponat
3182 580 3313 634 thus
3332 578 3389 633 in
3425 593 3515 632 ve-

1918 674 2132 741 stiario,
2167 693 2258 729 ω).
2285 680 2343 729 et
2370 676 2450 729 sic
2476 675 2746 729 accedens
2765 674 2835 727 ad
2865 673 3041 727 altare
3070 673 3258 741 portat
3282 667 3403 738 ipse
3429 682 3517 720 co-

1917 764 2096 818 dicem
2119 766 2405 820 missalem
2432 766 2491 819 in
2520 765 2748 821 brachio
2778 763 3021 819 sinistro.

1988 856 2008 878 *
2040 854 2099 908 Si
2129 855 2253 925 quis
2280 855 2573 925 episcopus
2599 855 2687 908 vel
2717 852 2887 907 abbas
2914 850 3144 904 missam
3164 852 3394 903 cantare
3422 844 3517 900 de-

1913 941 2255 1008 bet,diaconi
2287 943 2409 1013 ejus
2443 943 2685 997 eundem
2713 941 2997 995 missalem
3026 942 3255 1010 portare
3282 934 3507 990 debent.

1917 1032 2027 1100 (ω).
2051 1034 2194 1102 var.)
2222 1032 2342 1096 Quo
2371 1032 2624 1103 deposito
2648 1031 2708 1085 in
2735 1031 2992 1084 dextrum
3009 1043 3185 1082 cornu
3206 1024 3404 1080 altaris
3423 1023 3513 1078 in-

1912 1120 2084 1175 clinat
2110 1138 2170 1175 se
2199 1127 2395 1176 contra
2412 1121 2660 1176 medium
2682 1119 2875 1174 altaris
2890 1118 2962 1172 ad
2986 1116 3299 1172 orationem
3330 1112 3513 1168 maxi-

1914 1226 2003 1264 me
2034 1210 2403 1265 Dominicam.
2447 1211 2569 1275 Qua
2610 1210 2890 1281 completa
2940 1206 3202 1261 muniens
3243 1219 3304 1258 se
3350 1201 3511 1272 signo

1915 1297 2113 1363 crucis,
2148 1299 2434 1353 osculatur
2478 1300 2656 1353 altare
2704 1304 2759 1353 et
2802 1302 3017 1352 textum
3047 1291 3334 1364 Evangelii
3362 1292 3512 1347 clau-

1914 1403 2039 1440 sum
2065 1405 2077 1455 ;
2110 1387 2156 1441 si
2189 1393 2379 1442 tamen
2408 1388 2598 1459 aliquo
2618 1387 2759 1442 fabri
2779 1403 2945 1458 opere
2971 1383 3215 1440 exterius
3243 1386 3330 1436 est
3350 1381 3510 1437 deco-

1913 1481 2096 1544 ratus;
2117 1477 2204 1530 sin
2220 1481 2429 1543 autem,
2456 1482 2734 1548 apertum.
2759 1478 2780 1501 ⁴¹
2809 1475 3023 1531 Deinde
3042 1475 3139 1528 dat
3166 1473 3351 1528 locum
3385 1470 3511 1525 dia-

1911 1580 2072 1631 cono,
2106 1570 2171 1619 ut
2198 1571 2349 1620 stare
2374 1567 2554 1637 possit
2580 1581 2754 1637 prope
2785 1565 3044 1618 dextrum
3071 1579 3246 1617 cornu
3274 1559 3507 1627 altaris;

1910 1655 2030 1726 ipse
2061 1660 2173 1709 stat
2198 1673 2371 1727 prope
2400 1656 2712 1722 sinistrum,
2748 1660 2807 1709 et
2839 1654 3061 1708 inclinis
3102 1656 3300 1707 contra
3325 1649 3509 1704 diaco-

1911 1761 2047 1798 num
2078 1749 2135 1797 et
2162 1744 2563 1799 subdiaconum
2590 1764 2600 1799 :
2633 1743 3136 1798 similiterinclines
3155 1741 3347 1795 dicant
3374 1754 3508 1793 con-

224 1830 282 1883 S.
316 1829 570 1900 reliquiae
598 1834 731 1883 sunt
757 1829 817 1883 in
843 1830 1055 1900 capella
1089 1831 1146 1886 S.
1180 1831 1387 1896 Marize,
1429 1832 1587 1901 cujus
1615 1831 1828 1885 festivi-
1848 1812 2230 1889 Bfessionem.
2250 1849 2347 1891 UD.
2369 1835 2541 1904 Cujus
2561 1834 2733 1887 etiam
2760 1834 2941 1887 forma
2960 1832 3041 1886 ita
3057 1835 3143 1886 est
3161 1827 3509 1902 praescripta,

218 1922 309 1972 tas
340 1922 449 1982 est,
477 1918 611 1972 illuc
634 1935 857 1989 quoque
879 1919 1051 1987 vadit,
1082 1924 1139 1973 et
1165 1920 1347 1974 solum
1372 1920 1511 1974 illud
1538 1921 1733 1987 altare,
1768 1921 1827 1974 in

220 2023 330 2077 quo
390 2011 525 2061 sunt
570 2007 841 2078 reliquiae,
872 2008 1043 2062 simili
1073 2008 1259 2076 modo,
1291 2015 1355 2063 ut
1382 2015 1583 2063 caetera
1610 2010 1829 2064 minora

218 2095 428 2150 altaria
454 2096 787 2150 incensabit.
809 2096 1043 2163 Deinde,
1068 2097 1115 2150 si
1142 2099 1381 2152 domnus
1404 2099 1566 2166 abba,
1603 2100 1685 2152 vel
1708 2098 1824 2170 epi-

216 2202 442 2256 scopus,
474 2190 575 2239 aut
602 2185 714 2239 alia
741 2185 870 2239 talis
895 2187 1203 2257 personain
1222 2188 1391 2241 choro
1415 2194 1518 2255 est,
1551 2205 1681 2242 cum
1702 2189 1827 2242 thu-

221 2274 411 2329 ribulo
443 2273 1104 2346 intrabit,praemissaque
1133 2276 1332 2329 humili
1362 2276 1725 2330 inclinatione
1744 2276 1826 2330 illi

220 2363 480 2435 porriget
505 2363 816 2430 incensum,
851 2364 1054 2417 deinde
1081 2364 1279 2434 priori.
1321 2364 1431 2419 Sed
1460 2364 1508 2418 si
1537 2366 1694 2419 nulla
1722 2365 1825 2419 ha-

220 2468 351 2506 rum
384 2452 611 2507 affuerit
630 2469 1016 2524 personarum,
1057 2453 1160 2507 soli
1186 2453 1360 2524 priori
1389 2470 1490 2526 pro
1515 2454 1827 2508 reverentia

220 2557 254 2595 a
282 2539 580 2595 sacerdote
609 2542 1011 2613 porrigendum
1042 2547 1145 2595 est.
1170 2543 1244 2595 At
1269 2542 1315 2596 si
1337 2548 1550 2613 septem
1571 2543 1827 2597 candela-

216 2629 320 2684 bra
354 2636 491 2685 sunt
520 2636 650 2685 ante
688 2632 872 2701 majus
915 2631 1094 2685 altare
1138 2632 1338 2700 posita,
1382 2637 1516 2685 tunc
1549 2649 1583 2685 a
1609 2632 1827 2686 duobus

220 2725 309 2774 est
328 2720 758 2784 incensandum,
794 2725 851 2773 et
869 2726 1101 2791 pr0pter
1126 2720 1230 2774 hoc
1255 2721 1532 2775 sacerdoti
1561 2721 1828 2775 alicuisa—

215 2808 394 2863 crista
423 2808 629 2875 innuit,
663 2809 760 2881 qui
791 2809 960 2863 simul
1007 2826 1136 2863 cum
1175 2808 1612 2864 hebdomadario
1643 2827 1822 2864 sacer-

220 2898 355 2953 dote
383 2898 650 2953 incenset.
685 2898 1170 2953 Hebdomadarius
1217 2916 1366 2966 vero,
1422 2900 1553 2953 licet
1590 2900 1823 2954 inferior

218 2986 440 3053 ordine,
471 2986 723 3040 dextram
754 3003 927 3041 cornu
947 2987 1142 3041 altaris
1171 2988 1712 3043 consuetudinaliter
1739 2989 1821 3041 in-

213 3081 428 3141 censat,
464 3081 523 3129 et
579 3076 639 3129 in
683 3092 783 3130 suo
842 3076 1010 3130 choro
1060 3081 1255 3148 postea
1280 3077 1503 3131 rediens
1534 3077 1722 3131 stabit.
1749 3077 1820 3131 Hi

217 3165 352 3230 duo,
385 3164 434 3218 si
464 3165 705 3219 domnus
735 3164 878 3218 abba
922 3166 1007 3218 vel
1048 3165 1252 3236 aliquis
1283 3167 1819 3237 praenominatorum

217 3259 307 3309 est
335 3253 396 3307 in
430 3254 619 3320 choro,
672 3255 838 3308 simul
866 3271 995 3308 cum
1023 3254 1325 3309 thuribulis
1355 3254 1560 3309 debent
1587 3255 1817 3322 intrare,

216 3342 502 3414 simulque
533 3342 717 3396 eidem
743 3348 801 3397 et
830 3343 1003 3414 priori
1024 3343 1314 3398 incensum
1344 3345 1820 3415 porrigere.Quod

216 3432 265 3486 si
288 3431 777 3486 Hebdomadarius
797 3437 960 3503 rogat
978 3433 1152 3487 alium
1172 3450 1273 3505 pro
1297 3450 1356 3487 se
1374 3435 1560 3503 legere
1577 3435 1822 3505 Evange-

215 3521 379 3586 lium,
408 3525 605 3592 postea
650 3522 841 3592 legens
873 3522 1064 3576 omnia
1109 3522 1226 3576 haec
1255 3523 1565 3594 prescripta
1594 3525 1734 3578 sciat
1761 3542 1821 3578 se

215 3610 523 3665 facturum.
558 3610 615 3666 Si
640 3616 829 3665 autem
855 3611 986 3664 inde
1014 3617 1244 3681 rogatus
1272 3628 1400 3665 cum
1431 3612 1558 3665 alba
1587 3613 1733 3667 redit
1760 3613 1820 3667 in

215 3699 476 3769 chorum,
496 3716 625 3754 cum
649 3700 721 3755 ad
751 3700 1060 3755 exuendam
1089 3700 1276 3754 albam
1305 3701 1520 3768 exierit,
1554 3702 1821 3772 suffragia

213 3789 554 3844 Sanctorum
592 3789 1067 3844 hebdomadarius
1108 3789 1262 3856 dicit,
1311 3796 1368 3845 et
1422 3796 1643 3859 caetera,
1697 3808 1819 3862 quae

212 3883 351 3933 tunc
378 3884 714 3949 sequuntur.
744 3879 803 3933 Si
822 3896 951 3933 vero
973 3879 1183 3950 absque
1211 3880 1339 3934 alba
1361 3881 1525 3945 redit,
1549 3881 1817 3950 suffragia

213 3967 553 4022 Sanctorum
603 3973 661 4022 et
690 3972 891 4022 caetera
919 3984 1099 4040 usque
1128 3968 1198 4022 ad
1241 3970 1655 4039 processionem
1686 3987 1815 4040 per-

213 4056 367 4127 agit;
401 4061 460 4110 et
493 4056 540 4110 si
571 4057 803 4112 missam
840 4058 1115 4128 majorem
1145 4063 1231 4111 est
1275 4058 1657 4113 celebraturus
1682 4059 1814 4113 licet
1850 4072 1857 4077 '

210 4152 430 4200 eceterae
458 4145 611 4199 hora:
625 4147 696 4200 ad
723 4163 850 4200 eum
880 4163 991 4200 non
1004 4146 1347 4217 pertineant.
1372 4148 1571 4202 horam
1600 4155 1809 4215 tamen,

1910 1928 1974 1977 ut
1997 1939 2099 1976 nec
2118 1924 2188 1977 ad
2210 1924 2459 1989 missam,
2485 1940 2585 1977 nec
2606 1923 2677 1977 ad
2694 1924 2883 1986 horas,
2909 1920 3113 1992 quibus
3137 1923 3223 1973 est
3250 1916 3504 1983 dicenda,

1908 2011 2092 2065 verbis
2120 2011 2485 2082 amplioribus
2513 2010 2733 2064 dicatur
2753 2026 2920 2081 quam
2946 2007 3267 2078 hujusmodi
3296 2020 3308 2060 ε
3334 2006 3510 2072 Conﬁ-

1911 2106 2024 2154 leor
2049 2102 2281 2154 Domino
2310 2105 2359 2153 et
2387 2103 2643 2153 omnibus
2662 2103 2867 2153 sanctis
2896 2102 3013 2168 ejus
3039 2102 3090 2151 et
3111 2097 3277 2162 vobis,
3302 2097 3504 2157 Pater;

1910 2191 2043 2258 quia
2068 2191 2287 2257 peccavi
2316 2191 2378 2242 in
2408 2192 2821 2257 eogitalione,in
2836 2191 3104 2242 locutione
3132 2190 3182 2239 et
3205 2198 3509 2254 opere,mea

1908 2281 2108 2346 culpa;
2137 2294 2328 2346 precor
2365 2295 2473 2341 vos,
2507 2282 2658 2331 orate
2679 2291 2782 2346 pro
2810 2294 2910 2331 me.
2946 2277 3276 2330 Misereatur
3312 2275 3500 2337 vestri,

1914 2367 2264 2435 Omnipotens
2313 2367 2471 2428 Deus,
2515 2371 2563 2419 el
2605 2368 2855 2420 dimittat
2884 2366 3030 2420 vobis
3068 2367 3261 2419 omnia
3284 2366 3507 2433 peccata

1908 2461 2089 2509 vestra
2123 2474 2135 2508 :
2170 2457 2359 2510 liberet
2402 2472 2490 2509 vos
2519 2457 2587 2508 ab
2618 2458 2773 2509 omni
2794 2458 2958 2521 malo,
2993 2457 3270 2509 conservet
3292 2455 3341 2506 et
3370 2466 3502 2505 con-

1908 2544 2094 2614 ﬁrmet
2121 2561 2210 2598 vos
2239 2547 2301 2598 in
2320 2548 2474 2598 omni
2490 2560 2643 2614 opere
2669 2545 2822 2606 bono,
2856 2549 2904 2597 et
2915 2544 3181 2612 perducat
3212 2557 3299 2595 vos
3317 2541 3391 2595 ad
3419 2541 3507 2594 vi-

1912 2639 2025 2687 tam
2076 2639 2360 2700 aeternam,
2408 2636 2603 2689 Amen.
2649 2633 2972 2703 Adjuncto:
3010 2633 3428 2699 Indulgentiam
3457 2632 3507 2683 et

1908 2724 2285 2776 remissionem
2299 2728 2347 2776 et
2376 2722 3056 2791 adjutorimn.Postquam
3078 2719 3337 2773 collectas
3356 2717 3506 2772 dixe-

1902 2811 1996 2876 rit,
2031 2810 2265 2866 diacono
2297 2812 2395 2865 dat
2421 2810 2707 2864 missalem
2744 2810 2804 2863 in
2835 2808 3063 2863 sinistro
3088 2824 3264 2862 cornu
3286 2822 3506 2878 ponen-

1903 2901 2058 2967 dum,
2108 2901 2217 2955 nisi
2255 2917 2446 2955 secum
2500 2899 2766 2954 maluerit
2815 2898 2979 2963 ferre,
3021 2898 3070 2952 si
3099 2896 3235 2968 quid
3266 2895 3511 2951 voluerit

1901 2989 2224 3059 praevidere.
2269 2990 2401 3062 (ιω.)
2426 2990 2513 3043 Ad
2542 2988 2849 3060 Epistolam
2881 2987 3039 3041 sedet
3061 3002 3239 3057 usque
3261 2985 3398 3039 dum
3429 2985 3506 3040 ad

1904 3077 2273 3149 Evangelium
2316 3078 2557 3132 venitur.
2600 3076 2846 3131 Diacono
2885 3076 3098 3130 lecturo
3126 3075 3225 3128 dat
3271 3073 3503 3129 benedi-

1903 3168 2145 3222 ctionem
2170 3168 2275 3222 hoc
2296 3168 2460 3222 modo
2483 3184 2494 3219 :
2518 3169 2657 3221 Deus
2669 3166 2999 3220 misereatur
3028 3167 3209 3219 nostri
3221 3168 3272 3217 et
3289 3164 3503 3249 benedi-

1903 3262 1990 3310 eat
2026 3259 2197 3311 nobis.
2244 3258 2323 3311 Ea
2367 3256 2483 3310 vice
2524 3256 2639 3310 stat
2680 3255 2800 3326 ipse
2828 3270 3002 3325 prope
3041 3252 3301 3308 dextrum
3327 3268 3504 3307 cornu

1903 3346 2116 3412 altaris,
2161 3352 2219 3401 et
2261 3345 2526 3400 diaconus
2564 3361 2737 3416 prope
2768 3344 3082 3398 sinistrum.
3118 3342 3139 3364 "
3187 3341 3504 3397 Recedente

1903 3440 2092 3490 autem
2122 3453 2187 3490 eo
2209 3436 2277 3489 de
2305 3435 2470 3490 altari
2507 3434 2574 3488 ad
2605 3433 2927 3503 analogium
2956 3431 3125 3486 vertit
3152 3447 3213 3485 se
3242 3430 3504 3485 sacerdos

1903 3530 2029 3595 post
2074 3526 2255 3591 illum,
2297 3530 2354 3579 et
2405 3525 2488 3579 ita
2529 3528 2661 3589 stat,
2705 3539 2884 3594 usque
2922 3522 3059 3576 dum
3091 3519 3400 3593 perfectum
3428 3518 3505 3574 sit

1902 3614 2286 3684 Evangelium.
2346 3615 2472 3669 Non
2510 3615 2690 3668 solum
2733 3617 2923 3667 autem
2972 3612 3087 3677 ille,
3138 3610 3235 3665 sed
3266 3615 3324 3664 et
3349 3613 3503 3664 totus

1900 3708 2205 3757 conventus
2233 3708 2557 3757 reverenter
2580 3719 2640 3757 se
2660 3702 2811 3769 illuc,
2836 3701 3022 3767 vertit,
3056 3699 3397 3770 ubicumque
3418 3698 3502 3753 le-

1900 3793 2056 3862 gitur
2087 3792 2471 3862 Evangelium.

2331 3881 2565 3936 CAPUT
2600 3878 2873 3935 LXXXIV
2899 3877 3046 3951 (109)
3057 3915 3070 3931 .

1898 3972 2017 4037 Qua
2037 3973 2334 4039 diligentia
2359 3972 2630 4024 dominici
2654 3970 2892 4038 corporis
2918 3967 3248 4021 consecratio
3279 3968 3328 4020 et
3356 3978 3501 4019 com-

2424 4061 2619 4113 munio
2649 4059 2978 4112 celebratur.

1969 4150 2086 4216 (un.
2104 4151 2249 4216 var.)
2266 4148 2509 4218 Dignum
2524 4147 2763 4208 videtur,
2781 4143 3223 4200 etnecessarium
3240 4142 3334 4197 hic
3352 4142 3499 4197 inse-

211 4250 338 4304 quze
371 4232 603 4287 missam
623 4234 990 4288 continuatim
1021 4235 1302 4305 praecedit,
1338 4241 1394 4289 et
1425 4236 1665 4302 Nonam,
1694 4252 1818 4307 quae
1898 4254 2162 4308 rere,qua
2183 4237 2470 4307 diligentia
2488 4254 2665 4307 quove
2695 4235 2879 4291 studio
2897 4235 2968 4289 ad
2987 4232 3264 4290 Dominici
3283 4232 3496 4303 Corpo-

209 4322 589 4377 continuatim
621 4324 920 4394 prandium
959 4322 1339 4393 subsequitur,
1374 4325 1817 4395 Completorium
1899 4327 1977 4379 ris
1999 4332 2055 4380 et
2084 4326 2386 4394 Sanguinis
2408 4325 2884 4380 consecrationem
2909 4324 3203 4378 serviatur.
3240 4321 3498 4377 Primum

210 4428 441 4483 quoque
470 4411 725 4482 implebit
740 4412 887 4467 sicut
897 4413 1258 4483 etVesperas,
1273 4413 1320 4465 si
1335 4413 1665 4467 incensabit.
1678 4415 1811 4484 (ιω.)
1898 4419 2127 4485 propter
2147 4416 2251 4468 hoc
2271 4415 2452 4486 ipsum
2467 4415 2678 4469 factum
2696 4420 2966 4469 estunum
2979 4412 3346 4467 armariolum
3366 4414 3498 4465 ante

208 4502 277 4557 In
326 4501 561 4572 privatis
607 4501 804 4556 diebus
853 4500 1070 4572 quoties
1111 4500 1196 4554 bis
1227 4502 1593 4567 comedimus,
1629 4503 1815 4574 prius-
1832 4569 1876 4575 __
1896 4504 2095 4557 faciem
2123 4506 2353 4574 majoris
2374 4504 2569 4558 altaris
2600 4504 2810 4574 optime
2823 4503 3301 4575 compaginatum,
3333 4505 3391 4554 et
3415 4499 3500 4553 in-

211 4607 383 4661 quam
413 4590 637 4661 signum
669 4591 741 4644 ad
769 4592 1018 4646 Tertiam
1048 4592 1321 4662 pulsetur,
1355 4609 1553 4646 manus
1573 4610 1638 4647 ex
1658 4610 1816 4647 more
1832 4569 1888 4628 D
1902 4593 2174 4647 trinsecus
2196 4594 2399 4665 pannis
2420 4594 2669 4665 undique
2687 4592 3045 4647 vestitum.In
3058 4608 3168 4662 quo
3185 4589 3325 4644 nihil
3345 4587 3500 4643 aliud

206 4680 363 4733 lavat
382 4685 446 4733 ut
469 4680 723 4736 oratione
750 4680 895 4734 facta
913 4698 1040 4734 mox
1054 4697 1114 4734 se
1136 4681 1575 4735 sacerdotalibus
1597 4682 1812 4745 induat,

210 4774 270 4822 et
297 4768 546 4823 Tertiam
580 4769 837 4840 imponat
863 4788 876 4836 ;
919 4775 976 4823 et
1002 4774 1138 4823 tunc
1167 4771 1237 4824 ad
1265 4769 1544 4824 Litaniam
1573 4786 1699 4825 cum
1722 4790 1814 4825 se-

209 4858 396 4913 dendo
427 4857 759 4912 decantatus
778 4859 950 4913 fuerit
977 4858 1072 4912 ille
1102 4876 1295 4913 versus
1318 4861 1529 4922 Omnes,
1548 4867 1677 4928 etc.,
1701 4861 1814 4915 exit

210 4946 281 5001 de
311 4947 503 5013 choro,
543 4952 608 5001 ut
631 4948 822 5002 casula
871 4965 932 5001 se
970 4949 1188 5014 vestiat,
1222 4953 1279 5002 et
1307 4965 1435 5002 cum
1458 4950 1811 5019 processione

209 5036 284 5091 ad
309 5037 488 5091 altare
516 5036 721 5091 veniat.
746 5037 1000 5092 Eundem
1026 5038 1279 5092 ordinem
1309 5038 1545 5092 exeundi
1577 5045 1703 5109 post
1728 5039 1811 5093 fa-

209 5131 359 5180 ctam
380 5125 694 5181 orationem
716 5125 993 5195 observat,
1012 5127 1127 5182 sive
1155 5127 1378 5182 Litania
1407 5128 1639 5182 missam
1669 5146 1814 5199 prte-

209 5215 398 5273 cedat.
424 5218 447 5239 "
485 5216 545 5271 Si
574 5215 694 5270 dies
726 5221 812 5270 est
841 5216 987 5282 talis,
1016 5223 1080 5271 ut
1108 5217 1332 5271 nonnisi
1360 5218 1534 5271 semel
1562 5218 1814 5271 comeda-

207 5307 323 5369 tur,
355 5303 524 5358 vestit
550 5321 611 5359 se
630 5304 780 5358 inter
807 5305 1148 5359 cantandum
1176 5305 1457 5360 Litaniam
1486 5325 1497 5359 :
1532 5311 1589 5360 et
1606 5306 1654 5358 si
1680 5323 1812 5376 pro-

209 5392 387 5447 cessio
404 5397 489 5447 est
514 5393 753 5464 agenda,
769 5397 834 5447 ut
862 5394 921 5447 in
941 5393 1140 5465 quinta
1165 5394 1305 5449 feria
1335 5394 1808 5465 Quadragesimae,

209 5495 325 5535 non
353 5498 413 5537 se
431 5481 799 5549 vestit,donec
828 5485 885 5536 et
904 5481 1029 5554 ipsa
1049 5484 1170 5553 jam
1198 5482 1346 5538 facta
1362 5482 1568 5537 fuerit'
1599 5488 1656 5536 et
1679 5487 1813 5538 tunc

289 5622 426 5697 (108)
466 5627 734 5697 Plenaria
757 5625 797 5680 ί.
831 5641 1032 5697 capsae,
1063 5626 1149 5680 vel
1175 5631 1526 5697 ornamenta.

1898 4682 2221 4737 reconditur
2247 4683 2356 4737 nisi
2384 4683 2478 4737 illa
2499 4682 2765 4737 utensilia
2790 4698 2912 4752 quae
2932 4680 3249 4736 necessaria
3269 4683 3403 4734 sunt
3425 4676 3499 4731 ad

1897 4770 2194 4824 Missarum
2242 4770 2532 4836 solemnia,
2564 4769 2859 4823 dumtaxat
2886 4768 2946 4822 in
2996 4769 3288 4822 Conventu
3331 4780 3502 4835 gene-

1896 4859 2092 4913 raliter
2119 4856 2498 4929 agendarum;
2529 4857 2587 4910 id
2614 4862 2701 4911 est
2719 4857 2996 4928 praecipue
3018 4856 3129 4910 duo
3147 4853 3347 4908 calices
3367 4869 3498 4908 cum

1893 4948 2112 5019 patenis
2164 4948 2395 5001 diversae
2457 4946 2809 5017 quantitatis,
2874 4951 2931 4999 et
2985 4945 3095 4998 duo
3162 4941 3494 5013 corporalia,

1894 5054 2072 5092 unum
2110 5038 2363 5108 duplum,
2397 5036 2543 5091 sicut
2589 5035 2781 5089 omnia
2810 5033 3135 5104 Corporalia
3164 5031 3349 5086 solent
3376 5045 3499 5085 esse

1897 5127 1969 5181 ad
1994 5127 2241 5198 privatas
2270 5125 2487 5192 missas,
2521 5125 2761 5179 alterum
2813 5122 3099 5191 simplum.
3133 5119 3318 5175 Minor
3354 5118 3500 5174 calix

1897 5232 2023 5270 cum
2055 5216 2225 5287 duplo
2256 5214 2529 5286 corporali
2551 5213 2623 5267 ad
2651 5208 3497 5279 matutinalemmissam,major

1896 5320 2024 5358 cum
2070 5303 2269 5375 simplo
2313 5304 2385 5357 ad
2431 5304 2723 5374 majorem.
2758 5303 2903 5357 Nam
2927 5309 2985 5354 et
3020 5314 3199 5355 unum
3230 5297 3498 5368 simplum

1896 5410 2119 5464 semper
2140 5394 2199 5447 in
2230 5392 2457 5448 sinistro
2488 5409 2662 5448 cornu
2691 5396 2779 5446 est
2802 5389 2997 5445 altaris
3026 5388 3085 5442 in
3113 5403 3229 5442 una
3256 5385 3501 5457 capsella

1894 5499 2023 5538 cum
2049 5483 2227 5538 serico
2257 5483 2523 5537 decenter
2552 5485 2770 5549 ornata,
2801 5485 2867 5535 ut
2895 5495 2931 5534 a
2958 5474 3241 5551 prioribus
3289 5472 3502 5531 nostris

291 5695 434 5767 ([09)
471 5696 614 5752 Vide
637 5701 808 5769 caput
836 5695 921 5754 351
959 5697 1153 5753 Ordin.
1191 5696 1441 5753 Cluniae.
1472 5702 1620 5770 part.
1654 5713 1693 5753 ι.
1721 5715 1823 5770 per
1852 5695 2222 5753 Bernardum.
