3934 6354
450 354 587 433 imi
1472 380 1529 435 s.
1573 376 1964 436 GUlLLELMI
2004 378 2308 435 ABBATIS
2350 374 2690 433 HIRSAUG.
3587 368 3723 430 1012

454 492 663 572 accepi,
693 502 924 575 propter
959 499 1082 565 hoc,
1114 502 1179 555 ut
1207 490 1276 556 ad
1307 519 1539 559 manum
1563 508 1742 578 possit
1769 524 1887 561 esse
1918 524 2053 562 con—
2069 509 2117 567 A
2138 503 2398 559 manibus
2427 504 2639 558 accedit
2670 501 2738 555 ad
2770 500 2965 554 altare.
3001 496 3069 553 Et
3096 503 3161 553 ut
3187 495 3279 552 hic
3297 497 3524 570 proprie
3543 496 3728 561 dicam

454 590 546 641 tra
583 588 895 661 periculum
924 588 1089 660 ignis,
1137 592 1283 661 quod
1310 592 1356 646 si
1382 593 1525 648 forte
1556 596 1886 665 contigerit;
1922 597 2053 667 quia
2134 594 2202 647 de
2233 591 2429 662 majori
2467 592 2655 655 missa,
2703 594 3006 657 utrumque
3042 586 3348 658 corporale,
3381 587 3467 640 vel
3492 586 3642 657 quod
3671 586 3731 640 in

460 676 705 730 multum
726 677 874 731 valet
911 684 1289 759 apportatum.
1322 679 1467 736 Item
1495 682 1570 736 ibi
1598 690 1682 737 est
1711 692 1915 757 patena
1942 702 2054 739 me-
2133 682 2297 735 altari
2327 696 2549 751 semper
2564 680 2731 749 jacet,
2764 677 2849 730 vel
2891 677 3039 755 quod
3078 692 3111 729 a
3139 675 3479 730 subdiacono
3509 676 3596 730 vel
3623 675 3733 729 mi-

458 765 664 828 diocris
696 772 752 820 et
778 774 1044 837 argentea
1065 774 1122 823 et
1149 769 1398 839 ejusdem
1430 773 1646 831 metalli
1675 774 1926 841 scutella,
1959 775 2054 828 ha-
2135 771 2312 825 nistro
2355 774 2715 840 apportatum
2772 772 2876 831 est,
2925 766 3219 836 accipiens.
3260 766 3542 837 expandit,
3593 765 3734 820 illud

459 840 602 908 hens
624 855 945 935 cpercu’lum
976 857 1226 929 ejusdem
1259 859 1471 913 metalli
1495 860 1677 915 fabrili
1698 880 1865 939 opere
1895 840 2056 917 colli-
2138 876 2359 932 quoque
2388 873 2611 928 semper
2630 855 2744 909 illic
2767 854 2916 925 jacet
2932 856 3305 926 supponens.‘
3328 856 3736 910 Consummata

460 949 681 1023 gatum.
726 943 809 998 Ibi
854 945 1115 1018 ampullae
1150 946 1219 1001 ad
1249 948 1826 1007 subministrationem
1858 951 1972 1006 vini
2000 958 2057 1006 et
2136 949 2311 1020 igitur
2349 945 2632 1002 oblatione
2680 945 2941 999 sacerdos
2991 959 3213 1015 quoque
3251 943 3402 998 lavat
3425 961 3647 1010 manus,
3681 950 3738 997 et

462 1042 642 1113 aquae.
674 1030 816 1087 Nam
847 1038 905 1088 et
929 1031 989 1089 in
1016 1036 1267 1108 ampulla
1300 1037 1489 1099 vinum
1532 1042 1663 1093 ante
1692 1040 2058 1095 consecratio-

460 1114 593 1181 nem
623 1121 767 1176 solet
783 1121 1293 1180 oﬂerriniurceus
1318 1133 1616 1198 argenteus
1636 1147 1763 1183 cum
1788 1130 2058 1203 appendi-

462 1206 548 1263 cio
573 1212 674 1271 Suo
703 1208 775 1266 ad
803 1228 1075 1267 manuum
1109 1211 1474 1277 ablutionem.
1509 1218 1592 1271 lbi
1616 1217 1848 1272 linteola
1874 1220 2053 1290 plura,

463 1297 585 1352 sine
615 1296 816 1382 quibus
852 1300 1074 1371 singula
1103 1311 1323 1361 sacrata
1351 1323 1482 1360 vasa
1512 1324 1614 1361 nec
1640 1307 1916 1373 lavantur,
1958 1325 2060 1362 nec

465 1398 748 1469 quoquam
775 1389 1293 1463 portantu_r.Ipsum
1329 1411 1552 1467 quoque
1573 1397 1937 1451 armariolum
1964 1398 2061 1451 ha-

461 1474 561 1532 bet
585 1479 644 1539 in
673 1479 857 1532 medio
887 1479 1225 1549 tabulatum,
1257 1492 1320 1535 ut
1350 1501 1582 1554 quaeque
1614 1487 1920 1540 sacratiora
1948 1487 2061 1540 sint

464 1574 711 1633 sursum,
736 1569 1230 1624 caeteradeorsum.
1255 1571 1341 1625 Ad
1360 1571 1582 1631 initium
1605 1574 1902 1629 missarum
1927 1576 2063 1630 refe-

466 1652 629 1708 ratur
657 1670 691 1709 a
720 1658 934 1726 majore
959 1659 1188 1719 custode
1217 1659 1477 1725 ecclesiae,
1501 1663 1585 1716 vel
1615 1662 1684 1716 ab
1710 1665 1832 1734 ejus
1860 1665 2063 1718 suﬂra-

2138 1038 2311 1109 tergit
2348 1054 2475 1091 cum
2518 1034 2887 1089 mundissimo
2910 1033 3159 1101 linteolo,
3189 1047 3285 1088 UD.
3318 1034 3466 1105 quod
3496 1030 3602 1088 sibi
3633 1035 3738 1089 soli

2139 1128 2209 1182 ad
2237 1128 2342 1180 hoc
2370 1133 2455 1180 est
2478 1126 2829 1196 dc‘putatum,
2861 1139 3060 1178 cavens
3100 1129 3295 1195 postea
3324 1110 3394 1177 ne
3417 1123 3573 1178 aliud
3603 1124 3738 1196 quid

2138 1223 2335 1287 tangat
2348 1232 2474 1269 cum
2489 1213 2909 1285 digitis,quibus
2934 1211 3370 1284 Dominicorpus
3388 1213 3740 1284 tangendum

2143 1311 2246 1362 est.
2282 1304 2664 1359 Subdiaconus
2694 1308 2883 1374 portat
2910 1302 3122 1355 hostias
3153 1298 3222 1355 ad
3249 1301 3547 1356 diaconum
3581 1320 3741 1358 secus

2142 1395 2322 1448 altare
2352 1399 2594 1447 stantem
2618 1399 2675 1446 et
2698 1393 3044 1463 operientem
3076 1408 3153 1455 se,
3180 1396 3243 1444 ut
3263 1391 3330 1444 de
3348 1391 3610 1446 omnibus
3622 1398 3740 1447 tres

2144 1484 2483 1553 eligat,quas
2510 1482 2748 1535 voluerit
2775 1482 2843 1535 ad
2869 1483 3328 1536 consecrandum.
3352 1482 3740 1553 Vinum,quod

2144 1572 2394 1627 oblatum
2420 1572 2784 1637 est,funditur
2810 1570 2879 1624 ab
2909 1572 3029 1642 ipso
3049 1571 3387 1625 subdiacono
3418 1571 3474 1625 in
3498 1571 3744 1625 alterum

2146 1663 2397 1728 calicem,
2421 1666 2755 1731 tantumque
2777 1660 3064 1731 relinquit,
3085 1661 3232 1730 quod
3245 1660 3487 1714 sufﬁciat
3506 1661 3575 1715 ad
3607 1678 3743 1715 con-

467 1754 669 1823 ganeo,
703 1736 800 1825 qui
827 1752 963 1800 tunc
992 1752 1076 1801 est
1102 1746 1593 1814 hebdomadarius.
1638 1751 1834 1807 l’anno
1866 1754 2061 1808 eodem
2080 1823 2116 1829 Α
2146 1750 2517 1804 secrationem
2537 1768 2547 1802 :
2566 1749 2633 1802 ad
2654 1750 2801 1820 quod
2817 1754 3004 1803 tamen
3030 1749 3148 1829 ipse
3168 1765 3277 1802 non
3292 1748 3740 1821 miscetaquam;

467 1823 1096 1915 desuperoperitur,qui
1119 1842 1175 1890 et
1187 1842 1447 1907 patenam
1467 1838 1543 1893 ibi
1565 1842 1725 1912 ponit
1748 1843 1917 1896 simul
1937 1823 2126 1897 cumB
2146 1840 2281 1910 quia
2306 1842 2356 1894 ei
2394 1857 2496 1893 nec
2525 1839 2713 1891 vinum
2753 1855 2854 1892 nec
2892 1823 3097 1910 aquam
3126 1840 3254 1893 licet
3292 1838 3608 1905 infundere,
3645 1837 3748 1893 sed

468 1923 745 1993 corporali
777 1941 790 1977 :
823 1923 1054 1986 calicem
1085 1942 1214 1979 vero
1235 1943 1359 1981 cum
1385 1928 1615 1984 linteolo
1640 1930 1698 1989 in
1718 1931 1947 2002 longum
1969 1950 2065 1985 ex-

466 2012 626 2065 tento
653 2016 871 2085 tenens,
903 2017 960 2067 et
986 2014 1226 2085 desuper
1244 2018 1501 2087 operiens
1526 2025 1716 2090 portat
1735 2020 1806 2073 ad
1830 2021 2065 2092 ampho-

467 2110 593 2153 ram
616 2114 795 2172 aquae,
824 2116 947 2173 quae
968 2100 1037 2156 de
1061 2109 1260 2158 stanno
1289 2122 1511 2177 semper
1539 2112 1625 2162 est
1652 2109 1711 2162 in
1738 2109 1987 2175 ecclesia,
2012 2115 2068 2163 et

468 2182 532 2255 in
570 2190 690 2245 loco
729 2192 1090 2264 competenti,
1132 2198 1197 2249 ut
1227 2213 1421 2250 omnes
1449 2197 1526 2251 ibi
1556 2199 1755 2253 calices
1790 2199 2064 2266 laventur,

472 2286 712 2355 q'uortIm
764 2298 899 2337 usus
948 2290 1034 2337 est
1081 2285 1151 2338 ad
1199 2287 1445 2356 privatas
1484 2287 1703 2342 missas.
1737 2287 1819 2343 Ibi
1848 2306 2070 2361 quoque

471 2368 609 2423 tunc
635 2369 1108 2428 hebdomadarius
1131 2381 1491 2451 apportatum
1523 2377 1752 2432 calicem
1773 2377 2071 2449 diligenter

472 2456 628 2521 lavat
649 2476 797 2530 aqua
825 2458 911 2514 bis
940 2461 1126 2516 infusa
1159 2481 1170 2515 :
1202 2463 1305 2517 etsi
1335 2481 1446 2518 non
1477 2471 1563 2519 est
1591 2466 1849 2520 sacerdos
1884 2469 1967 2521 vel
1995 2469 2071 2522 le-

2148 1930 2379 1982 allatam
2411 1924 2718 1999 ampullam
2767 1944 2926 1997 aqua}
2954 1928 3121 1981 simul
3149 1945 3275 1982 cum
3306 1927 3474 1981 calice
3502 1927 3603 1981 dat
3629 1926 3750 1980 dia-

2148 2034 2306 2082 cono,
2340 2023 2404 2071 ut
2433 2016 2526 2070 ille
2556 2018 2805 2071 misceat.
2839 2016 2947 2073 Dat
2973 2021 3028 2070 et
3066 2016 3321 2082 linteum,
3353 2034 3461 2087 quo
3500 2017 3645 2070 calix
3677 2016 3749 2069 de

2150 2106 2287 2161 foris
2316 2111 2575 2176 tergatur
2600 2106 2993 2177 diligenter,ne
3020 2105 3162 2159 forte
3181 2105 3313 2177 quid
3334 2105 3448 2158 vini
3472 2104 3559 2159 vel
3585 2122 3749 2175 aquae

2152 2195 2395 2253 exterius
2448 2201 2754 2249 remaneat.
2798 2196 2955 2260 (ναν.)
3006 2194 3075 2247 Et
3122 2194 3200 2247 sic
3237 2193 3432 2253 hostiis
3471 2211 3643 2267 super
3670 2192 3752 2248 al-

2152 2288 2271 2337 tare
2300 2283 3023 2355 compositis,subdiaconus
3044 2300 3170 2337 cum
3194 2289 3397 2354 patena
3418 2287 3474 2337 et
3496 2283 3752 2355 ampulla

2152 2380 2454 2428 revertens.
2478 2379 2739 2444 patenam
2766 2373 2925 2443 ponit
2954 2389 3122 2442 super
3151 2371 3515 2426 armariolum
3538 2376 3595 2426 et
3624 2389 3751 2425 am-

2151 2462 2363 2537 pullam
2410 2462 2469 2515 in
2515 2460 2636 2515 loco
2684 2479 2793 2532 quo
2851 2462 2995 2515 solet
3040 2460 3271 2514 servari.
3329 2460 3543 2533 Accipit
3580 2461 3754 2515 aliam

472 2546 819 2618 Vita,qmmit
845 2549 915 2603 ad
946 2549 1050 2604 hoc
1074 2551 1179 2605 sibi
1208 2551 1474 2617 vicarium
1506 2554 1735 2609 alterius
1768 2557 2071 2621 ordinis,ut
2152 2558 2415 2624 patenam
2446 2556 2771 2621 argenteam
2796 2551 2944 2604 infra
2970 2551 3262 2604 scutellam
3291 2564 3521 2604 auream
3560 2567 3755 2605 recon-

475 2628 537 2711 in
568 2642 770 2706 quarta
796 2636 954 2705 feria,
990 2642 1047 2693 et
1086 2641 1145 2694 in
1176 2641 1409 2695 sabbato
1430 2660 1602 2698 manu
1632 2644 1868 2700 interius
1899 2647 2070 2701 missa
2151 2641 2349 2707 ditam,
2397 2644 2455 2694 et
2501 2641 2672 2710 tergit
2703 2634 2958 2694 studiose
2987 2657 3113 2693 cum
3140 2656 3325 2712 panno
3351 2638 3755 2693 candidissimo

477 2719 623 2779 bene
671 2726 729 2780 in
764 2725 939 2781 fundo
989 2727 1108 2803 ipse
1155 2730 1299 2784 calix
1323 2732 1678 2798 confricetur,
1709 2751 1778 2787 ne
1798 2735 1940 2790 forte
1967 2737 2071 2789 ali-
2154 2747 2328 2809 prope
2345 2730 2707 2784 armariolum
2726 2729 3262 2802 propterhocipsum
3279 2731 3491 2801 jugiter
3511 2730 3758 2803 penden-

479 2814 814 2893 quantulum
863 2815 1104 2877 fatiscat
1146 2823 1376 2891 propter
1402 2820 1517 2875 vini
1554 2821 1808 2877 crebram
1834 2823 2072 2881 infusio-
2155 2825 2289 2885 tem,
2338 2825 2395 2873 et
2438 2824 2637 2891 postea
2663 2836 2790 2872 cum
2828 2818 3057 2873 linteolo
3086 2819 3319 2874 honeste
3350 2825 3406 2873 et
3433 2825 3760 2873 reverenter

475 2894 645 2972 hem;
670 2906 802 2976 ergo
831 2904 1050 2961 lavatus
1070 2913 1409 2979 reportatur,
1438 2918 1495 2966 et
1523 2930 1692 2989 super
1710 2915 2075 2970 armariolum
2155 2909 2301 2963 hanc
2329 2907 2617 2962 involvit.‘
2647 2908 2880 2963 Interim
2906 2908 3173 2963 diaconus
3204 2911 3337 2963 thus
3367 2909 3437 2963 ad
3466 2908 3761 2980 imponen-

473 2990 726 3064 ponitur.
2161 2996 2295 3057 dum
2318 2996 2593 3053 sacerdoti
2622 2997 2721 3051 dat
2752 3016 2762 3050 :
2799 2997 2846 3050 si
2875 2998 3091 3068 privata
3115 3004 3199 3051 est
3230 2998 3369 3064 dies,
3392 2999 3536 3053 sicut
3558 2998 3616 3051 in
3646 2998 3761 3052 fes-

486 3068 492 3072 l
555 3080 943 3138 Stlbdiacomls
973 3074 1245 3158 ειηὶἱοίρειι
1280 3086 1466 3145 lavare
1496 3107 1719 3156 manus,
1759 3095 1824 3147 ut
1859 3093 1978 3165 ipse
2008 3096 2079 3149 ad
2100 3085 2468 3171 r‘tis’diebus,
2501 3103 2798 3142 conversus
2816 3086 3045 3140 chorum
3062 3088 3320 3157 regnanti
3346 3087 3762 3160 apportat.Quo

479 3168 861 3225 ministerium
891 3173 1076 3243 calicis
1102 3172 1174 3229 sit
1202 3181 1451 3249 paratus.
1475 3179 1653 3243 Quem
1685 3181 1914 3236 interim
1945 3182 2079 3241 dum
2100 3168 2144 3200 υ
2162 3168 2423 3247 imposito
2451 3176 2630 3231 altare
2653 3182 2708 3229 et
2729 3174 3063 3230 sacriﬁcium
3095 3176 3352 3230 sacerdos
3381 3175 3635 3231 incensat
3653 3174 3765 3232 hoc

482 3250 850 3329 Evangelium
888 3261 1098 3332 legitur
1142 3265 1419 3338 accipiens
1448 3269 1617 3324 simul
1643 3287 1770 3324 cum
1794 3276 2000 3342 patena
2026 3279 2082 3327 et
2163 3266 2328 3319 modo
2363 3283 2373 3317 :
2405 3265 2463 3319 in
2501 3264 2697 3339 primis
2742 3264 2922 3318 tribus
2948 3265 3162 3320 vicibus
3191 3265 3444 3320 incensat
3471 3264 3529 3319 in
3557 3266 3766 3320 faciem

484 3346 784 3427 corporali,
827 3351 1113 3423 experitur
1159 3354 1206 3408 si
1236 3352 1369 3425 quid
1406 3374 1564 3427 aquae
1606 3357 1756 3413 inter
1779 3352 2081 3415 lavandum
2163 3354 2377 3419 altaris,
2411 3353 2611 3407 deinde
2641 3353 2773 3407 facit
2795 3359 2908 3406 tres
2929 3371 3122 3408 cruces
3150 3372 3275 3408 cum
3306 3355 3499 3408 eodem
3531 3355 3766 3411 incenso

483 3428 546 3499 in
586 3428 683 3491 illo‘
730 3441 1083 3509 remanserit,
1135 3447 1193 3497 et
1242 3445 1478 3500 effundit
1523 3447 1581 3501 in
1629 3466 1852 3505 caveam
1883 3450 1953 3504 ad
1979 3452 2085 3504 hoc
2166 3442 2728 3515 superisacl‘iﬁCium,
2753 3447 2878 3514 Ροδῖ
2906 3443 3024 3498 11330
3051 3459 3219 3514 super
3245 3451 3549 3515 utrumque
3584 3462 3769 3500 00m“

485 3522 694 3580 factam
725 3522 783 3582 i'n
813 3528 1061 3599 proximo
1092 3531 1307 3600 altaris,
1357 3533 1502 3589 sicut
1539 3542 1596 3590 et
1628 3538 1808 3592 altera
1836 3538 1913 3592 ibi
1937 3540 2081 3594 facta
2166 3514 2365 3586 ᾶὶῐᾶΐίέ
2392 3547 2491 3603 PGI‘
2534 3536 2650 3585 tl‘CS
2698 3531 2843 3584 Vices
2871 3531 3125 3586 incensat
3152 3538 3426 3603 quantum
3453 3514 3639 3605 lJOtCSt
3665 3552 3767 3588 8X-

490 3618 576 3668 ‘est
604 3610 895 3687 paululum
924 3620 1213 3688 remotius,
1232 3622 1329 3679 ubi
1352 3624 1501 3678 idem
1523 3624 1896 3682 subdiaconus
1917 3635 1973 3682 et
1987 3630 2082 3683 alii
2164 3622 2395 3676 tendere
2420 3637 2611 3675 manu-

488 3694 841 3761 sub'm'inistri
889 3710 1089 3765 manus
1146 3708 1317 3783 super
1358 3730 1481 3767 eam
1536 3714 1739 3769 lavent.
1781 3717 1905 3770 Stat
1928 3718 2085 3788 juxta

485 3794 835 3850 sacerdotem
866 3815 1042 3871 usque
1076 3800 1211 3859 dum
1243 3802 1604 3874 Evangelium
1636 3803 1884 3859 ﬁniatur.
1919 3805 2086 3861 Ponit

486 3884 776 3953 corporale
806 3903 975 3959 super
1003 3886 1251 3944 medium
1278 3891 1476 3957 altare,
1517 3894 1769 3948 anterius
1796 3896 2081 3962 accedens,

488 3972 719 4030 calicem
769 3993 991 4048 quoque
1035 3980 1284 4035 retinens
1338 3986 1396 4035 et
1445 3988 1708 4054 patenam
1743 4002 1754 4036 :
1787 3985 2091 4039 comitatur

492 4065 845 4147 sacerdotem
884 4068 1279 4147 procedentem
1321 4070 1731 4142 aliquantulum
1758 4079 1953 4127 contra
1981 4075 2090 4128 fra-

490 4144 626 4223 tres,
658 4159 778 4212 uta
807 4144 1041 4227 singulis
1070 4158 1359 4215 offeratur.

565 4243 589 4267 *
616 4234 869 4301 Perlecto
895 4252 1085 4300 autem
1104 4245 1403 4319 Evangelia
1429 4248 1683 4305 minister
1710 4254 1926 4307 textum
1947 4253 2092 4323 ejus-

493 4330 622 4415 dem
660 4330 945 4402 Evangelii
975 4350 1009 4387 a
1035 4334 1268 4390 diacono
1295 4337 1591 4417 accipiens,
1624 4338 1694 4394 ad
1724 4338 2091 4397 osculandum

2242 3713 2372 3779 (UD-)
2424 3708 2616 3780 (109')
2656 3710 2797 3765 Cum
2833 3714 3021 3765 autem
3057 3710 3260 3767 dixerit
3314 3716 3443 3766 ante
3489 3713 3774 3784 praefatio—

2166 3818 2296 3854 nem
2326 3818 2337 3852 :
2366 3801 2468 3853 Per
2495 3802 2684 3852 omnia
2722 3804 2917 3853 sa’cula
2943 3803 3288 3867 sa’culorum,
3310 3807 3446 3855 tunc
3469 3803 3622 3856 venit
3650 3803 3774 3858 dia-

2170 3907 2342 3944 conus
2391 3892 2542 3943 retro
2586 3893 2735 3943 stare
2794 3893 2919 3961 post
2961 3890 3329 3959 sacerdotem,
3388 3888 3772 3947 subdiaconus

2170 3984 2301 4033 ante
2319 3979 2559 4049 gradum
2588 3979 2645 4032 in
2666 3978 2787 4049 ipso
2810 3996 3035 4033 accessu
3053 3984 3246 4033 contra
3270 3979 3446 4034 altare
3466 3980 3766 4047 inclinans,

2172 4066 2319 4141 quod
2340 4072 2396 4122 et
2413 4068 2668 4121 minister
2696 4068 2753 4121 in
2779 4066 3072 4121 duodecim
3102 4067 3430 4123 lectionibus
3455 4072 3542 4123 est
3587 4071 3773 4125 factu-

2171 4175 2287 4219 rus,
2322 4156 2512 4229 ibique
2543 4160 2657 4211 stat
2685 4174 2908 4211 sursum
2933 4162 3132 4211 tenens
3152 4156 3521 4229 patenam,ita
3548 4165 3613 4213 ut
3631 4178 3775 4232 prae-

2173 4246 2409 4300 missum
2444 4249 2546 4312 est,
2581 4251 2922 4323 coopertam.
2957 4244 3120 4300 Stant
3150 4250 3341 4300 autem
3366 4248 3557 4317 erecti,
3588 4266 3773 4320 usque

2174 4335 2307 4389 dum
2339 4336 2411 4390 ad
2452 4336 2554 4389 hoc
2601 4340 2827 4388 ventum
2866 4334 3053 4402 fuerit,
3099 4340 3163 4389 ut
3203 4340 3462 4391 cantetur
3505 4337 3773 4408 Sanctus,

492 4414 659 4475 aﬂ'ert
687 4414 983 4487 sacerdoti,
1015 4424 1217 4479 deinde
1245 4414 1489 4497 primum
1518 4429 1793 4483 offerenti.
1812 4430 1929 4484 Hoc
1952 4449 2156 4518 sem-D
2175 4424 2429 4489 Sanctus,
2455 4424 2707 4479 Sanctus.
2745 4424 2947 4478 Postea
2970 4424 3224 4478 inclinati
3246 4443 3366 4479 esse
3387 4425 3676 4492 debent,et
3699 4429 3775 4482 ad

492 4506 599 4588 per
615 4511 963 4580 observatur,
984 4512 1093 4568 nisi
1114 4512 1172 4569 in
1195 4512 1517 4582 Parasceve,
1540 4518 1672 4589 quia
1691 4523 1827 4573 tunc
1845 4520 2093 4591 perlecta

500 4598 509 4610 I

534 4598 778 4671 asSione,
830 4600 1037 4668 nullus,
1096 4611 1322 4677 excepto
1374 4602 1493 4660 solo
1556 4608 1810 4676 diacono,
1874 4606 2089 4664 textum

534 4618 778 4671 asswne,
830 4618 1037 4668 nuuus,
1096 4622 1112 4658 ε

490 4618 783 4765 ἓνδηςεὲιίἰ
808 4692 1112 4749 osculatur.

506 4854 509 4859 _
571 4778 871 4835 Sciendum
911 4790 1097 4837 autem
1141 4780 1292 4855 quod
1344 4785 1402 4839 in
1441 4784 1529 4839 his
1559 4785 1778 4857 diebus,
1810 4787 1868 4841 in
1892 4787 2092 4860 quibus

496 4862 629 4927 fidei
675 4870 994 4945 symbolum
1040 4873 1280 4938 canitur,
1331 4873 1605 4943 minister,
1641 4892 1739 4946 qui
1768 4879 1919 4943 tunc,
1950 4877 2095 4930 sicut

495 4954 669 5021 etiam
699 4958 759 5015 in
790 4960 1049 5016 omnibus
1078 4961 1372 5017 duodecim
1403 4960 1734 5017 lectionibus
1763 4964 1917 5018 festis
1940 4968 2095 5019 tenet

494 5057 654 5120 ante,
699 5051 987 5127 exspectat
1026 5067 1205 5122 usque
1250 5050 1384 5104 dum
1426 5050 1576 5104 idem
1615 5050 1931 5124 symbolum
1953 5071 2095 5124 pene

496 5138 572 5201 sit
600 5136 843 5207 ﬁnitum,
895 5142 951 5194 et
992 5143 1128 5195 tunc
1157 5138 1436 5210 accipiens
1466 5138 1715 5205 calicem,
1748 5148 1813 5196 ut
1836 5143 2089 5213 praemis-

494 5240 623 5285 sum
652 5234 756 5294 est,
784 5226 818 5282 a
851 5227 1191 5283 subdiacono
1226 5229 1282 5281 in
1309 5228 1545 5282 eandem
1584 5245 1827 5297 caveam,
1870 5232 1920 5285 si
1958 5232 2092 5303 quid

493 5314 564 5380 de
592 5334 742 5392 aqua
770 5317 1116 5384 remanebat,
1157 5316 1421 5385 infundit,
1474 5318 1530 5371 et
1580 5318 1649 5372 de
1702 5336 1870 5391 super
1915 5321 2092 5375 altare

492 5409 781 5482 corporale
792 5408 967 5481 ponit.
984 5422 1077 5462 UD.
1095 5408 1144 5461 A
1163 5404 1396 5461 diacono
1420 5424 1567 5479 aqua
1591 5415 1648 5461 et
1674 5409 2091 5479 manutergium

495 5503 848 5571 apportatur,
898 5502 956 5553 et
1004 5496 1326 5552 reverenter
1365 5497 1676 5553 exhibetur.
1730 5496 1838 5562 Qui
1894 5498 2092 5553 lavatis

2174 4515 2485 4568 orationem
2516 4513 2735 4581 intenti,
2768 4531 2944 4585 usque
2959 4513 3092 4567 dum
3111 4531 3211 4585 per
3221 4515 3567 4569 sacerdotem
3586 4517 3774 4570 Domi-

2173 4604 2299 4658 nica
2322 4602 2500 4657 oratio
2523 4603 2596 4657 sit
2614 4602 2792 4656 finita.
2818 4604 2880 4657 In
2904 4620 3236 4675 quacunque
3250 4610 3438 4657 autem
3460 4604 3771 4660 incessione

2173 4692 2546 4747 subdiaconus
2592 4694 2649 4746 et
2679 4691 2936 4747 minister
2965 4692 3192 4745 omnino
3224 4692 3428 4746 debent
3456 4711 3671 4759 cavere,
3699 4711 3772 4749 ne

2174 4782 2329 4854 prius
2358 4788 2485 4853 post
2503 4781 2850 4834 sacerdotem
2870 4781 3114 4846 veniant,
3149 4798 3318 4851 quam
3349 4781 3769 4849 diaconus,ubi-

2174 4889 2393 4943 cunque
2420 4870 3220 4937 incensaverit,redeat.Notat
3250 4888 3472 4942 quoque
3501 4871 3773 4928 diaconus

2176 4964 2398 5032 quando
2437 4961 2695 5015 sacerdos
2725 4960 2872 5013 inter
2906 4976 3178 5014 canonem
3214 4978 3274 5014 se
3303 4960 3675 5027 inclinaverit,
3707 4969 3772 5016 ut

2176 5056 2370 5122 postea
2398 5066 2527 5105 cum
2556 5049 2650 5104 illo
2682 5066 2741 5102 se
2771 5047 3317 5118 erigat,calicemque
3347 5065 3474 5102 cum
3504 5065 3568 5102 eo
3586 5049 3772 5104 disco-

2177 5138 2411 5210 operiat,
2436 5142 2493 5192 et
2520 5154 2648 5192 cum
2679 5138 2897 5192 levante
2925 5136 3088 5200 levet,
3116 5137 3435 5209 iterumque
3457 5139 3769 5207 repositum

2173 5226 2495 5299 cooperiat;
2527 5229 2682 5299 prius
2720 5232 2911 5283 tamen
2954 5226 3013 5279 in
3068 5226 3189 5297 ipso
3236 5243 3459 5280 accessu
3485 5228 3774 5284 osculatur

2175 5319 2371 5383 altare,
2404 5336 2468 5372 ac
2496 5318 2696 5371 deinde
2725 5314 3029 5370 sacerdotis
3061 5314 3353 5369 brachium
3390 5332 3591 5386 parum
3620 5317 3772 5372 infra

2173 5408 2505 5462 humellum.
2539 5408 2749 5461 Deinde
2772 5410 2894 5477 post
2925 5405 3272 5459 Dominicam
3301 5405 3614 5460 orationem
3630 5404 3773 5461 acci-

2172 5496 2254 5569 pit
2286 5514 2320 5550 a
2346 5497 2684 5551 subdiacono
2709 5500 2974 5567 patenam
3003 5494 3084 5548 ita
3111 5509 3239 5547 cum
3268 5493 3497 5549 linteolo
3527 5495 3770 5552 daturus

562 5654 736 5730 (109‘)
766 5658 965 5713 Variat
989 5657 1100 5726 hic,
1152 5675 1283 5713 cum
1324 5658 1531 5730 integri
1574 5657 1603 5731 §
1643 5658 1690 5731 §.
1723 5675 1757 5715 a
1786 5659 2090 5717 Wilhelmo
2119 5659 2217 5731 qui
2247 5659 2309 5715 in
2339 5642 2529 5719 codice
2549 5657 2796 5714 Udalrici
2826 5656 3126 5727 habentur,
3157 5655 3351 5715 omissi
3379 5655 3519 5715 sint.
