3934 6364
186 396 325 474 1043

1237 420 1657 478 CONSTITUT.
1699 402 2039 476 IIIRSAUG.
2083 450 2149 460 —
2187 416 2324 475 LIB.
2366 419 2416 476 1.

3321 403 3464 479 1614
3506 456 3521 469 .

177 539 457 594 sacerdoti
486 542 788 597 osculando
806 560 1037 600 manum
1070 546 1208 616 ejus,
1230 547 1376 601 sicut
1405 551 1458 600 et
1489 545 1778 600 subdiaco-
1788 547 1839 606 Α
1856 544 2058 609 fundit,
2092 561 2219 598 cum
2269 546 2608 615 sanguinem
2638 546 2839 602 deinde
2872 565 2908 605 a
2938 528 3256 613 bibentibus
3284 542 3463 605 hinni

180 647 289 687 nus
318 628 446 683 sibi.
481 628 750 685 Sacerdos
777 636 963 687 autem
990 636 1146 707 ponit
1176 653 1298 689 eam
1328 636 1397 689 ad
1425 636 1625 706 pedem
1652 633 1781 688 cali-

179 719 281 785 cis,
314 722 369 773 et
395 725 693 793 postquam
714 720 946 793 fregerit
973 723 1236 789 hostiam,
1261 742 1431 779 unam
1462 724 1783 796 portiuncu-

178 804 295 863 lam
334 808 418 868 lut
446 826 569 864 mos
596 816 681 865 est
705 812 1003 883 generalis)
1032 814 1208 871 mittit
1247 814 1305 869 in
1356 812 1608 884 calicem,
1639 813 1779 867 duas

176 915 351 970 super
373 903 658 971 patenam,
687 888 744 954 et
769 918 897 955 cum
923 903 1198 975 corporali
1259 906 1402 977 tegit
1449 892 1774 981 utrumque.

175 984 344 1043 Prius
359 991 551 1042 autem
572 1005 742 1060 super
769 989 953 1062 ipsum
981 993 1211 1046 calicem
1241 990 1449 1064 digitos
1478 994 1782 1068 diligenter

175 1076 408 1147 excutit,
446 1094 517 1131 ne
546 1072 681 1149 quid
710 1079 850 1133 forte
875 1080 1023 1134 inter
1052 1081 1425 1151 frangendum
1457 1084 1526 1139 de
1549 1103 1780 1158 corpore

171 1164 405 1220 Domini
438 1166 753 1229 adhaeserit.
803 1169 1017 1233 Quibus
1045 1170 1229 1224 adhuc
1257 1190 1384 1225 cum
1412 1176 1566 1228 omni
1594 1177 1781 1232 studio

172 1250 404 1319 clausis,
439 1261 496 1309 et
513 1257 583 1310 ad
602 1264 797 1328 pectus
820 1259 1112 1330 applicatis
1137 1260 1183 1326 (l
1203 1258 1301 1330 [0),
1330 1260 1555 1318 brachio
1585 1265 1779 1321 dextro

172 1361 350 1415 super
378 1345 669 1400 sinistrum
700 1349 900 1417 posito,
932 1349 1177 1419 primum
1204 1349 1439 1405 diacono
1467 1358 1523 1406 et
1551 1354 1778 1409 subdia-

1865 634 2080 689 viderit.
2114 635 2250 689 Inde
2280 652 2520 706 quoque,
2550 652 2676 690 cum
2710 636 2952 707 primum
2975 654 3035 693 se
3054 637 3186 691 inde
3208 639 3461 711 expedie-

1860 725 1954 787 rit,
1979 728 2036 785 et
2063 723 2325 777 ultimum
2352 722 2423 777 ad
2452 725 2631 777 altare
2659 724 3074 801 communicare
3094 726 3458 797 perspexerit,

1861 811 2137 883 accipiens
2154 811 2394 866 alterum
2416 811 2643 867 calicem
2662 810 2731 866 de
2757 808 3074 881 armariolo,
3100 810 3376 879 sacerdoti
3393 815 3466 870 ad

1861 890 2167 954 abluendos
2208 898 2268 954 in
2321 917 2385 954 eo
2424 899 2628 971 digitos
2658 899 2827 965 simul
2858 918 2986 954 cum
3043 890 3293 974 ampulla
3348 905 3463 963 vini

1862 992 2140 1060 apportat,
2172 1005 2237 1042 ac
2266 987 2448 1060 primo
2478 987 2773 1060 paululum
2786 986 2901 1043 vini
2929 990 3111 1044 eidem
3141 998 3309 1067 su’per
3330 1011 3466 1069 qua-

1862 1072 1993 1132 tuor
2015 1079 2238 1149 digitos,
2270 1077 2471 1149 quibus
2497 1076 2698 1149 cerpus
2720 1076 2943 1133 Domini
2958 1074 3220 1150 fregerat,
3252 1080 3459 1145 fundit.

1863 1167 2024 1230 Quod
2069 1167 2344 1230 sacerdos,
2378 1171 2676 1237 postquam
2733 1164 2969 1221 ebiberit
3008 1168 3191 1223 adhuc
3216 1156 3463 1226 secundo

1862 1257 2010 1327 quod
2058 1256 2371 1310 infunditur
2413 1255 2572 1322 bibit,
2625 1261 2688 1310 ut
2725 1261 2782 1310 et
2832 1254 2926 1311 ille
2990 1256 3131 1311 caliié
3176 1260 3463 1332 utcunque

1861 1344 2142 1400 abluatur.

170 1449 316 1486 cono
358 1440 478 1488 tum
528 1436 697 1489 etiam
726 1436 982 1501 ministro
1023 1438 1121 1492 dat
1146 1456 1361 1509 pacem,
1397 1448 1453 1494 et
1482 1442 1527 1495 si
1561 1443 1693 1514 quid
1715 1445 1784 1499 de
1940 1430 2239 1506 Postquam
2271 1452 2466 1489 omnes
2494 1434 2786 1490 Dominico
2800 1435 3061 1508 sanguini
3081 1437 3465 1513 communica-

170 1538 409 1592 corpore
438 1522 661 1578 Domini
691 1535 998 1593 remaneat,
1033 1527 1137 1582 hoc
1164 1528 1282 1600 ipse
1312 1530 1564 1602 accipiat.
1592 1532 1660 1587 Et
1692 1552 1785 1606 po-
1864 1525 2046 1578 νθΐίηῒ
2074 1525 2169 1596 (1ι1ί
2222 1541 2424 1595 corpus
2482 1525 2705 1591 Domini
2761 1514 3107 1613 acceperant.
3164 1525 3462 1583 Πονίεείῐῐιθ

169 1617 297 1664 stea
328 1612 615 1667 descendit
643 1621 873 1685 propter
892 1615 1072 1686 ipsam
1099 1634 1294 1688 pacem
1320 1616 1389 1672 ad
1414 1621 1638 1686 fratres,
1655 1621 1776 1694 ipso
1863 1612 2120 1667 ministro
2142 1613 2408 1673 defertur.
2433 1618 2498 1667 ut
2518 1616 2575 1667 et
2605 1613 2725 1683 ἱρεθ
2756 1615 2824 1668 de
2850 1612 3046 1669 θοάθω
3070 1616 3294 1672 Ι)οωὶοί
3326 1634 3462 1684 San-

168 1699 410 1755 diacono
442 1701 669 1757 interim
699 1721 872 1776 prope
903 1706 1079 1760 altare
1118 1713 1320 1773 stante,
1349 1714 1406 1764 et
1434 1727 1504 1764 ne
1545 1728 1654 1783 qua
1683 1730 1777 1769 ne-
1855 1703 2026 1773 ευίηθ
2073 1701 2246 1765 δίδδιΐθ
2279 1703 2326 1756 εί
2357 1707 2545 1756 tamen
2585 1719 2787 1774 corpus
2844 1703 3070 1758 Domini
3119 1706 3411 1778 acceperat
3442 1725 3456 1760 ³

164 1788 448 1860 gligentia
482 1792 541 1845 in
571 1792 858 1848 Dominico
888 1811 1119 1865 corpore
1148 1797 1234 1850 vel
1252 1799 1525 1868 sanguine
1555 1802 1773 1857 contin—
1856 1808 1986 1845 nam
2019 1809 2083 1845 ex
2109 1808 2216 1845 11511
2235 1808 2348 1845 ηοη
2378 1792 2773 1866 communia“,
2792 1791 3107 1871 nisialiqua
3120 1810 3252 1877 pars
3271 1811 3464 1867 001·Ρο-

163 1882 271 1949 gat
297 1878 651 1949 providente.
695 1880 803 1935 Sed
822 1881 1197 1939 subdiaconus
1226 1890 1489 1956 patenam
1536 1889 1604 1942 ad
1637 1890 1772 1945 cali-
1798 1899 1834 1959 Β
1855 1880 1933 1934 Pis
1962 1878 2187 1934 Domini
2237 1885 2545 1934 remaneat
2579 1874 2812 1935 Interim
2862 1898 2991 1936 νθΐο
3036 1874 3306 1938 dia-6011118
3334 1901 3460 1958 00P-

165 1982 293 2019 cem
346 1968 742 2043 pertinentem,
778 1987 946 2041 quam
979 1973 1167 2043 posuit
1191 1991 1359 2044 super
1388 1976 1772 2043 armariolum,
1857 1968 2072 2043 poralia
2098 1966 2728 2040 complicat,tollensque
2749 1970 3032 2041 patenam,
3057 1974 3225 2043 quam
3238 1970 3462 2038 Subdia-

164 2060 487 2127 reportans.
522 2057 691 2112 simul
720 2077 847 2113 cum
877 2060 1108 2116 linteolo
1158 2064 1316 2134 ponit
1359 2083 1529 2138 super
1575 2069 1770 2135 altare,
1857 2075 2028 2112 conus
2070 2058 2261 2129 Ροευίῒι
2302 2075 2473 2128 super
2515 2057 2711 2125 altare:
2773 2058 2871 2112 dat
2912 2054 3092 2121 eidem
3126 2060 3292 2137 hanc
3327 2079 3457 2139 cui.“

166 2149 226 2198 et
257 2150 453 2216 postea
481 2152 594 2200 stat
620 2147 843 2203 inclinis
889 2151 959 2205 ad
993 2153 1456 2222 supplicationem
1494 2157 1565 2210 ad
1601 2175 1774 2213 cornu
1856 2140 2151 2219 corporali.
2185 2142 2394 2201 Eodem
2416 2153 2700 2201 momento
2727 2146 2988 2202 minister
3019 2146 3220 2225 accipit
3248 2151 3456 2205 scutel-

164 2233 368 2301 altaris
392 2235 671 2302 dextrum,
702 2255 880 2308 usque
926 2239 1061 2293 dum
1109 2243 1302 2296 redeat
1336 2245 1613 2300 sacerdos.
1665 2247 1774 2311 Qui
1854 2236 1987 2302 13m,
2013 2238 2071 2290 ίη
2102 2254 2211 2308 qua
2232 2240 2318 2291 θεῖ
2345 2241 2614 2307 argentea
2642 2243 2866 2308 Patella,
2901 2239 2957 2291 et
2983 2242 3100 2293 tam
3123 2238 3245 2310 ipse
3284 2242 3453 2317 Quam

162 2322 394 2377 rediens
431 2326 844 2398 portiunculam
874 2329 1149 2384 Dominici
1168 2332 1414 2402 corporis
1435 2334 1687 2405 accipiat,
1709 2354 1773 2391 ac
1854 2324 1948 2378 ille
1979 2325 2074 2396 (ἰαί
2104 2324 2332 2379 calicem
2358 2324 2714 2394 tenetaambo
2744 2324 3015 2395 recedunt
3042 2324 3194 2393 retro
3215 2330 3341 2411 post
3369 2327 3458 2397 δὲὶ-

163 2412 373 2468 deinde
402 2416 686 2484 patenam,
722 2435 891 2488 super
911 2436 1079 2489 quam
1107 2437 1308 2492 corpus
1338 2423 1561 2477 Domini
1590 2431 1676 2480 est
1694 2425 1773 2479 di-
1854 2415 2135 2468 cerdotcm
2159 2419 2374 2469 stantes
2398 2434 2410 2483 ;
2458 2415 2553 2486 (illi
2579 2431 2706 2468 cum
2729 2410 2901 2470 calice
2947 2422 3142 2470 contra
3195 2416 3454 2483 dextrum

161 2500 493 2567 videndum,
526 2500 697 2558 mittit
724 2506 780 2560 in
808 2508 1120 2573 scutellam,
1148 2526 1315 2580 quam
1340 2510 1598 2566 minister
1622 2514 1769 2568 alta-
1852 2520 2025 2558 00ml!
2056 2504 2269 2568 altariS,
2301 2503 2395 2574 qui
2446 2521 2572 2557 cum
2630 2505 2866 2559 scutella
2910 2510 3106 2559 contra
3135 2503 3457 2565 sinistrum.-

162 2590 245 2645 ris
269 2590 501 2646 allatam
532 2593 600 2648 de
629 2596 926 2650 armariolo
956 2602 1112 2651 tenet
1132 2616 1301 2665 super
1327 2600 1766 2669 reclinatorium;
1853 2593 2061 2647 Οοηῐνῖι
2090 2611 2229 2664 quos
2244 2593 2376 2647 illuc
2395 2588 2717 2650 secedentes
2750 2592 2904 2648 totus
2923 2598 3228 2650 conventus
3250 2612 3351 2671 ΡῐὌ
3369 2613 3455 2661 re-

161 2678 369 2734 deinde
401 2686 487 2735 est
514 2680 569 2734 in
599 2682 824 2737 dextera
855 2691 1013 2755 parte
1042 2684 1256 2755 altaris,
1287 2694 1515 2759 propter
1534 2690 1637 2743 hoc
1655 2708 1770 2744 ma-
1850 2682 2101 2737 verentia
2126 2682 2395 2737 Dominici
2427 2683 2674 2754 corporis
2704 2687 2762 2737 et
2783 2681 3074 2754 sanguinis
3103 2682 3324 2739 veniam
3352 2703 3453 2758 pe-

158 2767 314 2822 xime
341 2766 551 2824 ibidem
594 2762 803 2826 factum
832 2772 980 2827 inter
1026 2774 1165 2829 duas
1215 2775 1407 2830 ciborii
1456 2778 1764 2846 columnas,
1851 2772 1939 2826 tit.
1972 2770 2075 2827 1116
2095 2779 2284 2838 autem
2307 2773 2603 2844 quiportat
2622 2772 3040 2833 οᾶηάϐὶᾶῦΐαῐϊις
3064 2779 3263 2846 Postea
3281 2773 3451 2851 quam

158 2857 357 2911 statim
390 2857 622 2912 diacono
651 2877 854 2932 corpus
882 2861 1105 2917 Domini
1126 2863 1326 2918 tribuit
1345 2881 1409 2918 ac
1432 2862 1634 2921 deinde
1648 2867 1768 2938 ipse
1849 2862 2107 2917 sacerdos
2127 2880 2161 2916 a
2189 2879 2323 2934 pace
2348 2858 2597 2925 l‘ediel‘itv
2631 2879 2852 2918 sursum
2885 2863 2990 2917 hoc
3008 2866 3165 2926 tenet
3183 2856 3447 2933 levatum.

158 2948 497 3018 sanguinem
527 2951 719 3017 sumit,
741 2956 799 3005 et
822 2946 1051 3006 calicem
1083 2953 1316 3008 diacono
1346 2954 1459 3013 dat.
1483 2956 1622 3009 Cum
1655 2974 1764 3028 quo
1847 2967 1949 3004 nec
1980 2951 2135 3022 prius
2161 2951 2267 3005 hoc
2308 2949 2557 3023 deponit,
2611 2968 2781 3022 quam
2828 2955 2954 3023 P05t
2996 2950 3449 3019 communionem

155 3034 257 3092 ille
288 3055 418 3102 mox
445 3039 502 3092 in
541 3046 953 3113 competentem
985 3042 1166 3096 locum
1201 3043 1427 3109 secedit,
1454 3050 1518 3098 ut
1537 3045 1676 3115 ipse,
1709 3052 1764 3100 et
1845 3040 2028 3112 prima
2056 3041 2287 3094 collecta
2313 3039 2657 3094 inchoaverit
2679 3036 2847 3093 finiri.
2882 3034 3011 3097 Mox
3040 3038 3209 3094 etiam
3241 3042 3448 3121 patena

155 3125 202 3179 si
237 3126 366 3197 quis
390 3124 459 3180 de
486 3127 753 3184 fratribus
783 3147 983 3202 corpus
1010 3131 1233 3186 Domini
1262 3134 1519 3204 sumpsit,
1569 3135 1637 3188 de
1676 3152 1764 3189 eo~
1785 3129 2013 3239 Csimul
2062 3146 2185 3183 cum
2218 3128 2388 3184 calice
2436 3128 2506 3183 ad
2546 3126 2915 3183 armariolum
2965 3118 3315 3201 reportatur;
3348 3118 3448 3186 ubi

159 3215 284 3239 λθ-..
321 3217 591 3239 ,μμ----ΞῌΑ
627 3218 723 3239 Π-.
754 3219 846 3239 ,ἷμέ
886 3220 1215 3239 _-_Ai__s,,,3,,
1246 3238 1253 3239 κ
1446 3222 1456 3233 ⁸
1510 3230 1518 3239 Α
1854 3218 2190 3239 -,-____L_-._.‘ISL
2212 3224 2256 3239 AA
2305 3219 2371 3239 -2;
2406 3216 2539 3239 _‘-_-
2609 3218 2719 3239 ΔΞ--
2796 3214 2906 3239 1-..-
2924 3218 2985 3239 ,ζζ
3042 3218 3153 3239 --έμλ
3218 3216 3432 3239 Αμυλμῖᾴ

155 3215 290 3269 dem
320 3217 595 3287 sanguine
627 3218 851 3272 Domini
876 3220 1290 3275 communicare
1310 3222 1545 3292 possint.

227 3304 446 3359 Deinde
474 3323 605 3361 vero
633 3307 1007 3363 subdiaconus
1036 3326 1237 3380 corpus
1280 3311 1505 3366 Domini
1535 3312 1755 3385 accipit,

155 3400 213 3447 et
239 3399 370 3465 post
398 3412 527 3448 eum
559 3412 750 3450 omnes
789 3398 884 3467 qui
932 3397 1146 3466 volunt,
1174 3416 1238 3452 ac
1268 3399 1567 3454 novissime
1596 3401 1760 3456 mini-

1847 3218 2259 3290 quantumlibet
2300 3219 2372 3274 sit
2398 3216 2547 3272 clara
2603 3218 2740 3284 dies,
2796 3214 2987 3293 tamen
3035 3218 3163 3283 cum
3211 3216 3445 3285 candela

1842 3312 2146 3380 utrumque
2172 3306 2596 3379 diligentissime
2626 3302 3014 3361 consideratur
3042 3308 3075 3360 a
3103 3306 3442 3371 subdiacono

1844 3403 1901 3451 et
1927 3396 2038 3451 alio
2068 3394 2354 3465 servitore,
2377 3394 2425 3451 si
2442 3392 2574 3468 quid
2599 3396 2742 3451 forte
2763 3394 3204 3451 minutissimum
3217 3394 3444 3463 reman-

153 3489 292 3549 ster,
328 3483 426 3554 qui
454 3488 610 3539 tenet
638 3486 948 3551 scutellam,
1000 3485 1047 3540 si
1098 3488 1231 3558 quid
1260 3496 1546 3557 remanet;
1602 3491 1759 3562 prius
1841 3486 1974 3540 serit
1997 3486 2066 3541 de
2097 3504 2328 3558 corpore
2353 3484 2595 3541 Domini.
2629 3482 2698 3540 Et
2724 3485 2772 3540 si
2812 3502 2978 3556 quam
3009 3484 3280 3557 majorem
3309 3486 3443 3558 par-

154 3572 353 3626 tamen
378 3572 597 3628 veniam
626 3581 863 3645 petunt;
898 3583 954 3629 et
982 3575 1078 3647 qui
1107 3577 1165 3630 in
1194 3576 1333 3631 albis
1362 3579 1447 3632 vel
1472 3578 1527 3632 in
1568 3582 1758 3651 cappis
1841 3580 1952 3629 tem
1982 3575 2240 3630 minister
2263 3575 2467 3630 viderit
2494 3574 2849 3640 remansisse,
2904 3575 3049 3629 hanc
3097 3592 3209 3639 non
3258 3574 3444 3649 tangit

152 3666 291 3716 sunt
318 3667 540 3715 tantum
574 3680 633 3716 se
663 3680 833 3734 super
852 3665 1423 3734 manussubmittunt;
1446 3667 1543 3721 sed
1565 3675 1760 3739 postea
1840 3681 2030 3731 manu,
2072 3664 2171 3719 sed
2216 3665 2412 3736 lingua
2453 3670 2674 3719 tantum
2704 3662 2851 3718 levat
2881 3666 2939 3718 et
2965 3662 3165 3731 sumit;
3199 3662 3245 3718 si
3283 3662 3441 3736 prius

150 3750 375 3805 veniam
407 3757 597 3822 petere
625 3752 709 3805 vel
743 3753 943 3807 saltem
975 3771 1196 3827 quoque
1246 3756 1514 3810 inclinare
1543 3758 1757 3811 devita-
1838 3758 2028 3807 tamen
2083 3754 2203 3825 ipse
2230 3752 2661 3808 communicavit
2692 3771 2703 3807 :
2738 3753 2888 3824 quod
2916 3752 2963 3807 si
2994 3770 3104 3807 non
3134 3750 3284 3818 fecit,
3314 3748 3445 3821 sub-

153 3838 312 3904 bunt,
349 3839 516 3893 etiam
547 3839 594 3894 si
629 3840 871 3895 domnus
890 3840 1033 3897 abba
1060 3844 1171 3897 illis
1200 3843 1521 3911 obviaverit,
1548 3864 1755 3919 quous-
1839 3842 2104 3897 diaconus
2134 3843 2274 3898 illud
2304 3842 2565 3898 absumit.
2593 3842 2801 3896 Verum
2842 3838 2958 3895 sive
2997 3838 3130 3916 quid
3157 3858 3441 3896 remanse-

154 3945 263 3999 que
290 3929 361 3982 de
392 3927 517 3982 vino
541 3928 799 3983 biberint.
820 3931 1036 3985 Debent
1054 3939 1241 3986 autem
1273 3934 1479 4004 singuli
1509 3934 1752 3989 scutellae
1838 3935 1929 3995 rit,
1961 3933 2077 3986 sive
2107 3933 2264 3999 nihil,
2284 3950 2396 3987 non
2416 3928 2605 3987 tamen
2634 3925 2739 3987 hoc
2767 3929 3090 4000 negligitur,
3122 3934 3188 3983 ut
3205 3935 3431 4000 patena,

152 4015 233 4069 ita
261 4032 324 4069 se
344 4016 669 4088 adjungere,
702 4025 764 4072 ut
790 4019 837 4074 si
877 4020 1019 4075 forte
1072 4022 1220 4075 inter
1264 4023 1599 4077 sumendum
1647 4023 1751 4078 ali-
1834 4022 1893 4076 in
1914 4040 2022 4093 qua
2053 4039 2255 4095 corpus
2285 4020 2509 4077 Domini
2539 4025 2622 4074 est
2658 4016 2917 4087 divisum,
2950 4017 3168 4073 duabus
3221 4018 3435 4074 vicibus

155 4104 381 4179 quando
414 4123 618 4177 corpus
648 4108 872 4162 Domini
902 4110 987 4163 vel
1019 4109 1087 4163 de
1117 4128 1213 4164 ore
1234 4111 1527 4173 sumentis,
1572 4113 1657 4165 vel
1682 4104 1751 4166 de
1834 4128 1960 4166 cum
2012 4111 2138 4165 vino
2184 4110 2507 4165 cautissime
2560 4102 2794 4173 lavetur,
2829 4104 2978 4179 quod
3007 4125 3037 4162 e
3065 4105 3234 4162 calice
3262 4125 3435 4176 super

153 4209 328 4247 manu
348 4194 649 4249 tribuentis
677 4197 897 4268 lapsum
943 4198 1132 4264 fuerit,
1174 4216 1286 4253 non
1330 4199 1436 4254 nisi
1462 4199 1519 4254 in
1551 4201 1750 4255 scutel—
1833 4201 2123 4254 scutellam
2151 4200 2330 4272 posito
2362 4204 2649 4270 receptum
2698 4214 2811 4261 non
2866 4197 3071 4252 minori
3117 4197 3433 4262 reverentia

149 4273 262 4334 lam
293 4283 494 4337 cadere
524 4285 716 4355 possit.
751 4286 808 4340 Si
848 4286 918 4340 de
948 4287 1058 4340 alio
1109 4289 1278 4342 choro
1334 4290 1748 4344 communicare
1829 4288 2091 4359 ebibitur,
2122 4306 2293 4359 quam
2316 4287 2362 4342 si
2396 4294 2544 4342 esset
2571 4287 2691 4359 ipse
2719 4286 2948 4358 sanguis
2975 4284 3355 4345 consecratus.

148 4372 409 4439 voluerit,
455 4389 623 4443 quam
652 4375 721 4429 de
748 4392 832 4443 eo,
878 4374 936 4430 in
984 4394 1093 4448 quo
1131 4378 1382 4445 offertur,
1422 4386 1649 4450 accepta
1677 4380 1746 4433 li-
1898 4378 2184 4432 Recedens
2213 4384 2401 4433 autem
2430 4378 2499 4447 ab
2540 4376 2705 4431 altari
2746 4374 3026 4445 sacerdos,
3084 4372 3181 4439 dat
3220 4372 3430 4441 librum

148 4460 333 4515 centia
359 4460 418 4514 in
448 4462 642 4517 ordine
673 4482 774 4519 suo
800 4465 870 4519 ad
899 4482 1093 4537 pacem
1121 4472 1178 4519 et
1196 4466 1266 4520 ad
1295 4469 1742 4523 communionem
1765 4539 1808 4551 “
1828 4467 2109 4533 missalem
2152 4466 2384 4521 diacono
2436 4462 2862 4538 reportandum.
2896 4462 3110 4529 Stolam
3138 4459 3258 4551 ipse
3283 4462 3428 4531 com-

147 4549 382 4605 accedit.
411 4551 469 4606 Si
492 4552 616 4623 quis
637 4570 764 4608 vero
795 4555 864 4608 de
897 4556 1067 4609 choro
1114 4573 1214 4610 suo
1247 4556 1306 4609 in
1345 4557 1584 4623 alterum
1615 4539 1812 4611 cho-D
1832 4556 2025 4627 plicat,
2054 4555 2162 4610 nisi
2186 4556 2329 4611 forte
2354 4552 2444 4619 sit,
2466 4561 2530 4611 ut
2548 4557 2606 4611 in
2622 4550 2778 4617 festis
2799 4552 3110 4627 praecipuis,
3135 4539 3423 4624 deaurata;

146 4655 273 4693 rum
332 4638 403 4705 ad
431 4640 653 4695 missam
684 4642 767 4696 ire
791 4643 1042 4714 jubetur,
1075 4643 1165 4698 hic
1194 4662 1307 4699 non
1347 4646 1468 4700 sine
1518 4644 1748 4700 licentia
1828 4651 1964 4700 tunc
2013 4647 2163 4700 enim
2196 4654 2281 4701 est
2310 4663 2344 4701 a
2373 4644 2609 4700 sacrista
2658 4642 3069 4727 complicanda.
3127 4637 3429 4727 Sciendum

146 4744 273 4781 cum
306 4728 505 4783 eodem
522 4731 692 4784 choro
722 4732 793 4785 ad
821 4750 1015 4803 pacem
1054 4740 1111 4788 et
1159 4734 1228 4788 ad
1290 4735 1744 4789 communionem
1828 4743 2035 4802 autem,
2091 4736 2242 4806 quod
2270 4736 2531 4790 sacerdos
2563 4724 2859 4806 czeterique
2914 4730 3159 4797 ministri
3211 4724 3427 4796 altaris.

146 4818 381 4885 accedit,
413 4818 522 4873 nisi
565 4828 819 4891 perstare
847 4822 1064 4877 debeat.
1102 4823 1158 4877 Si
1187 4841 1317 4878 vero
1343 4842 1410 4878 ea
1436 4822 1526 4878 die
1555 4826 1659 4880 hoc
1687 4824 1745 4879 in
1828 4826 2051 4898 quando
2105 4842 2255 4880 nona
2298 4825 2668 4880 continuatim
2719 4825 2949 4879 missam
3012 4824 3284 4895 sequitur,
3340 4818 3428 4887 vel

147 4908 316 4963 choro
346 4920 447 4964 Sno
471 4912 679 4981 agitur,
712 4930 906 4983 pacem
941 4911 1106 4967 debet
1135 4915 1404 4986 accipere,
1439 4920 1497 4968 et
1525 4912 1571 4969 si
1603 4914 1740 4983 vult,

146 5004 333 5070 potest
358 5000 791 5055 communicare.

218 5088 543 5155 Notandum
590 5096 801 5157 autem,
862 5092 1011 5163 quod
1065 5093 1218 5148 omni
1247 5091 1463 5165 privata
1488 5094 1597 5159 die,
1631 5111 1743 5149 non

146 5176 338 5249 plures
367 5196 538 5250 quam
567 5180 814 5251 quinque
835 5198 901 5234 ex
924 5182 1326 5237 consuetudine
1348 5182 1418 5236 ad
1439 5182 1747 5237 communi-

149 5268 391 5323 candum
418 5268 748 5339 procedunt,
775 5287 901 5324 cum
932 5270 1128 5326 hostiae
1157 5279 1379 5326 tantum
1399 5270 1458 5327 in
1480 5279 1595 5327 tres
1615 5290 1745 5346 par-

148 5365 234 5413 tes
278 5358 618 5414 dividantur.
660 5359 965 5431 Postquam
1007 5368 1197 5415 autem
1225 5362 1601 5417 subdiaconus
1629 5380 1745 5416 cor-

148 5465 255 5519 pus
293 5448 518 5503 Domini
566 5450 863 5520 acceperit,
920 5452 1111 5504 statim
1164 5452 1234 5505 ad
1272 5452 1569 5507 diaconum
1617 5469 1745 5505 cum

149 5538 429 5592 arundine
456 5544 513 5593 et
540 5539 791 5609 ampulla
809 5539 981 5607 venit,
1003 5541 1073 5594 de
1093 5558 1203 5611 qua
1222 5541 1411 5597 vinum
1436 5542 1495 5595 in
1516 5541 1745 5596 calicem

1824 4933 2073 4989 vespera,
2086 4919 2244 4970 utest
2261 4915 2319 4969 in
2335 4915 2492 4978 Quad
2500 4915 2792 4985 ragesima,
2802 4920 3096 4987 postquam
3110 4931 3171 4968 se
3191 4920 3422 4982 exuunt,

1825 5004 2156 5069 orationem,
2178 5020 2300 5075 quae
2329 5003 2400 5057 ad
2429 5003 2585 5057 illam
2613 5003 2810 5057 horam
2832 5003 3095 5074 pertinet,
3122 4996 3181 5056 in
3210 5008 3425 5067 secreto

1827 5094 1947 5149 loco
1967 5093 2198 5148 faciunt.

1898 5185 1963 5239 In
1975 5183 2203 5255 privatis
2214 5181 2411 5237 diebus
2423 5180 2620 5235 hostiae
2645 5196 2758 5234 non
2778 5186 3113 5245 consecratae
3124 5171 3425 5254 portantur

1827 5273 1886 5328 in
1906 5270 2285 5339 refectorium,
2315 5276 2381 5325 ut
2423 5270 2526 5336 his,
2551 5270 2648 5341 qui
2679 5285 2744 5323 eo
2767 5270 2857 5324 die
2884 5286 2997 5323 non
3044 5272 3425 5335 communica.

1827 5369 2046 5424 verunt,
2057 5380 2156 5433 per
2192 5374 2394 5415 manus
2414 5359 2717 5415 sacerdotis
2739 5357 3163 5414 hebdomadarii
3188 5367 3245 5415 et
3272 5362 3426 5433 prio-

1825 5453 1904 5506 ris
1963 5450 2387 5505 hebdomadarii
2439 5449 2867 5504 distribuantur.
2913 5449 3072 5513 Quod
3096 5450 3203 5505 hoc
3230 5450 3429 5506 ordine

1827 5541 1951 5596 fieri
1979 5541 2140 5607 solet,
2176 5545 2239 5595 ut
2285 5540 2536 5612 primum
2585 5538 2870 5594 tribuatur
2926 5538 2996 5592 de
3043 5538 3180 5611 ipsis
3230 5538 3430 5596 hostiis

226 5677 373 5750 (HO)
390 5680 660 5736 Bernard.
694 5680 829 5737 0rd.
856 5682 1106 5739 Cluniae.
1152 5686 1299 5755 part.
1334 5696 1377 5752 ι,
1409 5701 1526 5756 cap.
1559 5683 1646 5753 35,
1676 5684 1886 5740 habet:
1923 5688 1972 5738 et
1998 5698 2202 5737 manus
2224 5685 2290 5737 in
2317 5682 2547 5737 modum
2569 5683 3034 5753 crucisadpectu:
3051 5682 3355 5753 applicans.
