3934 6360
485 369 626 430 1015

1516 371 1573 425 S.
1615 370 2010 426 GUILLELMI
2046 367 2349 425 ABBATIS
2388 367 2725 423 HIRSAUG.

3630 355 3771 416 1016

484 497 692 557 domno
727 493 935 561 abbati,
961 499 1182 565 posteat
1204 495 1469 565 uwinque
1496 494 1566 548 ad
1593 495 1845 549 dextram
1876 500 1932 549 et
1951 495 2089 549 sini-
2105 494 2157 556 Α
2176 499 2311 554 tam,
2343 494 2575 565 insuper
2601 499 2658 547 et
2685 490 2827 544 duas
2856 487 3060 557 accipit
3097 484 3393 557 ampullas,
3423 499 3596 539 unam
3637 484 3772 549 vini,

492 591 666 640 stram
685 583 1390 655 ipsiusabbatis’incipitur,
1420 589 1475 637 et
1489 601 1664 654 usque
1679 584 1746 637 ad
1767 586 1933 638 finem
1956 584 2091 638 utri-

485 690 665 745 usque
681 673 909 744 parietis
920 673 1505 739 distribuuntm',sicut
1520 679 1576 726 et
1586 679 1778 743 postea
1795 674 1863 726 ad
1890 674 2089 727 lineam

485 762 695 833 agitur,
715 761 1147 816 ettribuentium
1163 778 1364 815 manus
1385 762 1708 815 osculantur
1726 762 1983 831 singulis.

558 848 901 904 Benedicens
928 855 1043 903 tres
1073 866 1264 903 cruces
1285 850 1418 903 facit
1445 855 1639 904 contra
1670 867 1920 904 mensam
1944 850 2092 921 prin-

486 939 745 1009 cipalem,
803 944 998 993 contra
1027 938 1284 993 sedentes
1314 939 1370 993 in
1410 939 1688 1010 apposito,
1726 945 1922 994 contra
1948 939 2091 993 infe-

487 1028 666 1081 riores
694 1044 790 1093 se;
835 1026 903 1080 ad
935 1031 1127 1097 potum
1159 1044 1288 1082 vero
1328 1044 1438 1082 non
1470 1028 1575 1081 nisi
1600 1045 1790 1082 unam.
1825 1029 1883 1083 Si
1912 1028 1979 1082 ad
2002 1028 2092 1082 be-

488 1115 861 1170 nedictionem
892 1115 1129 1187 primam
1165 1116 1401 1170 defuerit
1422 1116 1479 1171 in
1501 1117 1792 1171 retectorio
1822 1122 1879 1171 ct
1899 1123 2094 1188 postea

487 1204 894 1275 supervenerit,
922 1204 1041 1276 ipse
1070 1210 1289 1273 caetera,
1322 1222 1443 1275 qua:
1484 1210 1715 1269 restant,
1749 1205 1924 1262 dicat.
1956 1206 2091 1259 Post

488 1292 918 1365 completorium
984 1294 1313 1365 priusquam
1375 1295 1606 1347 finiatur
1662 1294 1830 1347 tertia
1884 1294 2082 1360 oratio,

490 1381 604 1436 exit
635 1381 705 1435 de
736 1380 904 1435 choro
936 1381 1006 1434 ad
1033 1398 1237 1453 aquam
1258 1380 1629 1449 benedictum,
1660 1386 1724 1435 ut
1737 1397 1863 1435 cum
1886 1398 1953 1435 ea
1969 1382 2089 1437 sin-

491 1470 655 1540 gulos
683 1474 966 1541 aspergat.

1023 1557 1258 1614 CAPUT
1294 1559 1556 1615 LXXXV.

491 1649 563 1703 De
597 1648 962 1702 benedictione
990 1649 1224 1714 frugum
1256 1664 1548 1710 novarum,
1588 1650 1657 1701 ab
1687 1649 1867 1702 eodem
1896 1648 2091 1702 hebdo-

1017 1737 1273 1791 madario
1300 1738 1573 1804 facienda.

2173 586 2407 639 alteram
2438 598 2615 653 aquae,
2648 581 2800 652 ipsas
2856 578 3084 650 quidem
3134 592 3262 630 cum
3305 575 3536 629 sinistra
3584 574 3778 628 levans

2173 673 2388 739 ambas,
2420 676 2478 726 et
2500 671 2729 724 calicem
2759 669 3006 734 dextera,
3032 670 3297 737 patenam
3338 680 3466 718 cum
3497 664 3779 735 corporali

2175 761 2377 831 pollice
2404 759 2652 813 retinens
2674 758 2914 827 desuper
2940 753 3221 826 imposito,
3273 756 3330 806 et
3381 751 3463 806 ita
3504 758 3780 824 sequente

2175 866 2441 903 converso
2474 846 2657 919 pergit
2684 845 2754 898 ad
2784 845 2980 903 altare.
3011 841 3108 896 ubi
3134 846 3220 896 est
3247 845 3595 895 cantaturus.

2246 937 2391 1005 (uo)
2414 936 2498 990 Ad
2518 935 2911 989 vestimentum
2934 936 3124 986 autem
3159 947 3274 985 non
3302 935 3389 984 est
3407 928 3779 1000 improvisum

2173 1044 2275 1081 nec
2303 1026 2594 1083 omissum.
2637 1030 2699 1077 ut
2723 1023 2794 1077 ad
2824 1021 3047 1092 singula
3070 1020 3291 1085 altaria,
3321 1036 3437 1075 una
3466 1019 3542 1073 sit
3560 1017 3779 1085 tabula,

2174 1117 2231 1171 in
2263 1132 2374 1188 qua
2402 1119 2646 1187 ponatur
2672 1129 2844 1167 unum
2865 1112 3078 1182 lignum
3105 1110 3363 1182 patulum
3391 1113 3447 1162 et
3462 1124 3626 1162 muro
3657 1107 3783 1162 inﬁ-

2170 1222 2323 1263 xum.
2365 1220 2537 1274 super
2553 1201 2698 1274 quod
2721 1206 3010 1274 ponuntur
3021 1200 3300 1271 ampulla).
3322 1197 3539 1253 Pendet
3555 1213 3783 1268 quoque

2170 1297 2225 1348 in
2255 1297 2516 1365 promptu
2550 1288 3022 1359 manutergiolum
3046 1288 3113 1341 ad
3133 1287 3279 1358 quod
3311 1286 3589 1350 sacerdos,
3623 1290 3782 1357 post-

2172 1398 2342 1452 quam
2373 1398 2432 1435 se
2458 1379 2726 1445 induerit,
2744 1379 2955 1432 lavatas
2975 1376 3147 1447 tergit
3176 1375 3534 1431 summitates
3565 1374 3782 1444 digito-

2172 1468 2529 1540 rum,quibus
2550 1467 2864 1523 necessario
2888 1483 2978 1520 res
2997 1465 3183 1536 tangit
3223 1469 3490 1519 sacratas.
3510 1461 3618 1517 Ubi
3645 1477 3783 1531 ergo

2175 1575 2476 1613 conversus
2512 1557 2906 1611 vestimentum
2940 1560 2997 1609 et
3024 1555 3239 1613 lumen,
3266 1552 3525 1607 sacerdos
3556 1567 3784 1623 quoque

2176 1648 2453 1719 ampullas
2484 1647 2541 1700 in
2563 1646 2682 1699 loco
2703 1662 2804 1699 suo
2826 1643 3165 1715 deposuerit,
3187 1649 3387 1697 tenens
3409 1641 3638 1695 calicem
3661 1641 3786 1711 ipse

2178 1753 2212 1790 a
2239 1742 2399 1807 parte
2428 1736 2643 1801 dextra,
2678 1740 2734 1788 et
2763 1750 3063 1787 conversus
3094 1749 3125 1785 a
3155 1731 3404 1794 sinistra,
3451 1729 3785 1784 accedentes

566 1825 586 1845 '
607 1824 752 1880 Sunt
772 1824 956 1879 adhuc
975 1824 1229 1895 quaedam
1242 1823 1693 1879 benedictionum
1716 1824 2085 1894 diversitates,
2107 1805 2153 1865 Β
2173 1826 2242 1880 ad
2274 1825 2473 1890 altare,
2508 1824 2655 1877 facta
2682 1840 2717 1877 a
2747 1838 3013 1876 converso
3038 1821 3448 1892 genuﬂexione,
3488 1819 3789 1890 complica-

495 1929 638 1985 quaz,
667 1912 932 1984 quoniam
970 1929 1001 1967 a
1052 1913 1341 1967 sacerdote
1387 1918 1519 1967 sunt
1564 1913 1830 1977 dicendae,
1862 1931 1975 1968 non
2001 1914 2089 1967 hic
2171 1919 2294 1968 tum
2322 1913 2518 1968 altaris
2549 1912 2845 1984 explicant,
2881 1916 2935 1965 ct
2967 1910 3136 1964 calice
3168 1910 3221 1963 in
3246 1909 3428 1963 medio
3468 1908 3689 1976 altaris,
3722 1924 3788 1961 ac

494 2007 631 2057 sunt
675 2001 989 2067 reticenda),
1049 2006 1113 2055 ut
1159 2007 1245 2056 est
1294 2000 1609 2056 benedictio
1646 2019 1902 2067 uvarum,
1965 2020 2088 2073 quae
2171 2002 2546 2057 libromissali
2563 2002 2621 2055 in
2642 2001 2835 2055 dextra
2855 2006 3014 2071 parte
3037 1998 3552 2071 positis,*sacerdos
3571 2013 3787 2051 exuens

494 2091 666 2146 etiam
700 2091 758 2145 in
780 2090 971 2144 multis
996 2089 1154 2144 libris
1176 2090 1495 2145 missalibus
1539 2090 1799 2151 habetur,
1825 2098 1883 2145 et
1911 2092 2087 2145 maxi-
2170 2091 2421 2146 tunicam
2437 2097 2568 2145 ante
2586 2090 2785 2154 altare,
2808 2086 3664 2159 facitgenuﬂexionem.Interim
3687 2086 3788 2140 ad-

497 2195 588 2233 me
618 2179 688 2233 ad
722 2195 928 2233 nomen
979 2178 1159 2232 sancti
1189 2178 1346 2233 Sixti.
1397 2179 1533 2243 Quae
1583 2179 1631 2232 si
1680 2179 1929 2233 nondum
1960 2188 2095 2236 sunt
2168 2182 2325 2252 jutor
2374 2180 2467 2234 ille
2495 2180 2677 2234 soluto
2704 2179 3035 2232 vestimento
3066 2176 3357 2230 humerale
3377 2175 3426 2229 ei
3448 2191 3780 2247 expansum,

494 2272 751 2331 maturte,
804 2267 1061 2321 Decanus
1117 2267 1259 2320 villae
1300 2266 1574 2333 observat,
1623 2272 1686 2320 ut
1728 2267 1952 2338 quando
1984 2268 2095 2338 pri-

499 2372 655 2410 mum
687 2360 1085 2421 maturescunt,
1120 2355 1333 2409 custodi
1364 2355 2100 2427 ecclesimeasdeferat,qua—

496 2450 665 2499 tenus
693 2443 787 2499 ille
818 2444 1093 2498 sacerdoti
1119 2444 1266 2498 inter
1293 2460 1564 2498 canonem
1596 2445 1737 2513 (111)
1785 2446 1853 2499 ad
1900 2445 2095 2499 horam

495 2538 919 2604 competentem,
939 2538 995 2586 et
1034 2538 1398 2602 praznotatam
1437 2533 1843 2587 benedicendas
1881 2534 2095 2587 otl'erat.

496 2622 605 2677 Ubi
634 2622 803 2676 etiam
827 2623 1072 2676 amarius
1096 2638 1206 2676 non
1224 2622 1387 2676 debet
1410 2624 1603 2675 deesse
1628 2636 1639 2669 :
1673 2639 1802 2676 nam
1824 2624 2098 2677 sacerdoti

500 2711 784 2766 orationes
815 2727 986 2781 super
1013 2710 1100 2764 his
1145 2710 1409 2764 dicendas
1440 2711 1560 2781 ipse
1588 2711 1853 2765 ostendit.
1900 2711 2099 2765 Postea

497 2800 560 2854 in
588 2799 879 2855 refectorio
909 2798 1211 2853 benedictae
1235 2816 1354 2853 uvae
1383 2817 1484 2870 per
1509 2800 1853 2853 sacerdotem
1887 2805 1943 2853 et
1957 2800 2104 2871 prio-

499 2890 578 2943 ris
609 2889 938 2960 septimana:
953 2888 1453 2942 hebdomadarium
1476 2888 1892 2943 distribuuntur
1910 2890 2102 2943 inloco

499 2980 835 3045 hostiarum,
869 2979 1017 3049 quod
1040 2995 1153 3033 non
1179 2979 1480 3044 omittitur,
1522 2979 1744 3033 etiamsi
1783 2987 1867 3033 est
1907 2979 2103 3034 Domi-

2178 2270 2442 2341 applicat,
2474 2268 2675 2322 deinde
2707 2267 2889 2321 albam
2947 2266 3181 2320 inferius
3232 2281 3556 2335 expensam,
3588 2264 3691 2318 sed
3719 2280 3787 2318 ex

2179 2363 2339 2429 parte
2364 2357 2555 2429 capitii
2577 2357 2964 2427 complicatam
3015 2360 3208 2409 contra
3244 2355 3401 2409 illum
3446 2359 3623 2409 tenet.
3664 2353 3789 2418 Qua

2182 2446 2380 2501 induta
2408 2451 2533 2517 post
2560 2445 2846 2515 cingulum
2899 2445 2995 2499 dat
3041 2445 3299 2499 fanonem
3355 2441 3527 2512 (112),
3581 2441 3786 2496 deinde

2182 2537 2416 2603 stolam;
2451 2552 2620 2606 quam
2667 2551 2794 2588 cum
2846 2535 3083 2588 necdum
3130 2533 3388 2588 sacerdos
3409 2533 3596 2602 posuit
3615 2547 3788 2603 super

2182 2626 2383 2679 collum
2396 2627 2576 2692 ,(rar.)
2592 2624 2638 2677 si
2652 2623 2721 2677 ad
2735 2623 2931 2677 horam
2945 2623 3258 2694 regularem
3273 2620 3783 2693 pulsatursignum,

2184 2715 2249 2767 ad
2253 2716 2496 2785 jutorem
2520 2729 2684 2767 suum
2703 2712 2956 2766 mittitad
2974 2712 3214 2784 priorem
3238 2717 3295 2765 et
3314 2716 3541 2782 accepta
3560 2709 3790 2765 licentia

2184 2803 2413 2857 missam
2437 2801 2702 2856 cantabit.
2742 2802 2824 2855 Ad
2868 2802 3088 2871 signum
3122 2805 3251 2854 ante
3272 2801 3519 2863 tertiam,
3553 2799 3601 2852 si
3623 2798 3788 2853 citius

2185 2892 2347 2945 solito
2364 2891 2433 2945 ad
2454 2891 2753 2945 lavandum
2774 2891 3047 2963 pulsatur,
3068 2890 3153 2944 vel
3176 2889 3269 2943 ille
3284 2906 3349 2942 ex
3371 2888 3563 2958 aliqua
3591 2904 3789 2941 neces-

2186 2981 2351 3035 sitate
2397 2981 2700 3051 impeditus
2724 2982 2925 3034 saltem
2960 2985 3091 3033 ante
3120 2979 3268 3032 idem
3315 2978 3536 3049 signum
3584 2993 3790 3031 manus

501 3070 629 3125 nica
657 3069 796 3123 dies.
831 3069 975 3123 Sunt
1002 3075 1273 3139 prazterea
1329 3072 1384 3121 et
1426 3067 1549 3122 alia:
1581 3072 1696 3122 tres
1717 3068 1949 3140 species,
1981 3086 2103 3140 quae
2122 3120 2161 3141 η
2187 3070 2696 3141 abluit,abincepto
2714 3087 2815 3124 suo
2843 3086 2955 3123 non
2982 3068 3218 3125 desistit.
3255 3071 3313 3121 et
3326 3066 3715 3137 semetipsum,
3734 3072 3792 3121 et

502 3175 570 3213 ex
589 3175 746 3213 more
785 3157 841 3211 in
878 3156 1173 3211 refectorio
1199 3156 1624 3221 benedicuntur,
1653 3156 1707 3210 id
1740 3163 1825 3211 est
1875 3156 2162 3212 novellaeu
2188 3161 2506 3230 adjutorem
2519 3176 2682 3214 suum
2697 3158 3147 3230 aquabenedicta
3162 3156 3428 3229 aspergit;
3454 3156 3603 3227 quod
3616 3156 3788 3209 etiam

505 3246 669 3311 fabae,
701 3262 878 3300 novus
908 3245 1089 3315 panis,
1121 3250 1176 3299 et
1200 3251 1480 3310 mustum;
1510 3246 1689 3300 ethoc
1713 3247 1894 3301 modo.
1918 3247 2106 3300 Lectio

505 3337 577 3390 ad
602 3350 855 3389 mensam
879 3334 1037 3405 prius
1062 3333 1376 3400 inchoatur,
1410 3341 1533 3404 post
1550 3337 1707 3405 cujus
1728 3336 1973 3407 primum
1985 3352 2108 3389 ver-

507 3440 634 3478 sum
662 3429 817 3477 stans
852 3423 1109 3477 sacerdos
1138 3423 1196 3477 in
1227 3424 1410 3477 medio
1440 3424 1720 3478 refectorii
1742 3430 1874 3478 ante
1908 3425 2110 3496 princi-

506 3515 689 3586 palem
722 3528 991 3578 mensam,
1025 3513 1679 3583 prmmissasalutatione,
1700 3513 1921 3583 singula
1950 3515 2112 3569 bene-

506 3601 645 3655 dicit
672 3600 883 3672 absque
913 3600 1074 3654 stola.
1117 3600 1295 3655 Fabas
1350 3601 1428 3655 ita
1460 3619 1472 3654 :
1508 3603 1735 3655 Benedic
1766 3604 1989 3657 Domine
2018 3605 2111 3657 hos

508 3692 753 3758 fructus.
812 3690 1021 3743 Panem
1066 3689 1180 3743 ita:
1210 3692 1456 3756 Benedic,
1507 3691 1754 3750 Domine,
1795 3697 2112 3746 creaturam

501 3781 691 3848 panis.
733 3778 981 3833 Mustum
1004 3778 1083 3833 ita
1120 3802 1133 3837 :
1166 3780 1395 3833 Domine
1415 3781 1756 3846 omnipotens
1784 3782 1910 3834 Jesu
1951 3782 2112 3837 Chri-

507 3874 603 3936 ste,
628 3870 728 3937 qui
755 3884 820 3921 ea;
848 3871 1093 3937 quinque
1110 3868 1382 3936 panibus;
1415 3872 1471 3921 et
1503 3868 1737 3939 reliqua.

1026 3956 1260 4011 CAPUT
1297 3955 1588 4011 LXXXVI.

588 4049 655 4102 De
680 4049 908 4116 privata
929 4048 1098 4099 missa
1128 4046 1393 4113 quomodo
1421 4048 1493 4099 sit
1523 4047 1822 4113 cantanda,
1854 4048 1914 4101 id
1941 4053 2038 4114 est,

1196 4135 1438 4200 legenda.

583 4226 727 4294 (ιω.)
763 4223 1039 4279 Sacerdos
1059 4224 1106 4277 si
1126 4222 1400 4294 privatam
1420 4223 1644 4279 missam
1682 4228 1910 4279 cantare
1926 4225 2119 4285 volue-

516 4314 612 4379 rit,
643 4313 831 4367 innuit
860 4328 1125 4366 converso
1152 4328 1275 4366 cum
1305 4312 1463 4383 signo
1493 4314 1693 4379 crucis,
1728 4314 1875 4385 quod
1905 4320 1989 4368 est
2010 4315 2120 4385 sig-

515 4418 654 4457 num
678 4401 971 4455 cantandte
991 4401 1194 4455 missae.
1237 4401 1344 4465 Qui
1391 4403 1656 4457 continuo
1686 4420 1927 4474 sequens
1958 4404 2119 4460 illum

2189 3250 2237 3303 si
2260 3248 2448 3303 statim
2476 3254 2599 3319 post
2624 3248 2882 3302 litaniam
2918 3252 3145 3301 cantare
3180 3246 3371 3311 voluit,
3425 3262 3536 3299 non
3572 3245 3787 3303 omisit.

2262 3338 2417 3392 Inter
2430 3337 2734 3391 tenendum
2752 3337 2953 3390 stolam
2975 3336 3379 3389 confessionem
3404 3334 3799 3405 dicit,respon-

2192 3427 2358 3481 dente
2406 3425 2512 3479 sibi
2559 3442 2824 3481 converso
2857 3442 3077 3479 versum
3118 3427 3465 3490 Misereatur,
3502 3440 3568 3477 ac
3595 3424 3795 3477 statim

2192 3516 2536 3586 adjungente
2584 3515 2985 3568 confessionem
3011 3532 3023 3581 ;
3055 3513 3145 3568 cui
3183 3514 3315 3567 dum
3347 3513 3441 3567 ille
3466 3513 3793 3584 respondet,

2194 3604 2568 3658 deosculando
2590 3604 2792 3657 stolam
2817 3602 2921 3657 sibi
2941 3603 3059 3674 ipse
3084 3603 3346 3674 imponit,
3381 3603 3794 3670 Indulgentiam

2194 3710 2320 3748 cum
2347 3693 2441 3747 illo
2473 3709 2635 3747 versu
2658 3694 3581 3761 Adjutoriumnostrum,etc.,mox
3594 3691 3801 3760 adjun-

2192 3783 2402 3853 gens;'
2424 3782 2703 3837 Conversa
2739 3798 2866 3835 cum
2903 3780 3291 3851 genuﬂexione
3322 3780 3467 3833 hanc
3492 3779 3675 3850 ipsam
3708 3780 3801 3835 in-

2195 3870 2546 3941 dulgentiam
2575 3870 2881 3942 accipiente
2907 3888 2920 3938 ;
2952 3869 3046 3941 qui
3068 3869 3239 3923 etiam
3264 3869 3345 3923 illi
3375 3869 3565 3923 casula
3594 3868 3799 3924 induto

2196 3965 2487 4031 apteteam
2517 3959 2573 4013 in
2595 3958 2836 4022 brachia,
2876 3965 2933 4013 et
2962 3959 3020 4013 in
3052 3959 3377 4013 summitate
3404 3958 3607 4012 casulae
3637 3959 3802 4029 juxta

2196 4066 2409 4103 morem
2450 4048 2735 4119 componit
2764 4047 3075 4102 humerale.
3098 4048 3254 4102 Tunc
3281 4046 3487 4101 ablutis
3534 4051 3592 4101 et
3630 4048 3803 4102 tersis

2197 4138 2387 4209 digitis
2416 4137 2727 4192 orationem
2745 4137 2971 4191 brevem
2985 4137 3244 4191 sacerdos
3259 4136 3393 4190 facit
3411 4135 3656 4192 inclinis.
3676 4136 3803 4200 Qua

2197 4226 2519 4292 terminata,
2543 4233 2762 4280 erectus
2790 4226 2971 4280 crucis
2999 4226 3161 4296 signo
3190 4242 3249 4279 se
3285 4225 3487 4281 munit.
3518 4225 3673 4293 Post,
3707 4242 3801 4280 os-

2199 4316 2384 4370 culato
2405 4316 2601 4381 altare,
2634 4315 2869 4370 dicenda
2898 4315 3137 4386 requirit
3165 4315 3224 4369 in
3246 4314 3478 4369 missali.

2279 4404 2565 4474 (UD.)Inde
2593 4404 2822 4458 missam
2848 4404 3122 4475 incipiens
3150 4408 3332 4458 totum
3352 4403 3714 4474 cantum,qui
3729 4403 3801 4458 ad

517 4489 589 4544 ad
613 4490 819 4553 locum,
853 4488 947 4543 ubi
966 4496 1099 4544 sunt
1116 4490 1381 4545 utensilia
1404 4491 1694 4545 recondita
1714 4492 1785 4546 ad
1814 4493 2114 4548 missarum
2133 4480 2180 4537 D
2202 4511 2331 4548 eum
2357 4493 2619 4565 pertinet,
2646 4496 2667 4517 ¹
2689 4510 2788 4564 pro
2809 4494 2991 4547 edicto
3013 4494 3242 4547 Patrum
3264 4498 3605 4559 nostrorum,
3621 4493 3802 4564 magis

519 4578 813 4647 solemnia,
862 4578 1114 4633 accendit
1166 4580 1478 4646 candelam,
1528 4580 1686 4651 ponit
1720 4580 1777 4634 in
1826 4581 2117 4636 sinistrum

518 4667 811 4722 brachium
858 4667 1202 4723 sacerdotale
1247 4668 1661 4732 vestimentum,
1718 4668 1801 4723 ita
1845 4675 1910 4724 ut
1947 4670 2118 4726 limbo

520 4756 661 4812 albae
701 4755 900 4811 subtus
948 4773 1105 4811 verso
1162 4757 1367 4811 librum
1429 4757 1710 4811 missalem
1754 4765 2113 4830 superponat.

521 4846 794 4902 Sacerdos
817 4851 1005 4900 autem
1043 4847 1149 4900 etsi
1196 4847 1372 4917 prius,
1402 4846 1548 4900 sicut
1586 4850 1642 4900 et
1696 4863 2012 4913 conversus,
2046 4849 2117 4903 ad

517 4936 855 4990 lavatorium
884 4934 942 4989 in
967 4936 1210 4989 claustro
1233 4952 1435 4989 manus
1460 4935 1683 5001 laverit,
1711 4936 2019 4991 studiosius
2037 4944 2122 4992 ta-

519 5042 652 5079 men
681 5031 740 5079 et
796 5025 864 5079 de
912 5040 1041 5078 vase
1070 5024 1129 5077 in
1170 5024 1401 5078 ecclesia
1427 5024 1498 5077 ad
1526 5024 1632 5078 hoc
1672 5041 1812 5095 opus
1842 5025 2121 5082 destinato

518 5130 614 5168 eas
644 5114 833 5168 lavare
861 5130 974 5167 non
1003 5113 1246 5179 omittit;
1280 5113 1508 5167 calicem
1550 5130 1771 5184 quoque
1821 5115 1941 5185 jam
1994 5133 2120 5171 cum

516 5204 646 5258 vino
668 5208 723 5258 et
751 5219 895 5274 aqua
926 5202 1183 5256 immixta
1213 5208 1471 5272 paratum
1506 5202 1577 5256 ad
1608 5203 1941 5257 sacrificium
1964 5205 2125 5259 simi-

516 5293 650 5348 liter
679 5297 736 5347 et
759 5298 1024 5365 patenam
1053 5309 1179 5346 cum
1210 5292 1395 5347 hostia
1421 5297 1477 5347 et
1496 5292 1770 5364 corporali
1799 5295 2121 5364 superposi-

593 5434 739 5502 {H‘ll
770 5436 1061 5489 Primitias
1083 5437 1375 5502 fructuum
1402 5437 1506 5489 Deo
1528 5452 1841 5490 consecrare
1867 5454 1936 5490 ex
1953 5439 2121 5490 insti-

520 5509 730 5559 tutione
752 5508 1089 5571 Eutychiani
1108 5508 1206 5560 PP.
1226 5510 1610 5576 pro/imrit,uti
1626 5510 1795 5575 refert
1811 5511 2123 5575 pontiﬁcale

520 5577 745 5656 Damasz'
772 5594 787 5629 :
825 5577 1199 5656 Iiiqinstjtuit
1221 5578 1430 5649 fruges,
1480 5578 1757 5656 fabas,_et
1792 5595 1927 5656 uvas
1949 5580 2007 5633 in
2025 5579 2120 5656 al-

516 5644 663 5700 tario
692 5644 963 5718 benedici,
990 5651 1133 5707 velut
1154 5655 1203 5705 et
1225 5644 1627 5719 mahyrologia
1646 5644 1890 5717 Rabam',
1926 5659 1977 5705 et
2009 5652 2120 5705 Νο-

2202 4583 2336 4654 legit
2365 4583 2721 4648 indirectum,
2767 4599 2937 4654 quam
2972 4582 3180 4637 audeat
3224 4587 3469 4636 cantare.
3503 4581 3589 4635 Ad
3610 4582 3801 4637 Gloria

2204 4674 2378 4736 Patri,
2422 4688 2482 4726 se
2512 4672 2764 4738 inclinat,
2801 4672 2871 4725 ad
2904 4674 3172 4726 Dominus
3200 4673 3494 4736 vobiscum,
3527 4675 3711 4724 totum
3744 4687 3801 4725 se

2201 4761 2369 4815 vertit
2388 4760 2645 4815 manibus
2662 4762 2863 4816 erectis
2884 4765 2939 4815 et
2960 4759 3143 4831 capite
3159 4760 3446 4814 inclinato.
3495 4759 3803 4814 Collectam

2200 4849 2413 4921 absque
2453 4857 2586 4904 tono
2616 4849 2687 4903 ad
2711 4849 2997 4904 dexteram
3028 4850 3223 4903 altaris
3271 4849 3425 4910 dicit,
3458 4849 3517 4902 in
3544 4849 3731 4920 prima
3753 4855 3808 4904 et

2202 4939 2406 4994 ultima
2425 4945 2646 4994 tantum
2663 4939 2940 5010 replicans
2972 4941 3072 4993 Per
3090 4941 3409 4994 Dominum.
3435 4938 3543 4991 Sed
3557 4938 3807 4994 lecturus

2204 5027 2515 5098 Epistolam
2543 5028 2749 5081 librum
2774 5028 2932 5099 ponit
2952 5030 3018 5081 ad
3044 5027 3351 5093 sinistram,
3376 5026 3565 5097 ibique
3587 5028 3808 5099 reliqua

2204 5117 2342 5172 dicit
2368 5133 2545 5188 usque
2566 5123 2692 5189 post
2712 5118 3196 5172 Communionem.
3231 5117 3377 5171 Dum
3406 5116 3669 5171 collectas
3699 5116 3808 5187 pri-

2207 5224 2347 5266 mas.
2386 5206 2599 5262 medias
2631 5212 2688 5261 et
2726 5206 2952 5261 ultimas
2983 5205 3137 5272 dicit,
3171 5206 3397 5276 adjutor
3436 5206 3559 5276 ejus
3582 5205 3810 5260 acclinis

2205 5296 2433 5350 assidet.
2457 5295 2542 5350 Ad
2582 5296 2867 5350 Canonem
2892 5312 3021 5350 vero
3043 5296 3100 5350 in
3127 5295 3322 5349 diebus
3344 5294 3500 5349 festis
3523 5300 3581 5349 et
3600 5296 3810 5350 octavis

2208 5438 2368 5491 tkeri.
2425 5439 2546 5492 Vide
2588 5440 2733 5506 Hug.
2781 5439 3032 5493 Menard.
3068 5392 3171 5493 .lib:
3221 5438 3344 5495 Sac.
3377 5436 3632 5505 Gregorii
3665 5453 3805 5507 pag.

2210 5508 2425 5647 Πῗίη)
2473 5579 2647 5645 Fano,
2697 5580 2931 5649 Sindon,
2987 5597 3207 5651 mappa.
3245 5579 3388 5635 Vide
3427 5595 3622 5651 supra,
3672 5580 3816 5635 etin

2204 5651 2323 5705 ind.
2360 5655 2495 5705 nost.
2539 5657 2807 5706 onomast.
