3934 6406
201 369 349 430 4017

1254 372 1675 430 CONSTITUT.
1717 371 2060 428 HIRSAUG.
2099 399 2172 414 ——
2209 371 2346 427 LIB.
2387 371 2434 428 Ι.

3333 364 3478 425 1018

198 503 318 555 stat
336 499 420 554 vel
449 499 641 570 sedet;
665 500 764 556 sed
789 517 960 572 super
974 516 1162 572 genua
1188 487 1420 570 privatis
1449 497 1646 552 diebus
1675 495 1864 568 pro-A
1886 500 2020 552 tunc
2051 497 2204 564 facit,
2237 513 2366 552 cum
2396 495 2552 563 dicit,
2583 493 2790 564 Corpus
2817 497 2881 562 ᾧ
2925 499 2974 549 et
3024 495 3254 562 sanguis
3287 495 3372 560 ὦ.
3401 493 3478 549 At

205 588 445 644 cumbit.
476 590 749 644 Lecturus
777 590 1139 661 Evangelium
1170 605 1204 644 a
1259 589 1464 643 domno
1489 585 1714 654 abbate,
1751 585 1799 640 si

199 678 392 746 adest,
421 677 868 734 benedictionem
908 679 1126 750 accipit,
1158 678 1361 733 deinde
1419 677 1704 733 osculatur
1743 679 1801 729 et

197 768 468 833 altare,et
489 767 639 823 inter
659 769 955 824 dicendum
975 767 1272 837 Sequentia
1290 771 1471 822 sancti
1490 768 1794 834 Evangelii,

197 855 456 926 singulas
482 873 677 912 cruces
697 857 834 912 facit
846 874 970 912 cum
995 857 1193 928 pollice
1211 855 1270 910 in
1288 837 1596 920 fronte,ore
1625 860 1682 908 et
1701 870 1800 926 pe-

199 949 394 999 ctore:
421 949 574 1012 tunc,
612 945 890 1000 Converso
917 945 1290 1016 respondente
1326 945 1515 1000 Gloria
1546 945 1664 1006 tibi,
1697 945 1802 997 [)0-

197 1036 379 1096 mine,
402 1037 460 1088 et
475 1050 537 1088 se
556 1033 716 1104 signo
735 1032 996 1089 Crucisin
1014 1033 1156 1088 facie
1177 1033 1458 1104 signante,
1489 1033 1611 1104 ipse
1639 1048 1800 1086 oscu-

194 1121 760 1193 laturEvangelium.
785 1123 1057 1178 Similiter
1076 1123 1228 1189 facit,
1277 1139 1403 1178 cum
1457 1121 1596 1176 illud
1625 1120 1802 1192 perle-

195 1209 374 1280 gerit,
396 1211 703 1282 statimque
727 1211 1008 1267 Converso
1036 1217 1095 1266 et
1121 1212 1247 1266 aliis
1275 1209 1692 1266 communicare
1717 1225 1802 1262 vo-

193 1298 451 1353 lentibus
481 1299 552 1353 ad
576 1300 940 1355 osculandum
977 1300 1234 1372 porrigit.

273 1387 352 1442 Ut
379 1392 568 1442 autem
597 1392 726 1460 post
744 1387 1108 1458 Evangelium
1149 1387 1384 1442 dixerit:
1418 1387 1690 1441 Dominus
1718 1403 1804 1441 ro-

197 1475 436 1543 biscum,
463 1475 656 1530 statim
675 1481 965 1548 acceptum
979 1476 1048 1530 de
1067 1475 1233 1530 altari
1250 1475 1506 1542 linteum,
1549 1473 1698 1545 quod
1722 1472 1800 1528 ibi

195 1579 376 1618 causa
389 1563 659 1620 afferendi
673 1563 888 1636 jugiter
899 1565 1070 1635 jacet,
1093 1563 1485 1635 complicatum
1509 1562 1686 1616 eidem
1709 1563 1804 1616 ad-

185 1651 379 1722 jutori
399 1669 502 1708 suo
531 1653 786 1724 porrigit,
819 1652 1024 1707 deinde
1051 1653 1281 1707 calicem
1306 1669 1435 1706 cum
1479 1657 1687 1722 patena
1723 1651 1793 1706 ad

1881 601 2009 638 cum
2032 583 2186 651 dicit,
2207 587 2423 654 Accepit
2432 600 2658 653 panem,
2681 583 2802 657 ipse
2841 583 3042 654 accipit
3087 582 3333 637 hostiam
3360 581 3477 654 pri-

1881 671 1988 726 mis
2009 677 2254 745 quatuor
2272 672 2482 743 digitis,
2501 677 2556 727 et
2585 671 2992 744 aliquantisper
3019 672 3184 736 levat,
3219 686 3323 724 nec
3349 673 3480 724 ante

1881 763 2043 832 ponit
2071 779 2240 832 quam
2270 761 2422 816 dicat
2441 763 2550 816 Hoc
2567 767 2646 816 est
2667 777 2863 830 corpus
2887 759 3209 816 meum.Sed
3236 776 3363 814 cum
3391 759 3481 814 di-

1883 849 1976 914 cit,
2017 852 2323 912 Benediwit,
2357 850 2576 907 duobus
2599 849 2841 905 sinistrae
2890 866 3093 904 manus
3122 848 3315 920 digitis
3335 849 3483 903 hanc

1881 939 2062 1010 ipsam
2108 940 2350 994 hostiam
2409 946 2628 1009 tenens,
2663 941 2859 996 dextra
2887 956 3108 995 crucem
3155 955 3329 1012 super
3355 953 3482 993 eam

1881 1027 2034 1082 facit.
2063 1029 2202 1084 Item
2230 1046 2355 1084 cum
2384 1029 2537 1096 dicit,
2569 1030 2850 1099 Accipiens
2877 1034 2930 1084 et
2957 1030 3106 1083 hunc
3137 1030 3480 1098 praeclarum

1885 1121 2130 1183 calicem,
2163 1119 2368 1190 accipit
2406 1123 2464 1173 et
2515 1119 2702 1190 ipsum
2726 1118 3002 1190 corporali
3039 1121 3392 1189 coopertum,
3421 1120 3481 1172 et

1883 1204 2029 1258 levat
2053 1221 2273 1276 parum.
2307 1205 2414 1260 Sed
2435 1205 2584 1260 dicto
2615 1207 2833 1262 Gratias
2851 1221 3016 1273 agens
3041 1205 3218 1277 ponit,
3250 1220 3376 1258 cum
3407 1203 3480 1259 si-

1883 1291 2062 1346 nistra
2087 1299 2278 1347 tamen
2307 1299 2525 1360 tenens,
2561 1299 2619 1348 et
2655 1294 2727 1348 ad
2753 1295 3036 1348 Bencdixit
3065 1296 3148 1360 ᾧ,
3176 1291 3470 1347 benedicit.

1882 1381 1967 1436 Ad
1988 1384 2244 1452 Accipite,
2264 1383 2468 1438 iterum
2499 1383 2646 1438 levat
2669 1389 2726 1438 et
2762 1389 2918 1438 tenet
2942 1399 3124 1453 usque
3143 1381 3274 1435 dum
3305 1381 3475 1446 dicat,

1885 1473 1985 1527 llic
2003 1477 2078 1526 est
2097 1475 2246 1527 calix
2263 1473 2737 1541 sanguinis.ltem
2759 1488 2884 1526 cum
2907 1471 3058 1537 dicit,
3100 1473 3349 1528 Hostiam
3370 1486 3476 1539 pu-

1884 1578 2006 1616 ram
2034 1566 2118 1630 ᾧ,
2143 1564 2376 1617 hostiam
2408 1571 2655 1618 sanciam
2681 1566 2763 1630 ρει,
2791 1564 3026 1616 hostiam
3051 1564 3478 1616 immaculatam

1881 1653 1968 1721 ἧς,
1992 1651 2120 1706 facit
2158 1656 2276 1707 tres
2311 1669 2505 1708 cruces
2532 1668 2861 1706 communes
2876 1667 3048 1722 super
3063 1656 3389 1721 utrumque,
3421 1653 3480 1704 et

190 1741 733 1796 oﬂ'erendum.Alius
749 1757 917 1813 quam
938 1739 1164 1812 adjutor
1186 1743 1306 1812 ejus
1323 1745 1506 1813 potest
1537 1739 1613 1794 ibi
1629 1739 1795 1794 otl‘er-
1815 1810 1832 1813 _
1877 1756 2048 1794 unam
2072 1757 2244 1812 super
2262 1741 2478 1813 Corpus
2503 1740 2746 1806 Domini,
2769 1757 2898 1796 cum
2928 1740 3084 1805 dicit,
3113 1741 3322 1795 Panem
3345 1755 3476 1795 san-

189 1845 284 1896 re,
317 1829 368 1884 si
397 1828 504 1883 iste
533 1845 648 1884 non
680 1829 802 1884 vult
827 1829 1262 1884 communicare.
1315 1827 1475 1883 Inter
1501 1810 1859 1882 dicendumB
1881 1833 2030 1883 ctum
2051 1831 2174 1884 vitae
2193 1835 2422 1895 sternar,
2456 1831 2692 1884 alteram
2709 1845 2880 1901 super
2892 1829 3141 1894 calicem,
3163 1845 3291 1883 cum
3319 1828 3478 1897 dicit,

196 1917 549 1973 oﬂ‘erendam
603 1919 664 1973 in
713 1918 898 1974 medio
941 1919 1140 1974 altaris
1187 1919 1475 1990 corporale
1511 1917 1793 1986 expandit,

195 2007 486 2062 Converso
505 2007 732 2062 interim
773 2007 992 2076 acclini,
1027 2025 1152 2062 cum
1185 2007 1356 2062 calice
1385 2023 1452 2061 ex
1478 2011 1682 2078 patena
1705 2023 1796 2060 su-

192 2095 490 2168 perposita
505 2101 744 2162 astante,
759 2097 935 2152 donec
961 2097 1082 2169 ipse
1111 2097 1182 2152 ad
1203 2113 1268 2152 ea
1296 2096 1616 2168 accipienda
1629 2112 1764 2166 expc
1778 2125 1796 2136 ι

191 2183 284 2238 dit
308 2200 392 2238 se.
425 2185 561 2248 Quae
589 2183 685 2238 ubi
713 2185 1042 2256 singillatim
1067 2186 1214 2240 idem
1247 2185 1492 2258 primum
1531 2190 1793 2254 patenam

189 2289 324 2327 cum
340 2273 546 2338 hostia,
571 2273 774 2329 deinde
801 2275 1032 2330 calicem
1061 2281 1302 2346 utraque
1328 2291 1529 2329 manus
1559 2275 1794 2329 deoscu-

185 2362 408 2417 latione
436 2361 626 2417 oblata
650 2364 976 2436 susceperit,
1009 2370 1067 2419 et
1097 2364 1327 2418 calicem
1371 2363 1795 2435 superpositum

189 2449 487 2520 corporale
501 2455 560 2504 et
569 2456 831 2522 patenam
843 2450 1042 2506 subtus
1053 2457 1262 2506 tectam
1283 2451 1448 2522 locet,
1467 2451 1793 2522 priusquam

191 2537 428 2592 calicem
447 2537 706 2609 accipiat,
748 2539 981 2594 linteum
1011 2540 1278 2610 plicatum
1309 2555 1345 2594 a
1373 2540 1652 2593 Converso
1681 2554 1793 2592 non

190 2623 315 2678 sine
329 2641 532 2678 manus
553 2625 971 2681 deosculatione
987 2627 1199 2698 recipit.
1221 2627 1352 2680 etin
1374 2627 1541 2681 altari
1555 2625 1796 2697 reponit.

189 2711 411 2766 Deinde
435 2711 596 2767 binos
627 2720 684 2768 et
711 2715 920 2786 primos
973 2714 1264 2785 utriusque
1315 2731 1521 2768 manus
1573 2713 1797 2783 digitos,

191 2801 404 2872 quibus
434 2818 636 2874 corpus
663 2803 1018 2858 Dominicum
1052 2810 1136 2858 est
1164 2803 1544 2869 tractandum,
1563 2804 1716 2858 lavat
1743 2807 1802 2857 et

1883 1918 2193 1991 Etcalicem
2222 1921 2422 1972 salutis
2449 1923 2738 1986 perpetuae.
2772 1917 2916 1972 Nam
2945 1917 3024 1972 sic
3043 1916 3228 1988 ipsum
3261 1917 3478 1988 Corpus

1883 2006 2108 2061 Domini
2139 2007 2287 2062 inter
2307 2023 2366 2061 se
2395 2013 2452 2062 et
2499 2006 2728 2061 calicem
2776 2023 2947 2076 super
2999 2005 3288 2078 corporale
3313 2003 3481 2059 debet

1881 2095 2152 2166 posuisse,
2176 2101 2241 2150 ut
2269 2095 2327 2150 in
2353 2095 2624 2166 singulas,
2674 2111 2802 2150 cum
2845 2095 2981 2149 ordo
3013 2093 3204 2166 exigit,
3237 2098 3293 2148 et
3320 2109 3475 2147 com-

1877 2200 2078 2238 munes
2099 2201 2272 2256 super
2298 2184 2416 2239 hmo
2435 2185 2615 2256 possit
2641 2185 2827 2239 facere
2845 2199 3056 2238 cruces.
3081 2183 3169 2238 Ad
3193 2183 3476 2251 Supplices

1879 2276 1926 2326 te
1957 2289 2239 2342 rogamus,
2272 2290 2332 2328 se
2388 2273 2642 2329 inclinat.
2669 2274 2738 2328 Et
2783 2289 2911 2327 cum
2966 2272 3121 2339 dicit,
3151 2273 3234 2326 Ea:
3272 2273 3477 2326 altaris

1873 2365 2322 2430 participatione,
2356 2363 2606 2418 osculato
2631 2362 2798 2417 altari
2823 2380 2882 2418 se
2911 2361 3096 2433 erigit,
3124 2365 3183 2416 et
3208 2361 3358 2416 inter
3385 2359 3472 2413 di-

1878 2450 2141 2508 cendum.
2175 2449 2604 2506 Sacrosanctum
2637 2466 2832 2520 corpus
2871 2456 2919 2504 et
2972 2451 3326 2516 sanguinem,
3354 2447 3478 2502 nul-

1876 2537 1988 2591 lam
2021 2538 2256 2592 omnino
2283 2556 2504 2594 crucem
2528 2539 2682 2594 facit.
2725 2539 2832 2594 Sed
2863 2538 2996 2593 dum
3025 2537 3180 2604 dicit,
3209 2537 3373 2592 Omni
3395 2537 3480 2590 be-

1883 2629 2188 2681 nedictione
2217 2630 2413 2682 cales-ti
2439 2632 2486 2680 et
2533 2629 2722 2694 gratia
2771 2629 3106 2694 repleantur,
3139 2625 3197 2678 in
3237 2624 3379 2678 facie
3417 2639 3478 2677 se

1881 2714 2068 2786 ipsum
2099 2732 2262 2770 cruce
2291 2715 2493 2786 signat.
2536 2714 2679 2770 Item
2710 2715 2782 2769 ad
2811 2713 3134 2782 Sancti/tces
3176 2717 3262 2782 ἦε,
3296 2714 3478 2782 viri/i-

1883 2820 1972 2858 cas
2002 2808 2064 2872 »Β
2096 2807 2362 2858 benedicis
2379 2809 2464 2872 υἱέ,
2489 2811 2606 2858 tres
2635 2819 2960 2858 communes
2990 2818 3181 2856 cruces
3231 2801 3364 2855 facit
3387 2816 3477 2854 su-

194 2891 507 2957 combinat,
541 2907 656 2945 non
685 2897 988 2963 antequam
1020 2909 1115 2948 eos
1163 2901 1292 2964 post
1342 2893 1796 2948 communionem
1880 2909 1983 2964 per
2007 2897 2314 2964 utrumque
2337 2893 2526 2947 simul.
2555 2891 2642 2947 Ad
2668 2894 2900 2948 Praestas
2929 2892 3103 2956 nobis,
3129 2889 3357 2944 calicem
3387 2889 3477 2944 di-

191 2980 418 3046 laverit,
454 2979 563 3034 nisi
592 2980 663 3034 ad
689 2997 882 3036 cruces
927 2981 1230 3048 faciendas,
1263 2981 1333 3038 ab
1363 2982 1599 3037 invicem
1631 2998 1796 3053 sepa-
1881 2997 1972 3034 sco
2001 2981 2326 3052 coeperiens
2358 2987 2585 3054 accepto
2601 2987 2723 3036 tum
2740 2997 2973 3052 corpore
2993 2978 3468 3034 Dominico.Inter

193 3071 432 3136 randos,
451 3069 643 3140 sicque
654 3070 881 3125 tandem
895 3071 966 3126 ad
995 3071 1308 3126 orationem
1331 3072 1574 3141 Suscipe,
1607 3075 1798 3126 sancta
1823 3133 1856 3141 Δ
1879 3070 2176 3124 dicendum
2205 3073 2309 3125 Per
2333 3074 2518 3139 ipsum
2542 3075 2605 3138 >14
2635 3077 2684 3125 et
2715 3087 2840 3125 cum
2867 3073 2981 3138 ipso
3003 3071 3065 3135 »Β
3087 3073 3136 3122 et
3166 3069 3230 3122 in
3247 3069 3362 3135 ipso
3386 3069 3472 3134 ὦ,

197 3161 612 3224 Trinitas,ctc.,
634 3175 758 3214 sese
773 3159 1364 3226 inclinat,eteamdem
1393 3159 1704 3215 orationem
1725 3159 1795 3213 ad
1813 3133 1856 3195 Ο
1880 3160 2110 3216 calicem
2141 3168 2339 3214 tenens
2369 3160 2613 3225 sinistra,
2651 3165 2708 3214 et
2735 3176 2936 3231 corpus
2965 3159 3162 3213 dextra
3197 3173 3324 3211 cum
3352 3156 3477 3228 ipso

193 3249 432 3302 missam
461 3247 710 3302 vivorum
742 3253 800 3302 et
828 3247 1218 3303 defunctorum
1240 3265 1464 3320 semper
1490 3265 1603 3304 uno
1631 3249 1798 3302 modo

191 3335 488 3400 dicit.Qua
507 3335 675 3404 dicta,
698 3352 799 3408 per
823 3336 1078 3390 dextram
1119 3337 1330 3392 Versus
1362 3337 1650 3392 adstantes
1670 3353 1797 3392 cum

192 3423 402 3480 humili
431 3423 631 3495 capitis
658 3423 1020 3480 inclinatione
1059 3424 1220 3480 dicit:
1251 3426 1412 3482 Orate
1435 3442 1543 3495 pro
1574 3443 1658 3480 me
1681 3442 1799 3495 pec-

194 3517 400 3568 catore.
418 3511 634 3566 Dehinc
661 3511 798 3566 item
826 3529 1084 3568 reversus
1113 3529 1216 3584 per
1234 3513 1488 3569 dextram
1539 3515 1610 3568 ad
1651 3514 1799 3569 sini-

195 3607 383 3656 strum
414 3617 590 3656 cornu
618 3601 814 3656 altaris
847 3603 1107 3656 collectas
1134 3608 1474 3658 secretarum
1506 3619 1574 3657 eo
1603 3603 1800 3658 ordine

195 3689 458 3761 dicitquo
479 3696 536 3744 et
556 3689 786 3761 primas;
811 3691 908 3744 sed
939 3691 1010 3744 ad
1037 3690 1280 3762 primam
1306 3697 1528 3746 tantum
1559 3692 1802 3763 praemit-

195 3779 288 3845 tit,
319 3779 634 3846 0remus,et
647 3781 879 3834 cumPer
893 3779 1178 3835 Christum
1198 3782 1500 3835 Dominum
1521 3787 1798 3847 nostrum,

197 3868 456 3939 singulas
481 3867 608 3922 ﬁnit
629 3872 835 3939 praeter
861 3868 1122 3923 ultimam
1153 3887 1164 3922 :
1215 3869 1286 3923 ad
1342 3869 1488 3924 hanc
1517 3869 1667 3924 enim
1695 3871 1802 3924 Per

196 3955 504 4010 Dominum
534 3957 794 4007 nostrum
822 3953 960 4008 dicit
985 3959 1219 4022 secreto,
1244 3970 1444 4026 usque,
1477 3957 1580 4009 Per
1608 3957 1800 4010 omnia

195 4043 401 4098 secula
429 4043 780 4109 seculorum,
812 4041 962 4113 quod
992 4043 1160 4097 altius
1183 4048 1270 4098 est
1296 4043 1798 4115 pronuntiandum.

1878 3253 1994 3302 tres
2014 3264 2206 3302 cruces
2225 3265 2326 3320 per
2353 3248 2600 3302 medium
2629 3247 2816 3302 calicis
2847 3248 3090 3318 desuper
3109 3249 3260 3311 ante,
3284 3248 3342 3298 et
3359 3249 3477 3298 tres

1879 3343 2011 3392 ante
2045 3353 2106 3391 se
2135 3341 2292 3392 extra
2321 3336 2379 3390 in
2399 3337 2584 3392 colicis
2614 3337 2810 3404 latere,
2841 3341 2977 3392 tunc
3022 3351 3149 3390 cum
3195 3333 3350 3400 dicit,
3382 3333 3478 3388 Est

1883 3429 1985 3482 tibi
2010 3429 2114 3482 Deo
2153 3429 2314 3482 Patri
2332 3431 2394 3495 ᾧ
2421 3429 2804 3495 omnipotenti,
2837 3428 2900 3479 in
2930 3427 3145 3478 unitate
3190 3426 3254 3490 ᾧ
3298 3423 3480 3476 sancti

1881 3516 2148 3584 Spiritus,
2181 3518 2364 3570 omnis
2407 3516 2584 3570 honor
2629 3521 2679 3569 ct
2725 3517 2931 3583 gloria.
2965 3513 3120 3568 Inter
3151 3510 3472 3576 dicendum,

1880 3607 1985 3659 Per
2049 3607 2240 3658 omnia
2305 3609 2502 3659 sa'eula
2567 3608 2914 3670 seculorum,
2987 3619 3190 3673 corpus
3253 3599 3479 3656 Domini

1882 3692 2034 3747 inter
2061 3709 2120 3747 se
2150 3697 2207 3748 et
2229 3693 2458 3748 calicem
2489 3693 2685 3764 primis
2701 3697 2946 3764 quatuor
2963 3690 3155 3762 digitis
3183 3695 3384 3744 tenens
3397 3689 3481 3761 ip-

1883 3799 2008 3837 sum
2035 3782 2250 3854 pariter
2275 3799 2404 3836 cum
2430 3783 2602 3836 calice
2631 3782 2702 3836 de
2722 3779 3000 3852 corporali
3045 3777 3317 3833 ambabus
3362 3793 3479 3832 ma-

1885 3870 2050 3926 nibus
2079 3887 2384 3942 parumper
2409 3871 2594 3926 levato
2619 3873 2918 3926 sustentat.

1955 3960 2040 4014 Ad
2067 3962 2350 4028 Preceptis
2396 3951 2763 4022 salutaribus,
2811 3959 2995 4030 posito
3034 3957 3225 4023 calice,
3274 3971 3478 4027 corpus

1882 4049 2106 4104 Domini
2132 4049 2290 4120 ponit
2315 4049 2546 4120 prepius
2589 4065 2756 4120 quam
2799 4048 2973 4120 prius,
2993 4054 3058 4102 ut
3079 4046 3270 4101 statim
3285 4043 3479 4116 digitis

197 4133 358 4190 Inter
386 4129 684 4185 dicendum
717 4149 730 4186 :
781 4131 1022 4186 Sursum
1065 4134 1250 4200 corda,
1279 4138 1547 4204 utrasque
1598 4149 1800 4188 manus
1883 4139 2034 4193 inter
2061 4138 2311 4204 calicem,
2335 4153 2407 4192 ne
2437 4137 2571 4208 quid
2596 4137 2666 4192 de
2693 4153 2924 4210 corpore
2952 4135 3178 4190 Domini
3221 4134 3478 4188 adhaese-
3544 4203 3556 4217 δ

199 4225 447 4292 quatuor
462 4218 654 4291 digitis
671 4224 752 4284 (ut
769 4219 979 4274 dictum
1001 4221 1802 4288 est)combinatis,reverenter
1883 4228 1978 4294 rit,
2015 4227 2282 4292 excussis,
2315 4243 2442 4280 cum
2481 4226 2653 4281 calice
2681 4227 2852 4281 etiam
2879 4241 3082 4297 corpus
3118 4222 3344 4278 Domini
3383 4239 3479 4277 co-

199 4325 382 4381 usque
413 4309 484 4363 ad
513 4309 782 4363 humeros
810 4309 976 4364 levat.
1011 4309 1114 4364 Cui
1139 4310 1311 4364 etiam
1356 4311 1462 4365 hoc
1509 4311 1798 4366 sciendum
1885 4315 2288 4386 operiat.Dicta
2302 4320 2490 4368 autem
2509 4315 2766 4370 oratione
2779 4312 3480 4386 Dominica,respondetur

199 4404 306 4466 est,
335 4397 485 4469 quod
513 4397 645 4452 hinc
664 4414 750 4465 80.
775 4415 886 4470 quo
932 4403 1070 4454 tunc
1117 4416 1176 4454 se
1227 4399 1399 4455 habet
1442 4400 1656 4467 habitU,
1689 4417 1867 4477 non“
1885 4406 1990 4462 Sed
2016 4407 2188 4460 libera
2217 4421 2314 4459 nos
2341 4421 2378 4459 a
2407 4408 2553 4459 malo
2583 4423 2601 4468 ;
2625 4405 2744 4477 ipse
2767 4409 2959 4460 autem
2979 4405 3150 4460 tacite
3180 4401 3482 4474 respondet

199 4495 334 4544 ante
362 4493 584 4542 mutare
609 4487 794 4554 debet,
823 4505 990 4560 quam
1021 4489 1280 4544 sacriﬁcii
1308 4490 1784 4545 consecrationem
1816 4487 1866 4536 θ’
1885 4493 2079 4552 Amen.
2109 4495 2199 4549 Sic
2220 4511 2442 4564 quoque
2471 4495 2664 4549 Libera
2692 4511 2809 4559 nos,
2865 4510 3196 4564 quaerimus,
3231 4495 3478 4558 Domine,

201 4575 474 4648 perﬁciat,
500 4574 608 4630 nisi
625 4592 752 4630 cum
797 4583 896 4632 aut
918 4577 1240 4644 inclinatus,
1289 4585 1389 4634 aut
1422 4580 1480 4634 in
1511 4581 1690 4635 Cruce
1717 4580 1802 4634 fa-
1882 4583 2076 4638 statim
2098 4582 2345 4649 inchoat,
2381 4588 2440 4637 et
2462 4583 2609 4637 dicto
2639 4584 2708 4636 ab
2727 4586 2884 4637 omni
2897 4585 3316 4653 perturbatione
3336 4599 3482 4637 secu-

202 4665 404 4720 cienda
431 4665 517 4719 vel
545 4665 820 4720 sacrificio
843 4667 1136 4722 tractando
1165 4675 1486 4740 occupatur.

275 4754 734 4822 Caeterum,dicta
752 4755 1102 4826 praefatione,
1125 4756 1194 4810 ad
1217 4757 1452 4814 Sanctus
1471 4775 1532 4814 se
1547 4757 1796 4824 inclinat,

205 4843 399 4914 sicque
435 4841 658 4896 inclinis
687 4843 759 4897 ad
807 4846 1124 4899 Benedictus
1163 4849 1264 4915 qui
1291 4851 1461 4912 venit,
1491 4848 1550 4902 in
1581 4847 1722 4902 facie
1743 4863 1804 4902 se

205 4932 412 5004 signat,
439 4931 590 5002 quod
621 4935 926 5004 utrumque
957 4939 1013 4988 et
1052 4934 1366 4990 Conversus
1393 4935 1560 4991 debet
1587 4936 1794 4994 facere.

209 5021 320 5076 Sed
341 5021 635 5081 Sacerdos,
659 5021 922 5076 inchoato
959 5023 1022 5078 Te
1045 5025 1242 5092 igitur,
1277 5041 1336 5078 se
1374 5025 1558 5096 erigit,
1591 5026 1691 5080 sed
1717 5043 1805 5081 ac-

207 5109 368 5164 clinis
403 5125 414 5160 :
449 5115 508 5164 et
532 5109 681 5164 dicto
710 5111 992 5180 Supplices
1025 5117 1071 5166 te
1102 5129 1384 5181 rogamus,
1430 5131 1498 5169 ac
1544 5118 1800 5185 petimus,

205 5205 341 5254 tunc
373 5198 619 5270 primum
649 5215 777 5252 cum
809 5200 1153 5256 osculatione
1169 5203 1366 5258 altaris
1393 5220 1454 5257 se
1473 5221 1538 5258 ex
1560 5209 1678 5259 toto
1700 5205 1806 5259 eri-

203 5287 306 5358 git.
337 5287 495 5342 Inter
521 5287 840 5355 dicendum,
879 5291 1000 5344 Ilaec
1027 5294 1091 5358 ἧι
1119 5293 1283 5356 dona,
1317 5292 1425 5346 haec
1455 5296 1518 5360 ᾧ
1541 5309 1798 5347 munera.

1881 4675 1959 4734 ri,
1984 4678 2119 4726 tunc
2144 4671 2374 4726 calicem
2400 4671 2552 4726 disco
2582 4671 2841 4742 operiens
2871 4671 3308 4745 corpusDomini
3342 4670 3484 4726 acci-

1883 4760 2062 4832 pit.Et
2080 4760 2232 4814 inter
2247 4759 2568 4824 dicendum,
2584 4777 2686 4829 per
2714 4762 3017 4815 Dominum
3038 4765 3312 4826 nostrum,
3346 4760 3482 4814 dex-

1883 4855 2030 4905 tram
2057 4853 2276 4922 partem
2322 4848 2598 4904 Dominici
2637 4850 2890 4921 corporis
2919 4850 3100 4920 digito
3129 4865 3346 4914 secans,
3367 4865 3481 4903 non

1884 4939 2110 5012 penitus
2133 4955 2258 4992 eam
2272 4942 2516 5009 separat,
2535 4939 2631 4992 sed
2650 4955 2776 4993 cum
2817 4938 2972 5008 dicit,
2996 4941 3104 5006 Qui
3131 4943 3308 4992 tecum
3343 4938 3482 4990 vivit

1887 5034 1936 5082 et
1967 5033 2180 5096 regnat,
2205 5027 2494 5081 sinistram
2517 5028 2851 5098 particulam
2872 5045 2940 5082 ex
2962 5032 3082 5082 toto
3109 5025 3325 5090 dividit,
3358 5040 3481 5080 me-

1887 5117 2091 5189 dieque
2121 5117 2429 5186 conjungit.
2463 5116 2532 5170 Et
2555 5133 2681 5170 cum
2712 5116 2849 5170 dicit
2880 5134 2891 5170 :
2924 5118 3028 5172 Per
3067 5117 3257 5169 omnia
3285 5116 3482 5168 saecula

1887 5209 2230 5270 seculorum,
2265 5205 2514 5259 dextram
2555 5204 2891 5276 particulam
2943 5203 3164 5274 accipit,
3201 5219 3328 5256 cum
3369 5218 3482 5274 qua

1887 5297 1956 5350 ad
1986 5298 2102 5350 Pas;
2133 5297 2374 5355 Domini,
2408 5309 2510 5365 per
2559 5293 2804 5347 medium
2855 5292 3042 5348 calicis
3083 5293 3328 5364 desuper
3362 5297 3480 5346 tres

206 5376 316 5430 hac
359 5379 553 5430 sancta
587 5379 648 5446 ᾧ
701 5379 978 5445 sacriﬁcia
1027 5381 1266 5446 illibata,
1311 5387 1428 5435 tres
1475 5399 1801 5437 communes
1884 5400 2078 5438 cruces
2106 5387 2267 5437 tanta
2316 5381 2446 5435 fecit
2499 5379 2845 5441 festinantia,
2879 5385 2944 5434 ut
2993 5379 3145 5452 ipsas
3193 5379 3344 5434 inter
3379 5380 3484 5435 bas

207 5479 400 5519 cruces
413 5480 586 5535 super
612 5469 911 5536 utramque
927 5465 1266 5523 oblationem
1296 5469 1448 5538 facit;
1472 5470 1730 5526 similiter
1745 5477 1804 5527 et
1887 5472 2136 5543 quinque
2167 5468 2540 5525 dictiunculas
2569 5467 2840 5540 perﬁciat,
2869 5473 2929 5522 et
2956 5469 3027 5523 ad
3061 5469 3232 5523 ﬁnem
3252 5469 3476 5532 harum,

208 5559 364 5619 tunc,
395 5569 522 5608 cum
552 5554 707 5622 dicit,
745 5556 1088 5611 Benedictum
1122 5561 1184 5625 »Β
1215 5561 1573 5628 adscriptam,
1609 5564 1672 5628 ᾧ
1704 5577 1806 5615 ra—
1886 5561 2066 5632 ipsam
2086 5559 2418 5632 particulam
2437 5557 2492 5611 iu
2512 5557 2841 5628 sanguinem
2857 5557 3063 5623 mittat,
3088 5563 3317 5613 caeteras
3339 5557 3481 5614 duas

209 5648 321 5698 tam
338 5643 528 5712 rmsed
545 5643 687 5698 duas
703 5642 1031 5715 singillatim
1071 5663 1242 5720 super
1268 5649 1478 5704 hostias
1499 5654 1556 5706 et
1573 5649 1803 5706 calicem
1886 5667 2057 5722 super
2074 5649 2302 5704 calicem
2314 5696 2327 5716 ,
2341 5647 2437 5702 ubi
2465 5648 2610 5703 hanc
2628 5649 2809 5719 ipsam
2826 5647 3074 5720 corporis
3100 5647 3327 5703 Domini
3346 5648 3479 5704 fecit
