3934 6376
497 356 636 425 1019

1522 363 1578 417 s.
1621 342 2013 418 GUlLLELMl
2048 342 2355 419 ABBATlS
2394 342 2735 419 HIRSAUG.

3634 347 3773 423 1020

493 490 823 544 fractlonem
853 487 1070 547 duobus
1128 486 1371 541 sinistris
1416 503 1617 541 manus
1653 488 1840 558 digitis
1893 494 2090 543 tenens
2109 489 2161 548 Α
2181 492 2237 540 et
2265 488 2571 558 corporale,
2593 504 2716 557 quae
2752 504 2876 541 cum
2901 489 3183 559 ampullis,
3206 489 3348 544 libro
3378 507 3443 544 ac
3470 489 3777 544 vestimen-

496 579 673 641 donec
692 580 881 645 Agnus
910 579 1009 632 Dei
1064 593 1162 647 per
1214 577 1576 648 semetipsum
1612 583 1745 630 tunc
1781 583 2087 648 percantet,

496 685 561 729 ac
592 666 834 733 inclinis,
860 682 1030 736 super
1052 665 1280 719 calicem
1311 666 1775 720 communicando
1825 684 1919 721 eas
1953 667 2093 721 acci-

492 754 631 839 piat.

572 840 633 899 Si
685 843 912 898 Missam
964 842 1355 899 defunctorum
1386 848 1593 910 cantat,
1627 860 1791 899 nemo
1821 845 1929 909 nisi
1973 846 2092 917 ipse

498 932 650 988 solus
680 931 1075 986 communicat.
1111 932 1217 985 Sed
1284 933 1331 987 si
1391 932 1639 988 vivorum
1674 936 1845 987 missa
1868 924 1966 995 est,
2013 935 2092 987 sic

499 1038 720 1101 quoque
748 1021 987 1075 tenendo
1005 1022 1102 1074 dat
1116 1022 1316 1076 Pacem
1331 1023 1629 1090 Converso,
1653 1028 1710 1076 et
1737 1024 1831 1077 ille
1861 1024 2093 1077 astanti-

501 1109 620 1176 bus,
646 1109 691 1163 si
724 1110 816 1180 qui
849 1111 1101 1182 sunt,qui
1131 1111 1545 1167 communicare
1574 1111 2090 1165 voluerint.Deinrle

499 1202 688 1254 tamen
706 1184 774 1257 ad
800 1199 1071 1269 privatam
1096 1198 1324 1255 missam
1348 1218 1457 1254 non
1478 1200 1733 1271 pluribus
1768 1200 1894 1253 licet
1922 1216 2089 1270 quam

500 1286 738 1354 duobus,
763 1305 1020 1358 quorum,
1044 1289 1139 1360 qui
1161 1290 1387 1360 adjutor
1406 1294 1509 1355 est,
1528 1289 1726 1343 Pacem
1743 1306 1777 1342 a
1805 1289 2091 1342 sacerdote

499 1377 814 1447 accipiens;
849 1381 984 1435 tunc
1010 1377 1141 1431 facit
1162 1378 1212 1431 ei
1243 1377 1463 1447 signum
1496 1378 1966 1441 communicandi,
1999 1377 2092 1430 ad-

500 1465 617 1519 dito
644 1466 802 1534 signo
822 1466 1086 1529 duorum,
1108 1470 1172 1519 ut
1195 1467 1289 1521 ille
1310 1465 1588 1537 intelligat
1612 1467 1750 1520 duos
1783 1467 1920 1519 velle
1938 1482 2086 1519 com-

500 1554 789 1608 municare
811 1572 936 1607 cum
961 1571 1129 1608 unam
1150 1561 1366 1625 partem
1390 1556 1482 1609 ille
1515 1557 1839 1626 susceperit,
1856 1556 2088 1609 alteram

498 1641 556 1695 in
570 1643 709 1696 duas
726 1642 957 1696 divisam
981 1644 1192 1698 tribuat
1211 1644 1499 1709 ambobus,
1516 1643 1732 1697 veniam
1756 1645 1911 1715 prius
1924 1661 2093 1715 super

497 1747 683 1803 genua
712 1732 1050 1802 petentibus,
1081 1738 1137 1785 et
1164 1732 1266 1785 sibi
1300 1750 1530 1786 manum
1566 1733 1963 1786 osculantibus.
2006 1735 2088 1786 Ad

2174 576 2249 629 tis
2276 593 2341 630 eo
2365 577 2583 643 ordine,
2616 594 2725 650 quo
2779 577 2912 630 illuc
2962 594 3064 648 per
3110 596 3170 631 se
3227 584 3281 632 et
3309 596 3409 650 per
3446 592 3781 633 conversam

2176 671 2308 719 sunt
2327 666 2517 730 allata,
2547 667 2907 736 reportanda,
2939 672 2995 720 et
3035 667 3090 720 in
3120 667 3240 720 loco
3273 672 3406 720 sunt
3428 668 3779 737 reponenda.

2182 754 2315 823 (UD.)
2347 753 2456 809 Sed
2491 760 2547 808 et
2598 755 2703 809 hoc
2760 756 3048 810 sciendum
3089 761 3174 809 est
3201 756 3475 810 sacerdoti
3499 757 3782 827 privatam

2176 842 2411 897 missam
2442 845 2724 911 cantanti;
2753 845 2799 897 si
2828 844 3080 912 interim,
3109 840 3244 898 dum
3291 845 3445 898 Hora
3487 845 3780 914 incipitur,

2175 932 2408 986 missam
2429 932 2659 993 ﬁnierit,
2699 932 2779 986 ita
2796 939 2862 986 ut
2876 939 3007 987 ante
3030 936 3271 987 Gloriam
3295 933 3464 1004 primi
3495 934 3704 1004 psalmi
3728 933 3783 987 in

2175 1020 2421 1075 Chorum
2445 1021 2631 1075 venire
2679 1022 2872 1093 possit,
2904 1038 3233 1076 conversum
3282 1036 3412 1076 cum
3441 1022 3783 1075 vestimento

2179 1125 2291 1162 non
2322 1110 2526 1180 plicato
2555 1109 2822 1173 dimittat,
2857 1119 2915 1164 et
2959 1110 3079 1181 ipse
3131 1111 3199 1163 ad
3235 1111 3443 1164 Horam
3470 1110 3680 1180 pergit.
3710 1110 3785 1163 At

2176 1196 2222 1251 si
2244 1198 2431 1251 venire
2449 1214 2560 1252 non
2578 1203 2904 1269 potestante
2935 1199 3182 1253 Gloriam
3212 1199 3379 1269 primi
3410 1197 3637 1269 psalmi,
3670 1213 3784 1251 non

2174 1301 2234 1337 se
2265 1292 2449 1339 movet
2487 1303 2521 1339 a
2541 1287 2681 1355 loco,
2712 1303 2817 1340 nec
2839 1304 3155 1354 conversus,
3206 1302 3499 1358 quousque
3524 1287 3686 1341 Hora
3715 1288 3783 1340 ﬂ-

2173 1373 2381 1440 niatur;
2417 1375 2512 1428 sed
2536 1375 2611 1427 ibi
2635 1382 2823 1429 cantat
2853 1392 2998 1429 eam.

2245 1463 2345 1516 Ha)
2367 1469 2499 1517 sunt
2520 1468 2705 1517 autem
2726 1466 2869 1519 vices
2882 1466 2941 1519 in
2962 1464 3164 1535 quibus
3194 1465 3512 1519 sacerdotes
3540 1470 3783 1535 possunt

2175 1551 2501 1621 llujusmodi
2532 1553 2730 1607 missas
2759 1555 2971 1625 absque
2993 1553 3222 1608 licentia
3249 1559 3497 1609 cantare.
3531 1553 3783 1608 Cottidie

2174 1649 2304 1695 ante
2332 1641 2592 1712 primam,
2629 1644 2675 1697 si
2708 1650 2899 1713 tamen
2921 1645 3104 1717 prima
3126 1661 3237 1697 non
3266 1645 3783 1713 conjungitur,ma—

2174 1731 2379 1791 tutino,
2416 1738 2480 1785 ut
2511 1733 2713 1803 saepius
2738 1735 2797 1787 in
2842 1734 3075 1803 hyeme;
3115 1738 3172 1787 et
3201 1738 3328 1804 post
3353 1731 3667 1803 capitulum
3691 1748 3787 1785 us-

500 1802 739 1893 quorum
769 1837 830 1873 os
846 1821 1378 1875 communicantium
1400 1828 1516 1875 tam
1540 1823 1959 1893 cauteapplicat
1975 1840 2091 1876 cor—
2112 1802 2157 1863 B
2177 1836 2287 1889 que
2317 1820 2387 1873 ad
2416 1822 2661 1874 tertiam.
2698 1822 2805 1875 Sed
2848 1821 2994 1876 infra
3035 1821 3533 1891 Quadragesimam
3566 1822 3628 1875 in
3658 1820 3783 1874 die-

498 1925 603 1982 pus
634 1909 878 1973 Domini,
913 1910 1058 1985 quod
1084 1915 1241 1964 tenet
1289 1912 1482 1964 dextra
1527 1928 1652 1964 cum
1698 1912 1885 1976 calice,
1925 1929 2089 1982 quem

500 2001 779 2052 sustentat
802 1996 1129 2061 sinistra,ut
1160 2000 1293 2052 dum
1318 2016 1517 2070 corpus
1538 1998 1762 2054 Domini
1777 1999 2089 2053 communi-

499 2088 650 2141 canti
676 2086 863 2151 datur,
916 2104 1115 2141 manus
1161 2087 1347 2141 dantis
1400 2105 1756 2158 nequaquam
1806 2088 2027 2159 longius
2057 2105 2091 2140 a

498 2175 670 2230 calice
685 2184 977 2247 separetur
1002 2195 1012 2228 :
1039 2176 1238 2230 deinde.
1255 2183 1478 2248 sumpto
1493 2178 1765 2247 sanguine
1802 2177 1920 2246 ipsc
1936 2194 2091 2229 com—

498 2265 915 2319 municantibus
935 2267 1031 2323 dat
1055 2264 1122 2319 de
1140 2266 1462 2330 eodemillo,
1489 2267 1581 2337 qui
1601 2266 1753 2337 prior
1774 2265 2089 2319 communi-

498 2352 644 2410 Cavit
672 2372 796 2409 cum
855 2356 1048 2419 linteo,
1107 2372 1215 2426 quo
1272 2356 1647 2420 offerebatur;
1693 2356 1861 2408 calice
1913 2355 1982 2407 ab
2025 2372 2089 2408 eo

497 2442 852 2514 suscipiente.
890 2444 959 2497 Et
985 2461 1110 2497 cum
1133 2451 1373 2515 utraque
1399 2443 1457 2497 in
1488 2445 1679 2497 eadem
1705 2450 1863 2514 parte
1879 2443 2085 2509 calicis,

501 2548 611 2602 qua
626 2538 681 2585 et
697 2533 954 2586 sacerdos
976 2534 1305 2603 sanguinem
1337 2533 1662 2603 sumpserit,
1682 2534 1939 2586 sacerdos
1962 2533 2091 2586 caii-

499 2638 617 2675 cem
650 2622 1276 2692 recipit.Tuncadjutor
1304 2624 1427 2692 ejus
1475 2622 1587 2675 sive
1618 2622 1733 2692 ipse
1773 2620 2089 2683 communi-

496 2708 663 2778 cavit,
693 2710 812 2764 sine
840 2728 952 2764 non
981 2712 1171 2764 vinum
1200 2712 1248 2764 ei
1302 2711 1370 2764 ad
1428 2710 1768 2764 abluendum
1798 2709 1938 2769 (113)
1961 2710 2089 2763 cali-

412 2860 419 2869 ,
494 2816 615 2852 cem
646 2799 776 2852 dat:
802 2807 936 2853 tunc
956 2800 1315 2863 infunditita,
1335 2804 1399 2863 ut
1418 2799 1663 2852 secunda
1691 2799 1805 2852 vice
1846 2805 2089 2869 quatuor

494 2886 717 2957 digitos,
736 2888 937 2959 quibus
954 2906 1154 2959 corpus
1172 2888 1395 2942 Domini
1437 2888 1718 2951 tractavit,
1758 2905 1927 2957 super
1950 2888 2084 2941 cali-

493 2993 610 3030 cem
642 2978 808 3043 lavet,
844 2995 983 3048 quos
1006 2981 1172 3031 etiam
1200 2979 1255 3030 in
1315 2994 1378 3031 ea
1425 2982 1604 3048 parte.
1632 2977 1727 3030 ubi
1754 2977 2084 3046 sanguinem

492 3066 834 3136 sumpsit,ad
860 3083 1141 3120 summum
1166 3065 1353 3119 calicis
1371 3066 1628 3135 ingerere
1658 3065 1842 3129 debet,
1876 3072 1932 3119 et
1952 3082 2085 3136 qua-

2174 1907 2580 1961 busduodecim
2609 1911 2930 1977 lectionum,
2956 1911 3180 1982 quando
3201 1911 3508 1964 secundum
3538 1925 3783 1963 consue-

2174 1996 2427 2049 tudinem
2458 1997 2692 2068 triginta
2750 2000 2956 2070 psalmi
3014 2005 3334 2063 cantantur,
3366 1999 3575 2052 debent
3594 1999 3784 2053 eidem

2172 2084 2495 2153 psalmodiae
2520 2101 2698 2156 usque
2723 2087 2790 2139 ad
2824 2088 2994 2140 ﬁnem
3018 2088 3207 2141 decem
3236 2086 3579 2157 psalmorum
3596 2087 3782 2140 inter-

2174 2188 2295 2225 esse
2321 2191 2332 2239 ;
2359 2179 2456 2226 aut
2487 2173 2533 2227 si
2564 2174 2871 2244 capitulum
2922 2180 3008 2229 est
3053 2181 3180 2247 post
3224 2174 3470 2239 tertiam,
3501 2188 3687 2246 usque
3708 2176 3781 2229 ad

2173 2267 2384 2314 sextam
2411 2280 2422 2327 ;
2459 2259 2561 2316 nec
2593 2262 2778 2316 minus
2825 2270 2951 2334 post
2979 2269 3190 2318 sextam
3221 2283 3233 2331 ;
3267 2264 3313 2318 si
3341 2269 3532 2318 tamen
3569 2264 3779 2318 fratres

2172 2353 2305 2402 tunc
2334 2364 2446 2403 non
2512 2350 2683 2405 ierint
2744 2352 3069 2406 dormitum.
3136 2353 3452 2423 Aliquando
3494 2369 3627 2406 vero
3649 2359 3780 2423 post

2173 2436 2534 2507 Evangelium
2569 2439 2797 2508 majoris
2828 2441 3009 2495 missa:
3069 2441 3272 2512 aliquis
3324 2440 3681 2495 sacerdotum
3714 2440 3779 2493 li-

2172 2526 2412 2578 centiam
2431 2527 2681 2597 accipere
2698 2534 2882 2598 potest
2908 2552 2917 2582 :
2939 2530 3086 2600 quod
3104 2536 3291 2583 tamen
3315 2528 3770 2600 reprehenditur,

2172 2613 2219 2665 si
2242 2614 2587 2685 aliquamdiu
2607 2616 3019 2686 frequentatur.
3036 2620 3055 2641 ⁶
3079 2618 3375 2672 Sciendum
3409 2624 3599 2670 autem
3622 2617 3772 2687 quod

2171 2703 2361 2756 nullus
2383 2705 2720 2758 sacerdosin
2758 2722 2871 2759 una
2921 2706 3010 2760 die
3044 2708 3185 2760 duas
3220 2707 3421 2760 missas
3452 2705 3619 2759 debet
3636 2722 3775 2759 can-

2169 2794 2309 2853 tare,
2337 2792 2445 2845 nisi
2467 2809 2673 2862 magna
2728 2800 2892 2863 cogat
2936 2796 3256 2861 necessitas,
3289 2801 3345 2849 et
3380 2793 3491 2848 nisi
3528 2793 3773 2848 domnus

2168 2878 2431 2945 abba,vel
2454 2881 2667 2951 priorei
2681 2883 2950 2938 concedat
2976 2902 2988 2935 :
3020 2884 3121 2938 has
3147 2888 3336 2939 autem
3371 2884 3570 2937 missas
3600 2882 3774 2936 simul

2167 2968 2333 3022 debet
2366 2976 2615 3036 cantare,
2642 2976 2698 3023 et
2726 2971 2795 3024 ad
2839 2972 3083 3042 priorem
3111 2978 3228 3026 tam
3257 2972 3461 3042 digitos
3483 2987 3652 3042 quam
3684 2987 3773 3025 ca-

2166 3057 2327 3111 licem
2357 3059 2545 3112 differt
2564 3060 2768 3113 lavare.
2820 3059 2929 3114 Sed
2958 3061 3224 3115 diaconus
3284 3061 3369 3115 vel
3392 3060 3770 3115 subdiaconds

491 3152 631 3207 libet
650 3154 766 3208 vice
788 3155 975 3208 vinum
1016 3155 1263 3210 infusum
1293 3156 1410 3226 ipse
1441 3172 1663 3209 sumere
1688 3175 1699 3221 ;
1744 3172 2083 3227 quamquam
2102 3118 2144 3180 Ο
2168 3163 2279 3200 non
2299 3146 2505 3201 debent
2534 3148 2603 3201 ad
2635 3147 2774 3202 duas
2799 3149 3219 3221 missaslegerc,
3245 3149 3351 3204 nisi
3374 3166 3474 3221 pro
3497 3166 3612 3204 non
3640 3162 3770 3220 par-

490 3241 560 3295 de
590 3242 787 3296 eodem
805 3244 975 3297 calice
997 3243 1165 3296 etiam
1190 3244 1669 3301 communicantes
1691 3262 1817 3297 mox
1846 3244 2086 3299 debeant

489 3330 679 3383 vinum
693 3330 901 3386 bibere.
936 3333 1053 3385 Hoc
1074 3332 1333 3400 scientes,
1367 3334 1513 3404 quod
1535 3340 1669 3387 tunc
1683 3334 1929 3405 primum
1956 3351 2083 3388 cum

488 3418 907 3474 deosculatione
937 3437 1138 3474 manus
1167 3422 1441 3476 sacerdoti
1469 3423 1609 3476 calix
1634 3430 1717 3476 est
1746 3423 2080 3480 reddendus.

488 3506 698 3561 Verum
741 3526 865 3562 mox
891 3516 1017 3579 post
1035 3509 1378 3563 ablutionem
1429 3510 1614 3565 calicis
1644 3512 1735 3564 ille
1766 3530 1876 3565 non
1905 3530 2084 3566 mora-

490 3600 586 3650 tur
615 3600 904 3669 corporale
924 3600 1151 3670 plicare,
1194 3607 1250 3653 et
1279 3601 1427 3655 dicta
1446 3603 1839 3655 communione
1871 3602 2082 3656 missali

491 3701 713 3758 quoque
742 3685 813 3740 ad
868 3687 1120 3741 dextram
1186 3689 1387 3759 posito,
1454 3689 1684 3743 missam
1733 3708 2085 3745 consumma-

487 3773 589 3829 bit.

560 3866 859 3920 Sciendum
889 3873 1097 3933 autem,
1132 3869 1280 3938 quod
1333 3867 1390 3922 in
1429 3868 1662 3922 summis
1704 3869 1859 3923 festis
1889 3887 2082 3923 omnes

488 3952 695 4009 debent
714 3954 1145 4021 communicare,
1167 3962 1222 4011 et
1236 3958 1301 4011 ad
1323 3959 1588 4029 majorem
1621 3959 1849 4015 missam
1881 3960 2079 4013 Pacem

487 4060 597 4097 non
625 4044 897 4115 accipere,
923 4063 1032 4116 quo
1049 4046 1233 4100 czeteri
1269 4048 1433 4101 citius
1467 4047 1680 4118 possint
1707 4048 2082 4101 communica-

485 4148 565 4188 re.
598 4132 739 4188 Cum
770 4151 901 4205 ergo
957 4134 1013 4188 in
1070 4136 1283 4189 ultimis
1326 4135 1459 4195 dicit
1490 4140 1758 4190 Dominus
1807 4139 2080 4190 vobiscum

485 4238 679 4277 versus
702 4224 768 4276 ad
795 4225 1101 4290 adstantes,
1127 4226 1322 4278 eodem
1353 4222 1548 4279 ordine
1577 4242 1685 4297 quo
1735 4231 1791 4280 et
1828 4227 1982 4299 prius
2009 4226 2075 4280 ad

485 4311 663 4365 altare
679 4328 738 4365 se
752 4312 938 4377 vertit,
973 4318 1029 4366 et
1057 4331 1181 4366 cum
1207 4314 1620 4368 deosculatione
1654 4314 1848 4368 altaris
1871 4315 2080 4370 oratio-

486 4416 615 4453 nem
671 4400 824 4454 illam
879 4401 1091 4466 altaris,
1144 4405 1355 4456 Placeat.
1410 4406 1529 4463 tibi,
1559 4410 1749 4457 sancta.
1810 4406 2075 4467 Trinitas,

2166 3251 2234 3288 va
2263 3237 2613 3290 necessitate.

2663 3328 2896 3383 CAPUT
2916 3328 3235 3383 LXXXVII.

2688 3420 2760 3470 De
2784 3419 3227 3471 subdiaconibus.

2238 3500 2372 3571 (ευ.)
2394 3500 2797 3560 Subdiaconus.
2827 3505 2920 3574 qui
2942 3507 3190 3559 lecturus
3206 3511 3290 3559 est
3310 3503 3768 3575 epistolam,cum

2164 3592 2452 3645 sacerdote
2511 3582 2873 3663 processurus
2934 3594 3002 3647 ad
3069 3596 3263 3658 altare,
3311 3600 3498 3665 portat
3548 3601 3767 3649 textum

2167 3679 2469 3749 Evangelii,
2526 3688 2583 3735 et
2612 3684 2770 3752 ponit
2818 3685 2875 3736 in
2938 3683 3123 3737 medio
3189 3683 3403 3737 altaris.
3459 3683 3768 3738 Pluvillum

2164 3783 2277 3821 non
2325 3775 2530 3839 portat,
2588 3770 2697 3823 nisi
2752 3772 2811 3825 in
2860 3772 3152 3826 duodecim
3197 3771 3552 3827 lectionibus.
3594 3773 3767 3836 ‘Quo

2165 3856 2437 3926 deposito,
2500 3863 2557 3912 et
2621 3860 2967 3915 confessione
3020 3860 3188 3926 dicta,
3246 3862 3293 3915 si
3358 3860 3417 3915 in
3464 3861 3765 3915 duodecim

2165 3945 2497 4000 lectionibus
2517 3954 2603 4001 est
2630 3949 2687 4001 in
2716 3950 3065 4021 presbyterio
3097 3956 3211 4004 stat
3240 3967 3431 4004 versus
3451 3951 3519 4004 ad
3546 3950 3766 4020 aquilo-

2162 4050 2310 4099 nem,
2337 4035 2511 4089 donec
2542 4038 2801 4091 sacerdos
2857 4039 3146 4093 collectam
3188 4040 3434 4110 incipiat.
3491 4040 3763 4093 Inchoata

2163 4129 2351 4176 autem
2412 4141 2495 4191 ea,
2541 4128 2708 4179 vertit
2750 4144 2808 4180 se
2858 4128 2928 4181 ad
2961 4129 3269 4193 Orientem,
3309 4134 3366 4183 et
3392 4127 3614 4181 inclinis
3645 4134 3763 4183 stat

2163 4227 2338 4281 usque
2364 4229 2473 4282 quo
2490 4213 2557 4267 ad
2578 4214 2877 4283 legendum
2895 4219 3179 4287 procedat.
3198 4216 3263 4271 In
3288 4216 3517 4288 privatis
3534 4216 3757 4278 diebus,

2162 4299 2276 4353 sive
2307 4301 2380 4354 sit
2408 4300 2465 4354 in
2487 4304 2758 4363 custodia,
2799 4306 2913 4359 sive
2938 4323 3069 4369 non,
3099 4306 3158 4359 in
3216 4307 3410 4360 dextro
3436 4306 3606 4360 choro
3639 4312 3761 4361 stat

2161 4388 2230 4441 ad
2251 4389 2542 4458 parietem.
2570 4391 2653 4445 Ibi
2681 4395 2850 4447 etiam
2868 4395 3129 4448 inchoata
3145 4396 3328 4466 prima
3348 4395 3600 4449 oratione
3629 4410 3761 4450 cum

486 4506 793 4562 parumper
857 4490 927 4544 ad
993 4492 1170 4545 altare
1212 4492 1433 4546 inclinis
1486 4492 1653 4546 tacite
1698 4493 1852 4556 dicit,
1887 4478 2373 4564 SicqueDcseteris
2397 4476 2663 4535 fratribus
2693 4498 2862 4553 super
2894 4484 3334 4537 misericordiam
3370 4483 3507 4554 (1M)
3550 4501 3610 4537 se
3632 4484 3765 4539 sub-

488 4579 677 4632 clauso
701 4578 843 4633 libro
873 4581 1082 4634 recedit
1102 4581 1170 4634 ab
1190 4582 1546 4636 altari.Tunc
1571 4583 1881 4637 Conversus
1912 4601 2077 4637 casu-

484 4666 619 4735 lam,
651 4668 771 4740 ipso
791 4668 893 4722 sub
923 4687 987 4723 ea
1017 4688 1218 4725 manus
1259 4678 1504 4737 tenente,
1556 4688 1655 4742 per
1698 4673 2078 4727 summitatem

487 4757 678 4828 capitii
707 4758 984 4831 accipiens
1014 4767 1238 4814 exutam
1277 4761 1462 4832 plicat,
1493 4767 1549 4813 et
1602 4761 1828 4814 interim
1875 4763 2077 4817 stolam

484 4863 611 4901 cum
632 4844 1171 4904 fanonesacerdos...
1191 4850 1425 4904 inferius
1452 4867 1749 4904 conversus
1780 4857 1837 4904 et
1874 4852 2075 4905 hume-

486 4937 605 4999 rale
626 4938 794 4992 simul
812 4939 1042 5009 plicant,
1068 4947 1327 4994 caventes
1376 4956 1445 4992 ne
1472 4941 1605 5010 quid
1638 4940 1837 4995 horum
1870 4941 1936 4993 ad
1962 4947 2077 4995 ter--

487 5043 608 5081 ram
655 5026 896 5081 decidat.
944 5028 1099 5082 Tunc
1141 5044 1441 5082 conversus
1489 5030 1734 5082 casulam
1780 5034 1837 5082 et
1882 5036 2081 5084 caetera

484 5114 692 5189 plicata
711 5116 767 5170 in
791 5114 973 5175 albam
992 5117 1555 5189 compositacolligat.
1592 5118 1803 5171 Deinde
1825 5124 1950 5189 post
1980 5137 2077 5192 pe-

483 5206 647 5267 titam
678 5210 809 5258 ante
835 5205 1011 5259 altare
1043 5204 1282 5268 veniam,
1334 5206 1526 5258 tunica
1562 5204 1792 5261 indutus
1822 5208 2080 5262 sacerdos

484 5294 789 5365 digitorum
803 5295 1157 5348 summitates
1178 5295 1343 5359 lavat,
1354 5293 1595 5348 maxime
1606 5303 1836 5365 propter
1850 5297 2080 5351 calicem

550 5434 809 5509 (113)81'0
835 5442 1019 5509 autem.
1051 5440 1140 5490 cit.
1176 5438 1337 5489 eodem
1368 5455 1383 5489 :
1445 5436 1693 5491 Servitor
1747 5439 1841 5508 qui
1888 5455 2079 5509 super-

484 5513 592 5567 est.
621 5508 807 5562 adhuc
834 5508 1048 5561 accedit
1075 5526 1203 5563 cum
1242 5509 1421 5563 altero
1464 5509 1633 5563 calice
1662 5516 1816 5563 extra
1847 5508 2078 5565 reclina-

484 5578 715 5645 torium,
765 5585 829 5632 ut
877 5580 1134 5633 sacerdos
1185 5596 1354 5645 super
1410 5597 1539 5637 eum
1588 5599 1712 5636 cum
1772 5582 1901 5637 vino
1932 5584 2079 5637 lavet

484 5599 715 5645 tonum,
766 5599 829 5632 ιη
877 5599 1134 5633 sacerdos
1185 5599 1249 5643 su
1293 5599 1354 5633 er
1410 5599 1539 5637 eum
1588 5599 1712 5636 cum
1772 5599 1901 5637 vmo
1932 5599 2079 5637 lavet

484 5646 687 5715 digitos
736 5649 936 5719 quibus
992 5667 1193 5720 corpus
1233 5599 1587 5706 Seminicum
1643 5654 1920 5721 tractavit,
1979 5654 2080 5708 sic-

2161 4566 2336 4619 mittit
2354 4584 2532 4637 usque
2561 4569 2693 4623 dum
2726 4585 2791 4624 ad
2849 4573 3159 4627 orationem
3213 4574 3470 4626 ultimam
3513 4573 3760 4639 dicatur,

2161 4658 2265 4708 Per
2292 4658 2593 4711 Dominum
2652 4666 2928 4713 nostrum.
2987 4661 3044 4715 Si
3077 4662 3298 4732 quando
3346 4662 3653 4733 prophetiae
3686 4664 3765 4717 le-

2160 4743 2270 4796 ctio
2303 4744 2591 4800 recitanda
2620 4754 2727 4817 est,
2759 4749 3004 4803 lecturus
3062 4767 3207 4816 eam,
3251 4750 3419 4804 etiam
3450 4750 3495 4804 si
3526 4751 3595 4804 de
3622 4751 3762 4806 dex-

2160 4837 2248 4885 tro
2279 4833 2370 4899 sit,
2403 4835 2719 4904 oppositum
2746 4837 2803 4891 in
2827 4839 3055 4893 smistro
3083 4841 3249 4894 choro
3295 4841 3477 4894 locum
3501 4848 3760 4911 occupat,

2164 4920 2311 4990 quod
2342 4921 2480 4976 nulli
2505 4924 2601 4977 alii
2632 4926 2877 4981 ofﬁcium
2931 4928 3218 4998 quodlibet
3268 4935 3460 4982 acturo
3499 4930 3622 4983 sine
3641 4931 3765 5001 jus-

2162 5008 2315 5064 sione
2335 5011 2537 5081 prioris
2559 5014 2704 5068 licet.
2732 5017 2865 5081 (ευ.)
2897 5019 3216 5087 Antequam
3266 5017 3498 5087 incipiat
3527 5024 3585 5071 et
3612 5026 3765 5089 post-

2162 5116 2329 5168 quam
2364 5100 2658 5156 lectionem
2708 5104 2851 5170 ﬁnit,
2889 5104 2957 5158 ad
3004 5111 3306 5177 utramque
3342 5105 3517 5159 vicem
3548 5107 3760 5162 ibidem

2164 5188 2259 5242 ubi
2284 5189 2529 5243 lecturus
2551 5197 2653 5257 est,
2681 5202 2811 5247 ante
2830 5200 2885 5247 et
2918 5195 3237 5250 retrojacit.
3271 5197 3291 5218 "
3310 5194 3493 5249 Finita
3518 5196 3759 5252 lectione

2162 5277 2385 5348 reponit
2404 5278 2611 5333 librum
2635 5282 2693 5335 in
2714 5284 3033 5350 armariola,
3069 5285 3216 5355 quod
3246 5283 3414 5337 habet
3441 5283 3500 5338 in
3529 5285 3759 5358 presby-

2160 5447 2223 5495 ut
2250 5448 2306 5495 et
2333 5442 2623 5503 diaconus,
2659 5457 2783 5514 mox
2813 5447 2878 5495 ut
2909 5443 3357 5508 communicavit,
3372 5449 3430 5497 et
3451 5450 3760 5514 antequam

2159 5516 2473 5583 corporalia
2497 5513 2872 5581 complicaret,
2906 5522 2971 5567 ut
2996 5515 3199 5569 iterum
3223 5516 3483 5571 sacerdos
3520 5513 3764 5571 ebiberit

2159 5584 2262 5647 hoc
2284 5586 2495 5647 vinum.
2529 5583 2677 5654 quod
2716 5586 2959 5639 secundo
3003 5587 3240 5640 servitor
3274 5587 3520 5641 infundit
3548 5594 3613 5642 ut
3660 5587 3759 5642 ille

2160 5654 2303 5710 calix
2322 5653 2587 5726 utrinque
2614 5653 2893 5710 abluatur.

3374 6324 3547 6352 *L‘
3586 6318 3889 6352 μηκας-κῃ
