3934 6364
121 376 262 445 102i

1169 362 1588 442 consumi.
1631 361 1973 444 HIRSAUG.
2021 423 2082 432 _
2122 375 2261 446 LIB.
2301 389 2348 445 1-.

3157 327 3166 334 ο
3265 371 3405 442 1092

115 511 286 566 ferio.
305 510 377 566 Et
403 510 450 566 si
475 509 772 567 duodecim
801 506 1106 567 lectionum
1135 511 1254 566 dies
1283 517 1386 577 est,
1409 528 1582 583 prope
1596 509 1714 564 dia-
1733 509 1781 571 Α
1800 511 2062 577 induunt,
2092 513 2339 570 eundem
2369 517 2597 568 cantum
2629 511 2891 566 audiente
2928 509 3174 566 armario
3208 507 3404 582 praevi-

115 617 324 654 conum
371 601 493 654 sine
527 599 754 656 licentia
799 601 976 656 sedet.
1027 602 1290 672 Jurisque
1341 607 1428 656 est
1477 601 1722 655 sacristae

117 688 566 754 hebdomadarii,
601 695 666 744 ut
693 689 742 744 ei
773 691 968 745 sellam
1011 690 1320 762 provideat,
1351 707 1518 762 quam
1550 688 1720 743 etiam

116 779 205 832 vel
227 779 326 833 illo
347 785 634 850 surgente,
665 781 754 835 vel
792 783 1008 852 postea,
1041 797 1169 834 cum
1207 780 1384 834 visum
1415 776 1604 844 fuerit,
1629 793 1720 832 rc-

115 871 329 938 portat.
377 867 480 922 Hic
515 873 726 923 textum
760 869 1186 940 Evangeliorum
1224 869 1283 923 in
1332 864 1486 922 omni
1527 867 1717 933 missa,

115 971 246 1028 quae
281 957 608 1012 solemniter
645 959 850 1028 agitur,
887 957 1115 1030 pulvillo
1150 955 1438 1030 supposito
1477 954 1719 1010 circum-

113 1045 270 1100 ferre
301 1045 468 1100 debet
493 1063 594 1118 per
633 1045 865 1102 chorum
905 1051 963 1101 et
997 1053 1172 1113 extra,
1210 1046 1434 1100 etiamsi
1481 1045 1582 1100 ﬂat
1617 1061 1719 1116 pro

116 1133 402 1190 defunctis
435 1151 448 1188 :
480 1134 528 1190 si
556 1141 690 1201 tunc
719 1136 838 1190 sine
885 1135 1134 1208 pulvillo.
1186 1137 1370 1208 primo
1397 1133 1620 1207 quidem
1651 1134 1719 1188 ad

118 1237 254 1276 eum
281 1223 454 1289 vadit,
502 1225 597 1294 qui
650 1225 884 1280 chorum
916 1231 1088 1288 tenet,
1141 1225 1344 1280 deinde
1375 1223 1445 1279 ad
1485 1241 1585 1278 eos
1625 1219 1722 1294 qui

116 1315 281 1365 stant
299 1311 369 1366 ad
391 1312 600 1367 formas
620 1313 678 1368 in
695 1311 892 1368 dextro
917 1314 1086 1368 choro
1119 1317 1177 1368 et
1205 1315 1461 1380 sinistro;
1503 1329 1720 1380 omnes,

117 1400 221 1470 qui
263 1399 339 1454 ibi
365 1402 588 1470 volunt,
639 1404 930 1468 accedunt,
968 1403 1170 1474 hisque
1200 1403 1502 1460 exteriores
1531 1419 1723 1456 succe-

115 1489 294 1556 dunt;
327 1489 530 1544 deinde
555 1491 856 1546 revertitur
884 1491 954 1547 ad
985 1509 1098 1557 eos,
1122 1491 1216 1562 qui
1245 1491 1314 1545 ad
1344 1491 1550 1545 lineam
1572 1495 1725 1544 stant

115 1579 177 1633 in
230 1595 301 1632 ea
328 1585 508 1650 parte,
550 1580 811 1651 idemque
841 1577 985 1634 facit
1019 1581 1091 1634 ad
1135 1581 1426 1634 sinistrum
1465 1581 1719 1634 chorum.

115 1668 429 1738 Nunquam
455 1674 642 1723 autem
680 1669 1082 1724 inclinaturum
1112 1686 1172 1724 se
1207 1669 1442 1734 noverit,
1473 1685 1724 1740 quocun-

118 1770 232 1825 que
257 1759 474 1809 textum
505 1757 792 1828 Evangelii
821 1759 1006 1811 ferens
1055 1757 1204 1810 ierit.
1252 1755 1492 1811 Cottidie
1531 1765 1720 1811 autem

1805 601 2036 658 debunt.

2409 690 2642 748 CAPUT
2681 687 2796 745 XC.

2441 783 2514 836 De
2533 781 2783 835 diacono.

1871 871 2013 944 (σοι)
2049 871 2330 927 Diaconus
2352 870 2700 924 sacerdotem
2715 867 3031 940 praecedere
3052 869 3195 922 solet
3219 867 3290 922 ad
3319 869 3403 922 al-

1801 965 1940 1015 tare.
1997 958 2302 1016 Saccrdote
2350 976 2410 1013 se
2468 955 2775 1012 inclinante
2810 957 2881 1012 ad
2933 957 3246 1012 orationem
3285 955 3404 1028 ipse
3480 947 3490 952 ’

1803 1050 2064 1104 similiter
2089 1049 2332 1104 inclinis.
2383 1047 2687 1104 Sacerdote
2717 1064 2776 1102 se
2827 1045 3096 1116 erigente,
3128 1047 3317 1116 signat
3344 1061 3405 1100 se

1803 1147 1860 1195 et
1890 1140 2022 1194 facit
2057 1145 2189 1194 ante
2239 1144 2296 1193 et
2338 1143 2520 1192 retro.’
2560 1137 2842 1191 Accedens
2888 1135 3178 1190 sinistrum
3231 1150 3407 1190 cornu

1803 1229 1968 1283 altari
1991 1229 2296 1282 osculatur.
2312 1227 2506 1296 Pergit
2532 1227 2682 1280 stare
2711 1230 2908 1278 contra
2931 1224 3300 1290 sacerdotem,
3340 1227 3407 1278 ut

1806 1319 2057 1373 confesso
2079 1318 2440 1384 conﬁteatur;
2483 1321 2540 1370 et
2569 1315 2616 1369 si
2648 1315 2766 1369 dies
2813 1321 2899 1368 est
2933 1314 3148 1380 festiva,
3184 1312 3253 1366 ab
3281 1312 3404 1384 ipso

1807 1408 1858 1462 ei
1887 1423 2013 1462 cum
2062 1423 2264 1460 manus
2295 1403 2710 1460 deosculatione
2741 1403 3029 1457 incensum
3071 1397 3396 1474 porrigitur.

1809 1500 1978 1563 (υαν.)
2009 1495 2169 1560 Quod
2197 1501 2389 1566 postea
2416 1494 2692 1564 recipiens
2721 1492 2974 1546 incensat
2999 1491 3182 1553 latera
3208 1489 3404 1544 altaris

1809 1593 1865 1640 et
1883 1602 2093 1640 cornua
2120 1585 2452 1656 posteriora,
2484 1583 2686 1638 deinde
2713 1587 2862 1636 retro
2892 1581 2990 1634 illa
3020 1579 3240 1648 altaria,
3281 1595 3404 1650 quae

1807 1681 1940 1729 sunt
1959 1675 2129 1728 choro
2151 1673 2402 1745 proxima
2429 1692 2442 1741 ;
2475 1674 2659 1745 primo
2687 1671 2958 1735 medium,
2986 1667 3194 1732 deinde
3235 1667 3304 1722 ab
3336 1683 3402 1721 eo

1809 1764 1956 1835 quod
1988 1764 2046 1818 in
2076 1764 2308 1818 sinistra
2345 1768 2504 1833 parte
2535 1765 2620 1814 est
2657 1766 2971 1814 extremum
3008 1755 3298 1828 incipiens,
3349 1759 3408 1808 et

118 1843 192 1896 ad
223 1843 472 1919 Priorem
501 1843 729 1900 missam
769 1845 1063 1906 sacerdoti.
1099 1852 1155 1900 et
1183 1846 1303 1912 801i:
1339 1845 1436 1916 (lui
1474 1845 1719 1916 Primum
1809 1855 1888 1910 ita
1917 1858 2118 1907 caetera
2145 1851 2524 1924 pertransiens
2554 1847 2688 1904 facit
2705 1849 2946 1918 desuper
2975 1847 3202 1900 incenso
3233 1844 3408 1900 semel

117 1932 306 1998 offert,
339 1933 674 1988 ceroferario
702 1935 909 1989 librum
950 1934 1186 2006 porrigit
1212 1936 1282 1988 ad
1331 1935 1719 2001 osculandum,
1807 1940 1986 1996 crucis
2015 1941 2257 2011 signum,
2287 1945 2346 1994 et,
2366 1937 2514 1994 redit
2539 1937 2597 1992 in
2625 1935 3054 2009 presbyterium.
3093 1933 3254 1998 Quod
3279 1933 3326 1988 si
3347 1932 3406 1986 in

118 2027 357 2094 excepto
378 2022 426 2076 si
449 2023 643 2078 festive
663 2025 998 2091 celebratur,
1018 2025 1166 2096 quod
1188 2023 1258 2078 ad
1289 2026 1560 2095 majorem
1589 2023 1726 2077 mis-
1808 2031 2148 2090 monasterio
2179 2027 2262 2084 vel
2293 2029 2351 2082 in
2379 2029 2590 2099 capella
2622 2027 2676 2081 S.
2730 2025 2924 2078 Mariae
2968 2021 3238 2078 instantis
3275 2021 3407 2076 festi

120 2125 248 2164 sam
281 2110 340 2164 in
373 2109 604 2182 privatis
635 2113 835 2168 diebus
866 2113 1120 2168 minister
1167 2113 1317 2168 facit.
1373 2113 1624 2168 Eundem
1653 2111 1724 2166 li-
1807 2117 2076 2190 Reliquiae
2097 2117 2478 2180 continentur,
2513 2115 2571 2169 in
2616 2129 2947 2186 quocunque
2986 2099 3152 2166 aitari
3187 2127 3282 2165 eas
3312 2127 3400 2164 re-

121 2197 312 2266 brum,
347 2199 395 2254 si
426 2205 510 2254 est
538 2199 897 2268 fabrefactus,
940 2207 1056 2256 tam
1113 2203 1378 2257 diaconus
1429 2219 1597 2274 quam
1641 2218 1726 2256 sa—
1813 2209 2064 2262 conditas
2095 2207 2331 2270 noverit,
2365 2205 2423 2258 id
2453 2204 2621 2258 etiam
2653 2205 2944 2258 incensare
2987 2202 3170 2256 solum
3212 2216 3408 2272 procu-

121 2287 324 2342 cerdos
357 2289 608 2344 clausum
644 2291 990 2346 osculantur.
1031 2291 1360 2346 Osculantes
1399 2297 1586 2346 autem
1617 2307 1726 2344 non
1813 2297 1980 2351 rabit.
2029 2293 2087 2350 Si
2117 2310 2246 2349 vero
2271 2299 2431 2349 tanta
2475 2293 2802 2348 solemnitas
2844 2290 3128 2354 recolitur.
3162 2291 3226 2344 ut
3274 2305 3409 2360 qua-

123 2381 280 2442 ante,
331 2377 430 2432 sed
487 2383 615 2450 post
660 2381 914 2434 osculum
945 2381 1235 2434 inclinant.
1269 2379 1506 2434 Privatis
1535 2379 1730 2435 diebus
1811 2391 1942 2440 tuor
1986 2401 2054 2438 ea
2082 2390 2246 2439 nocte
2284 2382 2666 2438 invitatorium
2705 2379 3071 2445 cantaverint,
3107 2377 3299 2434 omnia
3337 2376 3408 2431 ad

123 2465 504 2522 subdiaconus
524 2467 671 2523 infra
689 2485 959 2524 canonem
989 2474 1247 2540 patenum
1286 2476 1472 2543 tenet;
1505 2471 1562 2524 in
1590 2469 1730 2524 duo-

125 2553 310 2609 decim
343 2555 677 2612 lectionibus
706 2575 836 2612 vero
868 2559 1144 2614 minister.

635 2646 872 2702 CAPUT
901 2649 1248 2704 LXXXVIII.

125 2733 199 2788 De
225 2737 549 2790 cantoribus
575 2738 1726 2808 gradualium,responsoriorum,Allcluia,

855 2827 1040 2896 Κυνὼ.

202 2915 324 2978 (υῑ).
359 2915 508 2982 ταν.)
541 2911 652 2969 Sed
701 2917 758 2968 et
796 2915 892 2985 qui
941 2921 1174 2970 cantant
1197 2917 1572 2988 responsoria,
1601 2933 1732 2987 gra-

127 2998 344 3067 dualia,
368 3001 777 3072 responsiones,
795 3005 1040 3058 Alleluia
1071 3012 1128 3059 et
1158 3007 1343 3074 Kyrz'e,
1367 3008 1586 3071 elcz'son,
1605 3012 1736 3060 ante

1815 2475 1871 2528 S.
1907 2473 2141 2528 Mariam
2171 2473 2375 2526 altaria
2395 2472 2647 2526 incensat
2689 2471 2950 2539 adjuncto
2981 2467 3078 2522 illo
3107 2461 3254 2538 apud
3281 2483 3410 2520 cru-

1814 2567 2236 2634 cem,pra:terea
2264 2563 2323 2616 in
2361 2561 2688 2616 Inventione
2708 2565 2766 2613 et
2785 2557 3134 2614 Exaltatione
3154 2551 3412 2610 S.Crucis

1815 2669 1992 2706 unum
2037 2651 2173 2704 illud
2205 2651 2476 2704 incensat.
2513 2649 2788 2702 Reversus
2817 2647 2874 2700 in
2905 2647 3156 2711 chorum,
3189 2643 3237 2697 si
3257 2643 3414 2698 dom-

1815 2759 1952 2795 num
2010 2740 2274 2794 abbatem
2317 2740 2402 2793 vel
2448 2738 2616 2792 aliam
2660 2752 2958 2808 personam
2987 2735 3156 2788 talem
3201 2728 3412 2788 ibidem

1815 2830 2107 2901 repererit,
2149 2829 2257 2900 ipsi
2285 2844 2505 2899 quoque
2533 2826 2822 2880 incensum
2854 2821 3140 2896 praebebit.
3178 2820 3413 2891 Regres-

1817 2937 1912 2974 sus
1944 2918 2208 2972 continuo
2261 2917 2333 2970 ad
2379 2917 2562 2970 locum
2613 2931 2776 2968 suum
2801 2930 2928 2967 cum
2967 2909 3258 2966 thuribulo
3297 2913 3414 2966 stat

1817 3003 1947 3080 post
1991 3007 2338 3061 sacerdotem
2387 3005 2670 3082 paulisper
2719 2988 2790 3056 ad
2832 3002 3085 3056 dextram
3128 3017 3187 3054 se
3239 2995 3416 3073 appli-

129 3093 188 3142 εἴ
216 3093 342 3143 retr
343 3105 374 3143 0
421 3089 633 3145 faCiunt
685 3091 756 3146 ad
785 3093 1044 3162 gradum,
1093 3097 1150 3147 et
1186 3092 1511 3164 priusquam
1553 3093 1735 3166 impo-
1752 3131 1800 3195 Ο
1819 3117 1972 3154 cans.
2005 3097 2240 3162 Quando
2269 3095 2528 3151 sacerdos
2562 3111 2620 3148 se
2647 3093 2921 3148 convertit
2935 3091 3006 3145 ad
3026 3087 3410 3152 salutandum,

129 3183 294 3243 nant,
313 3185 639 3233 reverenter
657 3179 945 3243 inclinant,
973 3186 1028 3235 et
1046 3181 1164 3236 hanc
1193 3182 1251 3236 in
1281 3182 1512 3252 privatis
1535 3176 2090 3244 diebusvdiaconus
2146 3204 2205 3240 se
2250 3202 2378 3240 cum
2426 3201 2490 3238 eo
2529 3200 2642 3238 non
2681 3181 2866 3248 vertit,
2919 3179 3030 3234 nisi
3073 3182 3295 3233 tantum
3341 3176 3414 3230 ad

130 3265 365 3320 nonnisi
415 3268 788 3322 communiter
839 3275 1138 3324 cantentur
1187 3287 1220 3324 a
1265 3275 1560 3324 conventu.
1622 3283 1638 3299 '
1673 3271 1730 3325 Si

133 3354 286 3426 quod
313 3354 519 3410 festum
534 3357 775 3428 amplius
793 3357 850 3412 in
867 3357 1164 3428 septimam
1181 3357 1734 3425 evenerit,cantanda

135 3447 274 3498 sunt
292 3443 500 3498 iterum
524 3443 593 3500 ab
633 3447 701 3500 iis
731 3463 765 3500 a
791 3447 998 3518 quibus
1036 3454 1094 3501 et
1137 3449 1294 3517 prius
1342 3449 1399 3502 in
1442 3449 1736 3503 Dominica

135 3539 272 3588 sunt
289 3533 932 3606 cantata.Subsequenti
960 3554 1086 3590 vero
1115 3535 1466 3592 hebdomada
1499 3538 1556 3592 in
1589 3537 1734 3608 prio-

137 3622 297 3676 ribus
338 3623 526 3677 missis
575 3625 770 3678 eadem
815 3625 919 3696 ipsi
950 3635 1083 3680 sunt
1120 3627 1418 3680 cantaturi.
1456 3625 1512 3681 Si
1544 3633 1734 3681 tamen

137 3715 352 3770 eaedem
404 3715 584 3770 missae
617 3717 927 3772 solenniter
961 3723 1095 3773 sunt
1134 3717 1384 3788 agendae,
1419 3727 1647 3792 excepto
1689 3721 1736 3774 si

145 3806 324 3858 missa
354 3804 458 3876 pro
483 3805 760 3884 defunctis
782 3823 906 3860 cum
935 3807 1175 3861 maximo
1205 3807 1315 3861 ritu
1345 3811 1430 3862 est
1447 3809 1736 3862 celebran-

140 3893 244 3961 da;
276 3901 417 3948 tunc
436 3897 668 3949 cantant
693 3897 1068 3966 responsoria,
1099 3893 1300 3966 quibus
1331 3897 1608 3952 armarius
1649 3897 1737 3952 in—

136 3984 348 4056 jungit.
373 3978 601 4038 Scillam
629 3985 1004 4056 provectiorcs
1032 3971 1252 4045 fratres,
1283 3986 1365 4040 vel
1397 3984 1503 4056 ipsi
1526 3985 1738 4040 hebdo-

143 4065 408 4138 madarii,
437 4069 485 4125 si
515 4073 656 4126 tales
685 4078 833 4136 sunt,
865 4078 1079 4128 tenent.
1113 4071 1187 4127 Hi
1219 4073 1388 4127 etiam
1410 4090 1602 4128 versus
1625 4075 1741 4128 ani-

145 4177 371 4216 marum
413 4167 692 4227 canentes,
747 4179 873 4216 cum
923 4163 1210 4229 inchoant,
1254 4169 1391 4216 tunc
1431 4167 1651 4217 tantum
1683 4161 1740 4216 in

144 4257 274 4306 ante
303 4251 580 4304 inclinant
612 4268 624 4304 :
657 4251 754 4306 sed
785 4251 842 4305 in
875 4251 985 4306 ﬁnc
1015 4253 1160 4322 ejus,
1207 4256 1337 4306 ante
1381 4255 1438 4304 et
1473 4257 1624 4306 retro
1666 4251 1743 4304 fa-

145 4339 325 4396 ciunt.
365 4340 568 4394 Nullus
603 4345 793 4394 tamen
824 4357 1018 4394 eorum
1056 4341 1142 4394 vel
1183 4341 1421 4395 aliorum
1451 4339 1562 4394 illic
1582 4340 1744 4394 obse-

147 4430 444 4501 quentium
489 4435 620 4484 ante
683 4429 898 4483 ﬁnitam
943 4429 1291 4483 offérontiam
1330 4447 1391 4484 se
1431 4429 1598 4484 exuit.
1653 4443 1741 4484 UD.

1819 3279 1890 3333 lle
1917 3281 2085 3331 missa
2113 3281 2206 3329 est.

1885 3365 2118 3438 Expleta
2147 3363 2320 3435 igitur
2347 3358 2620 3426 oratione,
2653 3359 2940 3425 diaconus,
2970 3358 3175 3412 tollens
3204 3356 3414 3411 librum

1816 3455 2120 3520 missalem,
2154 3452 2311 3524 ponit
2340 3469 2470 3506 eum
2491 3451 2549 3504 in
2579 3447 2808 3506 sinistro
2837 3465 3012 3502 cornu
3041 3443 3416 3512 altaris,Cum

1815 3543 2074 3598 sacerdos
2128 3541 2354 3604 sederit,
2395 3539 2664 3592 diaconus
2693 3537 2745 3591 ei
2783 3537 3032 3590 casulam
3066 3539 3216 3589 retro
3245 3535 3412 3598 levat,

1819 3634 2020 3686 stolam
2071 3630 2120 3684 ei
2167 3629 2470 3700 componit.
2505 3629 2647 3682 Nam
2691 3632 2750 3680 et
2790 3625 2910 3696 ipse
2955 3623 3312 3682 dalmaticam
3362 3619 3419 3676 et

1819 3721 2210 3780 subdiaconus,
2243 3718 2467 3782 subtile,
2491 3717 2536 3771 si
2563 3715 2828 3779 sederint,
2863 3713 3068 3768 levant.
3103 3711 3172 3766 Et
3205 3711 3251 3766 si
3287 3709 3418 3764 talis

1821 3817 1906 3864 est
1929 3810 2068 3866 dies.
2105 3814 2165 3862 ut
2188 3813 2244 3862 et
2271 3808 2390 3878 ipse
2420 3805 2690 3860 diaconus
2717 3803 2910 3856 casula
2949 3802 3182 3854 indutus
3223 3802 3305 3867 (ut
3333 3803 3419 3853 est

1819 3899 1878 3953 in
1909 3895 2377 3966 Quadragesima)
2402 3895 2545 3948 hanc
2565 3893 2779 3954 statim,
2815 3891 2960 3945 sicut
2988 3895 3074 3942 est
3109 3905 3230 3942 mos
3253 3903 3420 3958 gene-

1821 3985 1973 4052 ralis,
2007 3987 2270 4058 plicatam
2302 3983 2405 4038 sibi
2440 3981 2770 4050 circumdat,
2797 3983 2855 4034 et
2892 3985 3028 4032 tunc
3056 3976 3231 4038 sedet,
3264 3977 3420 4048 prius

1821 4082 2012 4130 tamen
2059 4074 2348 4129 sacerdote
2387 4073 2672 4125 innuente.
2706 4071 2842 4136 (01).}
2867 4067 2924 4122 Si
2965 4065 3269 4138 praevidere
3299 4059 3422 4118 dili-

1821 4166 2048 4236 gentius
2069 4163 2306 4218 voluerit
2325 4157 2884 4230 Evangelium,sumit
2909 4154 3112 4209 librum
3140 4153 3208 4208 de
3230 4151 3419 4221 altari,

1825 4255 2250 4326 inspectumque
2273 4247 2632 4314 sufﬁcienter,
2657 4245 2910 4318 reponit;
2945 4257 2965 4278 α
2993 4242 3196 4298 deinde
3225 4243 3421 4318 incen-

1827 4361 1970 4409 sum,
1999 4348 2061 4396 ut
2091 4339 2470 4412 praediximus,
2515 4334 2789 4391 sacerdoti
2833 4333 3088 4406 porrigit,
3121 4337 3186 4387 ut
3206 4336 3424 4387 textum

1829 4431 2114 4502 Evangelii
2141 4430 2408 4483 incenset.
2443 4429 2564 4492 Quo
2609 4427 2894 4480 incensato
2927 4419 3330 4499 thuribuloque
3353 4421 3424 4476 ab

147 4496 307 4580 Quod
337 4518 385 4572 Si
414 4533 609 4573 omnes
657 4525 791 4573 sunt
832 4519 891 4572 in
937 4519 1124 4590 cappis
1152 4519 1238 4573 vel
1270 4517 1430 4583 albis,
1461 4513 1806 4574 armariusD
1830 4539 1894 4576 eo
1923 4496 2166 4590 recepto,
2194 4517 2639 4572 benedictionem
2670 4513 2890 4586 accipit.
2925 4513 2983 4568 Si
3013 4513 3255 4566 domnus
3283 4496 3427 4565 abba

146 4608 338 4663 innuit
365 4607 790 4678 quibuscunque
824 4608 1062 4662 voluerit
1087 4624 1186 4678 pro
1212 4607 1291 4662 eis
1321 4605 1634 4662 cantandis.

674 4697 908 4752 CAPUT
936 4695 1226 4751 LXXXIX.

273 4787 505 4854 Quando
533 4787 598 4839 in
627 4790 868 4840 claustro
896 4801 1006 4840 non
1031 4789 1101 4839 sil
1133 4789 1240 4840 alto
1265 4787 1625 4840 cantandum.

218 4875 242 4898 θ
265 4873 336 4928 Et
361 4873 465 4928 hoc
494 4873 912 4928 subnotandum
953 4875 1056 4940 est,
1093 4874 1227 4944 quia
1270 4889 1437 4928 nemo
1469 4878 1658 4928 cantat
1685 4875 1743 4928 in

149 4961 398 5017 claustro
427 4963 486 5016 in
518 4961 675 5016 festis
730 4961 1024 5016 duodecim
1069 4963 1394 5028 lectionum,
1439 4980 1560 5034 quae
1608 4977 1744 5034 apo-

149 5051 306 5106 stolis
335 5051 632 5118 feriantur,
665 5050 776 5105 nisi
805 5051 1005 5106 fratres
1034 5051 1140 5116 illi,
1173 5051 1268 5122 qui
1298 5053 1475 5106 notati
1505 5053 1576 5105 ad
1605 5055 1744 5108 Gra-

147 5141 331 5203 duale,
364 5141 452 5194 vel
481 5140 552 5194 ad
587 5141 858 5198 Alleluia.
910 5141 1008 5194 Isti
1049 5139 1275 5210 quidem
1333 5147 1464 5195 ante
1505 5141 1746 5212 primam

146 5231 482 5302 praedictum
511 5237 739 5286 cantum
791 5230 863 5308 ad
910 5229 1145 5284 invicem
1176 5230 1459 5284 afﬁrmare
1490 5235 1743 5302 possunt,

152 5331 456 5392 suppressa
483 5325 676 5374 tamen
708 5335 854 5374 voce.
891 5320 1052 5384 Quod
1098 5319 1146 5374 si
1196 5319 1380 5390 prima
1421 5319 1478 5372 in
1527 5321 1746 5374 tantum

149 5411 514 5489 acceleratur,
566 5414 632 5462 ut
691 5408 932 5462 brevitas
985 5409 1153 5480 spatii
1199 5409 1338 5462 illud
1396 5425 1508 5462 non
1563 5410 1750 5480 patia-

147 5493 262 5568 tur,
310 5504 448 5554 tunc
504 5495 731 5570 quidem
782 5495 842 5551 in
896 5497 1180 5564 vestiario,
1221 5495 1444 5568 quando
1501 5512 1561 5552 se
1607 5497 1746 5554 albis

225 5673 368 5750 (114)
401 5677 725 5746 Scamnum,
767 5674 1116 5734 subsellium.
1147 5673 1290 5734 Vide
1317 5674 1596 5750 superius.

1827 4611 1914 4664 vel
1951 4607 2063 4664 alia
2109 4608 2239 4662 talis
2287 4621 2526 4678 persona
2581 4621 2825 4676 praesens
2875 4601 3066 4665 fuerit,
3127 4605 3412 4672 acceptam

1829 4715 2017 4754 coram
2047 4695 2266 4752 altaria
2305 4711 2568 4749 converso
2599 4709 2850 4748 acerram
2875 4691 2984 4764 ipsi
3011 4689 3210 4757 defert,
3241 4689 3428 4757 incen-

1828 4805 1974 4853 sum,
2014 4793 2079 4842 ut
2111 4785 2400 4840 thuribulo
2442 4781 2714 4854 imponat,
2756 4782 3211 4852 postulatamque
3247 4772 3318 4832 ab
3359 4789 3426 4832 eo

1827 4876 2270 4931 benedictionem
2302 4876 2571 4944 reportat,
2605 4878 2662 4926 et
2697 4876 2833 4924 tunc
2853 4870 3112 4924 sacerdos
3141 4862 3426 4922 nihilomi-

1827 4983 1932 5021 nus
1960 4963 2272 5036 plenarium
2300 4963 2540 5032 desuper
2585 4960 2808 5030 signum
2861 4957 3042 5012 crucis
3092 4955 3298 5010 faciens
3347 4953 3428 5010 in-

1827 5062 2033 5110 censat.
2069 5051 2349 5108 Diaconus
2379 5053 2569 5103 autem
2598 5047 2875 5118 accipiens
2904 5037 3044 5100 illud
3085 5045 3283 5100 dextra
3305 5043 3447 5114 ejus'

1828 5147 1986 5216 parte
2015 5140 2300 5195 osculatur
2327 5139 2526 5200 altare,
2557 5131 2896 5188 subdiacono
2949 5132 3239 5203 pulvillum
3297 5131 3428 5216 ante

1827 5232 2012 5302 ipsum
2060 5232 2336 5301 portante.
2372 5225 2555 5280 Finito
2587 5221 2886 5291 Evangelio
2916 5221 3016 5274 dat
3038 5219 3246 5274 librum
3303 5217 3430 5274 sub-

1831 5320 2082 5380 diacono,
2118 5323 2175 5372 et
2199 5320 2333 5371 tunc
2371 5315 2576 5368 iterum
2615 5311 2787 5364 missa
2829 5310 2988 5364 ﬁnita
3031 5309 3166 5364 facit
3195 5313 3327 5364 ante
3373 5313 3432 5363 et

1832 5416 2002 5464 retro.
2055 5409 2112 5464 Si
2156 5409 2326 5462 Credo
2357 5407 2420 5458 in
2463 5417 2640 5456 unum
2673 5399 2914 5464 canitur,
2941 5415 3070 5453 cum
3102 5397 3431 5470 pervenitur

1830 5502 1930 5568 qui
1953 5501 2162 5554 loculus
2183 5500 2277 5564 est,
2304 5499 2436 5560 etc.,
2477 5492 2628 5546 lavat
2655 5505 2873 5544 manus.
2916 5487 2976 5544 Si
3000 5505 3130 5543 vero
3151 5504 3264 5543 non
3283 5487 3432 5542 cani-
