3934 6376
542 312 682 371 1023

1571 325 1627 379 S.
1670 320 2063 380 GUILLELMI
2100 319 2403 379 ABBATIS
2440 322 2782 379 HIRSAUG.

3675 327 3823 386 10·ὶὲ

545 450 658 514 tur,
710 450 903 503 statim
946 448 1105 504 ﬁnito
1136 448 1458 520 Evangelio.
1508 453 1810 511 Sciendum
1856 472 1987 511 vero
2026 445 2377 521 est,Amum
2423 448 2574 503 inter
2620 446 3067 503 benedicendum
3097 447 3181 502 sal
3224 452 3285 503 et
3325 464 3552 520 aquam,
3583 455 3646 506 et
3673 452 3832 507 inter

545 536 698 606 quod
736 537 794 590 in
823 542 1076 608 tempore
1106 539 1376 593 oll'erendi
1400 557 1513 596 non
1534 544 1699 599 aliter
1729 545 2132 599 incensandum

545 630 649 689 est,
682 641 848 696 quam
899 632 964 680 ut
991 626 1368 698 praediximus,
1417 638 1645 703 excepto
1686 634 1734 688 si
1780 633 1929 704 apud
1981 632 2134 686 aliud

544 713 724 767 altare
753 714 1028 769 invenerit
1058 717 1405 772 sacerdotem
1450 721 1679 775 missam
1730 721 2130 776 celebrantem.

544 801 705 866 Quod
750 803 797 857 si
832 802 980 859 infra
1008 805 1370 875 Evangelium
1400 810 1485 863 vel
1515 826 1789 865 canonem
1819 811 2008 878 fuerit,
2031 827 2136 865 ne-

545 908 827 963 quaquam
860 894 910 946 ei
939 895 1370 966 appropinquat,
1398 897 1506 951 nisi
1545 899 1688 954 forte
1720 917 1848 954 eum
1870 900 1984 954 fere
2013 900 2136 954 ﬁni-

543 986 664 1037 tum
695 984 1068 1053 praesenserit.
1108 984 1167 1038 Si
1200 1001 1331 1039 vero
1376 986 1489 1040 alia
1534 987 1675 1042 hora
1726 990 2130 1061 supervenerit.

542 1068 897 1127 thuribulum
952 1073 1227 1129 sacerdoti
1276 1073 1491 1131 tribuit.
1538 1077 1645 1142 Qui
1695 1094 1781 1146 eo,
1815 1094 1924 1150 quo
1964 1096 2136 1150 supra

541 1158 751 1215 dictum
783 1166 888 1230 est,
922 1163 1089 1218 modo
1117 1163 1392 1223 incensat.

1146 1252 1380 1308 CAPUT
1416 1254 1558 1307 XCI.

541 1334 815 1402 Quomodo
832 1340 1235 1395 incensandum
1252 1345 1309 1394 in
1324 1344 1614 1409 festivitate
1627 1345 1808 1396 sancti
1826 1343 2125 1397 Michaelis.

615 1424 636 1447 ⁴’
656 1424 752 1478 Est
782 1426 965 1481 adhuc
985 1428 1289 1499 singularis
1318 1430 1517 1484 modus
1551 1430 1608 1483 in
1633 1430 1982 1485 dedicatione
2000 1431 2134 1485 San-

541 1510 615 1564 cti
655 1513 942 1569 Michaelis
973 1518 1294 1588 archangeli
1329 1536 1341 1571 :
1396 1523 1531 1572 tunc
1574 1519 1723 1573 enim
1775 1519 1935 1573 ﬁnito
1975 1535 2136 1573 versu

543 1600 815 1656 olfertorii
845 1603 1104 1676 factaque
1135 1607 1486 1677 repetitione,
1535 1609 1601 1662 Et
1648 1609 1890 1661 ascendit
1918 1609 2129 1674 fumus,

544 1687 655 1742 duo
685 1689 905 1745 diaconi
920 1694 1249 1749 accedentes
1275 1695 1346 1749 ad
1364 1698 1548 1766 majus
1566 1696 1763 1761 altare,
1782 1696 1930 1749 latus
1959 1694 2136 1766 ipsius

2218 536 2633 605 procedendum
2664 538 2733 591 ad
2764 538 3053 591 sinistram
3104 537 3411 591 sacerdotis
3452 543 3570 593 stat
3601 545 3664 594 et
3709 558 3830 595 am-

2218 624 2400 681 bulat.
2432 626 2534 681 Hic
2562 628 2732 681 etiam
2766 628 2826 681 in
2854 628 2974 681 loco
3018 643 3265 697 congruo
3291 634 3627 696 reservatos,
3676 631 3832 685 folli-

2217 715 2342 769 culo
2372 716 2443 769 ad
2489 716 2595 770 hoc
2623 717 2912 788 deputata,
2946 716 3233 772 succendit
3259 716 3559 785 carbones;
3611 719 3831 790 reliqui

2216 803 2328 859 duo
2388 805 2460 859 ad
2511 805 2848 861 candelabra
2892 806 3124 860 ferenda
3171 805 3523 862 ordinantur.
3558 807 3831 879 Cumque

2217 894 2488 965 procedit,
2518 895 2614 966 qui
2642 895 2714 949 de
2743 894 2969 950 sinistro
3015 894 3186 949 choro
3224 894 3418 964 fuerit,
3449 895 3508 951 in
3537 913 3607 951 ea
3660 903 3833 968 parte

2218 998 2443 1054 quoque
2471 983 2661 1042 stabit.
2687 984 2747 1038 Si
2785 1000 2915 1039 vero
2937 983 3102 1037 ambo
3133 984 3203 1037 de
3232 1000 3346 1038 uno
3375 984 3546 1040 choro
3579 985 3828 1051 fuerint,

2217 1072 2413 1126 ordine
2440 1072 2672 1127 inferior
2691 1073 2751 1127 in
2780 1073 3072 1128 sinistrum
3101 1073 3334 1127 chorum
3391 1074 3624 1140 secedit,
3659 1075 3832 1129 simi-

2216 1161 2371 1233 lique
2392 1161 2557 1215 modo
2572 1161 2644 1215 ad
2664 1161 2896 1215 missam
2911 1161 3147 1217 faciunt.
3179 1162 3415 1226 Quando
3437 1179 3633 1217 versus
3671 1164 3748 1218 In
3783 1171 3833 1218 te

2212 1252 2444 1305 Domine
2473 1254 2690 1319 speravi
2718 1251 3038 1319 inchoatur,
3069 1255 3269 1305 tenens
3298 1251 3659 1306 thuribulum
3693 1252 3835 1306 facit

2215 1340 2439 1410 signum
2485 1339 2667 1393 crucis
2714 1356 2885 1409 super
2915 1340 3239 1410 analogium
3277 1345 3336 1394 et
3387 1341 3663 1395 recedens
3712 1357 3835 1395 non

2215 1428 2449 1483 inclinat
2462 1473 2473 1485 .
2486 1428 2791 1498 Postquam
2814 1444 3010 1481 omnes
3032 1428 3090 1481 in
3106 1427 3420 1481 sacristiam
3432 1432 3831 1494 revertuntur,

2216 1519 2263 1572 si
2294 1517 2425 1571 talis
2453 1522 2540 1571 est
2570 1516 2707 1579 dies,
2737 1520 2802 1570 ut
2838 1515 2908 1570 ab
2933 1533 3047 1570 uno
3071 1516 3477 1570 incensandum
3510 1517 3588 1571 sit
3616 1517 3830 1584 altare,

2216 1607 2265 1662 is
2287 1607 2383 1677 qui
2414 1605 2767 1660 thuribulum
2794 1610 3122 1676 portaturus
3152 1610 3260 1673 est,
3290 1605 3424 1660 foris
3456 1606 3704 1661 chorum
3738 1622 3833 1659 re-

2220 1700 2411 1749 manet
2433 1695 2683 1761 iudutus,
2713 1693 2930 1748 caeteris
2958 1709 3019 1746 se
3060 1693 3409 1748 exuentibus.
3445 1694 3609 1758 Quod
3639 1694 3692 1747 si
3713 1694 3835 1747 tale

542 1781 849 1850 utrumque
878 1780 1187 1847 incensant,
1230 1784 1452 1854 copiose
1494 1784 1756 1856 imposito
1792 1785 1977 1849 thure,
2021 1799 2197 1861 quoB
2217 1784 2426 1838 festum
2455 1788 2561 1849 est,
2586 1788 2651 1836 ut
2675 1799 2709 1836 a
2737 1781 2957 1849 duobus
2977 1781 3256 1836 incensari
3285 1782 3507 1848 debeat,
3538 1782 3864 1837 cerofera-‘

542 1864 690 1919 facto
720 1869 1052 1925 accedentes
1096 1871 1167 1925 ad
1220 1873 1529 1943 posteriora
1578 1888 1805 1939 cornua,
1854 1889 2013 1927 verso
2061 1871 2133 1925 ad

541 1953 778 2009 invicem
808 1957 987 2024 vultu,
1037 1960 1382 2030 superiorem
1436 1961 1632 2015 altaris
1668 1966 1886 2031 partem
1920 1960 2134 2032 jugiter

545 2041 854 2111 incensant,
890 2063 1004 2101 non
1033 2056 1337 2113 cessantes,
1370 2050 1547 2104 donec
1578 2050 1836 2120 repetitio
1862 2049 2133 2104 ollertorii

544 2131 1340 2209 ﬁniatur.Procurandurnque
1369 2138 1526 2210 prius
1555 2145 1659 2204 est,
1697 2145 1757 2192 ut
1785 2139 2045 2193 sacerdos
2072 2138 2133 2193 in

484 2216 497 2219 ’
543 2217 667 2290 ipso
688 2222 798 2276 fine
821 2241 1016 2279 versus
1028 2226 1297 2281 oil'ertorii
1317 2244 1476 2281 suam
1500 2243 1669 2298 super
1694 2226 1922 2281 calicem
1943 2227 2131 2281 incen-

544 2308 821 2364 sationem
847 2321 1214 2368 consummet.
1233 2315 1607 2370 Diaconorum
1631 2316 1775 2369 alter
1794 2316 1864 2369 ad
1885 2315 1942 2368 id
1964 2314 2133 2368 ofﬁcii

543 2400 647 2460 est,
684 2397 780 2468 qui
818 2415 882 2453 eo
904 2401 995 2455 die
1026 2402 1483 2468 ministrat,alter
1509 2419 1639 2457 vero
1655 2402 1724 2456 ab
1741 2402 1987 2456 armario
2002 2418 2134 2472 pro-

543 2484 765 2540 videtur
793 2504 971 2559 cappa
989 2490 1237 2546 indutus.
1265 2493 1402 2547 Inde
1426 2493 1498 2546 ad
1529 2493 1706 2545 altare
1740 2491 1919 2545 sancti
1954 2492 2134 2544 Bene-

545 2572 677 2627 dicti
707 2578 1130 2647 progredientes
1159 2581 1397 2635 eundem
1429 2581 1657 2634 modum
1691 2579 1769 2633 ibi
1817 2579 2130 2645 observant,

545 2674 709 2732 quem
731 2665 800 2718 ad
828 2669 1136 2739 principale
1157 2670 1354 2737 altare,
1390 2670 1837 2740 quandocunque
1866 2685 1899 2721 a
1919 2667 2135 2722 duobus

541 2749 867 2808 incensatur
889 2757 1251 2829 presbyteris.
1278 2759 1491 2813 Deinde
1521 2758 1764 2828 separati
1794 2756 1862 2810 ab
1898 2757 2135 2810 invicem

544 2842 733 2896 omnia
762 2842 966 2899 altaria
989 2847 1320 2902 monasterii
1348 2848 1464 2902 sive
1507 2848 1562 2901 S.
1598 2846 1790 2901 Maria:
1819 2846 2128 2913 incensant,

541 2929 600 2982 in
622 2932 872 3001 quolibet
908 2933 1161 2989 faciendo
1190 2936 1433 3007 desuper
1461 2952 1703 2990 crucem.
1751 2935 1903 3005 (UD.)
1942 2935 2134 2991 Scien-

544 3019 791 3091 dumque
819 3028 922 3089 est,
973 3025 1099 3078 aliis
1138 3024 1508 3096 temporibus,
1542 3023 1766 3095 quando
1795 3022 1907 3077 duo
1939 3024 2134 3079 incen-

2219 1874 2435 1927 riorum
2497 1889 2644 1927 unus
2700 1887 2826 1925 cum
2858 1887 2924 1925 eo
2967 1870 3301 1938 remanebit,
3351 1871 3548 1926 ordine
3604 1871 3833 1926 scilicet

2220 1961 2391 2033 prior,
2426 1961 2474 2015 si
2503 1961 2624 2015 ﬁeri
2655 1964 2859 2031 potest.
2889 1961 3045 2015 Tunc
3075 1960 3223 2014 enim
3251 1961 3571 2015 sacerdotes
3595 1960 3833 2031 singula

2215 2051 2516 2106 thuribula
2531 2049 2601 2119 (si
2634 2055 2825 2104 tamen
2855 2050 3098 2104 domnus
3128 2048 3271 2103 abba
3299 2065 3412 2103 non
3440 2048 3644 2119 aderit)
3662 2050 3727 2103 in
3744 2066 3832 2103 re-

2213 2139 2478 2195 vestiario
2501 2143 2811 2202 sumentes,
2844 2137 3036 2207 ibique
3061 2137 3194 2192 thus
3238 2137 3596 2208 imponentes
3623 2138 3700 2191 ad
3744 2138 3828 2192 in-

2214 2229 2554 2285 censandum
2590 2228 2769 2281 altare
2793 2227 3121 2298 procedunt,
3141 2243 3281 2297 quos
3299 2226 3390 2280 isti
3410 2226 3661 2281 accensis
3681 2243 3824 2281 can-

2215 2320 2359 2374 delis
2411 2318 2854 2389 subsequuntur.
2911 2317 3021 2371 Sed
3050 2316 3097 2370 si
3128 2316 3371 2370 domnus
3400 2315 3545 2370 abba
3585 2316 3657 2371 de
3716 2317 3823 2371 hoc

2217 2409 2417 2473 aderit,
2452 2413 2509 2461 et
2539 2407 2623 2460 vel
2653 2406 2773 2476 ipse
2801 2421 2930 2459 cum
2960 2406 3248 2460 sacerdote
3294 2404 3577 2458 voluerint
3626 2404 3825 2460 incen-

2217 2514 2360 2561 sare,
2399 2498 2482 2550 vel
2512 2496 2637 2550 aliis
2665 2493 2883 2549 duobus
2909 2511 3010 2564 per
3035 2495 3308 2564 majorem
3338 2497 3571 2550 chorum
3601 2493 3824 2548 intran-

2218 2584 2366 2638 tibus
2389 2583 2885 2654 thusimposuerit,
2908 2574 3164 2637 non‘mox
3198 2582 3461 2637 candelas
3478 2582 3818 2643 accendunt,

2218 2675 2444 2745 quando
2490 2674 2562 2727 ad
2614 2689 2743 2726 eum
2784 2672 3102 2739 accedunt;
3165 2671 3295 2742 quia
3352 2669 3642 2725 thuribula
3680 2674 3824 2724 tunc

2216 2764 2492 2835 temporis
2518 2766 2746 2833 gestant
2793 2780 2806 2816 :
2865 2761 2963 2815 sed
2994 2766 3294 2832 postquam
3340 2759 3603 2830 imposito
3648 2760 3823 2813 thure

2215 2871 2417 2908 manus
2452 2852 2754 2907 thuribulis
2808 2850 3130 2921 expediunt.
3182 2849 3319 2903 Post
3372 2848 3691 2903 sacerdotes
3746 2848 3823 2903 ad

2216 2944 2395 2997 altare
2424 2941 2735 3014 procedunt
2765 2945 2821 2994 et
2858 2945 2993 2994 tunc
3034 2955 3128 2993 eas
3152 2938 3465 2992 accendunt
3493 2956 3505 2990 :
3534 2937 3645 2991 illis
3682 2953 3821 2992 vero

2216 3038 2343 3104 post
2362 3032 2714 3085 incensatum
2736 3030 2913 3084 altare
2936 3027 3316 3094 Dominicum,
3352 3027 3423 3081 ad
3450 3032 3602 3080 retro
3631 3027 3822 3098 posita

545 3113 690 3174 sant,
739 3110 998 3165 similiter
1046 3114 1168 3167 ﬁeri
1210 3113 1434 3168 debere.
1491 3113 1599 3168 Sed
1630 3113 1897 3167 diaconus
1939 3130 2007 3167 ea
2041 3110 2195 3169 die”
2217 3122 2465 3193 quinque
2494 3119 2695 3174 altaria
2723 3116 3006 3183 euntibus,
3058 3122 3116 3169 et
3148 3116 3395 3170 medium
3430 3131 3625 3169 eorum
3657 3132 3820 3170 more

543 3195 872 3253 ministrans
893 3196 962 3254 ad
987 3218 1209 3256 crucem
1238 3203 1508 3257 incensat.
1554 3204 1576 3225 *
1627 3202 1712 3255 Ad
1744 3202 1924 3255 missae
1963 3202 2132 3255 linem
2217 3209 2544 3281 principalis
2580 3205 3020 3273 incensantibus,
3054 3210 3111 3259 et
3138 3205 3271 3259 inde
3307 3203 3695 3269 redeuntibus,
3725 3204 3824 3259 isti

542 3300 834 3356 nunquam
882 3290 957 3342 Ite
1015 3294 1184 3344 missa
1224 3298 1299 3345 est
1339 3291 1409 3345 ab
1448 3309 1513 3346 eo
1560 3290 1979 3362 pronuntiatur,
2025 3291 2135 3345 nisi
2216 3307 2352 3356 tunc
2396 3299 2623 3352 demum
2681 3295 3009 3366 procedunt.
3063 3293 3459 3349 Sacerdotibus
3509 3296 3708 3346 autem
3761 3293 3826 3348 in

546 3373 717 3427 etiam
742 3376 930 3430 Gloria
966 3381 1027 3433 in
1065 3382 1286 3434 excelsis
1315 3387 1573 3436 canatur.
1602 3382 1711 3435 Per
1735 3386 1912 3434 totam
1943 3387 2133 3434 autem
2219 3392 2454 3444 chorum
2484 3384 2870 3450 redeuntibus,
2924 3399 3072 3437 unus
3118 3383 3423 3436 eorundem
3479 3381 3823 3436 servitorum

545 3461 957 3519 hebdomadam
987 3473 1104 3521 tam
1136 3469 1206 3523 ad
1236 3470 1554 3524 Nocturnos
1600 3486 1768 3541 quam
1806 3469 1876 3522 ad
1908 3469 2136 3523 missam
2219 3479 2477 3533 incensat
2507 3475 2766 3529 dextrum
2812 3472 3065 3535 chorum,
3098 3471 3243 3524 alter
3278 3470 3589 3535 sinistrum,
3635 3469 3822 3540 primo

546 3567 612 3604 ex
640 3554 1045 3609 consuetudine
1075 3557 1192 3627 ipse
1218 3559 1373 3626 legit,
1416 3565 1473 3613 et
1499 3564 1731 3630 propter
1771 3556 2137 3628 fragilitatem
2221 3567 2446 3639 quidem
2480 3564 2549 3617 ad
2573 3562 2865 3633 parietem,
2899 3560 3101 3613 deinde
3135 3559 3194 3612 in
3232 3559 3434 3614 minori
3463 3560 3635 3613 choro
3660 3566 3823 3614 ιηριε-

546 3655 659 3695 non
686 3641 795 3696 nisi
817 3642 887 3696 ad
911 3643 1140 3700 missam
1171 3647 1387 3700 vitabit.

1129 3736 1361 3792 CAPUT
1382 3737 1550 3791 XCII.

973 3826 1045 3878 De
1076 3829 1437 3880 servitoribus
1462 3829 1706 3881 ecclesia).

2222 3671 2330 3727 que
2358 3669 2519 3708 suam
2549 3654 2797 3721 partem;
2830 3647 3189 3718 postmodum
3217 3664 3312 3701 eos
3342 3648 3438 3719 qui
3466 3653 3623 3702 stant
3651 3649 3725 3702 ad
3757 3649 3825 3703 li-

2219 3760 2384 3799 neam
2412 3760 2425 3808 ;
2460 3745 2744 3812 postremo
2774 3754 2888 3803 eos,
2920 3736 3016 3807 qui
3045 3736 3117 3790 ad
3144 3736 3405 3790 formam.
3457 3736 3515 3789 Si
3558 3752 3693 3790 vero
3737 3736 3808 3791 ab

2221 3849 2336 3889 uno
2364 3832 2708 3894 incensatur,
2740 3826 2923 3897 primo
2953 3825 3180 3895 quidem
3211 3824 3429 3895 eos,qui
3451 3824 3522 3878 ad
3551 3823 3817 3880 dextrum

617 3910 927 3965 Servitores
951 3920 1181 3984 propter
1209 3914 1314 3968 hoc
1342 3930 1568 3980 munus,
1602 3914 1750 3985 quod
1779 3913 2133 3968 thuribulum

2219 3928 2372 3978 stant
2390 3919 2682 3992 parietem,
2717 3915 2917 3969 deinde
2949 3931 3045 3968 eos
3067 3913 3163 3984 qui
3193 3913 3264 3967 ad
3289 3913 3581 3968 sinistrum
3608 3914 3810 3969 incen-

544 4005 602 4055 et
619 4001 956 4056 candelabra
977 4009 1207 4073 portant
1236 4004 1537 4074 diligenter
1567 4004 1971 4069 observant,-ut
1989 4019 2137 4056 nun-
2219 4018 2351 4079 sat;
2419 4008 2619 4063 dehinc
2665 4005 2723 4059 in
2779 4004 2983 4057 minori
3030 4004 3199 4057 choro
3254 4002 3508 4056 dextram
3572 4009 3816 4074 partem,

544 4106 713 4160 quam
744 4091 814 4144 ad
844 4090 1174 4162 Obsequmm
1201 4093 1527 4161 Sacerdotis:
1568 4093 1745 4147 Ῑθνίῐω
1778 4093 1864 4146 νθῙ
1910 4091 2137 4146 SUbdia-
2220 4100 2422 4157 deinde
2441 4097 2746 4157 sinistram,
2773 4097 2968 4164 postea
2992 4093 3232 4146 formam
3257 4091 3316 4145 in
3346 4097 3585 4162 utroque
3621 4093 3814 4161 choro,

542 4180 668 4233 οοηί
688 4179 891 4234 ἀθείηῐο
920 4181 1410 4254 Quotienscumque
1435 4183 1505 4236 ad
1526 4183 1700 4236 ullum
1724 4182 1973 4235 diVinum
1994 4198 2135 4253 Opus
2221 4188 2421 4244 deinde
2441 4202 2554 4251 eos,
2579 4184 2673 4254 qui
2695 4187 2829 4236 sunt
2853 4186 3009 4235 extra
3040 4181 3272 4234 chorum
3306 4180 3541 4250 singulis
3570 4181 3818 4236 breviter

544 4269 668 4339 ίρδει
720 4268 1052 4323 indumenta
1099 4271 1408 4341 ἀθροηυιιῐ,
1442 4272 1524 4325 νοι
1555 4272 1602 4325 Si
1648 4287 1788 4341 OPUS
1833 4270 2138 4324 habuerint
2220 4278 2516 4333 inclinans.
2560 4274 2763 4327 Postea
2788 4271 2884 4324 illa
2912 4270 3133 4334 altaria,
3151 4286 3273 4339 quae
3303 4269 3560 4323 sacerdos
3589 4286 3705 4324 non
3728 4270 3817 4324 in-

542 4374 693 4428 aqua
717 4363 774 4411 et
800 4360 1153 4429 manutergio
1177 4361 1389 4414 scilicet
1416 4377 1616 4414 manus
1645 4359 1906 4426 lavaturi,
1953 4360 2050 4414 sed
2081 4365 2138 4414 et
2157 4394 2205 4451 D
2227 4364 2476 4423 censavit
2499 4362 2751 4416 incensat
2776 4379 2791 4429 ;
2823 4359 2869 4412 si
2890 4364 3079 4412 tamen
3111 4358 3245 4428 quid
3278 4357 3347 4411 de
3371 4357 3601 4412 incenso
3633 4358 3693 4412 in
3729 4375 3816 4413 eo-

544 4454 680 4503 tunc
708 4447 985 4501 sacerdoti
1014 4454 1070 4502 et
1094 4450 1275 4504 levitas
1327 4449 1554 4503 brachia
1594 4449 1951 4517 osculantur;
1986 4466 2133 4504 unus
2159 4444 2345 4513 -dem
2375 4455 2668 4524 supererat
2701 4448 3011 4515 thuribulo,
3046 4452 3244 4501 contra
3290 4444 3493 4500 faciem
3535 4447 3808 4519 cujusque

546 4537 616 4591 de
640 4536 851 4591 eisdem
884 4539 1252 4593 servitoribus
1269 4539 1484 4609 jugiter
1509 4537 1590 4591 illi
1621 4536 1992 4609 obsequitur.‘
2018 4540 2136 4593 Hoc
2219 4560 2416 4603 eorum
2437 4549 2527 4594 ter
2553 4543 2831 4611 porrecto.

546 4631 739 4681 autem
768 4626 965 4681 ordine
1004 4644 1168 4682 suum
1220 4632 1501 4698 peragunt
1539 4626 1805 4693 ofﬁcium,
1850 4633 1916 4681 ut
1953 4629 2133 4698 primo
2294 4634 2353 4688 Si
2381 4630 2605 4702 quando
2652 4629 2893 4681 domnus
2944 4624 3088 4680 abba
3133 4626 3286 4681 solus
3331 4626 3451 4680 vult
3500 4625 3810 4695 incensare,

545 4716 873 4771 invitatoria
901 4715 1194 4781 canituris,
1227 4716 1274 4768 si
1305 4721 1438 4768 tunc
1489 4715 1659 4785 exigit
1706 4715 1777 4768 ad
1825 4715 2140 4771 induendas
2224 4722 2457 4776 sacrista
2497 4721 2761 4789 apportat
2789 4717 2840 4770 ei
2887 4732 3159 4781 acerram,
3193 4722 3250 4771 et
3287 4733 3433 4771 unus
3479 4716 3813 4774 servitorum

543 4806 699 4862 albas
730 4806 816 4859 vel
844 4821 1067 4876 cappas,
1101 4804 1431 4876 obsequium
1471 4811 1756 4876 praestent,
1797 4806 2140 4861 abstractas-
2224 4809 2596 4871 thuribulum,
2633 4806 2749 4860 sive
2790 4806 2865 4859 sit
2909 4805 2966 4858 in
3008 4805 3196 4870 choro,
3242 4807 3356 4860 sive
3402 4805 3462 4859 in
3519 4805 3806 4860 vestiario.

546 4914 654 4969 que
697 4911 895 4950 rursus
941 4894 1050 4965 ipsi
1102 4894 1224 4948 sine
1268 4910 1461 4947 eorum
1509 4895 1716 4949 auxilio
1771 4896 2127 4967 complicent.
2223 4900 2431 4953 Eodem
2462 4894 2624 4948 modo
2654 4899 2712 4947 et
2739 4894 2809 4946 ad
2837 4909 3097 4963 vesperos
3140 4894 3480 4947 incensatur.
3518 4893 3629 4948 Sed
3680 4899 3812 4948 tunc

542 4985 757 5041 Deinde
786 4984 936 5038 intra
972 4988 1198 5036 cantum
1238 4983 1306 5036 de
1337 4984 1505 5038 choro
1544 4990 1749 5039 exeunt
1780 4985 1926 5038 sicut
1953 4990 2010 5039 et
2041 5002 2133 5040 sa-
2218 4993 2349 5042 ante
2404 4987 2680 5057 hymnum
2729 4981 3155 5035 administrator
3208 4982 3421 5037 incensi
3478 4982 3549 5036 ad
3602 5000 3813 5054 praepa-

541 5075 738 5131 cerdos
758 5089 1071 5142 manusque
1087 5072 1155 5125 ad
1171 5073 1502 5127 lavatorium
1520 5072 1926 5129 abluunt.Cum
1942 5085 2133 5129 autem
2218 5077 2424 5131 randas
2470 5088 2680 5146 prunas
2713 5070 2825 5124 exit
2879 5076 2935 5124 et
2976 5071 3024 5123 si
3070 5071 3388 5126 vestiendus
3417 5076 3504 5125 est
3548 5077 3613 5125 ut
3652 5080 3807 5127 ante-

540 5163 840 5220 undecima
870 5162 1079 5232 legitur
1105 5162 1290 5226 lectio,
1331 5162 1446 5216 sive
1477 5163 1535 5217 in
1588 5164 1779 5224 choro,
1818 5162 1932 5216 sive
1980 5169 2137 5216 extra

541 5256 776 5310 chorum
831 5252 970 5318 sint,
1035 5250 1245 5321 absque
1274 5268 1433 5306 mora
1462 5252 1519 5306 in
1568 5251 1894 5306 revestiaria
1947 5269 2142 5308 conve-

541 5344 727 5405 niunt,
757 5342 947 5412 ibique
967 5339 1108 5393 albis
1142 5357 1207 5394 ex
1237 5358 1393 5395 more
1414 5358 1473 5396 se
1503 5342 1768 5395 induunt.

613 5430 1038 5488 Observandum
1068 5429 1237 5484 etiam
1264 5435 1367 5497 est,
1415 5434 1480 5484 ut
1526 5430 1622 5501 qui
1667 5429 1823 5500 prior
1851 5429 1999 5483 inter
2042 5446 2137 5484 eos

542 5528 648 5582 est,
680 5519 1043 5591 provectioris
1081 5536 1303 5591 quoque
1333 5520 1409 5574 sit
1432 5519 1634 5584 aetatis,
1664 5518 1754 5572 cui
1782 5518 2138 5574 thuribulum

544 5616 602 5662 et
623 5625 842 5664 crucem
864 5608 1124 5680 portendi
1153 5609 1475 5680 injungitur
1506 5607 1778 5664 ofﬁcium.
1815 5607 1920 5662 Hic
1946 5607 2005 5663 in
2035 5608 2138 5663 do-

2228 5183 2396 5236 quam
2417 5162 2676 5218 sacerdos
2706 5178 2836 5215 eum
2884 5160 3279 5231 subsequatur,
3321 5161 3427 5215 hoc
3471 5160 3677 5227 faciat;
3711 5179 3808 5217 nec

2222 5257 2414 5307 tamen
2443 5267 2643 5305 manus
2664 5257 2801 5304 tunc
2829 5250 3034 5315 lavant,
3044 5250 3176 5320 quia
3197 5254 3254 5303 et
3268 5254 3399 5303 ante
3423 5266 3681 5320 vesperos
3703 5251 3802 5306 hoc

2221 5341 2517 5396 faciebant.

2291 5431 2375 5484 Ad
2406 5427 2818 5501 processionem
2842 5427 2899 5480 in
2928 5427 3017 5480 die
3045 5426 3807 5484 Dominicaceroferariorum

2221 5520 2364 5573 alter
2391 5535 2516 5573 cum
2549 5515 2765 5570 duabus
2793 5515 3042 5570 scutellis
3066 5517 3147 5570 sal
3170 5521 3557 5570 consecratum
3583 5523 3804 5588 portans

2222 5607 2488 5681 praecedit
2514 5606 2737 5671 fratres,
2770 5605 2913 5660 alter
2941 5622 3067 5660 cum
3108 5621 3257 5676 aqua
3283 5604 3605 5664 benedicta.
3648 5607 3699 5661 Is
3728 5607 3804 5662 in-
