3934 6366
92 329 241 389 1025
1150 333 1574 393 CONSTITUT.
1615 332 1955 390 HIRSAUG.
2000 363 2064 374 —
2104 332 2242 388 LIB.
2282 331 2330 386 1.
3223 294 3361 393 1026

92 457 259 507 trans
300 453 361 507 in
399 453 792 520 inﬁrmariam,
816 453 1068 524 singulos
1094 452 1302 509 ibidem
1330 455 1387 510 in
1417 458 1574 512 lectis
1601 456 1761 516 se—A
1777 454 1943 509 modo
1964 455 2081 510 haec
2101 454 2274 509 missa
2293 458 2513 525 agatur,
2534 454 2821 510 ministros
2840 456 3106 512 altarisin
3124 460 3366 515 vestien-

94 539 319 609 dentes,
361 542 575 613 (omnes
620 542 770 597 enim
808 548 944 596 tunc
988 542 1066 596 ibi
1110 543 1307 599 sedere
1351 545 1574 616 debent)
1605 563 1697 601 as-
1779 543 1850 599 do
1875 560 1955 610 se,
1984 543 2069 597 vel
2098 543 2349 598 exuendo
2378 560 2456 610 se,
2492 547 2765 614 quantum
2796 550 3050 615 possunt,
3080 546 3364 617 adjuvant.

93 631 305 700 pergit,
341 648 510 702 quem
544 637 732 686 tamen
772 632 1052 695 sacerdos,
1086 632 1245 687 ﬁnita
1277 635 1548 700 oratione,
1585 651 1698 689 non

94 725 405 791 exspectat.
437 721 503 775 In
533 721 657 775 aliis
704 726 893 775 autem
927 720 1187 776 omnibus
1228 722 1464 778 ofﬁcinis
1501 739 1696 795 asper-

94 807 319 862 sionem
346 810 497 863 ultra
522 810 690 864 ﬁnem
712 809 980 864 orationis
995 826 1348 882 nequaquam
1363 812 1695 882 protelatur.

97 897 199 950 Sal
250 903 482 967 portans
529 897 588 951 in
634 897 872 952 introitu
917 898 1197 953 refectorii
1238 916 1408 971 super
1445 916 1696 954 mensam

104 985 255 1039 ostio
297 986 607 1057 proximam
637 1003 763 1041 cum
794 987 1028 1041 scutella
1054 987 1231 1058 ponit,
1264 992 1330 1041 ut
1358 989 1430 1042 ad
1458 988 1697 1043 fratrum

94 1074 492 1128 necessitatem
529 1074 668 1128 inibi
696 1075 1013 1130 refectionis
1039 1077 1179 1129 hora
1208 1075 1544 1143 inveniatur,
1579 1077 1699 1147 ipse

96 1163 340 1216 alteram
372 1163 430 1217 in
460 1163 749 1218 ecclesiam
780 1164 1053 1219 deferens.
1094 1165 1362 1219 Inchoata
1391 1166 1561 1220 missa
1590 1166 1698 1220 rite

96 1252 441 1307 ordinantur
470 1252 528 1306 in
557 1254 833 1319 sacristia,
866 1260 931 1308 ut
956 1254 1088 1308 dum
1121 1255 1308 1309 Gloria
1329 1258 1490 1308 Patri
1516 1271 1699 1308 acan-

95 1345 225 1394 tore
251 1341 528 1408 initiatur,
559 1341 680 1396 sine
710 1359 866 1396 mora
891 1343 961 1396 ad
991 1343 1169 1396 altare
1199 1343 1547 1414 procedatur,
1572 1359 1701 1396 con-

94 1430 348 1484 fessione
376 1431 683 1485 terminata
720 1432 958 1485 servitor
984 1431 1275 1486 incensum
1310 1432 1549 1503 porrigit
1574 1432 1698 1487 dia-

94 1536 262 1586 cono,
296 1536 530 1574 manum
565 1521 685 1590 ejus
716 1520 1038 1575 osculando.
1076 1522 1143 1574 Et
1170 1526 1469 1591 postquam
1511 1520 1581 1574 ab
1609 1538 1693 1585 eo,

94 1609 407 1663 incensatis
457 1610 749 1675 altaribus,
796 1627 1019 1663 reverso
1064 1610 1201 1663 illud
1248 1609 1465 1680 recipit,
1518 1610 1699 1680 primo

94 1698 520 1769 ipsum,deinde
539 1699 824 1753 ministros
839 1698 1054 1763 altaris,
1075 1703 1131 1752 et
1152 1704 1345 1768 postea
1365 1705 1701 1752 conventum

2347 632 2583 687 CAPUT
2600 631 2798 686 XCIII.

2264 723 2334 776 De
2364 724 2646 776 ministris
2665 724 2886 776 altaris.

1850 811 1870 832 ⁶
1897 810 1977 865 De
2008 810 2096 864 his
2126 826 2264 881 quos
2286 810 2573 864 ministros
2588 809 2783 863 altaris
2806 811 3173 882 appellamus,
3198 831 3372 885 quan-

1780 905 1901 953 tum
1932 899 2227 953 videbatur
2254 899 2572 964 dicendum,
2603 899 2861 969 superius
2883 906 2967 954 est
2995 902 3368 971 praemissum.

1782 989 2031 1053 Quorum
2062 1004 2208 1042 unus
2241 994 2494 1059 tempore
2523 986 2732 1053 aestivo,
2775 988 2959 1043 calore
3005 991 3199 1061 augeri
3241 992 3375 1048 inci-

1780 1077 1990 1148 piente,
2024 1077 2092 1131 de
2118 1078 2222 1130 hoc
2253 1077 2456 1131 cotidie
2489 1077 2560 1130 ad
2590 1077 2860 1148 majorem
2908 1078 3157 1147 missam,
3201 1080 3373 1135 inter-

1781 1167 1914 1221 dum
1945 1184 2118 1237 prope
2148 1168 2405 1220 dextrum
2436 1183 2609 1222 cornu
2648 1166 2861 1233 altaris,
2907 1167 3193 1223 interdum
3241 1187 3370 1225 vero

1781 1261 1908 1327 post
1934 1261 2158 1325 tergum
2176 1256 2482 1309 sacerdotis
2512 1256 2711 1309 stando
2742 1256 3031 1322 ventilare,
3065 1273 3135 1311 ne
3163 1275 3371 1315 muscae

1780 1344 2085 1407 venientes,
2134 1345 2184 1398 ei
2234 1345 2349 1398 sint
2390 1344 2811 1414 impedimento,
2855 1345 3038 1399 debet.
3070 1344 3190 1418 (UD.
3222 1349 3372 1421 var.)

1782 1434 1998 1487 Horum
2028 1438 2214 1487 autem
2240 1432 2427 1499 statio,
2444 1433 2880 1503 sacerdotisque,
2896 1434 3134 1501 diaconi,
3150 1435 3374 1491 subdia-

1781 1522 1904 1577 coni
1920 1528 1976 1576 et
1994 1522 2333 1587 ceroferarii,
2365 1521 2420 1575 in
2453 1521 2683 1593 privatis
2713 1521 2907 1577 diebus
2936 1524 3258 1593 hujusmodi
3288 1531 3376 1581 est

1782 1612 1927 1665 sicut
1970 1610 2041 1664 ad
2090 1612 2286 1663 horam
2342 1616 2473 1665 ante
2516 1611 2767 1675 missam,
2815 1612 2904 1666 cui
2953 1612 3060 1683 ipsi
3093 1612 3376 1669 intersunt

1782 1699 1971 1753 albati.
2003 1699 2251 1769 Quisque
2280 1699 2337 1752 in
2364 1701 2533 1753 choro
2561 1717 2663 1755 suo
2682 1699 2870 1754 stabit.
2903 1701 3104 1755 Nullus
3133 1701 3239 1757 nisi
3257 1702 3377 1773 jus—

95 1803 163 1841 eo
196 1788 418 1854 ordine,
442 1804 552 1858 quo
573 1805 745 1859 supra
765 1787 835 1841 ad
865 1787 1208 1841 matutinum
1231 1787 1589 1841 meminimus
1617 1787 1702 1841 in-
1722 1772 1875 1844 Bsus
1907 1789 1976 1842 de
2002 1804 2115 1841 uno
2145 1789 2313 1841 choro
2333 1788 2540 1842 transit
2564 1789 2620 1842 in
2650 1789 2917 1845 alterum.

93 1882 329 1945 censat;
360 1878 465 1931 hoc
494 1881 717 1931 tantum
743 1877 977 1941 variato,
1003 1876 1151 1947 quod
1180 1876 1392 1947 pariter
1418 1881 1476 1929 et
1494 1875 1580 1929 his
1604 1875 1699 1946 qui

95 1971 258 2020 stant
284 1966 354 2019 ad
385 1965 596 2019 formas
625 1970 683 2018 et
715 1965 804 2018 his
835 1964 931 2035 qui
958 1969 1086 2035 post
1124 1964 1251 2018 illos
1287 1963 1359 2017 ad
1403 1964 1698 2035 parietem,

95 2055 398 2109 incensum
424 2052 681 2125 porrigit,
716 2058 773 2107 et
798 2053 945 2123 quod
973 2058 1099 2123 post
1128 2052 1479 2107 incensatum
1525 2053 1703 2106 mino-

97 2161 222 2199 rem
260 2144 515 2209 chorum,
565 2142 720 2213 prius
766 2142 887 2208 hos,
923 2142 1018 2212 qui
1061 2146 1214 2196 stant
1241 2142 1311 2196 ad
1343 2141 1701 2196 secretariam

101 2237 327 2300 servat;
357 2232 455 2285 sed
471 2236 606 2285 tunc
632 2231 703 2284 ad
722 2230 1123 2302 imponendum
1154 2231 1285 2284 thus
1311 2247 1558 2284 acerram
1574 2247 1702 2284 cum

100 2320 397 2376 thuribulo
445 2320 515 2387 ei,
558 2320 654 2391 qui
699 2320 932 2373 chorum
978 2318 1142 2389 regit,
1173 2325 1452 2390 apportat.
1486 2319 1542 2374 Si
1572 2334 1702 2372 vero

99 2411 350 2465 domnus
388 2409 549 2475 abba,
595 2409 682 2463 vel
720 2409 833 2463 alia
874 2409 1007 2463 talis
1053 2425 1293 2479 persona
1328 2409 1509 2473 adest,
1551 2408 1702 2461 idem

100 2506 305 2556 cantor
327 2515 600 2565 acerram,
634 2504 692 2552 et
717 2499 1032 2553 Conversus
1060 2496 1412 2551 thuribulum
1443 2496 1493 2550 ei
1519 2497 1699 2550 affert.

100 2591 165 2645 In
197 2589 432 2661 privatis
459 2586 657 2642 diebus
684 2586 860 2641 semel
887 2591 1131 2653 tantum,
1175 2586 1231 2639 id
1256 2590 1361 2651 est,
1389 2590 1517 2657 post
1546 2586 1706 2639 offer-

101 2679 315 2733 torium
348 2677 613 2748 praedicto
642 2675 808 2729 modo
837 2675 1108 2729 incensat.

172 2767 288 2822 Sed
326 2765 637 2819 notandum
667 2764 816 2834 quod
853 2764 911 2817 in
954 2763 1246 2817 duodecim
1275 2762 1605 2816 lectionibus
1634 2763 1705 2815 ad

101 2856 340 2911 missam
389 2854 659 2923 majorem
688 2853 777 2906 his
805 2852 1072 2906 fratribus
1100 2852 1391 2906 incensum
1422 2856 1507 2905 est
1531 2851 1707 2905 admi-

102 2943 363 3000 nistrand
372 2960 485 3008 um,
500 2943 645 2996 sicut
657 2941 825 2995 etiam
838 2958 965 2995 cum
994 2941 1186 2995 festive
1207 2940 1393 3011 agitur
1414 2941 1485 2994 ad
1507 2940 1705 2994 missas

102 3034 520 3088 defunctorum.
553 3032 719 3100 Kyrie
748 3030 1202 3101 elcisonincepto,
1234 3029 1553 3084 ceroferarii
1581 3045 1708 3083 can-

106 3121 345 3177 delabra
370 3088 785 3192 ponuntvinter
810 3118 922 3173 alia
952 3088 1171 3190 majora
1191 3088 1211 3173 ﬁ:
1245 3125 1301 3173 et
1327 3118 1457 3190 quia
1485 3118 1545 3171 in
1574 3117 1708 3171 Sab—
1727 3088 1771 3149 Ο

106 3210 243 3266 bato
263 3212 322 3268 S.
336 3211 697 3264 Pentecostes
733 3209 907 3263 missa
923 3225 957 3262 a
975 3209 1019 3262 If
1023 3211 1142 3277 yria
1158 3211 1358 3262 cleison
1387 3207 1700 3271 inchoatur,

103 3317 236 3355 mox
283 3304 349 3354 ut
393 3298 808 3369 ingrediuntur,
857 3314 925 3351 ea
968 3302 1205 3368 ponunt,
1254 3313 1357 3351 nec
1401 3301 1706 3367 antequam

104 3388 477 3459 Evangelium
506 3387 615 3457 legi
644 3386 830 3454 debet,
866 3402 933 3440 ea
951 3386 1155 3440 levant.
1189 3386 1310 3449 Quo
1339 3386 1584 3457 perlecto
1607 3384 1707 3439 ite-

106 3495 238 3534 rum
270 3494 338 3531 ea
359 3481 612 3548 ponunt;
637 3476 731 3529 sed
755 3475 912 3554 prius
951 3492 1019 3529 ea
1043 3492 1155 3529 non
1187 3475 1392 3541 levant,
1429 3490 1598 3545 quam
1621 3489 1708 3528 sa-

106 3568 308 3622 cerdos
338 3583 369 3620 a
402 3582 537 3638 pace
564 3565 815 3631 redierit,
835 3569 891 3618 et
916 3570 1052 3618 tunc
1081 3580 1148 3618 ea
1176 3580 1401 3617 sursum
1426 3567 1704 3626 tenentes,

106 3656 385 3712 thuribuli
416 3659 705 3726 portatore
729 3654 786 3707 in
816 3653 1001 3707 medio
1032 3668 1224 3707 eorum
1260 3668 1387 3706 cum
1417 3650 1707 3705 thuribulo

108 3747 433 3809 etincenso,
454 3744 604 3815 quod
624 3742 881 3814 imponit,
907 3742 1038 3813 quia
1056 3746 1263 3812 portat,
1297 3744 1500 3806 stante,
1533 3740 1710 3793 donec

108 3839 238 3906 post
266 3833 718 3888 communionem
764 3831 948 3902 prima
994 3831 1226 3884 collecta
1272 3845 1449 3899 usque
1487 3828 1558 3882 ad
1606 3830 1711 3882 Per

108 3926 416 3977 Dominum
442 3926 696 3975 nostrum
726 3920 886 3973 ﬁnita
908 3919 1001 3985 sit,
1018 3919 1146 3973 inde
1170 3934 1283 3972 non
1310 3915 1710 3971 recedit.Infra

109 4010 527 4066 hebdomadam
558 4025 682 4063 cum
712 4024 825 4061 non
857 4012 943 4062 est
966 4007 1171 4061 festum
1199 4005 1493 4060 duodecim
1525 4005 1712 4059 lectio-

112 4119 270 4167 num,
301 4101 539 4156 invicem
564 4100 879 4164 observant,
908 4104 973 4153 ut
1002 4098 1237 4169 quisque
1262 4096 1323 4150 in
1347 4096 1437 4150 die
1469 4096 1574 4150 sibi
1593 4102 1711 4150 ter-

112 4192 330 4246 minato
368 4189 770 4245 candelabrum
821 4193 878 4242 et
925 4186 1274 4241 thuribulum
1305 4191 1508 4256 portet.
1556 4186 1712 4239 Idem

114 4280 171 4334 in
207 4278 469 4351 sequenti
490 4277 841 4332 hebdomada
860 4277 931 4331 ad
952 4276 1197 4348 priorem
1220 4275 1467 4338 missam,
1498 4274 1545 4328 si
1565 4273 1715 4328 festi-

115 4385 177 4423 ve
198 4369 412 4439 agitur,
444 4366 821 4421 ministerium
847 4365 1110 4436 portandi
1135 4363 1383 4429 luminis,
1418 4367 1475 4416 et
1496 4361 1711 4417 incensi

2349 1875 2582 1931 CAPUT
2610 1877 2801 1931 XCIV.

1994 1968 2066 2020 De
2097 1966 2181 2019 his
2210 1969 2309 2032 qui
2336 1966 2613 2033 jubentur
2641 1967 2872 2019 chorum
2907 1972 3153 2025 mutare.

1854 2055 1879 2078 *
1919 2053 1978 2108 Si
2009 2053 2134 2123 quis
2162 2057 2352 2106 autem
2381 2052 2508 2106 alba
2550 2052 2779 2107 indutus
2817 2054 2921 2107 hoc
2949 2055 3114 2109 modo
3139 2054 3373 2112 chorum

1784 2147 2004 2196 mutare
2027 2141 2277 2211 jubetur,
2310 2157 2438 2195 mox
2462 2142 2538 2210 ;in
2584 2142 2838 2212 sequenti
2871 2142 3007 2197 hora
3036 2144 3373 2214 regreditur.

1786 2232 1882 2287 Sin
1912 2236 2120 2295 autem,
2154 2230 2364 2301 absque
2403 2231 2564 2299 jussu
2605 2246 2716 2284 non
2767 2231 2934 2288 redit.
2981 2231 3091 2285 nisi
3137 2233 3263 2303 quis
3305 2233 3376 2287 de

1783 2320 2089 2374 illitteratis
2118 2319 2209 2373 sit.
2239 2319 2513 2373 Sacerdos
2542 2336 2711 2390 supra
2732 2319 2981 2374 seniores
3010 2325 3124 2374 stat
3151 2321 3222 2375 ad
3250 2337 3378 2376 can-

1786 2410 1975 2476 cellos,
2008 2409 2094 2462 vel
2140 2408 2188 2461 si
2236 2407 2408 2461 abbas
2439 2408 2643 2479 aliquis
2682 2408 2741 2462 in
2780 2425 2845 2463 eo
2879 2409 3047 2464 choro
3093 2414 3196 2476 est,
3230 2410 3378 2465 infra

1787 2515 1933 2552 eum.
1964 2498 2244 2552 Diaconus
2269 2502 2325 2551 et
2344 2495 2734 2563 subdiaconus,
2757 2497 2803 2551 si
2823 2498 2946 2552 sine
2976 2503 3214 2570 uterque
3247 2504 3381 2555 sunt

1789 2586 2043 2641 custodia
2073 2586 2434 2657 provectioris
2454 2586 2653 2651 aetatis,
2679 2586 2921 2640 ministri
2941 2604 3164 2659 quoque
3182 2589 3380 2644 altaris

1787 2678 1834 2730 si
1866 2681 1999 2730 sunt
2027 2675 2280 2741 litterati,
2305 2679 2361 2729 et
2385 2681 2543 2729 extra
2564 2676 2873 2729 custodiam
2903 2676 2973 2729 ad
3005 2678 3307 2743 cancellos;
3332 2679 3381 2732 si

1787 2782 1917 2818 vero
1939 2764 2204 2819 custodiae
2225 2764 2550 2835 mancipati.
2573 2766 2658 2818 vel
2680 2765 3147 2820 adolescentiores
3166 2766 3297 2830 sint,
3321 2766 3380 2821 in

1786 2853 2111 2907 summitate
2139 2853 2299 2907 lineae
2337 2852 2585 2906 stabunt.
2619 2853 2795 2907 Iidem
2842 2853 3102 2921 ministri,
3153 2854 3201 2907 si
3247 2859 3382 2908 sunt

1787 2942 2057 3006 conversi,
2094 2941 2347 3010 quamvis
2384 2946 2517 2995 sunt
2557 2942 2802 3011 acolythi
2842 2942 2926 2995 vel
2967 2941 3294 2997 subdiaconi
3324 2947 3381 2997 et

1789 3031 2109 3086 ceroferarii
2134 3030 2191 3084 in
2217 3030 2541 3084 summitate
2579 3030 2808 3100 parietis
2832 3035 3026 3085 contra
3054 3031 3232 3086 altare
3266 3032 3382 3087 sint

1789 3119 1975 3173 locati.
2022 3118 2433 3172 Providendum
2466 3121 2552 3171 est
2588 3122 2776 3171 autem
2808 3134 2879 3172 ne
2906 3135 2971 3172 ex
3000 3118 3090 3173 his
3119 3120 3380 3176 omnibus

1790 3208 1978 3279 plures
2001 3207 2115 3262 sint
2140 3207 2198 3261 in
2228 3198 2481 3261 custodia
2506 3223 2676 3277 quam
2707 3206 2839 3261 duo.

2359 3295 2593 3349 CAPUT
2627 3294 2789 3349 XCV.

2287 3385 2359 3437 De
2415 3399 2610 3437 mensa?
2672 3386 2882 3441 lectore.

1859 3475 2065 3529 Mensae
2094 3473 2284 3538 lector,
2322 3472 2369 3526 si
2400 3488 2513 3526 non
2562 3476 2647 3526 est
2688 3472 2749 3527 in
2787 3473 3058 3541 custodia,
3094 3474 3151 3529 in
3181 3474 3384 3531 minori

1789 3563 1958 3617 choro
1982 3563 2130 3617 infra
2151 3567 2448 3632 utramque
2486 3561 2715 3615 missam
2745 3579 2814 3616 ex
2846 3566 2962 3617 toto
2991 3564 3234 3619 intendit
3274 3566 3382 3631 his,

1791 3670 1913 3724 quae
1953 3653 2202 3706 lecturus
2245 3657 2364 3705 est:
2400 3650 2487 3704 sin
2535 3657 2725 3705 autem
2763 3651 2820 3704 in
2868 3654 3068 3723 majori
3113 3654 3282 3708 choro
3313 3654 3385 3709 ad

1792 3742 1959 3795 ﬁnem
1981 3741 2175 3795 furtum
2195 3739 2595 3793 occidentalem
2613 3740 2820 3793 residet
2842 3759 2852 3793 :
2875 3742 3021 3811 quod
3037 3741 3082 3795 si
3106 3741 3159 3796 in
3186 3742 3384 3814 aliqui-

1792 3828 1896 3884 bus
1914 3829 2134 3883 dubitat
2161 3828 2231 3882 ab
2261 3828 2524 3892 armario,
2557 3828 2643 3881 vel
2685 3828 2754 3881 ab
2784 3828 2894 3882 alio
2926 3829 3176 3900 quolibet
3204 3831 3383 3901 perito

1791 3918 1961 3972 fratre
1993 3917 2620 3989 percuntariealicitum
2646 3917 2830 3971 habet.
2866 3917 3004 3972 Cum
3034 3918 3188 3989 prior
3212 3919 3386 3974 missa

1792 4007 1940 4078 apud
1963 4007 2255 4061 ecclesiam
2285 4007 2341 4060 S.
2374 4006 2564 4060 Mariae
2594 4005 2928 4074 celebratur,
2952 4007 2999 4060 si
3026 4007 3183 4062 estin
3203 4014 3385 4063 custo-

1793 4096 1904 4162 dia,
1926 4096 2161 4163 ibidem;
2184 4095 2269 4148 sin
2287 4099 2477 4148 autem
2506 4093 2565 4148 in
2594 4095 2919 4150 revestiario
2949 4096 3123 4153 sedet.
3151 4097 3385 4161 Quando

1794 4184 1996 4239 fratres
2026 4182 2399 4237 communiter
2421 4183 2560 4237 albis
2586 4184 2670 4237 vel
2700 4185 2889 4256 cappis
2917 4185 3248 4251 vestiuntur,
3267 4186 3387 4257 ipse

1797 4290 2017 4345 quoque
2038 4272 2107 4326 ad
2130 4271 2463 4325 ﬁrmandam
2485 4272 2779 4327 lectionem
2805 4273 2862 4327 in
2884 4274 3010 4329 alba
3031 4275 3188 4330 sedet
3205 4276 3350 4330 noni

1793 4379 1989 4434 cappa.
2032 4364 2140 4429 (uo)
2174 4360 2335 4424 Quod
2366 4360 2415 4414 si
2443 4360 2564 4431 ipso
2595 4361 2685 4414 die
2716 4364 3010 4433 sequentia
3049 4364 3288 4433 canitur,
3321 4381 3390 4421 ea

116 4457 328 4512 faciunt
355 4476 367 4525 ;
398 4456 444 4510 si
474 4463 663 4510 autem
695 4454 891 4509 festive
937 4470 1048 4508 non
1097 4453 1301 4523 agitur,
1327 4468 1473 4507 unus
1516 4444 1773 4505 eorumD
1793 4450 2318 4518 inchoata,chorum
2338 4449 2816 4521 intrat.ﬁnitoque
2839 4452 3140 4524 Evangelio
3162 4455 3392 4511 reverti-

114 4547 309 4601 lumen
348 4549 556 4617 portat.
589 4543 694 4609 Qui
730 4543 900 4597 etiam
947 4559 1008 4597 se
1055 4558 1167 4596 non
1205 4541 1394 4609 exuit;
1436 4540 1531 4593 sed
1565 4539 1713 4593 inter

116 4633 649 4691 communicandum
694 4637 891 4687 tenens
937 4629 1337 4685 candelabrum
1380 4646 1496 4683 non
1528 4628 1707 4701 prius,

116 4741 284 4796 quam
313 4729 442 4795 post
460 4720 924 4777 Communionem
953 4720 1136 4791 prima
1163 4719 1395 4773 collecta
1419 4718 1579 4772 ﬁnita
1598 4719 1715 4772 fue-

116 4815 191 4869 rit
222 4832 234 4867 :
268 4812 375 4867 nisi
406 4812 550 4866 forte
580 4811 651 4865 ad
681 4810 971 4865 ecclesiam
996 4811 1054 4864 S.
1085 4808 1295 4872 Mariae,
1321 4808 1406 4862 vel
1434 4809 1505 4862 ad
1534 4809 1714 4863 altare

119 4903 175 4959 S.
204 4899 602 4958 Crucis'missa
630 4905 900 4965 canatur;
927 4904 1064 4952 tunc
1091 4897 1242 4951 enim
1276 4896 1623 4951 sacerdotem
1655 4902 1715 4952 ct

117 4993 365 5063 reliquos
394 4989 686 5044 ministros
708 4988 1085 5060 praestolatur.
1105 4987 1229 5042 Sive
1251 4993 1441 5041 autem
1463 4986 1537 5040 sit
1565 5002 1713 5041 unus

118 5082 205 5136 vel
233 5087 369 5144 tres,
394 5078 790 5133 administrata
809 5076 1042 5131 diacono
1064 5092 1212 5147 aqua
1231 5076 1430 5130 offerre
1461 5091 1575 5129 non
1603 5080 1715 5129 tar-

120 5170 254 5225 dant
285 5188 298 5223 :
324 5168 528 5224 deinde
556 5184 685 5221 vero
714 5167 824 5221 duo
855 5183 922 5219 ex
950 5165 1061 5220 illis
1091 5165 1246 5219 albas
1267 5164 1716 5229 exuunt,iterum

121 5259 398 5315 reversuri
419 5258 490 5312 ad
507 5256 941 5311 ministrantium
959 5272 1166 5326 aquam
1191 5253 1495 5321 sacerdoti;
1516 5254 1718 5308 tertius

123 5366 248 5403 vero
277 5349 376 5420 qui
404 5347 539 5401 thus
566 5345 733 5400 debet
778 5345 1157 5410 circumferre,
1186 5343 1413 5398 interim
1443 5359 1503 5396 se
1532 5343 1722 5397 differt

125 5454 342 5493 exuere.
369 5433 720 5491 Candelabra
748 5438 941 5488 autem
971 5433 1207 5488 sacrista
1237 5430 1720 5486 Hebdomadarius

125 5527 282 5581 finita
307 5529 437 5599 post
464 5523 930 5579 Communionem
956 5522 1141 5594 prima
1157 5522 1391 5577 collecta
1404 5537 1532 5574 cum
1556 5519 1721 5573 lumi-

126 5613 288 5670 nibus
317 5612 542 5687 reponit
580 5612 642 5668 in
685 5613 872 5669 locum
914 5628 1096 5667 suum.
1131 5611 1499 5681 Quocumque
1528 5613 1719 5664 autem

1792 4547 1905 4595 tur.
1922 4538 2121 4593 Finitis
2144 4538 2373 4607 majoris
2385 4538 2569 4593 missae
2588 4539 2894 4609 solemniis;
2914 4543 2998 4596 vel
3020 4543 3068 4597 si
3083 4544 3390 4615 aliquando

1793 4630 1893 4683 illa
1919 4634 2077 4683 extra
2115 4628 2521 4681 monasterium
2566 4629 2807 4696 canitur,
2847 4631 2918 4684 ad
2970 4633 3140 4687 ﬁnem
3187 4634 3392 4704 prioris

1796 4719 1998 4783 missae,
2032 4716 2259 4770 veniens
2304 4716 2376 4770 ad
2418 4717 2655 4787 gradum
2708 4718 2839 4772 fecit
2879 4725 3010 4775 ante
3040 4727 3097 4776 et
3126 4730 3296 4785 retro,
3335 4729 3395 4778 et

1794 4812 1929 4861 tunc
1957 4822 2177 4860 versum
2208 4805 2357 4859 hunc
2386 4821 2512 4859 cum
2560 4813 2836 4862 conventu
2863 4810 3238 4879 respondente
3269 4828 3394 4882 pro-

1794 4895 2043 4951 nuntiat:
2065 4896 2311 4956 Do-nine,
2337 4895 2485 4948 labia
2510 4912 2627 4948 mea
2643 4899 2869 4963 apertos,
2893 4899 3393 4970 etc.,prosequitur

1796 4983 2054 5037 sacerdos
2080 4998 2144 5035 ea
2166 4979 2584 5035 benedictione:
2611 4981 2839 5037 Salvum
2854 4986 2949 5050 fac
2967 5000 3188 5039 servum
3204 4990 3387 5042 tuum.

1801 5073 1853 5126 Μ
1860 5074 1954 5124 itte
1964 5073 2017 5124 ei
2024 5114 2034 5132 ,
2055 5069 2297 5124 Domine.
2321 5070 2589 5122 Dominus
2608 5071 2843 5124 custodit
2864 5073 3128 5128 te.Domin
3138 5089 3200 5126 us
3221 5080 3394 5129 custo-

1800 5161 1917 5214 diat
1943 5161 2244 5213 introitum
2269 5163 2428 5212 tuum
2457 5162 2504 5210 ct
2526 5161 2932 5223 caritumluum,
2961 5166 3011 5213 et
3037 5164 3263 5230 auferat
3282 5179 3318 5217 a
3347 5168 3395 5219 te

1800 5251 2065 5317 spiritum
2110 5249 2381 5301 elationis.
2428 5246 2529 5299 Vel
2566 5245 2755 5300 istam.
2800 5249 3008 5310 Averte,
3059 5267 3390 5320 quasumus,

1801 5340 2051 5403 Domine,
2076 5338 2143 5390 ab
2170 5337 2266 5390 hoc
2276 5337 2491 5403 famqu
2505 5341 2595 5389 tuo
2610 5339 2877 5404 spiritum
2899 5341 3158 5393 elationis
3172 5346 3220 5394 ct
3242 5344 3394 5409 igno-

1801 5430 2020 5487 rantia,
2059 5430 2117 5479 ut
2146 5426 2440 5479 humiliter
2483 5427 2657 5492 legens
2702 5442 2924 5480 sensum
2963 5432 3013 5480 et
3052 5430 3394 5485 intellectum

1802 5514 1985 5583 capiat
2025 5516 2287 5568 lectionis.
2310 5515 2414 5567 Per
2439 5514 2760 5568 Dominum.
2792 5513 2979 5569 Finita
3005 5513 3395 5575 benedictione

1800 5606 1976 5661 lector
1996 5603 2233 5659 inclinat
2251 5607 2383 5658 ante
2412 5606 2470 5656 et
2497 5607 2667 5659 retro.
2683 5603 2780 5662 Sin
2792 5608 2981 5660 autem
3004 5606 3193 5679 aliquo
3222 5607 3394 5667 inter-
