3934 6384
961 252 988 285 δ

524 277 662 350 1027

1571 281 1628 336 s.
1672 278 2069 340 GUILLELMI
2107 277 2413 353 ABBATIS
2452 277 2791 336 mnsam}.

3671 275 3807 349 1028

523 408 781 464 veniente
807 423 944 460 casu
988 404 1120 458 huic
1165 404 1352 458 versui
1397 404 1658 470 defuerit,
1713 405 1859 460 alius
1904 421 2006 476 pro
2055 419 2120 456 eo
2137 404 2191 468 Α
2211 403 2264 458 Si
2294 403 2481 457 altiori
2507 403 2791 458 interdum
2808 418 2940 458 voce
2958 417 3125 474 quam
3145 401 3562 474 expedit,legit,
3584 405 3810 472 mutare

522 495 674 549 hunc
715 483 870 559 dicit,
923 497 980 546 et
1032 508 1132 564 pro
1166 489 1423 563 neglecta
1473 489 1856 550 benedictione
1905 493 2125 546 veniam

522 585 687 657 petit.

599 677 622 696 '
659 675 806 727 Ante
849 671 1168 742 generalem
1200 671 1559 725 refectionem
1591 671 1659 724 de
1703 687 1848 741 pane
1874 667 2130 740 praelibat

526 764 690 833 juxta
710 767 1049 833 praeceptum
1073 761 1130 814 S.
1156 760 1459 814 Benedicti.
1485 767 1626 832 (cap.
1661 757 1768 815 381.
1805 759 1971 812 Cavet
1995 772 2132 828 prae-

532 858 689 905 terea
719 868 790 904 ne
815 855 946 903 ante
977 851 1144 902 ﬁnem
1187 848 1369 901 missae
1410 847 1493 902 vel
1541 847 1813 902 orationis
1844 845 2129 900 interdum

533 940 764 996 missam
793 938 1079 1010 sequentis
1109 935 1204 990 illo
1237 953 1470 1008 pergere
1515 941 1836 1008 praesumat,
1867 952 1992 988 cum
2029 950 2131 986 nec

528 1027 659 1082 inde
681 1028 941 1082 recedere
988 1026 1152 1081 debet
1199 1027 1320 1080 sine
1355 1026 1606 1095 coquinae
1651 1023 2127 1078 hebdomadariis.

531 1117 775 1172 Prandio
821 1116 1101 1178 inchoato,
1131 1115 1179 1168 si
1222 1115 1292 1168 ad
1323 1115 1566 1169 ofﬁcium
1602 1112 1851 1167 defuncti
1879 1112 2133 1166 tabulam

535 1205 776 1260 audierit
833 1205 1068 1278 percuti,
1121 1221 1356 1275 surgens
1407 1203 1675 1257 continuo
1725 1203 1795 1255 ad
1842 1200 2130 1255 ecclesiam

528 1295 702 1355 vadit,
733 1293 831 1348 sed
862 1293 1036 1348 ﬁnitis
1063 1293 1241 1346 tribus
1274 1292 1606 1346 lectionibus
1634 1291 1797 1354 redit,
1825 1289 2134 1359 eodemque

531 1383 699 1438 modo
727 1381 933 1436 caeteri.
967 1381 1024 1436 Si
1057 1397 1184 1434 vero
1211 1399 1311 1451 pro
1351 1380 1573 1434 obituro
1603 1379 1775 1432 fratre
1802 1379 2131 1450 percutitur,

529 1463 928 1526 concurrentes
956 1474 1013 1524 et
1059 1469 1164 1541 ipsi
1213 1486 1569 1540 nequaquam
1613 1467 2030 1539 regrediuutur.
2066 1469 2130 1521 In

529 1559 892 1615 refectorium
918 1559 1148 1612 veniens
1178 1564 1235 1610 et
1259 1562 1414 1610 stans
1446 1556 1502 1612 in
1531 1557 1652 1610 loco
1692 1573 1815 1618 suo,
1858 1573 1971 1609 non
2001 1555 2134 1610 facit

530 1654 663 1704 ante
693 1651 750 1702 et
773 1655 925 1702 retro
955 1647 1192 1718 aliisque
1222 1647 1518 1700 adversum
1549 1645 1970 1710 inclinantibus,
2014 1644 2133 1716 ipse

2209 509 2334 546 eam
2365 497 2748 562 competenter
2777 491 2939 555 valet,
2968 490 3013 544 si
3044 489 3150 544 sibi
3183 490 3382 560 placet.
3416 491 3481 546 In
3511 506 3675 545 caaua
3704 491 3809 546 Do-

2211 581 2350 634 mini
2383 586 2437 635 et
2468 582 2528 635 in
2558 581 2862 634 Parasceve
2882 579 3287 634 ﬁuitalectione
3302 579 3541 633 solerter
3568 578 3814 634 intendit

2210 670 2479 723 domuum
2496 669 2780 733 abbatem,
2795 674 2853 721 et
2866 667 2980 721 viso
3006 669 3128 738 ejus
3149 668 3331 737 signo,
3353 668 3539 740 legere
3566 667 3808 722 desistit.

2213 759 2281 814 Et
2309 757 2353 812 si
2381 757 2439 812 in
2471 759 2579 812 ﬁne
2607 774 2800 812 versus
2830 757 3066 824 alicujus
3107 755 3212 810 sibi
3249 756 3524 822 innuitur,
3557 755 3815 826 ejusdem

2214 864 2406 901 versus
2427 847 2619 918 aliqua
2630 845 2797 900 verba
2817 845 3042 916 repetit,
3068 851 3132 898 ut
3143 861 3208 898 eo
3225 861 3344 898 com
3354 845 3814 914 petentiuslectio

2215 936 2470 993 ﬁniatur.
2509 934 2775 989 Lectione
2808 933 2989 1000 ﬁnita,
3029 933 3258 988 veniens
3294 934 3366 988 ad
3407 934 3654 1005 gradum
3685 933 3817 988 facit

2213 1030 2343 1078 ante
2371 1029 2427 1080 et
2451 1029 2622 1088 retro,
2656 1029 2712 1078 et
2741 1023 2788 1078 si
2814 1039 2925 1076 nou
2974 1029 3062 1076 est
3105 1023 3160 1080 in
3200 1021 3472 1088 custodia,
3506 1023 3726 1078 secedit
3760 1024 3817 1080 in

2214 1112 2606 1166 dormitorium
2633 1112 2721 1166 vel
2749 1111 2808 1165 in
2837 1111 3154 1181 regularem
3184 1111 3510 1184 coquinam;
3551 1112 3602 1168 si
3623 1119 3816 1168 autem

2216 1201 2378 1256 estin
2407 1201 2680 1265 custodia,
2714 1200 2785 1254 ad
2807 1200 3088 1268 justitiam
3121 1217 3280 1254 suam
3303 1200 3470 1268 vadit,
3492 1200 3677 1255 etillic
3696 1217 3820 1255 erc-

2216 1295 2337 1343 ctus
2361 1295 2645 1362 exspectat
2672 1305 2965 1362 quousque
3003 1306 3196 1342 versus
3225 1289 3473 1344 ﬁniatur.
3503 1291 3628 1354 Quo
3661 1289 3818 1346 ﬁnito

2217 1385 2347 1431 ante
2377 1383 2434 1432 et
2463 1384 2612 1432 retro
2639 1394 2752 1431 non
2781 1378 3011 1442 faciens,
3048 1378 3266 1432 custodi
3297 1395 3398 1433 suo
3427 1395 3486 1432 se
3507 1379 3724 1450 jungit,
3763 1381 3819 1433 et

2216 1472 2351 1520 tunc
2381 1467 2640 1521 similiter
2669 1467 2813 1520 sicut
2848 1466 2908 1519 in
2939 1465 3231 1520 refectorio
3261 1472 3393 1521 ante
3435 1472 3493 1520 et
3520 1473 3678 1520 retro
3706 1483 3820 1522 non

2216 1545 2444 1620 faciens,
2470 1557 2645 1610 ascito
2677 1555 2906 1609 custode
2941 1556 3214 1610 refectum
3251 1556 3424 1622 vadit,
3452 1562 3511 1610 et
3537 1562 3677 1611 tunc
3702 1556 3820 1628 pri-

2215 1663 2368 1700 mum
2401 1645 2469 1699 ad
2495 1645 2678 1700 locum
2701 1661 2866 1698 suum
2895 1650 3026 1698 ante
3053 1649 3111 1698 et
3135 1650 3285 1698 retro
3304 1644 3453 1699 facit.
3473 1643 3560 1698 Ibi
3591 1661 3819 1716 quoque

531 1741 646 1792 stat
671 1742 908 1799 erectus,
927 1746 983 1788 et
996 1736 1042 1789 si
1058 1736 1127 1789 ad
1146 1735 1592 1789 benedictionem
1612 1735 1692 1788 sic
1709 1734 1897 1787 venire
1926 1739 2129 1804 potest,
2147 1759 2195 1820 Β
2218 1751 2250 1788 a
2295 1734 2524 1788 custode
2572 1750 2674 1788 suo
2717 1733 3144 1788 commendatur
3187 1733 3425 1788 fratrum
3478 1734 3671 1800 alicui,
3727 1733 3822 1804 qui

531 1831 598 1881 ut
622 1831 773 1880 veste
797 1841 902 1878 sua
927 1825 1169 1878 fratrum
1197 1823 1383 1895 capita
1411 1840 1522 1878 non
1552 1829 1768 1892 tangat,
1804 1823 1989 1876 locum
2021 1839 2134 1875 non

533 1920 720 1969 mutat
746 1933 758 1981 ;
786 1914 872 1968 sin
905 1921 1116 1981 autem,
1149 1929 1275 1966 cum
1307 1913 1604 1966 inchoatur
1643 1928 1854 1975 versus,
1887 1911 1987 1965 tali
2017 1911 2136 1964 loco

537 2021 598 2058 se
626 2002 888 2076 applicat,
919 2002 1066 2056 unde
1096 2001 1164 2054 ad
1190 2001 1427 2072 gradum
1461 1997 1669 2071 absque
1697 2000 1935 2054 fratrum
1965 1999 2138 2070 impe-

538 2091 792 2148 dimento
815 2089 1006 2143 venire
1036 2089 1237 2142 valeat.
1271 2092 1401 2156 (111).)
1431 2088 1500 2141 Et
1520 2088 1652 2159 quia
1673 2088 1862 2142 nullus
1899 2088 2140 2142 fratrum

536 2180 843 2254 quidquam
875 2177 1144 2250 gustabit,
1171 2177 1496 2248 priusquam
1520 2177 1686 2230 lectio
1707 2177 1927 2248 incepta
1950 2177 2137 2243 fuerit,

535 2287 662 2324 cum
694 2268 939 2339 primum
963 2268 1204 2320 domnus
1234 2265 1396 2331 abba,
1416 2266 1500 2319 vel
1526 2266 1680 2336 prior
1709 2265 2045 2330 consederit,
2062 2265 2138 2319 le-

541 2361 664 2413 ctor
693 2356 1140 2411 benedictionem
1189 2355 1350 2431 petit.
1376 2355 1472 2408 sed
1501 2355 1558 2408 in
1589 2356 1759 2408 C(ena
1792 2361 1848 2409 et
1875 2355 1934 2408 in
1961 2355 2136 2408 Para-

539 2463 698 2502 sceve
720 2445 823 2500 sub
847 2445 1071 2500 silentio
1091 2449 1147 2498 et
1167 2444 1443 2498 accelerat
1466 2444 1760 2499 lectionem
1793 2441 2040 2498 adordiri
2057 2487 2070 2502 .
2111 2445 2135 2468 *

537 2536 648 2592 Sed
678 2535 725 2589 si
753 2531 896 2588 liber
937 2533 1236 2605 aliquando
1281 2550 1346 2586 ex
1393 2533 1738 2602 negligentia
1777 2537 1979 2604 praesto
2024 2549 2136 2586 non

535 2621 724 2690 fuerit,
739 2625 858 2696 ipse
888 2623 934 2677 si
960 2623 1092 2694 quid
1116 2629 1250 2676 tunc
1269 2623 1455 2692 legere
1481 2621 1809 2674 memoriter
1827 2637 2138 2691 congruum

537 2714 764 2786 poterit,
799 2713 954 2783 legit.
997 2713 1097 2766 llle
1144 2728 1292 2774 vero,
1343 2727 1407 2763 ex
1455 2710 1614 2780 cujus
1661 2709 2005 2779 negligentia
2035 2711 2138 2764 hoc

536 2803 724 2858 evenit
751 2803 810 2856 in
841 2802 1084 2856 crastino
1116 2799 1366 2871 capitulo
1409 2815 1509 2870 pro
1555 2798 1661 2852 hoc
1706 2798 1922 2852 veniam
1969 2799 2129 2869 petit.

537 2888 596 2946 Si
623 2891 916 2946 homiliam
945 2890 1196 2943 lecturus
1221 2892 1324 2952 est,
1358 2904 1480 2956 quae
1513 2883 1849 2956 praecedenti
1874 2892 2036 2941 nocte
2064 2887 2132 2940 ad

535 2980 878 3035 matutinum
891 2979 1037 3032 lecta
1057 2983 1161 3041 est,
1185 2976 1354 3030 verba
1373 2982 1592 3029 tantum
1618 2977 1984 3046 Evangelistae
1998 2993 2136 3046 prm-

538 3033 734 3134 mittit,
760 3033 816 3124 vi.
841 3085 896 3138 g.
919 3068 1054 3122 Cum
1073 3033 1364 3118 audieritis
1382 3067 1576 3132 ρνιτιία
1597 3081 1707 3118 non
1728 3033 2062 3136 adjungeus,
2086 3070 2134 3118 et
2150 3033 2194 3094 Ο

537 3161 779 3226 reliqua,
805 3173 908 3210 nec
924 3153 1256 3225 expositoris
1277 3154 1522 3224 aliquam
1541 3153 1883 3208 mentionem
1902 3153 2130 3208 faciens.

539 3247 599 3302 Si
631 3251 821 3300 autem
852 3245 968 3305 illa,
1012 3259 1134 3313 quae
1171 3243 1239 3296 ad
1286 3242 1623 3297 matutinum
1671 3260 1784 3296 non
1830 3245 2130 3314 precessit,

536 3341 674 3390 tunc
705 3332 876 3386 verba
916 3329 1207 3402 Evangelii
1239 3331 1374 3384 item
1404 3331 1717 3402 praemittit,
1752 3337 1810 3385 et
1837 3331 2134 3402 subjuncto

539 3422 872 3496 expositoris
899 3438 1126 3476 nomine
1155 3421 1444 3474 homiliam
1475 3421 1690 3492 incipit.
1723 3414 2136 3485 Quotienscun-

541 3530 651 3584 que
675 3528 805 3565 vero
833 3509 1124 3583 epistolam
1156 3510 1239 3562 vel
1269 3511 1608 3580 passionem,
1643 3510 1726 3563 vel
1765 3509 1934 3563 vitam
1961 3510 2136 3564 alicu-

533 3602 630 3672 jus
659 3599 836 3654 sancti
860 3599 967 3670 legi
997 3599 1264 3663 evenerit,
1298 3597 1670 3669 praecedentia
1700 3615 1892 3652 eorum
1917 3603 1974 3651 et
2001 3597 2138 3651 sub-

543 3688 836 3761 sequentia
888 3703 1176 3758 nunquam
1235 3685 1338 3740 sub
1389 3687 1612 3740 silentio
1658 3687 1928 3758 praeterit.
1977 3685 2138 3750 Quod

541 3779 709 3833 etiam
745 3779 800 3831 in
835 3776 1075 3832 exordiis
1105 3782 1160 3830 et
1187 3777 1298 3830 ﬁne
1326 3775 1754 3846 Prophetarum,
1787 3783 2138 3830 caeterorum-

536 3885 644 3940 que
697 3867 969 3921 librorum
1020 3865 1335 3920 faciendum
1385 3881 1506 3918 esse
1561 3872 1775 3918 certum
1823 3869 2044 3931 teneat;
2077 3865 2133 3930 in

535 3953 887 4012 sermonibus
916 3959 1106 4008 autem
1137 3951 1512 4026 praecedentia
1550 3970 1742 4007 eorum
1788 3959 2038 4010 tantum.
2078 3953 2136 4010 Si

532 4045 704 4100 vitam
733 4044 820 4098 vel
849 4043 1166 4114 passionem
1198 4041 1435 4112 alicujus
1456 4042 1632 4095 sancti
1664 4042 1958 4113 inceperit,
1991 4047 2045 4095 et
2086 4043 2133 4097 si

533 4137 665 4188 ante
693 4134 814 4204 ejus
844 4134 1014 4185 ﬁnem
1045 4130 1338 4184 Dominica
1367 4131 1451 4184 vel
1479 4131 1628 4185 aliud
1644 4131 1848 4184 festum
1878 4147 2138 4204 occurre-

533 4224 630 4288 rit,
663 4239 787 4294 qua:
817 4223 951 4276 sunt
979 4219 1374 4291 competentia,
1426 4219 1580 4290 legit.
1631 4217 1844 4284 Quibus
1871 4219 2130 4292 peractis,

539 4311 688 4385 quod
719 4310 788 4364 de
817 4310 932 4362 vita
963 4309 1048 4362 vel
1070 4309 1327 4380 passione
1349 4305 1636 4362 residuum
1659 4308 1864 4370 fuerat,
1897 4314 2132 4378 repetet.

2221 1830 2411 1878 tamen
2445 1829 2642 1893 postea
2669 1839 2795 1876 cum
2824 1822 3040 1894 psalmo
3087 1839 3200 1877 non
3235 1823 3399 1894 juxta
3428 1838 3558 1876 cum
3589 1823 3824 1892 incedit,

2219 1912 2315 1983 qui
2342 1913 2410 1966 ad
2432 1912 2642 1966 scillam
2677 1911 2925 1965 sedebat.
2949 1912 3006 1966 Si
3026 1928 3252 1966 necesse
3279 1911 3592 1967 habetante
3605 1928 3827 1968 ccenam

2219 2018 2344 2056 cum
2377 2001 2604 2055 licentia
2623 1999 2781 2063 bibit,
2809 2001 3032 2072 quando
3052 2006 3357 2055 conventus
3375 2001 3630 2055 nondum
3651 2001 3828 2055 intra-

2226 2089 2323 2144 vit.
2356 2091 2420 2144 In
2448 2089 2818 2152 hebdomada,
2837 2091 2884 2144 si
2913 2089 3132 2144 duobus
3151 2090 3346 2144 diebus
3367 2107 3465 2160 pro
3487 2091 3825 2145 necessitate

2223 2178 2413 2248 aliqua
2439 2178 2613 2232 alium
2645 2179 2900 2241 fratrem.
2919 2183 2984 2232 ut
3003 2196 3103 2250 pro
3121 2196 3180 2233 se
3202 2180 3375 2251 legat,
3387 2180 3692 2250 rogaverit,
3713 2197 3825 2236 non

2225 2269 2657 2338 reprehenditur
2689 2289 2700 2321 :
2739 2268 2886 2338 quod
2926 2269 2973 2322 si
3020 2267 3328 2339 amplius...
3371 2279 3479 2336 (ιιι).
3529 2269 3688 2339 ταν.)
3721 2270 3825 2324 nisi

2219 2373 2323 2428 pro
2341 2357 2690 2424 inﬁrmitate,
2719 2362 2776 2411 et
2796 2356 2865 2411 ob
2886 2356 2991 2411 hoc
3009 2363 3204 2430 petens
3224 2357 3462 2426 veniam,
3489 2357 3549 2414 in
3577 2359 3824 2431 capitulo

2219 2446 2637 2514 monstraverit.

2789 2535 3022 2590 CAPUT
3051 2535 3248 2592 XCVI.

2646 2625 2720 2676 De
2750 2626 2941 2677 lectore
2973 2627 3391 2678 ministrorum.

2295 2714 2408 2773 (tu.
2443 2709 2594 2779 ναν.)
2621 2709 2852 2766 Librum
2887 2710 2944 2763 in
2986 2727 3096 2780 quo
3128 2711 3429 2781 legendum
3461 2717 3566 2778 est,
3597 2713 3658 2767 iu
3685 2713 3825 2767 refe-

2221 2801 2460 2854 ctorium
2493 2805 2686 2872 portat
2713 2806 2770 2853 et
2794 2804 3046 2870 reportat
3072 2799 3120 2853 is
3146 2799 3238 2870 qui
3260 2801 3393 2870 legit
3411 2801 3480 2855 ad
3495 2802 3821 2870 servitores,

2219 2889 2522 2960 adjuvante
2545 2901 2670 2943 eum
2705 2888 2845 2958 ipso,
2883 2889 2930 2942 si
2968 2905 3107 2960 opus
3157 2893 3262 2955 est,
3306 2906 3512 2944 mensa:
3558 2891 3769 2946 lectore
3803 2911 3818 2946 :

2219 2979 2314 3048 qui
2344 2983 2400 3031 et
2424 2994 2549 3032 mox
2573 2994 2699 3032 cum
2723 2994 2850 3032 eum
2881 2977 3224 3050 deposuerit,
3243 2979 3390 3048 quod
3412 2979 3715 3050 legendum
3736 2985 3825 3035 est

2217 3066 2450 3122 invenit.
2481 3071 2504 3092 *
2536 3067 2680 3122 Huic
2707 3066 2876 3120 etiam
2917 3083 2984 3121 ea
3013 3083 3136 3136 quae
3178 3067 3424 3121 lecturus
3453 3074 3556 3136 est,
3591 3069 3824 3124 ﬁrmare

2215 3156 2366 3220 licet,
2401 3154 2848 3228 quandocunque
2903 3157 3149 3229 exceptis
3194 3159 3494 3213 missarum
3525 3159 3728 3229 spatiis
3756 3161 3824 3215 li~

2222 3243 2382 3301 brum
2411 3254 2467 3300 et
2489 3247 2669 3302 otium
2697 3245 2887 3301 habet.
2905 3247 2990 3300 Ad
3023 3247 3323 3316 legendum
3348 3265 3494 3314 vero,
3515 3247 3646 3303 inde
3668 3250 3825 3305 exire

2218 3351 2328 3390 non
2356 3335 2620 3400 tardabit,
2654 3351 2781 3388 mox
2813 3339 2878 3388 ut
2905 3339 3032 3406 post
3079 3332 3438 3390 refectionem
3480 3343 3826 3393 conventum

2219 3441 2283 3479 ex
2313 3430 2434 3478 toto
2464 3424 2698 3478 chorum
2727 3439 2853 3477 cum
2883 3423 3100 3492 psalmo
3131 3423 3374 3478 intrasse
3389 3426 3740 3493 cognoverit,
3765 3433 3827 3482 et

2218 3515 2266 3568 si
2297 3520 2381 3569 est
2405 3513 2462 3568 in
2491 3513 2750 3568 custodia
2779 3512 2973 3566 eodem
3006 3511 3223 3578 ordine,
3249 3529 3358 3582 quo
3384 3513 3826 3582 prazdictum,de

2221 3602 2452 3658 ecclesia
2480 3603 2626 3670 exit;
2669 3601 2747 3654 sic
2775 3618 2997 3672 quoque
3031 3607 3088 3655 et
3117 3601 3209 3655 ille
3239 3601 3406 3656 alicui
3437 3602 3494 3656 in
3524 3603 3826 3659 refectorio

2219 3689 2608 3746 committatur
2635 3705 2646 3738 :
2677 3696 2738 3744 at
2783 3690 2829 3744 si
2869 3690 2925 3744 in
2965 3689 3220 3744 custodia
3258 3707 3370 3744 non
3416 3697 3502 3744 est
3546 3691 3616 3748 de
3649 3694 3824 3748 choro

2219 3780 2428 3843 exiens,
2448 3779 2612 3834 faciet
2631 3785 2762 3833 ante
2786 3785 2843 3832 et
2872 3785 3044 3844 retro,
3069 3785 3126 3832 et
3146 3779 3302 3833 ﬁnita
3325 3781 3629 3837 refectione
3649 3783 3823 3840 mini-

2218 3876 2464 3924 strorum
2493 3869 2752 3941 factaque
2783 3875 3052 3923 consueta
3086 3868 3449 3924 inclinatione
3477 3871 3548 3925 ad
3575 3873 3824 3942 gradum

2218 3964 2405 4030 potest
2427 3957 2485 4012 in
2508 3957 2704 4012 eodem
2727 3957 2846 4010 loco
2864 3956 3148 4010 licentiam
3169 3955 3393 4012 bibendi
3414 3959 3701 4030 accipere;
3721 3961 3823 4016 sed

2217 4047 2422 4102 iterum
2450 4045 2654 4100 ibidem
2686 4045 3014 4116 priusquam
3042 4045 3200 4099 bibat
3222 4052 3353 4100 ante
3384 4052 3440 4101 et
3468 4057 3621 4103 retro
3650 4049 3825 4105 debet

2218 4137 2415 4190 facere.
2450 4135 2498 4189 si
2528 4151 2677 4188 nona
2733 4135 3008 4206 sequitur,
3060 4133 3192 4206 quia
3242 4140 3377 4189 tunc
3426 4153 3555 4190 cum
3601 4137 3822 4194 eisdem

2217 4224 2490 4278 ministris
2517 4239 2642 4278 eam
2668 4228 2754 4276 est
2773 4227 3119 4286 cantaturus,
3144 4223 3214 4276 ad
3237 4223 3528 4278 ecclesiam
3563 4228 3819 4298 regredi-

2219 4319 2330 4367 tur.
2366 4313 2822 4382 Quandocunque
2853 4317 3038 4365 autem
3072 4311 3124 4364 id
3156 4327 3322 4382 agere
3352 4329 3463 4366 non
3493 4313 3684 4380 habet,
3717 4333 3821 4372 ne-

543 4397 705 4465 Quod
737 4398 784 4452 si
813 4401 1034 4469 tempus
1073 4393 1322 4468 legenda:
1350 4397 1586 4468 alicujus
1612 4395 1864 4450 historia;
1891 4399 1978 4451 vel
2006 4415 2136 4468 pro-
2153 4390 2202 4448 D
2221 4417 2502 4472 quaquam
2540 4399 2665 4454 illos
2679 4405 3000 4469 exspectare
3017 4397 3322 4454 solet.Sive
3342 4405 3531 4454 autem
3548 4400 3606 4454 in
3627 4409 3822 4458 custo-

533 4486 759 4559 phetiaa,
795 4504 916 4558 quae
953 4486 1316 4557 subsequenti
1343 4490 1599 4557 tempore
1632 4502 1878 4556 congrue
1903 4483 2016 4556 legi
2049 4504 2136 4541 va-

533 4577 667 4643 leat,
700 4575 926 4630 interim
975 4575 1378 4648 supervenerit,
1421 4579 1655 4647 propter
1676 4574 1822 4629 hanc
1848 4575 2133 4648 inceptum

535 4682 648 4720 non
677 4665 902 4719 omittit.

605 4755 886 4810 Inchoaus
915 4755 1236 4818 lectionem,
1273 4753 1320 4807 si
1350 4751 1628 4806 submissa
1653 4769 1783 4807 voce
1812 4751 2029 4826 legerit,
2061 4754 2132 4810 ab

535 4844 780 4900 armario
811 4843 1144 4898 adveniente
1173 4841 1395 4912 signum
1418 4841 1586 4896 altius
1607 4841 1827 4912 legendi
1849 4843 2068 4915 accipit;
2083 4844 2131 4898 si

535 4940 816 5006 corrupte,
855 4933 1012 5005 prior
1041 4933 1112 4997 ei,
1142 4937 1208 4986 ut
1235 4931 1501 5002 corrigat.
1532 4931 1616 4984 vel
1643 4931 1800 5002 signo
1825 4933 2132 5003 aliquo,vel

533 5024 718 5097 ipsum
786 5021 1018 5077 verbum
1082 5017 1434 5074 emendando
1491 5020 1805 5076 inuotescit.
1859 5021 2132 5076 Observat

535 5129 758 5187 quoque
785 5109 934 5168 idem
966 5109 1142 5164 lector
1165 5114 1248 5170 ut,
1284 5109 1507 5180 quando
1536 5109 1694 5164 scilla
1723 5115 1810 5164 est
1834 5109 2128 5180 pulsanda,

534 5201 1003 5276 impedimentum
1018 5199 1394 5272 protrahendo
1407 5199 1700 5254 lectionem
1715 5199 2004 5270 pulsaturo
2017 5215 2130 5253 non

533 5292 739 5360 faciat;
771 5291 869 5345 sed
901 5296 1198 5362 postquam
1224 5288 1382 5342 illum
1416 5305 1621 5343 mensae
1651 5305 1780 5342 cum
1807 5287 2015 5342 ferculo
2035 5305 2129 5361 ap-

533 5381 1004 5454 propinquantem
1054 5377 1271 5444 viderit,
1301 5382 1401 5432 aut
1429 5378 1684 5442 tacendo,
1717 5377 1764 5430 si
1794 5381 1922 5448 apte
1963 5378 2124 5446 valet,

536 5471 623 5526 vel
648 5469 886 5526 celerius
921 5468 1084 5525 solito
1109 5465 1280 5538 legat.
1313 5466 1612 5540 Respirare
1655 5466 1827 5521 etiam
1860 5466 2126 5538 frequen-

536 5558 669 5628 tius,
701 5557 750 5613 si
779 5575 1007 5614 necesse
1033 5555 1224 5626 habet,
1261 5561 1489 5632 potest;
1518 5555 1880 5628 mediocriter
1910 5561 2124 5614 tamen.

2217 4490 2312 4546 dia
2330 4490 2422 4554 sit,
2439 4489 2553 4543 sive
2575 4505 2706 4556 non,
2729 4489 2800 4542 de
2826 4487 3087 4557 analogio
3109 4488 3374 4542 recedens
3395 4488 3603 4544 librum
3626 4508 3820 4546 secum

2214 4584 2598 4651 portat,quem
2628 4583 2686 4631 et
2740 4593 2908 4648 super
2963 4591 3214 4631 mensam
3255 4571 3329 4634 ad
3379 4577 3588 4632 lineam
3636 4581 3816 4654 ponit,

2215 4669 2391 4723 donec
2417 4674 2549 4722 ante
2578 4673 2636 4722 et
2662 4673 2813 4722 retro
2844 4665 3036 4722 faciat.

2759 4755 2993 4810 CAPUT
3029 4751 3252 4808 XCVII.

2577 4849 2648 4901 Dc
2701 4845 3141 4900 hebdomadariz‘s
3186 4846 3446 4912 coquina'.

2287 4935 2306 4954 ⁶
2325 4931 2760 4988 Hebdomadarii
2785 4931 3035 5002 coquinae
3064 4932 3247 4984 solent
3273 4947 3394 4986 esse
3424 4931 3622 5004 quanti
3653 4938 3815 4994 sufﬁ-

2212 5019 2370 5074 ciunt
2400 5039 2410 5074 :
2447 5037 2690 5093 quorum
2722 5019 2818 5092 qui
2851 5019 3007 5091 prior
3047 5023 3134 5072 est
3173 5017 3289 5074 sive
3335 5018 3812 5088 obedientiarius,

2213 5109 2328 5164 sive
2357 5111 2522 5172 alius,
2557 5109 2786 5164 omnino
2825 5125 2938 5162 non
2980 5107 3308 5180 prohibetur
3345 5107 3591 5164 breviter
3624 5113 3814 5169 verbis

2211 5205 2342 5253 ante
2371 5200 2660 5254 cellarium
2689 5198 2796 5270 ipsi
2817 5196 3106 5252 cellerario
3126 5196 3394 5263 indicare,
3422 5197 3469 5252 si
3487 5198 3703 5270 aliquid
3725 5208 3814 5256 est

2209 5287 2368 5343 valde
2397 5289 2798 5353 necessarium,
2818 5287 2963 5360 quod
2989 5303 3086 5356 per
3105 5286 3266 5358 signa
3291 5303 3403 5340 non
3424 5293 3609 5357 potest
3631 5291 3812 5362 expli-

2211 5395 2357 5434 care.
2393 5380 2510 5434 Hoc
2539 5379 2798 5432 similiter
2834 5375 3143 5431 inﬁrmario
3175 5381 3232 5429 et
3259 5376 3622 5455 refectorario
3650 5378 3804 5455 licet.

2213 5471 2326 5537 (ω).
2357 5467 2512 5542 var.)
2539 5467 2700 5532 Quod
2715 5467 2900 5538 primo
2920 5465 3134 5520 faciunt
3152 5464 3391 5520 cantatis
3420 5465 3482 5520 in
3505 5451 3808 5523 duodecim

2207 5555 2538 5614 lectionibus
2569 5554 2814 5626 vesperis
2855 5554 2926 5612 de
2966 5553 3225 5610 omnibus
3253 5554 3460 5610 sanctis
3505 5571 3690 5628 usque
3729 5557 3806 5631 ad
