3934 6362
130 283 268 357 1029

1183 294 1606 367 CONSTITUT.
1649 296 1987 373 HiasAUG.
2031 324 2097 339 -
2135 293 2274 362 LIB.
2313 292 2362 352 I.

3235 242 3241 250 .
3271 293 3408 372 1030

123 414 298 482 Kyrie
325 419 526 478 eleisan
550 435 567 480 ;
597 422 699 488 aut
722 417 780 475 in
807 419 1042 490 privatis
1068 419 1264 474 diebus
1283 427 1522 494 pergunt
1542 421 1602 478 in
1633 439 1726 477 co-
1811 421 2054 494 quenda.
2086 421 2249 486 Quod
2276 421 2326 478 si
2357 418 2647 474 matutinae
2665 419 2882 473 tardius
2902 419 3282 490 explentur,ut
3301 423 3407 490 ali-

128 502 364 572 quinam
411 511 476 560 ut
503 506 781 578 accipiant
803 507 961 560 fabas
989 527 1000 562 :
1033 508 1234 579 quibus
1262 511 1505 580 acceptis
1544 513 1734 566 lavant

123 606 219 644 eas
241 591 544 662 diligenter
595 611 754 666 aquae
809 600 943 652 tunc
999 597 1231 660 infusae;
1278 597 1334 652 in
1391 615 1501 670 qua
1560 599 1729 654 etiam

118 678 337 734 faciunt
355 697 450 736 eas
480 689 810 753 pernoctare
839 684 1086 739 caldario
1115 685 1258 739 bene
1287 693 1570 760 cooperto.
1611 690 1732 742 Ma-

115 770 322 826 tutinis
359 771 667 832 Dominicae
696 773 807 828 diei
829 775 1080 844 expletis,
1107 776 1328 845 quando
1359 776 1442 830 illi
1472 778 1567 848 qui
1596 796 1732 851 prae-

115 858 290 912 terita
314 859 665 916 hebdomada
687 861 1018 927 servierunt,
1046 863 1118 916 ad
1155 863 1394 934 gradum
1443 866 1730 922 venientes

114 946 236 1001 Deo
265 948 481 1018 gratias
505 955 680 1021 agunt
709 967 810 1022 pro
829 952 1312 1006 consummatione
1334 955 1548 1024 peracti
1575 955 1732 1010 obse-

115 1035 238 1106 quii
267 1037 417 1090 hunc
453 1054 674 1092 versum
708 1043 796 1092 ter
815 1055 939 1094 cum
968 1039 1140 1092 totius
1169 1046 1473 1096 conventus
1506 1059 1732 1114 respon-

115 1123 280 1178 sione
307 1125 557 1180 dicentes
583 1145 594 1179 :
627 1128 965 1188 Benedictus,
1001 1129 1228 1182 Domine
1258 1131 1416 1191 Deus,
1445 1134 1543 1198 qui
1561 1133 1729 1201 adju-

112 1216 250 1267 visti
277 1230 384 1275 me,
417 1219 462 1268 et
493 1219 798 1271 consolatus
827 1232 878 1268 es
913 1232 1019 1280 me,
1053 1216 1146 1270 isti
1165 1217 1298 1271 item
1317 1217 1375 1270 in
1397 1217 1728 1290 obsequium

112 1301 341 1366 facturi,
373 1303 474 1356 Dei
495 1303 838 1375 adjutorium
868 1309 1068 1375 petunt
1122 1305 1202 1358 ita
1253 1303 1500 1360 dicentes
1541 1326 1552 1360 :
1585 1309 1725 1362 Deus

113 1393 178 1444 in
201 1392 555 1459 adiutorium
590 1408 770 1445 meum
796 1394 1035 1458 intende,
1059 1397 1164 1446 etc.
1183 1395 1204 1416 θ
1223 1394 1378 1456 Quod
1391 1394 1436 1448 si
1460 1395 1585 1465 quis
1606 1397 1726 1450 illo-

109 1495 244 1534 rum
277 1477 353 1532 ibi
384 1495 630 1550 praesens
659 1495 769 1534 non
801 1480 992 1546 fuerit,
1028 1482 1122 1552 qui
1152 1487 1288 1536 tunc
1315 1483 1599 1552 proximus
1616 1489 1729 1538 stat

117 1564 572 1624 benedictionem
605 1585 706 1640 pro
737 1568 966 1623 absente
991 1571 1195 1642 accipit
1222 1588 1236 1636 ;
1271 1571 1369 1626 sed
1407 1571 1500 1626 ille
1538 1579 1729 1630 tamen

106 1653 168 1708 in
202 1657 453 1713 crastino
489 1673 589 1728 pro
619 1657 724 1712 hac
750 1659 1004 1728 neglecta
1035 1659 1252 1714 veniam
1293 1659 1450 1730 petit.
1485 1678 1577 1716 UD.
1618 1662 1726 1718 Pro

1815 511 2038 586 quando
2066 510 2383 580 contigerit,
2408 507 2649 562 maxime
2670 507 2725 560 in
2744 507 2900 560 festis
2921 508 3212 582 prmcipuis
3226 515 3282 564 et
3301 530 3406 567 aes-

1813 599 2090 663 tivalibus,
2112 603 2169 652 et
2182 599 2404 670 signum
2425 598 2494 652 ad
2514 597 2752 668 primam
2769 596 3045 650 maturius
3073 603 3158 652 est
3186 601 3408 670 pulsan-

1813 689 1968 750 dum,
1995 693 2129 743 tunc
2159 687 2315 759 prius
2345 703 2512 757 quam
2539 686 2674 760 quid
2693 685 2846 739 aliud
2873 684 3098 752 faciant,
3116 687 3306 742 tabula
3319 707 3413 743 re-

1809 777 2036 842 clinata,
2070 777 2236 830 horas
2273 775 2660 830 adordiantur.
2692 773 2751 828 Si
2783 773 2916 845 quid
2957 779 3229 842 remanet,
3263 779 3412 849 quod

1813 871 1942 920 ante
1971 865 2210 938 primam
2243 881 2355 918 non
2385 865 2755 930 cantaverint,
2786 879 2898 916 non
2927 867 3015 916 est
3063 867 3408 921 consuetudo

1813 959 1876 1007 ut
1898 958 2022 1024 post
2049 953 2287 1024 primam
2317 956 2578 1006 cantetur
2605 951 2661 1004 in
2711 949 3028 1006 manifesto.
3060 949 3182 1016 Qua
3229 953 3408 1022 ﬁnita,

1814 1043 1897 1098 vel
1927 1042 1974 1096 si
2004 1047 2090 1095 est
2118 1041 2175 1094 in
2201 1041 2432 1112 privatis
2463 1039 2657 1094 diebus
2677 1043 2801 1111 post
2836 1041 3186 1111 evangelium
3225 1043 3408 1099 misszn

1813 1129 2168 1205 matutinalia
2188 1131 2341 1185 olera
2371 1130 2616 1184 caldario
2636 1129 3031 1183 immittuntet
3059 1132 3180 1202 post
3197 1133 3410 1206 capitu-

1809 1218 1925 1272 lum
1956 1219 2014 1272 in
2039 1219 2278 1273 alterum
2307 1219 2464 1272 fabas
2493 1219 2716 1275 iterato.

1877 1306 2170 1377 Accipiunt
2220 1305 2441 1360 lardum
2471 1305 2640 1372 (115),
2677 1304 2772 1377 qui
2820 1323 2948 1360 cum
2992 1306 3406 1378 aliquantulum

1805 1400 1994 1450 coctus
2032 1395 2221 1460 fuerit,
2253 1413 2380 1449 cum
2412 1393 2654 1448 oleribus
2675 1386 3135 1466 exprimuntinde
3154 1399 3406 1469 sagimen

1807 1483 1947 1538 fabis
1974 1483 2512 1555 superfundendum.
2547 1483 2780 1554 Pr0pter
2795 1483 2941 1554 quod
2971 1489 3161 1538 tamen
3189 1485 3261 1539 ad
3291 1503 3406 1540 ma-

1801 1573 1981 1642 jorem
2013 1575 2240 1628 missam
2273 1589 2386 1626 non
2417 1589 2612 1626 omnes
2641 1589 2700 1628 se
2730 1571 3086 1637 subtrahunt,
3143 1573 3240 1627 sed
3292 1575 3403 1630 duo

1807 1667 2028 1716 tantum
2059 1669 2115 1714 et
2135 1661 2428 1734 praecipue,
2462 1661 2510 1714 si
2543 1661 2638 1732 qui
2659 1677 2851 1714 eorum
2887 1663 3020 1714 sunt
3039 1659 3245 1728 idiotae,
3279 1663 3405 1735 quia

108 1745 450 1800 exeuntibus
487 1751 618 1800 sunt
650 1746 869 1800 dicendi
901 1747 1156 1802 versiculi
1185 1765 1218 1800 a
1245 1750 1531 1803 sacerdote
1559 1768 1568 1802 :
1601 1742 1910 1806 Sal-Bbus
1931 1757 2118 1805 autem
2146 1768 2257 1804 non
2297 1750 2463 1803 debet
2515 1766 2548 1802 a
2599 1749 3074 1803 commilitonibus
3122 1749 3406 1806 indultum

108 1849 202 1887 vos
232 1835 326 1900 fac
347 1851 562 1898 servos;
589 1838 862 1899 Converte,
910 1839 1162 1902 Domine,
1200 1855 1496 1907 usquequo,
1547 1857 1724 1912 eaque

106 1922 377 1989 collecta;
403 1925 544 1978 Deus
573 1928 667 1978 cui
695 1941 906 1992 semper
919 1926 1246 1988 hmnilium,
1282 1933 1384 1982 etc.
1412 1929 1724 1982 Misericors

100 2026 165 2063 ac
189 2013 446 2078 piissime
463 2012 620 2072 Deus,
643 2013 744 2078 qui
759 2013 959 2079 ubique
979 2016 1222 2080 [amulos
1244 2015 1496 2067 tuos.Pro
1511 2015 1723 2068 intran-

103 2097 261 2152 tibus
311 2115 442 2152 vero
499 2100 688 2154 Salvos
733 2101 824 2168 fac
861 2116 1068 2164 servos;
1118 2103 1272 2155 Mitte
1318 2106 1412 2168 eis,
1467 2105 1717 2168 Domine,

105 2184 330 2239 Oratio.

178 2275 352 2331 Prius
382 2275 551 2339 etiam
582 2293 751 2352 quam
789 2283 1096 2336 conventus
1135 2284 1340 2334 exeunt
1377 2279 1445 2334 de
1484 2281 1716 2335 ecclesia

109 2364 167 2418 S.
203 2364 418 2426 Maria},
454 2371 519 2420 ut
546 2382 606 2419 se
635 2367 855 2438 possint
885 2367 1119 2422 calciare
1146 2374 1202 2421 et
1228 2369 1454 2424 interim
1485 2369 1717 2424 descen-

108 2453 267 2518 dere,
303 2453 439 2508 dum
467 2461 772 2510 conventus
801 2455 872 2509 ad
901 2457 1246 2510 necessarias
1269 2463 1390 2525 est;
1424 2475 1626 2512 manus
1663 2464 1721 2514 et

107 2541 283 2596 facies
307 2542 498 2604 lavant
525 2548 580 2598 et
609 2543 896 2614 pectinant
926 2563 938 2611 ;
975 2545 1184 2599 faciunt
1205 2550 1322 2599 tres
1351 2547 1722 2611 orationes,ut

107 2631 287 2684 moris
317 2637 404 2684 est
431 2631 489 2686 in
519 2632 770 2699 ecclesia,
803 2634 851 2686 si
883 2633 1091 2688 intrare
1142 2633 1444 2706 potuerint,
1511 2635 1558 2688 si
1607 2653 1720 2690 non

107 2736 286 2791 prope
317 2719 462 2774 fores
520 2721 778 2775 ecclesize.
843 2725 864 2744 "
920 2723 970 2776 A
1027 2723 1276 2776 calendis
1333 2730 1522 2777 autem
1567 2732 1719 2778 octo-

110 2807 230 2860 bris
261 2824 440 2879 usque
463 2809 530 2862 ad
563 2809 780 2864 Pascha
809 2809 968 2864 ﬁnita
997 2811 1176 2882 prima
1219 2811 1427 2866 vadunt
1477 2812 1536 2866 in
1587 2814 1718 2867 dor-

107 2896 402 2952 mitorium
419 2903 476 2952 et
495 2898 845 2952 diurnalibus
865 2916 926 2954 se
943 2899 1181 2954 calciant
1201 2919 1213 2966 ;
1251 2917 1452 2956 manus
1475 2907 1530 2954 et
1551 2902 1720 2956 facies

105 2984 301 3039 lavant
329 2990 387 3040 et
414 2986 718 3058 pectinant,
743 2994 816 3053 et,
845 2988 893 3042 si
918 2988 1040 3042 fieri
1071 2993 1274 3062 potest,
1305 2989 1490 3060 ignem
1529 3007 1720 3044 accen-

1807 1857 1948 1906 esse,
1983 1845 2048 1894 ut
2077 1839 2323 1908 aliquam
2357 1837 2629 1911 privatam
2663 1837 2891 1892 missam
2921 1837 3137 1908 possint
3184 1839 3400 1894 audire.

1808 1929 1898 1994 Hi,
1933 1934 1993 1982 ut
2021 1928 2372 1998 przemissum
2398 1933 2500 1992 est,
2533 1927 2783 1996 sagimen
2811 1925 3073 1989 fundunt,
3105 1932 3162 1980 et
3179 1945 3280 1998 per
3308 1945 3403 1984 eos

1805 2020 2011 2072 iterum
2042 2016 2180 2070 fabae
2201 2017 2485 2076 caleﬁunt.
2520 2015 2610 2077 Hi,
2635 2015 2680 2068 si
2721 2031 2859 2086 opus
2885 2013 3125 2068 viderint
3152 2031 3252 2086 pro
3277 2033 3402 2071 mo-

1803 2121 1932 2159 rosa
1955 2103 2223 2168 coctione,
2254 2108 2317 2158 ut
2339 2101 2578 2174 amplius
2597 2117 2743 2172 aqua
2762 2117 2930 2171 super
2953 2101 3104 2154 olera
3119 2102 3398 2170 mittatur,

1803 2198 2075 2264 quantum
2109 2191 2332 2245 mittere
2363 2189 2572 2256 volunt,
2597 2189 2843 2260 primum
2861 2189 2920 2243 in
2949 2189 3231 2260 sartagine
3259 2191 3402 2245 caleé

1801 2279 2042 2344 faciunt;
2076 2280 2207 2352 quia
2236 2297 2302 2334 ea
2334 2285 2538 2334 natura
2557 2283 2642 2332 est
2666 2279 2883 2332 olerum
2917 2283 2982 2330 ut
3009 2279 3077 2331 de
3119 2294 3268 2350 aqua
3305 2278 3402 2332 fri-

1799 2365 1930 2437 gida
1951 2384 2207 2438 saporem
2233 2366 2478 2421 habeant
2534 2364 2891 2418 deteriorem.
2949 2365 3190 2419 Cavetur
3227 2365 3400 2420 etiam

1801 2471 1930 2507 cum
1960 2455 2233 2508 mittenda
2258 2461 2390 2508 sunt
2417 2455 2475 2508 in
2507 2453 2836 2516 caldarium,
2867 2459 2931 2507 ut
2958 2470 3071 2508 non
3108 2450 3220 2508 alia
3251 2471 3400 2526 aqua

1803 2561 1968 2615 quam
2001 2537 2069 2598 de
2100 2543 2311 2598 fervida
2359 2545 2634 2598 laventur.
2688 2543 2850 2597 Fabae
2907 2559 3018 2596 non
3064 2541 3402 2598 condiuntur

1803 2651 1906 2687 nec
1935 2633 2098 2704 adipe
2124 2638 2486 2704 sparguntur,
2519 2631 2627 2686 nisi
2643 2632 2866 2704 quando
2880 2637 3149 2702 percocta;
3167 2631 3394 2698 fuerint,

1803 2739 1874 2775 ne
1914 2723 2055 2774 forte
2085 2739 2242 2775 mora
2273 2722 2509 2792 longiori
2538 2723 2619 2775 sal
2644 2727 2956 2774 evanescat.
2973 2721 3040 2774 Et
3071 2721 3119 2774 si
3147 2737 3293 2775 unus
3312 2739 3401 2775 co-

1802 2827 2037 2882 quorum
2067 2811 2322 2877 voluerit,
2354 2827 2463 2864 non
2495 2809 2873 2874 estillicitum,
2898 2810 2966 2863 de
2996 2809 3118 2880 ipsa
3139 2809 3399 2865 fabarum

1801 2915 1948 2972 aqua
1977 2899 2268 2969 paululum
2297 2898 2607 2969 praelibare,
2651 2903 2713 2952 ut
2743 2895 2959 2968 probet,
2991 2895 3038 2951 si
3079 2897 3219 2952 bene
3283 2899 3399 2954 sint

1799 2987 2054 3042 conditae.

107 3073 275 3138 dunt,
306 3081 373 3129 ut
399 3054 558 3130 finita
587 3076 802 3142 litania,
835 3076 907 3130 ad
939 3054 1105 3148 quam
1125 3054 1478 3149 nequaquam
1491 3079 1712 3145 desunt,
1735 3054 1779 3114 Ο
1868 3075 1953 3128 Ad
1983 3075 2217 3128 mixtum
2245 3091 2357 3128 non
2381 3074 2678 3144 accipiunt,
2711 3074 2823 3129 nisi
2855 3075 3004 3146 quod
3047 3075 3102 3130 S.
3155 3076 3398 3132 Benedi-

107 3163 262 3218 idem
293 3163 444 3234 ignis
475 3163 547 3219 sit
575 3165 631 3220 in
651 3173 912 3238 promptu
939 3167 1009 3220 ad
1031 3167 1510 3238 supermittendas
1537 3167 1714 3222 fabas.

107 3265 204 3307 Un.
236 3251 528 3308 Intrantes
547 3254 840 3324 coquinam
872 3256 1060 3308 lavant
1088 3256 1243 3310 fabas
1271 3257 1448 3310 ternis
1473 3259 1717 3329 aquis,et

106 3341 188 3396 sic
221 3341 458 3396 mittunt
484 3359 653 3415 super
680 3343 888 3414 ignem.
911 3346 1073 3414 Aqua
1100 3345 1346 3399 caldario
1375 3347 1717 3402 fervescente

107 3435 166 3486 et
193 3447 430 3501 spumas
457 3430 758 3486 ebulliente
788 3433 1018 3504 ejiciunt
1041 3450 1136 3486 eas
1158 3434 1374 3505 jugiter
1400 3441 1716 3490 transverso

107 3519 408 3583 cochleari,
441 3536 514 3574 ne
541 3521 684 3574 forte
707 3521 874 3576 simul
894 3537 1020 3575 cum
1047 3523 1260 3592 spumis
1286 3530 1718 3594 supernatantes

105 3604 250 3660 fabae
280 3605 669 3676 projiciantur.
703 3608 852 3672 Quas
881 3609 1049 3662 etiam
1080 3625 1111 3662 a
1126 3609 1310 3684 fundo
1339 3611 1542 3681 sacpius
1589 3629 1715 3666 cum

107 3696 234 3766 ipso
264 3695 542 3750 cochleari
565 3697 868 3764 diversant,
900 3714 971 3750 ne
1000 3714 1128 3752 cum
1162 3699 1354 3753 mandi
1395 3699 1713 3768 debuerint,

106 3783 338 3854 sapiant
368 3784 513 3854 ignis
545 3785 790 3840 odorem.
825 3787 1077 3842 Folliculi
1100 3787 1353 3841 fabarum
1393 3805 1519 3842 cum
1549 3806 1608 3842 se
1638 3789 1717 3843 in-

105 3871 325 3946 cipiunt
352 3873 589 3944 aperire,
624 3890 736 3927 non
785 3875 1120 3945 permittunt
1150 3892 1242 3929 eas
1273 3877 1515 3946 amplius
1549 3895 1718 3948 super

102 3959 319 4029 ignem.
349 3961 512 4030 Aqua
540 3961 744 4031 frigida
783 3963 988 4016 iterum
1020 3964 1446 4034 refrigerantur,
1479 3966 1716 4020 iterum-

106 4063 215 4118 que
247 4047 525 4103 cochleari
549 4049 659 4104 huc
691 4056 747 4104 et
775 4050 905 4105 illuc
933 4051 1307 4108 diversantur.
1331 4053 1638 4108 Mittuntur
1655 4055 1714 4108 in

105 4151 278 4190 unam
305 4153 546 4209 cuppam
576 4137 876 4193 habentem
909 4141 1299 4210 cooperculum
1331 4141 1472 4196 bene
1496 4159 1717 4214 compa-

105 4224 388 4295 ginatum.
405 4225 730 4281 Caldarium
761 4245 981 4299 quoque
1011 4229 1071 4282 in
1097 4245 1206 4300 quo
1227 4230 1720 4301 coquebantur,in-

109 4313 390 4370 trinsecus
420 4331 600 4396 usque
627 4316 699 4369 ad
719 4315 961 4370 nitidum
987 4317 1372 4388 lavatur.(UD.)
1390 4319 1716 4374 Reclinatur

109 4402 283 4456 etiam
305 4401 500 4457 tabula
531 4403 602 4458 ad
633 4405 902 4475 parietem
932 4405 1218 4473 inclinata,
1253 4406 1313 4460 in
1345 4425 1534 4478 quam,
1583 4425 1712 4463 cum

1798 3169 1920 3218 ctus
1949 3163 2217 3236 praecipit,
2247 3169 2506 3234 quartam
2535 3169 2753 3234 partem
2784 3163 2945 3234 panis
2988 3164 3198 3234 absque
3251 3165 3398 3221 libra

1799 3271 1918 3318 sua,
1945 3259 2000 3308 et
2025 3253 2094 3307 de
2125 3253 2253 3306 vino
2282 3271 2295 3320 ;
2329 3253 2427 3306 sed
2457 3257 2645 3306 tamen
2673 3269 2738 3306 ea
2767 3251 2876 3319 die,
2911 3269 3022 3324 qua
3047 3253 3254 3325 aliquis
3277 3255 3394 3310 fra-

1799 3349 1947 3397 trum
1975 3354 2100 3414 post
2125 3343 2397 3414 majorem
2427 3342 2656 3395 missam
2683 3342 3154 3414 sepelitur,mixto
3182 3349 3394 3400 carent.

1799 3421 1983 3485 Finita
2011 3431 2151 3485 hora
2179 3437 2474 3502 postquam
2505 3435 2639 3484 sunt
2667 3431 2927 3486 refecturi
2974 3431 3195 3494 fratres,
3251 3434 3398 3488 cele-

1800 3521 1938 3574 riter
1959 3525 2182 3588 exeunt,
2213 3525 2276 3574 ut
2325 3519 2483 3574 fabas
2511 3519 2924 3585 administrent,
2959 3521 3043 3574 vel
3073 3521 3144 3575 ad
3171 3521 3398 3578 initium

1797 3609 1998 3680 psalmi
2026 3611 2280 3663 Miserere
2311 3626 2377 3664 ea
2403 3609 2493 3662 die
2517 3625 2628 3680 qua
2657 3609 2950 3676 raduntur,
2973 3609 3130 3664 autsi
3151 3611 3398 3682 psalmus

1798 3715 1909 3752 non
1937 3703 2198 3751 cantatur
2226 3698 2298 3751 ad
2336 3715 2528 3769 preces
2555 3703 2776 3752 exeunt.
2813 3699 3085 3761 Quorum,
3118 3699 3214 3772 qui
3245 3699 3399 3768 prior

1799 3791 1899 3848 est,
1931 3785 1980 3838 si
2005 3791 2193 3839 tamen
2227 3781 2366 3839 bene
2408 3785 2642 3850 noverit,
2687 3790 2743 3838 et
2799 3786 2970 3855 hujus
3007 3791 3094 3839 est
3153 3787 3398 3856 virtutis,

1798 3889 1924 3926 cum
1955 3872 2229 3934 cochleari
2251 3873 2320 3926 ad
2351 3873 2456 3926 hoc
2485 3874 2630 3928 facto
2659 3873 2814 3928 fabas
2839 3873 3081 3927 mittitin
3107 3873 3389 3942 scutellas;

1798 3963 1895 4016 alii
1920 3966 2148 4034 portant
2193 3963 2264 4016 ad
2317 3979 2559 4028 mensas,
2619 3980 2654 4016 a
2709 3952 3004 4033 principali
3059 3961 3392 4032 incipientes

1798 4069 2008 4106 mensa.
2038 4051 2118 4104 De
2149 4050 2391 4104 oleribus
2413 4069 2442 4104 e
2473 4051 2752 4105 contrario
2775 4051 2896 4104 ﬁeri
2943 4051 3102 4116 solet,
3148 4067 3270 4121 qua:
3313 4051 3396 4106 ita

1795 4140 2216 4206 administrant,
2243 4145 2306 4194 ut
2332 4155 2366 4192 a
2401 4139 2700 4194 novissimo
2727 4139 3012 4210 incipiant.

1869 4228 2114 4282 Scutella
2141 4229 2325 4299 posita
2351 4245 2478 4282 cum
2509 4228 2645 4298 ipsis
2690 4227 2933 4283 oleribus
2963 4235 3092 4285 ante
3122 4233 3394 4289 domnum

1798 4315 2056 4372 abbatem
2083 4317 2167 4370 vel
2191 4317 2459 4388 priorem,
2490 4315 2586 4387 qui
2617 4333 2740 4370 eam
2770 4318 3050 4388 apposuit,
3075 4336 3198 4376 cum
3232 4323 3392 4394 signo

1797 4405 2063 4460 mediocri
2092 4405 2376 4459 licentiam
2399 4405 2598 4478 qumrit
2625 4423 2660 4459 a
2683 4407 3036 4478 praesidente,
3070 4415 3134 4464 ut
3177 4413 3394 4466 scillam

110 4491 311 4548 lavatae
331 4491 561 4559 fuerint,
583 4500 873 4564 ponuntur
895 4499 979 4560 ;et
1000 4495 1123 4566 ipsa
1136 4495 1328 4550 tabula
1343 4501 1460 4551 tota
1473 4498 1713 4570 desuper
1787 4493 1986 4565 jubeat
2027 4492 2278 4548 sonare.‘
2307 4494 2428 4558 Quo
2446 4501 2728 4550 annuente
2755 4497 3048 4567 paululum
3069 4499 3322 4568 inclinat,
3339 4505 3396 4557 et

105 4579 429 4634 infunditur
455 4597 605 4652 aqua
623 4587 681 4638 et
710 4582 954 4654 tergitur
977 4573 1158 4654 sc0pis
1175 4603 1186 4638 :
1203 4584 1362 4656 prius
1383 4592 1574 4640 tamen
1585 4603 1713 4641 con-

104 4674 266 4724 sueta
289 4669 652 4725 inclinatione
678 4671 986 4742 praemissa,
1011 4678 1102 4726 ter
1130 4689 1328 4728 rursus
1357 4675 1550 4729 dicunt
1565 4674 1713 4730 hunc

101 4775 349 4824 versum,
373 4775 542 4828 quem
570 4759 630 4813 in
655 4761 824 4814 choro
879 4759 1176 4816 dixerunt:
1234 4763 1332 4817 sed
1389 4769 1580 4818 tamen
1625 4765 1714 4820 hic

99 4849 372 4918 adjuncta
399 4847 550 4903 trina
576 4848 692 4903 vice
704 4851 893 4904 Gloria
921 4851 1101 4915 Patri,
1122 4851 1413 4906 Dominica
1434 4853 1708 4920 oratione,

97 4953 262 4992 versu
291 4937 661 5006 Adjutorium
693 4942 966 5004 nostrum,
991 4937 1318 4994 etc.Iterum
1336 4941 1482 4995 facto
1510 4948 1640 4996 ante
1653 4949 1710 4997 et

95 5032 268 5092 retro,
307 5026 390 5081 ita
416 5026 643 5082 demum
672 5025 921 5082 tabulam
936 5026 1227 5084 reclinant.
1253 5030 1708 5087 Cantantomnes

95 5113 266 5170 horas
296 5116 588 5185 regulares
628 5131 729 5186 pro
777 5133 935 5171 more
974 5118 1390 5172 canonicorum.
1434 5120 1708 5191 Vesperos

99 5220 202 5274 pro
227 5204 490 5259 ﬁdelibus
521 5205 798 5260 defunctis
826 5205 948 5260 loco
977 5223 1077 5260 suo
1097 5206 1396 5279 imponunt
1417 5214 1473 5262 et
1489 5195 1558 5262 ad
1581 5209 1711 5262 ulti-

1795 4583 1865 4638 ad
1895 4583 2108 4637 scillam
2139 4582 2364 4636 veniens
2385 4584 2606 4638 tamdiu
2635 4591 2815 4650 sonat,
2851 4602 3143 4658 quousque
3173 4590 3394 4660 juvenis

1795 4673 2094 4726 Denedicite
2121 4669 2352 4741 incipiat
2379 4673 2768 4744 pronuntiare.
2785 4677 2918 4742 (01).)
2950 4671 3056 4730 Sed
3081 4682 3136 4731 et
3163 4678 3394 4733 interim

1793 4759 1928 4812 dum
1957 4758 2272 4812 benedictio
2309 4776 2345 4812 a
2391 4760 2678 4814 sacerdote
2722 4761 3088 4832 compleatur,
3129 4767 3394 4836 praelatus

1793 4847 2008 4919 dapifer
2037 4853 2150 4902 stat
2185 4847 2408 4904 inclinis
2451 4855 2582 4902 ante
2614 4847 3096 4919 architriclinium,
3147 4859 3205 4907 et
3254 4860 3392 4909 tunc

1792 4937 1924 4992 facit
1948 4941 2080 4991 ante
2111 4941 2166 4991 et
2188 4941 2356 4991 retro.
2389 4937 2546 5003 Quod
2579 4938 2828 4992 medium
2865 4939 3034 4994 datur
3058 4941 3206 4996 inter
3233 4942 3390 4999 fabas

1793 5033 1850 5081 et
1877 5025 2048 5087 olera,
2083 5031 2197 5080 tres
2229 5026 2346 5080 dies
2375 5025 2434 5080 in
2460 5027 2794 5098 septimana,
2834 5028 2888 5081 id
2955 5035 3042 5083 est
3101 5030 3242 5084 feria
3297 5049 3388 5086 se-

1789 5115 1974 5170 cunda
1993 5119 2050 5170 et
2078 5120 2296 5186 quarta,
2321 5119 2377 5170 et
2407 5120 2561 5170 sexta
2589 5115 2732 5170 solet
2758 5133 2879 5171 esse
2903 5116 3193 5188 pietantia,
3219 5135 3386 5191 quam

1793 5204 1919 5259 aliis
1949 5203 2145 5258 diebus
2170 5204 2499 5274 generale...
2541 5205 2800 5260 Generale
2841 5207 3208 5276 appellamus,
3239 5209 3390 5279 quod

100 5309 258 5348 mum
305 5295 471 5349 Verba
501 5311 636 5348 mea.
670 5295 860 5350 Effusa
887 5301 1076 5350 autem
1101 5313 1249 5368 aqua
1275 5294 1534 5352 lavantur
1578 5315 1715 5354 scu-
1793 5293 1854 5347 in
1877 5293 2112 5364 singulis
2141 5293 2388 5348 scutellis
2411 5293 2594 5348 datur.
2625 5296 2982 5362 Pietanti‘am,
3020 5297 3168 5366 quod
3193 5296 3252 5351 in
3278 5311 3390 5353 una

103 5382 272 5449 tellw,
301 5381 620 5438 infunditur
651 5399 716 5438 ea
745 5375 1072 5452 caleﬁenda,
1105 5403 1217 5458 qua
1242 5385 1396 5440 olera
1427 5391 1560 5442 sunt
1611 5403 1709 5440 co-

1793 5381 2025 5436 scutella
2053 5381 2270 5438 duobus
2288 5379 2440 5438 verbi
2461 5383 2665 5456 gratia.
2697 5383 3014 5454 Aliquando
3042 5401 3144 5456 pro
3164 5385 3385 5458 pietan-

181 5560 330 5632 (115)
361 5563 506 5618 Hinc
531 5565 718 5620 oleum
745 5563 1048 5635 lardinum,
1081 5583 1182 5623 seu
1211 5565 1382 5640 lardi,
1431 5566 1583 5640 quod
1635 5561 1708 5622 ob
1750 5559 2030 5618 defectum
2056 5560 2166 5618 olei
2193 5561 2472 5619 olivarum
2515 5561 2804 5636 monachis
2845 5578 3169 5622 concessum
3197 5563 3324 5623 fuit.
