3934 6422
188 12 197 15 '
242 2 627 29 --—n-i.-&_._;.’

537 361 665 422 1031

1575 370 1634 425 S.
1674 368 2074 425 GUlLLELMI
2115 361 2428 424 ABBATIS
2463 366 2803 426 HIRSAUG.

3681 369 3803 430 1032

530 493 614 548 tia
632 492 800 547 datur
828 490 1039 563 absque
1069 492 1303 547 scutella
1330 510 1507 549 unum
1538 495 1697 549 crudi
1717 496 1864 549 casei
1886 495 2123 549 fratrum
2144 495 2258 555 Asi
2295 500 2379 550 est
2411 500 2634 567 tempus
2662 495 2873 551 aestatis
2898 511 2999 567 per
3024 499 3204 550 totam
3232 495 3387 551 illam
3407 495 3799 551 hebdomadam

531 583 617 636 vel
649 586 891 653 quatuor
913 582 1194 637 ova.Tunc
1221 599 1414 636 caseus
1426 584 1648 654 quidem
1664 585 1743 637 ita
1757 583 2129 647 ministratur,

530 677 596 726 ut
625 672 697 725 ad
730 670 943 725 scillam
975 671 1190 724 sedenti
1215 672 1273 724 in
1296 673 1527 726 scutella
1552 678 1888 743 apponatur,
1915 671 2132 727 caeteris

528 777 662 815 vero
686 777 789 831 per
815 760 1067 830 singulas
1092 777 1314 814 mensas
1344 761 1575 830 singulae
1606 762 1968 831 porrigantur
1997 778 2126 816 scu—

528 850 675 904 tellae
698 848 844 903 casei
868 848 1060 902 frustis
1092 849 1285 918 plenae,
1320 855 1382 903 ut
1414 850 1559 919 quod
1591 850 1694 903 sibi
1743 851 1944 921 placet,
1977 849 2130 920 quis-

528 955 638 1009 que
669 938 940 1008 accipiat:
975 936 1021 990 si
1039 954 1139 990 ova
1175 943 1298 991 octo
1353 937 1572 991 duobus
1623 938 1791 992 simul
1844 939 1901 992 in
1950 938 2130 1009 prima

525 1027 758 1082 seutella
778 1030 1172 1097 apponuntur:
1209 1030 1473 1079 czeterum
1507 1026 1797 1096 pietantia,
1834 1044 1955 1097 qua)
1994 1027 2130 1079 duo-

531 1117 631 1171 bus
651 1115 819 1170 simul
848 1115 1015 1168 datur
1046 1114 1115 1168 ad
1134 1114 1344 1169 scillam
1374 1115 1591 1169 sedenti
1618 1117 1701 1169 vel
1732 1115 1907 1186 priori
1931 1115 1985 1168 in
2006 1115 2127 1169 loco

523 1221 626 1260 suo
652 1220 766 1258 non
777 1202 1243 1256 dimidiatur.Pro
1264 1203 1518 1273 generali
1539 1220 1641 1257 ova
1663 1204 1909 1275 quinque
1921 1203 2128 1256 dantur

527 1293 851 1363 unicuique,
897 1297 953 1345 et
1005 1308 1200 1345 caseus
1251 1307 1540 1362 nunquam
1595 1292 1703 1345 nisi
1759 1298 1965 1346 coctus.
2018 1291 2127 1346 Sed

521 1382 788 1454 quidquid
818 1386 903 1435 est
925 1381 1187 1451 generale
1219 1397 1253 1434 a
1280 1381 1585 1435 novissimo
1627 1381 1894 1452 incipitur
1951 1379 2128 1434 admi-

526 1474 850 1540 nistrari,et
877 1472 946 1526 ad
976 1473 1081 1525 hoc
1112 1470 1267 1524 scilla
1299 1471 1441 1524 sicut
1474 1477 1527 1524 et
1556 1471 1625 1524 ad
1657 1472 1829 1536 olera,
1858 1476 2120 1524 sonatur:

518 1564 796 1635 pietantia
824 1578 951 1616 vero
974 1578 1006 1614 a
1030 1560 1215 1630 priore
1237 1565 1294 1614 et
1321 1560 1389 1613 de
1415 1561 1519 1614 hac
1571 1560 1993 1614 hebdomadarii
2039 1575 2127 1613 co-

522 1652 705 1724 quinaa
730 1650 867 1705 nihil
902 1649 1129 1704 omnino
1175 1665 1241 1702 ex
1268 1648 1456 1702 debito
1488 1666 1546 1702 se
1574 1649 1979 1714 intromittunt,
2014 1647 2124 1701 nisi

2217 590 2342 653 post
2369 601 2575 638 nonam
2608 583 2663 638 in
2704 584 2995 639 refectorio
3036 584 3340 655 propinant
3376 601 3602 656 aquam.
3635 588 3656 608 ’
3701 585 3798 639 Sed

2216 672 2333 727 haec
2382 673 2700 744 propinatio
2729 674 2873 728 sicut
2918 680 2974 728 et
3017 674 3330 728 meridiana
3386 674 3704 744 repausatio
3746 674 3798 728 in

2214 760 2425 814 Palmis
2449 762 2708 815 initiatur
2737 767 2795 815 et
2818 779 2996 832 usque
3017 762 3087 815 ad
3112 763 3393 816 Kalendas
3415 762 3671 817 Octobris
3689 778 3802 833 pro-

2213 849 2482 903 tenditur.
2513 850 2813 904 Sciendum
2841 867 2969 904 vero
3019 856 3124 917 est,
3167 851 3316 920 quod
3372 852 3431 905 in
3483 867 3802 921 quacunque

2212 936 2303 991 die
2335 939 2787 1009 Quadragesimze
2815 940 3016 994 fratres
3046 957 3161 994 una
3188 940 3305 994 vice
3324 940 3640 1005 comedant,
3682 946 3797 1010 post

2210 1028 2508 1096 prandium
2550 1028 2673 1082 fieri
2702 1029 2868 1082 debet
2895 1029 3182 1099 prtemissa
3209 1029 3465 1084 lavatorii
3488 1029 3802 1084 emundatio

2212 1132 2335 1186 quae
2355 1122 2566 1181 tamen,
2599 1134 2725 1171 cum
2759 1117 2842 1171 bis
2873 1118 3208 1184 comeditur,
3240 1135 3418 1189 usque
3446 1125 3575 1190 post
3601 1133 3798 1172 nonam

2210 1204 2501 1273 differtur;
2535 1206 2632 1260 sed
2664 1206 2720 1259 in
2751 1206 3196 1276 Quadragesima
3221 1208 3412 1261 statim
3441 1213 3570 1279 post
3596 1216 3800 1262 sextam

2210 1294 2517 1363 peragitur,
2545 1312 2768 1366 semper
2790 1295 3013 1366 quidem
3043 1296 3267 1350 mundis
3287 1297 3468 1367 scopis
3479 1296 3550 1351 ab
3566 1297 3798 1351 elcemo-

2209 1382 2432 1451 synario
2452 1383 2597 1437 datis
2627 1384 2697 1437 ad
2719 1384 2823 1437 hoc
2841 1384 3019 1438 solum
3048 1401 3187 1455 opus
3223 1384 3465 1440 utendis.
3509 1385 3796 1440 Sciendum

2208 1475 2295 1523 est
2323 1471 2512 1535 etiam,
2542 1472 2691 1542 quod
2716 1472 2930 1543 praefati
2954 1473 3269 1528 ministriin
3295 1474 3732 1543 Quadragesima
3747 1480 3801 1528 et

2212 1558 2320 1612 alio
2352 1565 2604 1632 tempore
2633 1560 2892 1631 quotiens
2919 1566 3046 1632 post
3074 1578 3288 1615 cumam
3320 1562 3567 1616 ofﬁcium
3614 1562 3800 1617 defun-

2209 1652 2428 1702 ctorum
2456 1655 2542 1704 est
2579 1650 2880 1720 agendum,
2913 1667 2946 1703 a
2975 1657 3249 1707 conventu
3270 1656 3680 1722 exspectantur,
3697 1652 3800 1706 nisi

521 1742 671 1814 quod
692 1742 752 1795 in
777 1742 888 1794 fine
917 1737 1139 1810 prandii
1167 1737 1483 1808 fragmenta
1523 1739 1644 1806 ejus
1691 1738 1989 1807 colligunt;
2024 1735 2175 1814 sed_
2204 1751 2330 1789 cum
2356 1738 2600 1792 maximo
2622 1738 2733 1792 ritu
2755 1745 2975 1809 agatur,
3000 1739 3085 1793 vel
3109 1739 3289 1794 brevis
3309 1741 3544 1810 alicujus
3562 1741 3801 1796 defuncti

521 1808 863 1896 cellerarius,
892 1808 1095 1899 quibus
1126 1827 1193 1881 ad
1220 1827 1323 1881 hoc
1341 1826 1609 1894 innuerit,
1626 1844 1751 1881 cum
1772 1827 1860 1881 his
1872 1843 1996 1880 eam
2021 1808 2182 1878 ad-B
2212 1826 2493 1889 adveniat,
2527 1844 2627 1898 pro
2659 1844 2769 1897 quo
2793 1828 2961 1881 simul
2988 1829 3180 1882 omnia
3197 1829 3357 1899 signa
3371 1830 3683 1900 pulsentur,
3698 1830 3799 1893 vel,

515 1920 819 1977 ministrat.
854 1917 1138 1988 Quidquid
1189 1921 1276 1969 est
1322 1915 1606 1985 generale,
1660 1916 1763 1969 hoc
1810 1925 2118 1988 apponunt,

515 2010 625 2065 nisi
652 2009 832 2081 pisces
856 2007 988 2069 sint,
1022 2022 1161 2076 quos
1190 2003 1526 2059 Cellerarius
1576 2004 1695 2074 ipse
1747 2005 1982 2075 singulis
2040 2008 2121 2063 eis

513 2096 944 2170 suggerentibus
978 2094 1231 2166 apponit,
1261 2093 1518 2162 adjutore
1537 2109 1638 2146 suo
1661 2110 1726 2146 ex
1755 2093 1934 2149 altera
1957 2102 2118 2167 parte

510 2188 772 2244 similiter
826 2185 1082 2239 faciente.
1163 2181 1377 2246 Quibus
1452 2181 1723 2252 appositis
1790 2184 2116 2241 cellerarius

510 2277 631 2349 ipse
659 2276 872 2331 scillam
905 2271 1178 2345 pulsabit.
1220 2270 1278 2325 Si
1309 2275 1498 2323 autem
1529 2275 1614 2324 est
1645 2270 1788 2325 alius
1811 2274 2112 2343 generalis,

510 2369 581 2422 ad
611 2369 718 2421 hoc
754 2365 907 2437 prior
942 2377 1136 2417 eorum
1165 2360 1381 2414 scillam
1409 2360 1615 2431 pulsat.
1650 2361 1671 2383 θ
1700 2360 1855 2424 Quod
1880 2362 1927 2416 si
1954 2363 2116 2419 solito

516 2456 734 2511 tardius
765 2450 1212 2514 administratur,
1245 2449 1622 2519 priorscillam
1654 2454 1789 2503 ante
1810 2467 1870 2505 se
1891 2451 2116 2521 pulsare

510 2562 624 2602 non
655 2547 928 2598 moratur.
962 2541 1137 2594 Poma
1162 2554 1290 2591 vero
1317 2537 1489 2591 cruda
1512 2538 1597 2591 vel
1629 2537 1814 2593 herbae
1850 2540 1921 2593 ad
1951 2557 2115 2610 pran-

511 2635 687 2700 dium,
716 2633 765 2687 si
795 2631 878 2686 bis
901 2629 1180 2693 reﬁciunt,
1214 2643 1501 2696 nunquam
1518 2626 1684 2680 alicui
1704 2626 1912 2682 dantur
1941 2629 1996 2682 in
2021 2646 2113 2684 re-

507 2722 761 2778 fectorio.
785 2722 914 2787 (UD.)
942 2716 1215 2773 Scutellas
1241 2714 1513 2784 colligunt
1527 2731 1622 2768 eas
1643 2715 1809 2779 solas,
1829 2715 1884 2770 in
1912 2717 2112 2787 quibus

507 2813 648 2868 fabae
696 2811 961 2881 oleraque
1025 2804 1420 2859 administrata
1478 2809 1628 2870 sunt,
1687 2811 1917 2875 propter
1971 2824 2109 2876 quas

508 2902 676 2956 etiam
712 2915 859 2954 unus
884 2895 1101 2967 jugiter
1129 2904 1382 2947 remanet
1409 2892 1468 2945 in
1496 2893 1755 2963 coquina.
1790 2894 1883 2964 qui
1909 2894 1988 2949 ita
2018 2912 2108 2950 re-

506 3008 637 3047 cens
668 2988 803 3059 (llG)
837 2987 1022 3040 ollitas
1051 2983 1263 3047 abluat,
1294 2982 1603 3052 eademque
1630 2998 1794 3052 aqua,
1826 3000 1938 3054 qua
1965 2984 2108 3039 dilu-

504 3081 628 3138 culo
659 3083 793 3133 sunt
818 3075 1042 3137 ablutae,
1086 3089 1156 3126 ne
1185 3071 1233 3125 si
1260 3076 1634 3125 comestorum
1663 3072 1909 3143 reliquiae
1939 3073 2108 3127 indu-

503 3169 745 3230 ruerint,
775 3165 953 3235 major
1001 3164 1103 3216 ﬁat
1130 3159 1394 3215 abluendi
1432 3160 1753 3214 difﬁcultas.
1789 3162 1996 3217 Eadem
2025 3170 2110 3217 est

502 3256 797 3329 diligentia
824 3255 894 3308 de
917 3250 1196 3315 caldariis,
1220 3255 1286 3305 ut
1312 3254 1368 3302 et
1394 3249 1519 3319 ipsa
1546 3249 1729 3303 lavata
1758 3250 1889 3315 sint,
1922 3252 1971 3305 si
1995 3268 2110 3306 non

502 3352 655 3412 ante,
688 3344 846 3416 prius
874 3347 1062 3396 tamen
1087 3354 1257 3410 quam
1286 3336 1616 3392 servitorum
1666 3339 1893 3393 refectio
1950 3341 2108 3396 ﬁnia-

501 3442 616 3491 tur.
640 3435 817 3488 Focus
838 3430 1009 3485 etiam
1029 3433 1190 3482 caute
1217 3426 1553 3497 cooperitur,
1581 3432 1645 3481 ut
1694 3426 1749 3481 in
1797 3429 2106 3485 crastinum

504 3524 663 3577 vivus
690 3520 1024 3592 reperiatur.
1059 3517 1196 3571 Post
1234 3532 1493 3586 vesperos
1548 3515 1752 3570 iterum
1805 3516 1946 3572 fabis
1988 3520 2104 3589 jam

502 3612 702 3667 lavatis
731 3626 832 3682 pro
859 3607 1169 3678 gratiarum
1193 3604 1412 3658 actione
1434 3604 1628 3658 dicunt
1655 3606 1948 3676 praefatum
1980 3625 2104 3662 ver-

500 3719 647 3767 sum,
675 3700 990 3755 Benedictus
1016 3712 1088 3751 cs.
1117 3694 1365 3757 Domine,
1398 3694 1498 3760 qui
1524 3695 1795 3761 adjuva‘sli
1847 3712 1960 3762 me;
2017 3712 2106 3750 ρο-

499 3792 627 3846 dem
660 3788 845 3854 modo,
877 3801 987 3857 quo
1017 3784 1258 3838 alterum
1286 3781 1549 3835 dixerunt
1577 3783 1632 3835 in
1662 3783 1959 3838 matutino.
1994 3785 2103 3839 Sed

498 3880 545 3935 si
593 3877 889 3939 voluerint,
940 3875 1082 3928 duos
1136 3871 1256 3926 dies
1304 3870 1564 3941 expedire
1624 3877 1861 3941 possunt
1910 3873 1979 3927 de
2027 3873 2105 3927 la-

497 3969 718 4023 vatione
780 3963 1162 4027 scutellarum,
1220 3958 1277 4012 id
1334 3963 1421 4013 est
1464 3957 1523 4011 in
1571 3960 1817 4014 secunda
1860 3960 1998 4015 feria
2048 3968 2105 4017 et

498 4063 719 4131 quarta,
750 4055 809 4109 in
842 4051 1044 4124 quibus
1072 4067 1172 4121 pro
1201 4046 1604 4102 consuetudine
1635 4047 1957 4104 cellerarius
1986 4059 2099 4105 non

498 4152 685 4219 potest
709 4142 1110 4205 contradicere,
1142 4143 1207 4192 ut
1239 4154 1334 4190 eas
1386 4136 1443 4189 in
1507 4135 1796 4190 cellarium
1856 4138 2098 4193 diluculo

2205 1914 2248 1967 si
2295 1915 2464 1969 nimis
2494 1933 2618 1970 sero
2648 1922 2751 1983 est,
2783 1916 2991 1971 eisdem
3023 1917 3295 1972 ministris
3330 1919 3462 1973 licet
3500 1918 3586 1972 bis
3607 1920 3692 1972 vel
3719 1925 3803 1974 ter

2204 2002 2263 2056 in
2292 2002 2645 2059 hebdomada
2672 2004 2811 2060 alios
2840 2006 3042 2060 fratres
3079 2022 3299 2077 rogare,
3350 2012 3416 2062 ut
3458 2024 3560 2078 pro
3592 2023 3653 2063 se
3682 2024 3798 2062 ser-

2202 2092 2373 2146 viant.

2733 2183 2968 2238 CAPUT
2999 2183 3245 2240 XCVIII.

2624 2272 2697 2326 De
2724 2277 2857 2326 utan
2880 2275 3077 2327 sz'lzbus
3104 2276 3367 2342 coquinae.

2273 2360 2404 2424 fon.)
2429 2359 2559 2414 Haec
2586 2365 2772 2413 autem
2797 2366 2929 2415 sunt
2949 2361 3233 2427 utensilia,
3253 2378 3376 2432 quae
3397 2377 3687 2434 nunquam
3710 2364 3800 2419 de-

2198 2464 2320 2501 esse
2341 2447 2548 2502 debent
2567 2449 2624 2502 in
2646 2450 2905 2520 coquina.
2928 2449 3183 2504 Primum
3206 2451 3318 2504 tria
3330 2450 3597 2519 caldaria,
3623 2469 3796 2508 unum

2197 2535 2268 2589 ad
2300 2535 2474 2602 fabas,
2506 2537 2745 2591 alterum
2769 2538 2838 2591 ad
2869 2539 3041 2604 olera,
3064 2538 3296 2593 tertium
3330 2538 3496 2594 simul
3524 2557 3666 2613 cum,
3697 2542 3799 2595 tri-

2196 2625 2339 2694 pode
2364 2625 2549 2679 ferrea
2570 2632 2634 2680 ut
2662 2627 2707 2679 si
2740 2626 2864 2697 quis
2892 2643 3108 2698 pannos
3135 2643 3267 2682 suos
3298 2628 3485 2682 lavare
3536 2630 3796 2695 voluerit,

2195 2713 2648 2775 lixiviumﬁlcere
2672 2716 2868 2786 possit.
2895 2717 3101 2787 Cuppze
3123 2723 3383 2787 quatuor,
3408 2734 3522 2772 una
3542 2718 3613 2771 ad
3644 2719 3800 2774 fabas

2194 2805 2577 2870 reservandas,
2612 2805 2834 2875 quando
2864 2804 3073 2859 fuerint
3121 2805 3200 2863 ita
3229 2806 3543 2862 semicoctze
3569 2824 3583 2874 ;
3614 2808 3796 2862 altera

2190 2892 2247 2946 in
2270 2911 2435 2964 quam
2468 2894 2616 2948 cadit
2643 2895 3024 2965 aquaeductus,
3058 2902 3113 2949 et
3141 2898 3198 2948 in
3230 2912 3343 2966 qua
3362 2896 3515 2950 olera
3542 2897 3703 2968 prius
3724 2899 3800 2952 la-

2192 2990 2413 3048 vantur,
2448 2998 2616 3053 quam
2646 2982 2705 3036 in
2736 2982 3044 3036 caldarium
3076 2982 3375 3038 mittantur
3402 2985 3576 3038 tertia
3602 2985 3660 3038 in
3684 3002 3796 3057 qua

2189 3072 2455 3137 scutellae,
2486 3077 2690 3142 quarta
2717 3071 2788 3125 ad
2817 3072 2922 3125 hoc
2973 3071 3176 3138 solum,
3225 3076 3291 3125 ut
3317 3089 3465 3143 aqua
3505 3073 3689 3129 calida
3736 3075 3791 3129 in

2153 3162 2175 3181 λ
2192 3176 2314 3214 eam
2345 3160 2604 3214 mittatur
2622 3158 2695 3214 ad
2725 3161 3053 3214 mandatum
3076 3165 3132 3214 et
3156 3176 3434 3227 rasuram,
3458 3162 3665 3233 quibus
3686 3164 3795 3218 fra-

2192 3252 2308 3302 tres
2342 3249 2492 3302 inter
2538 3248 2850 3303 radendum
2881 3253 3154 3316 utuntur;
3188 3266 3357 3319 quam
3388 3256 3444 3305 et
3486 3250 3797 3306 calefacere

2192 3336 2415 3403 debent,
2450 3337 2544 3408 qui
2586 3337 2645 3391 in
2678 3337 2849 3408 priori
2891 3338 3206 3409 septimana
3254 3339 3595 3398 servierunt.
3654 3342 3796 3396 Item

2192 3431 2434 3497 quatuor
2486 3425 2816 3491 cochlearia,
2866 3442 3039 3481 unum
3097 3426 3168 3481 ad
3207 3427 3383 3493 fabas,
3434 3429 3682 3483 alterum
3729 3430 3796 3484 ad

2189 3514 2360 3580 olera,
2384 3514 2615 3568 tertium
2639 3530 2751 3567 non
2772 3514 2911 3569 adeo
2930 3515 3164 3585 grande,
3188 3516 3286 3570 sed
3309 3516 3591 3572 mediocre
3613 3518 3688 3572 ad
3713 3535 3799 3573 sa-

2184 3603 2375 3672 ginam
2406 3602 2825 3674 exprimendam
2849 3622 2861 3670 ;
2914 3610 3178 3674 quartum
3207 3610 3293 3659 est
3318 3605 3585 3672 ferreum,
3618 3607 3693 3662 ad
3718 3608 3794 3662 fo-

2187 3708 2313 3744 cum
2348 3691 2631 3746 cineribus
2661 3693 3114 3764 cooperiendum,
3147 3694 3214 3747 ad
3249 3710 3414 3764 quem
3445 3711 3798 3765 componen-

2187 3780 2318 3834 dum
2362 3781 2447 3834 vel
2476 3780 2900 3835 distrahendum
2943 3787 3028 3841 est
3057 3782 3228 3836 etiarn
3277 3784 3529 3853 ejusdem
3565 3786 3796 3854 generis

2187 3868 2421 3940 forceps.
2456 3871 2596 3924 Item
2621 3875 2862 3940 quatuor
2892 3870 3049 3941 paria
3070 3871 3439 3937 manicarum,
3462 3888 3534 3926 ne
3555 3876 3797 3929 manica:

2188 3959 2591 4013 stamineorum
2620 3959 2859 4013 fratrum
2893 3959 2963 4013 de
2993 3959 3286 4030 nigredine
3320 3961 3573 4031 coquinze
3626 3962 3796 4018 fami-

2190 4046 2319 4101 liari
2340 4049 2719 4103 sordidentur.

2256 4139 2399 4192 Sunt
2431 4144 2488 4192 et
2514 4138 2590 4192 ibi
2619 4138 2729 4193 duo
2759 4140 2917 4210 paria
2949 4138 3350 4210 palmariarum
3375 4138 3417 4211 (l
3437 4137 3535 4210 l7),
3560 4157 3692 4211 quae
3710 4142 3791 4196 ita

497 4240 751 4307 portatas
778 4248 892 4287 non
921 4227 1276 4285 commendet
1309 4224 1533 4279 famulis
1563 4224 1680 4279 suis
1725 4227 2099 4297 propensione
2182 4227 2485 4282 Romanice
2508 4229 2882 4300 appellantur,
2918 4245 3119 4284 manus
3153 4245 3275 4300 quae
3299 4229 3666 4285 defendunta
3696 4248 3793 4285 ca-

495 4326 681 4381 studio
715 4320 1000 4377 lavandas.
1054 4317 1192 4386 (ιω.)
1242 4314 1514 4368 Veniente
1547 4313 1780 4368 sabbato
1826 4322 1950 4387 post
1999 4333 2100 4371 no-
2182 4315 2300 4370 lore
2320 4316 2569 4384 caldarii,
2614 4318 2837 4388 quando
2864 4334 3060 4372 recens
3090 4318 3340 4372 ablatum
3372 4318 3442 4371 ab
3472 4318 3604 4389 igne
3649 4336 3790 4391 quo-

496 4432 627 4471 nam
656 4413 745 4467 vel
771 4415 899 4483 post
919 4422 1176 4479 vesperos
1200 4409 1433 4475 scopant
1478 4402 1795 4474 coquinam,
1832 4410 2093 4476 totasque
2113 4449 2161 4506 D
2179 4421 2349 4476 quam
2378 4411 2464 4459 est
2490 4407 2828 4461 movendum
2861 4408 2943 4461 vel
2967 4407 3369 4461 inclinandum.
3401 4407 3534 4461 Tria
3583 4425 3780 4463 manu-

495 4505 723 4570 sordes;
757 4517 877 4572 quze
906 4497 1114 4553 ﬁebant
1169 4510 1269 4566 per
1310 4493 1658 4547 occasionem
1700 4492 1972 4561 cinerum,
2010 4496 2095 4549 vel
2116 4492 2436 4564 "tergiola,
2469 4512 2592 4565 quae
2622 4495 2678 4549 in
2712 4496 2866 4550 omni
2897 4496 3096 4567 quinta
3125 4496 3267 4551 feria
3283 4501 3597 4565 mutantur,
3619 4498 3790 4552 mini-

494 4595 776 4665 lignorum
808 4588 940 4643 foris
963 4586 1168 4642 ostium
1199 4581 1574 4642 accumulant,
1608 4586 1673 4635 ut
1699 4581 1827 4636 inde
1862 4600 1963 4654 per
2009 4584 2095 4638 fa-
2176 4599 2379 4654 meque
2403 4599 2604 4638 manus
2618 4584 2691 4660 ad.
2719 4585 2885 4639 solita
2907 4584 3788 4656 terguntmanutergiafratrum,

492 4684 676 4738 mulos
702 4676 975 4735 cellerarii
1004 4675 1327 4730 efferantur.
1380 4669 1727 4725 Calefaciunt
1767 4688 1972 4742 aquam
2022 4672 2094 4726 ad
2176 4687 2300 4742 qua:
2328 4673 2577 4743 pendent
2603 4674 2662 4727 in
2688 4675 2951 4730 claustro.
2984 4675 3140 4729 Unus
3169 4674 3350 4729 culter
3367 4674 3436 4727 ad
3452 4674 3683 4730 lardum
3707 4676 3791 4730 in-

491 4771 819 4828 mandatum
835 4773 891 4822 et
907 4783 973 4821 eo
994 4764 1084 4819 die
1099 4762 1366 4817 differunt
1386 4775 1607 4812 versum
1635 4776 1646 4811 :
1675 4760 1991 4814 Benedictus
2014 4778 2087 4828 es,
2175 4761 2495 4831 cidendum,
2527 4767 2585 4816 et
2613 4762 2781 4817 simul
2814 4780 2907 4817 cos
2938 4763 3009 4818 ad
3041 4763 3373 4817 acuendum.
3406 4763 3533 4817 Una
3560 4766 3789 4834 patulla

485 4864 734 4927 Domino,
761 4873 939 4928 usque
959 4854 1094 4908 dum
1125 4849 1453 4905 mandatum
1483 4847 1557 4901 sit
1600 4853 1908 4918 peractum,
1947 4854 2003 4904 et
2030 4849 2086 4904 in
2171 4849 2241 4903 ad
2281 4865 2508 4921 aquam,
2538 4851 2587 4905 si
2613 4868 2755 4923 Opus
2778 4852 2967 4918 fuerit,
3001 4852 3433 4906 calefaciendam
3464 4857 3523 4905 et
3549 4853 3625 4907 ad
3660 4854 3786 4907 adi—

487 4948 782 5007 refectorio
812 4946 980 5000 etiam
1002 4940 1165 4996 lectio
1194 4935 1504 4993 collationis
1529 4936 1648 5007 jam
1669 4936 1987 4993 ﬁniatur.In
2004 4957 2088 4994 se-
2170 4955 2298 5010 pem
2330 4939 2700 4994 fundendum.
2732 4941 2944 5008 Altera,
2981 4957 3103 5012 quae
3136 4940 3456 5012 permodica
3506 4941 3567 4994 in
3602 4940 3787 4996 fundo

489 5039 683 5113 quenti
720 5041 910 5091 autem
937 5030 1190 5095 sabbato,
1223 5043 1348 5081 cum
1376 5031 1567 5080 noster
1618 5042 1776 5097 aqua;
1796 5026 1997 5082 ductus
2017 5029 2089 5082 li-
2170 5027 2467 5083 minuatim
2492 5030 2792 5100 perforata,
2816 5035 2879 5084 ut
2907 5031 3027 5101 ipse
3058 5031 3230 5101 adeps
3262 5046 3361 5101 per
3381 5045 3505 5083 eam
3535 5031 3783 5085 coletur.

487 5145 704 5186 musam
724 5125 930 5180 habeat
947 5134 1172 5191 aquam,
1199 5114 1585 5187 qualecunque
1616 5114 1690 5168 sit
1718 5115 1942 5182 festum,
1963 5133 2087 5172 sco-
2168 5116 2293 5171 Una
2315 5117 2456 5188 pixis
2481 5118 2540 5171 in
2580 5135 2693 5190 qua
2717 5120 2801 5173 sal
2827 5119 3181 5184 recondatur,
3200 5123 3257 5172 et
3277 5134 3453 5172 unum
3477 5118 3781 5184 scrinium,

488 5224 628 5293 pant
654 5222 958 5284 utrumque
984 5205 1341 5271 lavatorium,
1371 5209 1486 5257 tam
1517 5202 1664 5274 quod
1691 5209 1777 5256 est
1811 5204 1882 5257 ad
1908 5206 2084 5260 eccle-
2171 5204 2229 5258 in
2254 5222 2363 5276 quo
2392 5206 2613 5261 minora
2639 5224 2874 5279 quicque
2897 5208 3293 5262 recondantur.
3315 5208 3439 5262 Una
3466 5223 3638 5262 urna.
3668 5224 3785 5279 qua

2170 5310 2321 5365 aqua
2345 5295 2661 5361 hauriatur,
2716 5312 3006 5367 scopzeque
3062 5297 3207 5363 dure,
3265 5295 3468 5367 quibus
3522 5296 3784 5351 caldaria

2168 5388 2295 5454 post
2321 5385 2630 5439 coctionem
2661 5392 2976 5456 sc0pentur.
3004 5387 3140 5440 Duae
3186 5386 3321 5439 retis
3372 5383 3773 5451 abscissiones,

2169 5472 2373 5542 quibus
2407 5479 2645 5529 utantur
2671 5473 2740 5528 ab
2770 5475 3113 5529 ablutionem
3148 5474 3533 5537 scutellarum,
3567 5479 3627 5528 et
3656 5476 3778 5528 cal-

484 5310 580 5365 sise
604 5322 741 5362 usus
770 5317 938 5375 quam
966 5296 1113 5369 quod
1143 5295 1214 5349 ad
1245 5308 1465 5347 manus.
2013 5357 2024 5366 υ

556 5396 703 5451 Item
724 5394 958 5463 scopant
985 5383 1327 5442 necessarias
1388 5380 1613 5451 fenique
1662 5379 1928 5451 reliquias
1984 5401 2086 5455 per

483 5492 658 5543 totam
671 5478 1083 5539 hebdomadam
1101 5471 1324 5546 expensi
1346 5473 1657 5540 congerunt
1679 5469 1750 5523 ad
1774 5480 2084 5541 murum,et

563 5627 702 5705 (liti)
731 5625 796 5682 Id
826 5629 928 5691 est,
963 5625 1073 5677 oleo
1100 5619 1297 5674 illitas.

2239 5616 2383 5687 (1-17)
2411 5619 2602 5672 Genus
2631 5617 3101 5683 chirothecarum,
3123 5617 3269 5688 quod
3287 5633 3514 5671 manum
3546 5616 3774 5687 palmas

2165 5690 2327 5761 tegit,
2358 5694 2423 5744 ut
2447 5689 2505 5743 in
2533 5689 2653 5744 ord.
2690 5689 3042 5745 Cluniacensi
3064 5690 3184 5761 jam
3215 5689 3554 5743 notavimus.
