3934 6386
163 340 296 401 1033
1221 340 1642 398 CONSTITUT.
1681 337 2021 394 IIIRSAUG.
2065 372 2130 382 —
2169 343 2306 398 LIB.
2346 345 2392 399 Ι.
3293 322 3447 414 1034

158 468 476 527 dariorum.
526 468 658 524 Duae
699 467 904 523 tabula
951 467 1018 522 ad
1068 467 1349 532 scutellas,
1399 481 1514 520 una
1556 463 1616 518 in
1644 461 2098 534 quaAvesperos
2116 467 2309 521 statim
2330 469 2563 526 mutatis
2577 450 3431 548 diurnalibusagitur;sitamen

157 563 444 629 ponantur
487 563 617 629 post
644 557 1003 611 refectionem
1042 561 1332 626 utcunque
1382 554 1566 608 lavata
1592 569 1604 604 :
1628 639 1638 642 Α
1673 552 1760 604 al-
1840 569 1951 642 non
1974 559 2060 608 est
2083 557 2451 627 coenandum;
2487 559 2654 615 debet
2672 563 2956 632 praemitti,
2981 566 3224 625 officium
3250 571 3429 642 sequi,

155 652 280 701 tera
306 646 367 700 in
408 663 517 717 qua
565 646 829 706 diluculo,
886 662 1011 717 quae
1066 645 1137 699 ad
1195 644 1503 715 perfectum
1554 639 1761 694 debent
1841 641 2008 696 etiam
2040 643 2088 697 si
2105 643 2228 714 ipsa
2249 646 2387 700 hora
2408 648 2730 718 hujusmodi
2747 652 2927 707 brevis
2948 656 3305 725 superveniat
3328 639 3433 727 pro

156 751 277 790 esse
305 736 524 790 lavate.
565 736 687 789 Duo
711 735 927 800 sedilia,
965 750 1089 805 quae
1116 735 1310 787 bancos
1346 732 1513 800 vulgo
1562 729 1757 800 appel-

156 824 316 893 lant;
349 840 466 879 una
527 824 669 878 sella
707 822 1057 894 quadripoda
1119 826 1177 875 et
1221 819 1539 886 summissa,
1590 833 1761 888 super

159 931 329 985 quam
359 919 606 985 ponatur
623 929 803 984 cuppa
834 929 961 966 cum
991 912 1254 972 oleribus,
1293 913 1517 981 quando
1547 909 1758 964 suntin

157 1003 468 1057 caldarium
499 1002 795 1056 mittenda.
819 1002 944 1055 Una
962 1006 1144 1072 petra,
1177 1000 1345 1054 etiam
1378 1001 1559 1069 major
1589 1014 1756 1069 quam

158 1092 407 1155 molaris,
439 1108 611 1162 super
624 1106 794 1162 quam
809 1090 1012 1144 iterum
1045 1089 1274 1160 ponitur
1292 1088 1622 1148 caldarium,
1645 1087 1760 1140 sive

158 1179 274 1234 sint
303 1178 464 1246 fabre,
511 1179 626 1233 sive
665 1180 837 1242 olera,
872 1196 994 1250 quae
1034 1178 1530 1243 administrantur;
1582 1176 1761 1229 altera

159 1285 332 1339 super
355 1284 524 1339 quam
553 1273 609 1322 et
637 1268 817 1322 altera
840 1284 1021 1339 cuppa
1051 1267 1280 1338 ponitur
1294 1266 1362 1319 de
1383 1282 1494 1336 qua
1509 1264 1755 1318 scutellae

157 1358 419 1412 lavantur
445 1357 596 1411 inter
622 1355 1004 1410 reﬁciendum.
1038 1356 1195 1409 Unus
1216 1354 1362 1407 follis
1411 1353 1480 1407 ad
1529 1352 1757 1406 sufflan-

160 1448 295 1501 dum
318 1447 528 1518 ignem.
568 1446 753 1500 Unum
794 1444 1080 1498 ﬂabellum
1128 1443 1431 1497 vimineum
1481 1442 1551 1495 ad
1583 1441 1758 1494 venti-

158 1535 411 1593 landum.
451 1535 607 1589 Unus
636 1538 835 1587 contus
864 1532 934 1585 ad
966 1531 1445 1602 subportationem
1482 1527 1757 1583 caldario-

156 1641 288 1678 rum
309 1643 322 1691 ;
346 1624 489 1677 alter
511 1622 583 1677 ad
598 1621 742 1692 ignis
756 1620 1139 1675 dimotionem.
1163 1621 1320 1674 Unus
1340 1618 1551 1673 canalis
1570 1617 1625 1671 in
1647 1633 1759 1687 qua

157 1713 408 1767 lixivium
422 1727 644 1782 semper
662 1710 920 1775 habetur,
943 1714 1170 1780 propter
1189 1724 1388 1762 manus
1410 1708 1756 1778 frequentius

1842 746 1954 800 qua
1981 732 2169 786 omnia
2205 733 2366 803 signa
2393 735 2563 790 simul
2605 738 2813 808 pulsari
2849 741 3108 797 debeant.
3136 743 3348 799 Verum
3378 750 3438 799 et

1841 818 2125 874 diurnales
2143 821 2290 876 facta
2320 825 2631 879 mutatione
2654 827 2713 880 in
2739 829 3047 884 claustrum
3082 837 3217 886 sunt
3270 849 3436 904 repo-
3462 868 3465 871 -

1841 908 2028 961 nendi.
2057 909 2200 973 Quia
2229 910 2417 993 nullus
2446 912 2553 966 nisi
2585 931 2768 985 nuper
2797 917 3048 973 minutus
3067 920 3435 976 debetdimit-

1838 1000 1979 1059 tere,
2010 997 2125 1051 sive
2153 1015 2292 1069 opus
2321 1001 2414 1067 sit,
2446 1001 2560 1056 sive
2588 1019 2720 1069 non,
2742 1004 2876 1075 quin
2905 1007 3318 1078 aliquantulum
3338 1027 3435 1066 eos

1840 1082 2033 1138 abluat
2050 1104 2063 1153 ;
2083 1086 2341 1157 quiahaec
2352 1089 2483 1143 talis
2506 1094 2851 1149 consuetudo
2872 1111 2936 1148 ex
2951 1097 3187 1167 antiqua
3208 1104 3434 1169 patrum

1840 1173 2194 1229 institutione
2224 1178 2465 1232 tenenda
2493 1185 2579 1233 est
2595 1181 2772 1251 magis
2793 1199 2891 1252 pro
2907 1184 3228 1242 humilitate
3262 1204 3435 1258 quam

1841 1277 1940 1331 pro
1970 1264 2321 1319 necessitate.
2355 1268 2496 1320 Nam
2542 1276 2675 1322 sunt
2711 1273 2963 1326 nonnulli
2992 1275 3171 1329 nostri
3218 1276 3433 1331 ordinis

1837 1355 2008 1405 tanta:
2027 1351 2382 1411 humilitatis.
2410 1361 2471 1409 ut
2512 1358 2791 1411 staminea
2852 1376 2955 1414 sua
3004 1367 3062 1416 et
3112 1363 3226 1418 alia
3259 1365 3432 1420 vesti-

1839 1445 2028 1492 menta
2057 1456 2345 1512 nunquam
2378 1443 2447 1497 ab
2473 1445 2582 1499 alio
2614 1463 2917 1517 quoquam,
2942 1449 3051 1504 nisi
3079 1467 3111 1505 a
3139 1452 3335 1523 seipsis
3354 1454 3434 1508 la-

1838 1527 1958 1580 vari
1981 1529 2285 1597 patiantur.
2318 1532 2582 1587 Attamen
2608 1534 2713 1587 soli
2736 1536 3144 1602 obedientiarii,
3199 1541 3294 1611 qui
3327 1559 3431 1613 pro

1839 1616 2028 1687 aliqua
2049 1623 2383 1673 necessnate
2402 1627 2599 1690 postea
2623 1629 2757 1677 sunt
2780 1625 2982 1680 exituri
3008 1627 3293 1684 diurnales
3318 1647 3433 1687 non

1839 1704 2087 1771 mittant,
2116 1707 2213 1760 sed
2244 1709 2501 1779 corrigiis
2529 1710 2673 1766 infra
2709 1715 3032 1784 compositis
3063 1732 3191 1771 cum
3221 1719 3434 1774 eisdem

154 1802 445 1856 lavandas.
485 1801 609 1855 Duo
638 1814 860 1871 quoque
885 1796 1114 1867 tigroni,
1145 1800 1383 1867 uterque
1412 1796 1481 1849 de
1497 1795 1677 1849 tribus
1694 1794 1818 1867 li-B
1839 1792 2010 1846 etiam
2038 1796 2303 1851 mandato
2330 1797 2629 1854 intersunt.
2664 1801 2762 1855 Est
2789 1808 2979 1857 autem
3004 1808 3349 1862 consuetudo
3369 1816 3436 1864 ut

154 1892 285 1963 gnis
304 1890 437 1944 licet
460 1886 1000 1960 imparibusangulis
1026 1886 1140 1940 sint
1158 1885 1308 1949 facti,
1335 1884 1431 1955 qui
1449 1884 1505 1937 in
1528 1884 1756 1936 modum
1840 1898 1966 1936 cum
1996 1884 2163 1937 calcei
2184 1884 2265 1938 ita
2300 1885 2359 1939 in
2387 1888 2647 1942 manibus
2679 1896 2997 1958 portantur.
3046 1899 3274 1950 extenso
3303 1896 3434 1951 bra-

156 1980 435 2035 ostiorum
453 1979 563 2032 huc
586 1982 645 2032 et
663 1976 796 2031 illuc
810 1975 1017 2029 versari
1035 1980 1288 2046 possunt.
1310 1974 1374 2028 In
1392 1973 1480 2026 his
1492 1973 1755 2043 pendent,
1840 1970 1964 2024 chio
1984 1988 2083 2041 per
2101 1971 2349 2042 corrigas
2379 1978 2598 2028 tantum
2628 1982 2913 2046 tenantur,
2948 1980 3031 2035 ita
3058 1986 3123 2035 ut
3148 1982 3297 2037 inter
3319 1999 3437 2039 ma-

157 2076 389 2136 catenae,
411 2067 615 2139 quibus
639 2066 886 2121 caldaria
907 2064 1346 2136 suspenduntur,
1368 2063 1756 2133 suspensaim-
1838 2074 1976 2112 num
1998 2061 2271 2129 portantis
2298 2066 2355 2114 et
2377 2062 2590 2118 calceos
2627 2065 3007 2136 dependentes
3062 2071 3223 2140 quasi
3265 2072 3433 2127 unius

155 2159 386 2232 plentur
413 2175 562 2230 aqua
585 2174 757 2230 prope
785 2156 1208 2228 aquaeductum,
1232 2159 1290 2207 et
1305 2153 1386 2207 ita
1402 2152 1757 2206 deducuntur
1835 2144 2008 2200 cubiti
2028 2147 2102 2201 sit
2127 2148 2508 2203 intervallum.
2537 2151 2691 2205 Lotis
2719 2170 2852 2223 ergo
2874 2155 3108 2224 pedibus
3128 2163 3187 2212 et
3205 2159 3432 2214 diurna-

157 2249 374 2319 absque
398 2248 589 2302 labore
616 2263 795 2317 usque
822 2262 992 2317 super
1010 2246 1218 2316 ignem.
1834 2234 1981 2289 libus
2009 2237 2416 2308 aliquantisper
2438 2238 2644 2294 ablutis
2672 2241 2720 2295 si
2746 2242 2835 2296 cui
2883 2243 3019 2298 libet
3074 2263 3291 2317 ungues
3338 2265 3435 2320 pc-

231 2337 533 2392 Sciendum
549 2352 771 2407 quoque
796 2335 941 2406 quod
967 2334 1233 2406 pronulla
1250 2331 1582 2387 necessitate
1598 2329 1754 2383 aliud
1837 2323 1973 2377 dum
2024 2341 2296 2391 resecare,
2352 2326 2456 2381 hoc
2514 2328 2569 2382 in
2612 2331 2808 2384 eodem
2851 2333 2971 2386 loco
3016 2332 3180 2388 debet
3244 2336 3431 2390 facere

158 2426 294 2499 quid
323 2426 586 2497 coquitur
612 2425 670 2478 in
698 2424 936 2495 coquina
974 2422 1240 2493 regulari,
1286 2427 1490 2492 praeter
1515 2419 1670 2474 fabas
1700 2424 1757 2474 et
1838 2411 2044 2483 quippe
2072 2414 2161 2467 cui
2184 2421 2320 2468 tunc
2347 2416 2616 2487 temporis
2665 2419 2953 2474 cultellum
2985 2421 3056 2474 ad
3104 2422 3209 2477 hoc
3248 2424 3431 2479 solum

156 2518 332 2578 olera,
363 2531 467 2569 nec
515 2514 685 2568 etiam
730 2512 883 2567 aliud
926 2528 1106 2582 genus
1143 2510 1461 2581 leguminis,
1499 2513 1520 2534 θ’
1551 2511 1659 2564 sed
1707 2508 1755 2563 si
1836 2516 2026 2554 secum
2065 2508 2291 2572 portare
2329 2505 2705 2574 permittitur:
2734 2509 2831 2563 sed
2861 2515 2919 2564 et
2961 2526 3152 2566 soccos
3179 2511 3256 2566 ibi
3298 2519 3435 2568 tunc

156 2604 299 2660 faba;
319 2604 542 2669 desunt,
563 2602 856 2674 praefatum
875 2607 1065 2655 tamen
1078 2618 1305 2655 cursum
1318 2605 1374 2653 et
1387 2599 1756 2671 psalmodiam
1838 2594 2100 2644 excutere
2120 2593 2465 2652 conceditur.
2500 2596 2599 2649 His
2627 2601 2816 2650 autem
2848 2599 3106 2669 peractis,
3148 2618 3261 2655 non
3310 2619 3436 2657 mo-

154 2693 235 2748 ibi
266 2699 495 2747 cantare
524 2709 633 2746 non
656 2691 961 2758 omittunt;
991 2689 1125 2760 quia
1154 2689 1305 2743 aliud
1333 2688 1623 2760 multiplex
1644 2704 1759 2741 ser-

157 2782 361 2836 vitium
387 2798 499 2836 non
530 2781 667 2835 sinit
695 2797 790 2835 eos
821 2796 1039 2848 vacare,
1070 2784 1135 2833 ut
1162 2784 1247 2833 est
1302 2778 1455 2832 focus
1501 2778 1757 2831 nutrien-

158 2871 287 2937 dus,
308 2887 458 2942 aqua
477 2871 545 2924 ad
564 2869 906 2924 ablutionem
929 2867 1303 2922 caldariorum
1327 2872 1385 2921 et
1398 2866 1754 2921 scutellarum

156 2959 488 3023 caleﬁenda,
522 2958 715 3012 lardus
745 2974 872 3013 cum
903 2956 1146 3010 oleribus
1175 2956 1514 3026 coquendus,
1540 2971 1605 3009 ac
1633 2960 1760 3026 post

163 3048 300 3103 inde
330 3047 528 3117 sagina
547 3046 929 3118 exprimenda,
963 3049 1020 3099 et
1037 3052 1239 3099 caetera
1264 3044 1352 3098 his
1377 3044 1602 3110 similia,
1636 3060 1759 3114 qua:

158 3137 285 3209 ipsa
313 3136 616 3192 necessitas
644 3135 849 3191 melius
881 3136 1044 3189 docet
1070 3151 1181 3189 non
1220 3133 1719 3205 praetermittenda.

234 3228 377 3295 (υυ.)
410 3227 685 3280 Caeterum
721 3224 858 3278 fabae
902 3223 1075 3278 etiam
1121 3223 1344 3293 quando
1389 3223 1466 3277 ita
1495 3228 1628 3277 sunt
1656 3238 1759 3276 no-

160 3315 341 3382 vellae,
371 3319 429 3369 et
455 3331 557 3386 pro
582 3313 917 3386 quibusdam
963 3312 1176 3366 deliciis
1215 3328 1342 3366 cum
1384 3312 1576 3383 pipere
1626 3329 1759 3366 con-

161 3404 420 3471 diuntur,
446 3420 560 3458 non
580 3420 615 3457 a
636 3402 901 3457 fratribus
926 3402 1022 3456 sed
1045 3418 1078 3456 a
1100 3401 1322 3455 famulis
1341 3407 1678 3472 coquuntur.
1698 3402 1764 3456 In

162 3494 290 3565 ipsa
314 3493 557 3563 coquina
603 3491 849 3562 regulari
903 3491 1144 3561 scriptor
1191 3496 1434 3556 tantum,
1483 3491 1531 3544 si
1577 3491 1766 3545 incau-

166 3589 322 3637 stum
354 3580 497 3650 (l18)
523 3586 838 3653 temperare
852 3581 1108 3643 voluerit,
1127 3596 1240 3634 non
1268 3580 1615 3650 prohibetur,
1644 3586 1698 3635 et
1717 3582 1766 3635 si

169 3671 300 3743 quis
328 3670 567 3725 voluerit
592 3672 806 3725 calceos
832 3687 963 3726 suos
991 3687 1224 3742 ungere,
1251 3669 1765 3743 providebithoram

168 3764 608 3833 competentem,
639 3760 694 3814 id
724 3767 810 3815 est
854 3760 913 3814 in
938 3766 1132 3815 aestate
1154 3765 1285 3815 ante
1324 3761 1582 3832 primam.
1617 3766 1674 3814 et
1708 3760 1767 3814 in

168 3851 378 3922 hyeme
404 3858 538 3905 ante
566 3850 814 3916 tertiam,
848 3856 905 3904 et
932 3849 982 3904 si
1013 3849 1387 3905 meridianum
1419 3866 1530 3903 non
1556 3851 1764 3920 agitur,

168 3946 298 4012 post
326 3956 570 4007 nonam;
601 3939 649 3993 si
692 3944 883 3993 tamen
912 3939 1210 3994 servitores
1240 3956 1351 3993 non
1390 3938 1600 3993 habent
1647 3956 1769 3992 am-

164 4030 315 4101 plius
339 4028 758 4083 administrare.
787 4028 956 4083 Pueri
988 4046 1210 4100 quoque
1264 4028 1524 4083 candelas
1569 4028 1771 4099 quibus

164 4135 308 4190 opus
340 4117 663 4189 habuerint,
698 4117 909 4172 faciunt
940 4118 998 4172 in
1036 4118 1159 4189 ipsa
1187 4118 1425 4189 coquina
1469 4135 1596 4172 cum
1646 4135 1768 4172 ma-

165 4208 364 4280 gistris
391 4207 528 4262 suis.

743 4298 977 4353 CAPUT
1003 4299 1196 4353 XCIX.

1839 2685 2040 2733 rantur
2067 2681 2280 2735 calceos
2306 2698 2433 2736 cum
2488 2684 2681 2738 cultris
2731 2687 2802 2740 ad
2850 2688 3056 2742 lectum
3100 2695 3344 2759 portare,
3377 2696 3436 2746 et

1843 2783 1970 2820 mox
1996 2769 2292 2823 redeuntes
2330 2771 2387 2824 in
2416 2771 2724 2826 claustrum
2753 2791 2954 2828 manus
3003 2777 3211 2843 lavant,
3273 2785 3330 2831 et
3383 2779 3432 2833 si

1840 2855 2084 2910 ofﬁcium
2115 2857 2503 2914 defunctorum
2540 2877 2651 2914 non
2678 2869 2765 2915 est
2791 2865 3093 2932 agendum,
3124 2867 3435 2936 percussio-

1841 2960 1969 2998 nem
1999 2945 2202 3000 tabula:
2233 2947 2303 3000 ad
2333 2949 2680 3015 mandatum,
2715 2950 2831 3005 sive
2852 2953 3091 3023 cymbali
3121 2954 3192 3008 ad
3236 2954 3435 3010 biben-

1842 3034 1997 3102 dum,
2022 3034 2072 3088 si
2098 3050 2211 3088 non
2239 3037 2597 3103 coenaverint,
2631 3039 2702 3092 ad
2751 3039 2957 3093 lectum
3003 3042 3263 3097 sedentes
3303 3060 3434 3099 cum

1840 3138 2062 3176 summo
2090 3122 2313 3177 silentio
2342 3131 2682 3195 exspectant.
2720 3126 2779 3181 Si
2807 3133 3031 3200 autem,,
3045 3135 3108 3184 ut
3131 3131 3436 3202 aliquando

1840 3210 2085 3281 hyemali
2103 3215 2355 3283 tempore
2405 3214 2701 3284 contingit,
2762 3217 3111 3273 coenantibus
3159 3219 3436 3275 ministris

1842 3304 2070 3371 prOpter
2083 3299 2411 3355 instantiam
2440 3302 2621 3357 noctis
2649 3320 2683 3356 a
2712 3311 2987 3360 conventu
3016 3307 3181 3362 lectio
3208 3308 3439 3363 interim

1845 3388 2040 3443 haberi
2067 3406 2179 3444 non
2205 3395 2406 3460 potest,
2438 3392 2686 3447 accensis
2729 3394 3037 3450 luminibus
3088 3396 3149 3450 in
3195 3398 3438 3469 capitulo

1845 3477 2050 3532 tabulae
2076 3479 2360 3550 percussio
2381 3486 2751 3552 exspectatur.
2782 3484 2917 3538 Post
2934 3501 3150 3540 orenam
3176 3502 3307 3541 vero
3336 3486 3447 3542 mi-

1846 3567 2153 3621 nistrorum
2169 3568 2253 3622 vel
2281 3585 2637 3625 communem
2667 3571 2994 3628 bibitionem
3019 3573 3269 3647 inquiret
3287 3576 3445 3647 prior

1849 3673 1884 3710 a
1902 3657 2107 3711 domno
2127 3656 2344 3725 abbate,
2368 3659 2415 3712 si
2442 3660 2576 3714 velit
2593 3662 2861 3717 mandato
2898 3662 3188 3718 interesse.
3217 3664 3319 3719 Illo
3344 3681 3441 3720 au-

1850 3752 1963 3800 tem
1993 3747 2106 3800 sive
2150 3748 2371 3802 volente
2414 3748 2530 3804 sive
2586 3751 2830 3818 nolente,
2879 3752 3036 3822 prior
3086 3758 3277 3808 tamen
3328 3769 3443 3808 non

1850 3835 2064 3889 omittit
2093 3823 2341 3889 tabulam
2370 3842 2681 3908 percutere.

2484 3926 2718 3980 CAPUT
2756 3924 2818 3980 Ο.

2319 4016 2387 4068 De
2416 4016 2680 4068 mandato
2707 4016 2976 4083 fratrum.

1926 4106 1948 4126 '
1978 4102 2158 4173 Igitur
2185 4118 2449 4173 percussa
2478 4102 2670 4157 tabula
2709 4103 3131 4160 hebdomadarii
3167 4108 3439 4179 coquinae,

1852 4190 1948 4262 qui
1979 4192 2241 4262 praesenti
2271 4191 2619 4245 hebdomade
2647 4192 2959 4247 servierunt
2999 4195 3071 4248 ad
3120 4195 3442 4265 lavandum,

1852 4281 1948 4351 qui
1976 4280 2235 4334 servituri
2263 4285 2394 4333 sunt
2421 4279 2478 4334 in
2508 4281 2765 4350 sequenti
2793 4281 2863 4335 ad
2884 4284 3220 4352 tergendum
3251 4286 3444 4358 pedes,

168 4388 403 4456 Quando
415 4387 622 4455 fratres
635 4389 940 4455 anticipant
954 4389 1285 4441 mandatum
1302 4391 1363 4441 in
1385 4390 1584 4457 quinta
1599 4388 1764 4455 feria,
1783 4387 1835 4447 D
1854 4386 1914 4423 se
1933 4375 2154 4440 Parant"
2188 4369 2507 4423 conventus
2526 4369 2833 4438 capitum“)
2864 4371 3059 4437 intrat:
3092 4374 3283 4445 δίοίιιιθ
3301 4378 3448 4431 iacto

530 4464 579 4513 et
607 4460 873 4526 quomodo
903 4460 1063 4526 pedes
1087 4462 1404 4527 pralavent.

235 4552 260 4574 ⁶
289 4548 749 4618 Quotiescunque
777 4547 1005 4617 aliquod
1034 4548 1258 4613 festum,
1291 4547 1350 4601 in
1378 4564 1490 4617 quo
1518 4547 1768 4619 psalmus

174 4640 359 4692 Venite
387 4654 425 4692 a
453 4643 699 4708 quatuor
736 4642 823 4691 est
849 4638 1162 4691 cantandus
1201 4636 1258 4690 in
1293 4635 1546 4703 sabbato,
1587 4636 1671 4690 vel
1709 4637 1769 4690 in

161 4727 468 4782 Dominica
498 4716 1060 4797 occurrit'agendum,
1087 4726 1146 4779 in
1170 4726 1369 4797 quintu
1403 4725 1542 4780 feria
1562 4742 1770 4798 prisce-

162 4816 337 4870 dente
366 4815 698 4869 mandatum
717 4814 1253 4886 estanticipandum.
1275 4815 1431 4868 Tunc
1454 4815 1627 4869 etiam
1656 4813 1771 4868 fra-

163 4908 284 4959 tres
322 4905 635 4973 praelavant
663 4903 851 4975 pedes,
881 4908 939 4959 et
975 4903 1023 4958 si
1074 4903 1198 4975 quis
1232 4904 1482 4975 podagra
1530 4906 1613 4958 vel
1662 4904 1771 4958 alio

166 4991 370 5047 morbo
391 4991 473 5046 ita
493 4992 813 5047 inﬁrmatur
832 4992 891 5046 in
916 4992 1174 5063 pedibus,
1193 4998 1258 5047 ut
1272 5009 1368 5047 eos
1388 4998 1773 5064 competenter

1849 4463 1978 4512 ante
2011 4463 2069 4511 et
2095 4462 2245 4511 retro
2268 4457 2487 4524 sedens,
2503 4457 2807 4512 intrantem
2827 4459 3088 4515 abbatem
3102 4464 3185 4517 vel
3202 4463 3447 4535 priorem

1850 4551 2151 4616 exspectat.
2184 4546 2365 4599 Priori
2386 4547 2702 4616 assurgitur
2730 4549 2959 4623 erectim
2984 4567 3156 4622 super
3183 4553 3445 4623 scabella;

1852 4634 2042 4688 abbati
2065 4650 2194 4687 vero
2222 4633 2458 4688 intranti
2479 4636 2702 4695 stando,
2727 4637 2825 4693 sed
2854 4621 3318 4698 noninclinando.
3343 4621 3452 4699 Im-

1853 4728 2095 4795 ponente
2128 4722 2495 4794 antiphonam
2547 4725 2754 4779 domno
2803 4726 3025 4792 abbate,
3078 4731 3183 4795 vel,
3239 4732 3287 4786 si
3332 4732 3451 4803 ipse

1855 4812 2054 4868 absens
2081 4817 2186 4879 est,
2218 4812 2482 4877 armario,
2510 4812 2591 4865 illi
2621 4814 2716 4884 qui
2739 4815 2909 4884 pedes
2932 4817 3170 4872 fratrum
3210 4819 3452 4875 lavaturi

1854 4907 2005 4967 sunt,
2037 4899 2359 4971 praecedunt
2377 4899 2583 4954 tersuri
2609 4918 2737 4956 cum
2758 4902 2945 4957 linteis
2973 4926 2984 4967 ;
3009 4906 3294 4975 praecincti
3308 4924 3448 4962 rcum

1855 4989 2043 5044 linteis
2060 4989 2499 5059 subsequuntur,
2529 4994 2587 5043 et
2605 4990 2684 5044 sic
2713 4991 3020 5061 capitulum
3078 4994 3315 5064 ingressi
3340 5014 3353 5063 ;
3403 4997 3452 5051 si

169 5081 232 5135 in
261 5081 510 5136 claustro
544 5097 673 5136 cum
712 5081 850 5153 ipsis
885 5081 1113 5137 abluere
1143 5099 1255 5136 non
1295 5082 1489 5153 possit,
1533 5099 1661 5137 cum
1704 5083 1774 5137 li-
1860 5084 2104 5150 quatuor
2129 5082 2283 5144 sunt,
2314 5076 2527 5147 primus
2559 5083 2618 5131 et
2643 5079 2845 5133 tertius
2872 5079 2932 5133 in
2957 5080 3152 5136 ordine
3178 5081 3238 5136 in
3257 5083 3455 5139 dextra

173 5169 364 5224 centia
389 5168 599 5224 lavabit
624 5169 683 5224 in
711 5169 1045 5237 inﬁrmaria,
1079 5176 1138 5225 et
1188 5170 1432 5224 famulus
1480 5170 1778 5224 inﬁrmarii
1859 5170 2048 5222 lavant
2075 5173 2254 5239 parte,
2282 5166 2560 5220 secundus
2600 5173 2659 5221 et
2685 5173 2921 5238 quartus
2944 5168 3001 5223 in
3046 5169 3293 5237 sinistra,
3324 5174 3454 5244 pedi

176 5274 385 5329 aquam
416 5257 838 5313 administrabit
865 5259 950 5313 illi
974 5277 986 5312 :
1020 5259 1119 5314 sed
1148 5264 1343 5330 postea
1360 5259 1431 5312 ad
1449 5259 1776 5313 mandatum
1863 5274 2027 5328 quem
2058 5258 2315 5310 laverunt
2341 5254 2529 5309 statim
2548 5256 2795 5309 calceum
2813 5273 3129 5328 supponere
3148 5276 3259 5314 non
3281 5262 3453 5332 negli-

178 5346 286 5417 ipsi
307 5347 481 5418 pedes
509 5363 622 5401 non
650 5348 929 5402 lavantur.
1855 5350 2073 5415 gentes.
2098 5344 2277 5407 Quem
2307 5342 2561 5396 ordinem
2578 5350 2805 5397 servant
2832 5349 2891 5411 et
2908 5345 3004 5415 qui
3030 5347 3201 5416 pedes
3226 5354 3459 5420 tergunt

250 5434 363 5491 Sed
388 5436 497 5490 hoc
522 5436 830 5505 sciendum,
864 5436 1015 5508 quod
1034 5437 1152 5492 haec
1180 5437 1384 5508 pedum
1415 5437 1618 5492 lavatio
1652 5442 1778 5509 post
1859 5435 2066 5488 domno
2088 5432 2279 5487 abbati
2308 5438 2367 5486 et
2394 5431 2481 5486 his
2507 5431 2776 5487 fratribus
2795 5437 3018 5490 tantum
3045 5435 3322 5508 quisuper
3338 5455 3458 5494 sca-

254 5612 397 5685 (118)
430 5616 775 5681 Incaustum,
827 5621 1172 5681 encau‘stum,
1224 5614 1394 5681 Italis,
1444 5616 1769 5681 Inchi'ostro,
1801 5615 1922 5672 Lat.
1954 5619 2352 5669 atramentum.

470 5714 736 5779 ΡΑτιιοι..
765 5714 885 5778 CL.

3141 5715 3217 5782 33
