3934 6414
186 0 197 3 .ν
244 0 443 25 Ἐς,
530 8 559 9 η

509 326 659 395 1035

1535 329 1592 384 S.
1634 326 2027 389 GUILLELMI
2061 326 2371 389 ABBATIS
2404 330 2748 393 HIRSAUG.

3646 339 3766 401 1036

503 454 722 519 bellum
748 457 849 517 aut
864 469 1035 531 super
1056 454 1292 529 juncum
1322 453 1539 522 sedent,
1559 453 1717 508 ﬂexis
1744 454 1805 512 in
1821 458 1976 509 terra
1997 470 2099 524 ge-
2115 452 2200 524 Α]
2210 469 2302 507 am
2314 454 2565 511 lectionis
2578 461 2881 529 exspectat,
2899 475 2965 515 ac
2984 464 3106 515 tum
3130 460 3326 517 tandiu
3345 462 3562 518 scillam
3576 465 3771 539 pulsat,

503 542 874 617 nibus,pedes
900 543 1139 603 fratrum
1168 544 1359 598 lavant
1386 548 1444 600 et
1499 547 1747 614 tergunt.
1799 542 1907 605 Qui
1943 540 2099 612 prius
2182 558 2471 615 quousque
2495 546 2719 615 juvenis
2752 548 2838 602 vel
2883 566 3187 620 puerorum
3227 552 3446 622 aliquis,
3499 552 3548 607 si
3592 561 3774 609 assunt

504 639 725 704 partem
753 649 914 689 suam
942 632 1300 706 perlaverint,
1324 633 1382 686 in
1420 632 1597 687 altera
1643 636 1804 703 parte
1848 631 2098 689 lavantes
2179 632 2477 687 Bemdicz‘te
2505 635 2757 707 incipiat.
2786 639 2960 704 Tunc,
2984 640 3117 693 data
3140 642 3600 711 persacerdotem
3620 642 3771 697 bene-

504 723 793 797 adjuvant,
820 738 929 792 quo
950 722 1114 777 citius
1135 739 1195 776 se
1215 722 1533 799 expediant.

574 812 811 867 Peracta
835 817 1024 865 autem
1049 811 1255 885 pedum
1295 811 1571 865 lavatione
1602 809 1770 865 simul
1819 814 1875 862 et
1904 824 2099 862 manu-

2179 719 2439 787 dictione,
2472 740 2600 778 mox
2631 726 2727 797 qui
2757 727 2973 797 primus
3022 744 3218 782 eorum
3257 730 3328 783 ad
3373 731 3613 801 gradum
3658 749 3773 787 con-

2179 811 2267 862 tra
2298 810 2542 879 priorem
2593 815 2832 880 steterit,
2867 816 2974 885 ipsi
3000 817 3261 887 poculum
3291 819 3548 888 porrigit,
3581 827 3637 873 et
3663 821 3771 892 ipse

496 877 830 971 tergiorum,
864 906 1020 954 extra
1049 877 1386 971 qcapitulum
1441 898 1537 951 ubi
1584 914 1731 969 aqua
1781 897 2095 950 lavantibus
2177 905 2383 967 paterae
2403 917 2517 954 suae
2546 902 2810 965 infundit,
2842 905 3027 958 caeteri
3060 921 3189 959 vero
3219 908 3433 962 caeteris
3457 877 3768 980 propinant,

499 989 929 1064 ministrabatur
954 1004 1055 1065 per
1083 1003 1428 1052 conversum,
1454 987 1544 1041 cui
1571 986 1678 1040 hoc
1704 985 1949 1041 ofﬁcium
1968 986 2091 1040 fue-

499 1083 591 1135 rat
625 1077 958 1148 injunctum,
988 1078 1047 1131 in
1074 1077 1269 1131 eodem
1300 1077 1440 1141 loco,
1471 1075 1577 1130 sibi
1602 1075 1840 1129 invicem
1885 1090 2090 1147 aquam

498 1166 569 1221 ad
598 1183 797 1224 manus
827 1166 1244 1230 administrant,
1281 1182 1418 1236 quas
1446 1171 1638 1219 tamen
1677 1181 1789 1219 non
1826 1169 2080 1237 tergunt.

497 1254 652 1313 Tunc
667 1255 1108 1331 ingredientibus
1120 1255 1232 1309 illis
1252 1270 1377 1310 cum
1405 1253 1642 1307 baccinis
1655 1254 1723 1307 ad
1745 1252 2090 1307 ablutionem

495 1361 766 1403 manuum
783 1345 971 1400 nullus
997 1344 1227 1399 absente
1251 1343 1453 1397 abbate
1479 1342 1653 1419 priori
1690 1342 1935 1414 assurgit
1959 1360 1971 1408 ;
1992 1341 2090 1395 sed

492 1435 881 1509 unusquisque
923 1434 1125 1489 sedens
1179 1433 1504 1487 ministrum
1555 1448 1715 1502 aqua;
1771 1435 2079 1502 exspectat.

491 1524 703 1579 Verum
741 1524 789 1579 si
818 1522 1110 1601 episc0pus
1140 1521 1343 1592 aliquis
1381 1522 1467 1575 vel
1513 1520 1684 1575 abbas
1737 1520 1815 1574 ibi
1861 1520 1922 1574 in
1969 1519 2088 1573 loco

492 1612 684 1669 domni
709 1611 928 1669 abbatis
954 1611 1131 1676 sedet,
1158 1609 1411 1680 surgenti
1450 1626 1644 1667 omnes
1675 1615 1997 1680 assurgunt,
2033 1612 2089 1663 et

489 1701 539 1755 si
567 1717 737 1775 super
757 1699 1061 1757 Sabellum
1090 1699 1327 1763 steterit,
1345 1708 1353 1768 ε
1372 1705 1507 1756 tunc
1532 1716 1635 1754 nec
1663 1716 1961 1754 conversus
2015 1701 2087 1755 ad

2175 986 2504 1058 incipientes
2533 1007 2567 1043 a
2595 992 2874 1061 prioribus
2898 994 2964 1047 ad
2996 998 3301 1066 utrumque
3315 997 3596 1052 refectorii
3609 999 3765 1065 latus,

2171 1080 2455 1143 postremo
2476 1076 2534 1130 in
2563 1079 2749 1133 medio
2776 1081 3217 1138 considentibus.
3252 1085 3391 1138 Cum
3413 1091 3604 1139 autem
3631 1087 3770 1158 quis-

2174 1179 2282 1233 que
2313 1170 2520 1233 patera:
2548 1183 2660 1221 suae
2675 1168 2947 1223 infuderit
2966 1176 3241 1242 quantum
3259 1172 3365 1226 sibi
3395 1174 3572 1228 visum
3590 1175 3764 1241 fuerit,

2167 1252 2330 1321 juxta
2358 1270 2417 1306 se
2442 1255 2657 1309 sedenti
2678 1257 2930 1328 porrigit.
2950 1260 3055 1313 Sed
3080 1261 3130 1314 si
3154 1261 3396 1316 domnus
3413 1263 3585 1318 abbas
3604 1266 3769 1319 allue-

2170 1340 2247 1393 rit
2269 1340 2375 1411 ipsi
2398 1342 2503 1396 soli
2533 1346 2815 1399 vasculum
2847 1347 2907 1399 in
2936 1365 3045 1419 quo
3065 1349 3172 1403 sibi
3197 1351 3558 1421 propinatum
3581 1353 3761 1421 fuerit,

2171 1428 2287 1494 dat,
2315 1430 2427 1485 sive
2464 1432 2538 1485 sit
2578 1434 2788 1504 phiala,
2832 1436 2948 1490 sive
2975 1443 3174 1509 patera
3216 1456 3349 1508 sua;
3392 1457 3519 1495 cum
3550 1440 3767 1510 biberit,

2170 1525 2301 1573 ante
2330 1536 2390 1575 se
2419 1521 2612 1591 ponit;
2648 1522 2795 1594 quod
2826 1525 2999 1579 etiam
3027 1526 3157 1580 licet
3185 1528 3413 1583 cuilibet
3458 1529 3648 1584 abbati
3691 1534 3767 1587 vel

2169 1608 2343 1677 priori
2361 1610 2524 1678 juxta
2555 1628 2615 1665 se
2649 1612 2884 1680 sedenti,
2916 1615 3003 1667 vel
3028 1632 3129 1686 per
3147 1618 3394 1688 seipsum
3416 1618 3670 1673 ordinem
3696 1624 3767 1673 te-

2170 1696 2342 1750 nenti.
2359 1698 2787 1769 Propinantium
2804 1708 3028 1772 pateras
3039 1704 3146 1774 ipsi
3157 1705 3434 1776 pincernae
3446 1707 3762 1776 infundunt;

488 1766 701 1845 terrain
725 1788 1030 1854 descendit,
1060 1788 1158 1846 sed
1176 1766 1376 1844 stando
1397 1805 1568 1860 super
1594 1789 1841 1845 scabella
1857 1794 2082 1863 praesto-
2101 1766 2246 1839 Billi
2278 1766 2492 1852 autem,
2521 1795 2745 1858 peracto
2777 1766 2878 1844 suo
2910 1766 3112 1858 ofﬁcio,
3157 1766 3273 1848 non
3313 1802 3378 1849 ut
3432 1796 3589 1867 prius
3628 1766 3767 1851 ordi;

487 1878 641 1937 latur
668 1877 844 1934 donec
871 1877 1175 1933 consideat.

556 1967 729 2025 Facta
746 1970 939 2025 autem
984 1971 1042 2021 et
1086 1982 1358 2021 manuum
1404 1966 1692 2022 ablutione
1749 1967 1944 2021 eodem
1995 1983 2081 2020 or-

486 2054 617 2111 dine
647 2072 758 2129 que
787 2061 845 2111 et
861 2055 1086 2128 pedum,
1109 2055 1157 2109 si
1185 2054 1309 2127 quis
1335 2055 1413 2109 ibi
1441 2072 1555 2111 non
1584 2055 2074 2122 hebdomadarius,

485 2144 585 2200 sed
632 2149 862 2216 rogatus
911 2143 987 2203 ab
1031 2143 1219 2214 aliquo
1263 2144 1702 2201 hebdomadario
1753 2145 1869 2198 vice
1926 2143 2078 2199 illius

481 2232 784 2298 ministrat,
816 2233 908 2289 hic
935 2250 1063 2289 cum
1087 2233 1223 2289 foris
1247 2234 1553 2306 capitulum
1584 2233 1879 2288 baccinum
1910 2234 2078 2304 depo-

482 2321 683 2389 suerit,
707 2338 995 2399 regressus
1021 2321 1080 2376 in
1106 2322 1296 2377 locum
1340 2339 1507 2378 suum
1559 2322 1787 2389 secedit,
1837 2322 2074 2376 faciens-

483 2429 594 2484 que
617 2412 695 2469 ibi
727 2418 857 2471 ante
886 2418 944 2471 et
977 2418 1147 2479 retro,
1177 2413 1354 2469 sedet.
1404 2412 1461 2470 Is
1481 2429 1614 2483 ergo
1641 2430 1677 2466 a
1705 2429 1814 2483 quo
1844 2418 2074 2483 rogatus

480 2502 665 2559 fuerat
691 2502 881 2563 exiens
908 2508 1039 2557 ante
1081 2502 1389 2573 capitulum
1438 2518 1497 2556 se
1526 2501 1741 2556 caeteris
1769 2501 1830 2556 in
1878 2502 2074 2556 ordine

479 2606 582 2651 suo
589 2591 801 2663 jungit,
817 2591 1008 2664 sicque
1028 2590 1488 2662 praecedentibus,
1513 2591 1609 2661 qui
1628 2590 1796 2660 pedes
1818 2591 2075 2645 laverunt

480 2695 683 2748 omnes
714 2679 882 2734 simul
925 2685 1058 2735 ante
1105 2679 1293 2735 sedem
1335 2679 1529 2734 domni
1569 2678 1787 2732 abbatis
1845 2684 1975 2733 ante
2021 2685 2079 2733 et

478 2772 639 2823 retro.
660 2767 890 2825 faciunt.
907 2763 1063 2825 Tunc
1082 2768 1309 2823 tandem
1339 2768 1598 2839 sequitur
1626 2784 1721 2822 eos
1755 2784 2072 2834 conversus,

478 2856 574 2927 qui
601 2872 805 2929 aquam
838 2856 1177 2913 ministravit
1204 2857 1285 2911 eis
1314 2856 1650 2921 lavantibus,
1682 2862 1739 2910 et
1760 2857 1990 2911 veniens
2019 2857 2075 2911 in

475 2943 665 3003 locum
690 2961 856 3001 suum
880 2945 957 3000 ibi
985 2950 1117 3000 ante
1146 2949 1203 3003 et
1233 2951 1385 3000 retro
1406 2945 1539 2999 facit
1559 2951 1617 3001 et
1642 2945 1781 3017 ipse.
1804 2946 2077 3000 Lecturus

2162 1873 2299 1939 nati,
2333 1875 2431 1928 sed
2462 1882 2736 1947 quotquot
2763 1880 3160 1936 convenienter
3184 1883 3244 1937 in
3272 1884 3441 1938 simul
3457 1886 3624 1956 jungi
3646 1903 3767 1956 pos-

2162 1968 2311 2025 sunt,
2326 1965 2703 2034 prmcedentes
2730 1967 2916 2021 caeteri
2936 1969 3133 2023 eodem
3153 1971 3349 2026 ordine
3363 1972 3763 2044 subsequentes

2161 2052 2231 2105 ad
2260 2053 2501 2123 gradum
2529 2054 2789 2109 similiter
2810 2073 2877 2110 ex
2897 2063 3136 2129 utraque
3152 2065 3312 2132 parte
3338 2060 3534 2116 mediae
3555 2062 3762 2116 tabulae

2160 2144 2289 2193 ante
2320 2147 2376 2195 et
2394 2147 2544 2196 retro
2577 2142 2790 2197 faciunt
2814 2167 2826 2209 -,
2851 2153 2908 2199 et
2934 2147 3015 2200 sic
3032 2147 3093 2200 in
3113 2148 3299 2203 locum
3327 2165 3494 2204 suum
3525 2149 3755 2206 bibituri

2158 2230 2416 2284 redeunt.

2228 2319 2286 2373 Si
2316 2319 2440 2390 quis
2464 2320 2703 2375 fratrum
2716 2321 2944 2376 interim
2963 2327 3349 2394 supervenerit
3368 2327 3607 2384 lectione
3625 2347 3758 2386 non-

2166 2406 2301 2461 dum
2326 2409 2505 2476 ﬁnita,
2540 2409 2767 2464 bibendi
2792 2412 3074 2467 licentiam
3119 2415 3337 2487 accipit.
3369 2417 3427 2470 Si
3454 2418 3657 2488 quibus
3691 2420 3757 2474 de

2156 2503 2292 2567 potu
2307 2498 2440 2568 quid
2456 2505 2714 2553 remanet
2732 2500 3183 2568 bibentibus,hoc
3198 2505 3503 2560 infundunt
3519 2508 3756 2578 justitiis

2155 2587 2290 2652 suis,
2324 2596 2381 2641 et
2408 2594 2632 2658 pateras
2656 2597 3045 2661 superponunt
3071 2592 3339 2657 inversas,
3363 2595 3551 2650 Finita
3569 2603 3757 2651 autem

2159 2675 2396 2729 lectione
2425 2676 2603 2730 lector
2642 2679 2802 2748 ponit
2838 2679 3043 2733 librum
3076 2680 3135 2734 in
3162 2684 3529 2752 supremitate
3551 2702 3756 2740 mensae

2158 2764 2308 2818 illius
2335 2765 2514 2833 linem,
2540 2774 2759 2837 quaeest
2777 2768 3006 2838 pr0pior
3033 2770 3151 2822 sedi
3180 2787 3314 2839 suae,
3341 2772 3601 2844 factoque
3629 2782 3758 2829 ante

2159 2859 2217 2907 et
2244 2857 2427 2926 retro,_
2440 2854 2647 2908 librum
2678 2856 2893 2927 recipit,
2918 2863 2974 2911 et
3020 2859 3247 2913 veniens
3273 2861 3331 2914 in
3376 2862 3564 2917 locum
3594 2881 3757 2919 suum

2159 2950 2291 2996 ante
2320 2960 2379 2996 se
2408 2944 2584 3013 ponit,
2620 2950 2677 2997 et
2696 2944 2775 2998 sic
2790 2946 2992 3000 sedens
3007 2947 3163 3001 bibit.
3188 2948 3400 3004 Deinde
3427 2968 3553 3005 cum
3578 2954 3753 3024 priori

475 3049 664 3095 autem
684 3037 759 3093 ad
775 3036 1130 3092 collationem
1159 3051 1396 3106 surgens
1426 3035 1639 3101 statim,
1672 3051 1800 3089 cum
1842 3035 2079 3089 sacrista
2099 3077 2143 3141 Ο
2161 3032 2342 3085 visum
2377 3031 2549 3086 fuerit
2578 3032 2790 3087 scillam
2813 3035 2883 3088 ad
2904 3037 3248 3106 surgendum
3270 3044 3404 3093 tunc
3418 3042 3682 3112 percutit,
3697 3060 3760 3097 ac

526 3140 531 3141 γ
586 3140 591 3141 γ
646 3130 681 3141 ιν
734 3123 770 3141 1⁸
885 3123 947 3141 ιὲκ
1000 3122 1417 3141 κνικνυικ-ηγικμη
1469 3122 1649 3141 -ῌΞμκ3ι
1703 3122 1867 3141 μμΔΞΑμ
1909 3122 2041 3141 ικᾼᾼ
2161 3121 2211 3141 ζμ
2250 3121 2569 3141 ___'I-___I__A
2615 3128 2833 3141 ,,4__,,,-
3043 3126 3056 3141 ἱ
3301 3133 3307 3141 -
3664 3133 3694 3141 -'
3743 3139 3749 3141 -

475 3130 703 3196 accepta
734 3123 965 3182 licentia
991 3123 1064 3179 ad
1086 3122 1425 3194 pulsandum
1457 3122 1676 3184 exierit,
1702 3122 1880 3193 petita
1909 3122 2074 3177 bene-

476 3212 744 3281 dictione,
762 3212 1066 3271 lectionum
1081 3211 1300 3267 orditur
1316 3211 1506 3267 statim
1528 3216 1591 3266 ut
1610 3217 1839 3267 cantum
1852 3212 2073 3266 ﬁnitum

478 3302 741 3359 audierit.
770 3298 938 3359 Lecto
964 3317 1078 3359 uno
1110 3301 1196 3355 vel
1217 3298 1435 3357 duobus
1488 3300 1758 3367 versibus,
1792 3301 1888 3372 qui
1938 3307 2075 3355 tunc

477 3395 637 3449 tenet
665 3388 862 3448 ordine
891 3390 1095 3446 sedens
1138 3389 1199 3444 in
1253 3388 1547 3460 principali
1600 3389 1757 3457 loco,‘
1800 3390 1987 3445 innuit
2023 3389 2076 3443 ei

480 3480 584 3552 qni
605 3478 715 3536 sibi
736 3479 796 3534 in
819 3480 1065 3535 tenendo
1089 3479 1284 3534 ordine
1304 3478 1381 3532 ibi
1409 3478 1695 3549 proximus
1746 3484 1851 3543 est,
1885 3482 1940 3533 et
1978 3478 2075 3533 ille

476 3568 625 3625 facto
645 3573 779 3627 ante
809 3574 868 3625 et
894 3574 1045 3622 retro
1083 3566 1240 3623 suavi
1267 3566 1555 3638 egreditur
1592 3567 1814 3621 incessu
1846 3566 1916 3619 ad
1955 3582 2077 3635 per-

478 3657 807 3715 cutiendum
833 3656 1169 3729 cymbalum,
1189 3656 1237 3712 si
1263 3664 1454 3713 tamen
1474 3654 1677 3710 lectum
1697 3654 1938 3709 audierit
1968 3672 2082 3709 ver-

481 3762 626 3813 sum;
656 3761 823 3819 quem
839 3746 1010 3803 etiam
1022 3745 1411 3803 refectorarius
1425 3743 1547 3816 pari
1567 3744 1823 3816 sequitur
1836 3743 2074 3800 incessu.

482 3836 692 3891 Audito
721 3836 911 3906 itaque
941 3833 1216 3907 cymbalo,
1240 3834 1444 3889 fratres
1476 3833 1730 3889 ordinate
1750 3834 1810 3887 in
1836 3822 2077 3888 refecto-

482 3926 631 3984 rium
659 3925 987 3997 procedunt,
1012 3930 1070 3979 et
1091 3925 1189 3995 qui
1210 3924 1271 3981 in
1297 3924 1480 3979 eundo
1501 3922 1708 3977 dexteri
1741 3928 1890 3986 sunt,
1920 3923 2082 3976 incli-

480 4022 624 4071 nant
650 4031 711 4070 se
743 4014 1062 4087 cymbalum
1090 4012 1577 4085 percutienti,ipse
1605 4027 1826 4082 quoque
1851 4011 2083 4066 inclina-

481 4111 578 4163 tus
605 4121 721 4163 non
746 4121 807 4161 se
839 4104 914 4161 ad.
963 4104 1193 4177 plenum
1248 4102 1431 4173 erigit,
1501 4102 1829 4173 priusquam
1886 4118 2081 4156 omnes

482 4194 934 4268 pertransierint.
965 4194 1122 4249 Tunc
1158 4191 1328 4247 etiam
1355 4192 1530 4247 lector
1559 4191 1743 4247 eundo
1763 4190 1822 4245 in
1841 4190 2078 4246 refecto—

485 4284 635 4341 rium
663 4299 847 4353 neque
860 4282 1076 4353 primus
1100 4286 1204 4343 est.
1219 4297 1401 4351 neque
1426 4280 1475 4337 si
1495 4279 1711 4334 altioris
1737 4285 1824 4334 est
1843 4279 2077 4347 ordinis,

485 4374 673 4431 locum
702 4388 869 4430 suum
889 4376 1092 4435 sorvat,
1115 4369 1218 4427 sed
1242 4369 1497 4425 ordinem
1514 4370 1610 4440 qui
1632 4369 1685 4425 ei
1702 4370 1850 4424 inter
1868 4369 2080 4440 primos

2099 4416 2155 4478 Β

2160 3121 2218 3174 in
2242 3121 2437 3175 eodem
2457 3122 2577 3175 loco
2609 3128 2763 3176 stans
2778 3139 2970 3178 versus
2990 3126 3062 3180 ad
3080 3133 3412 3182 conventum
3428 3133 3759 3199 pronuntiat

2156 3226 2381 3264 versum
2408 3212 2767 3279 Adjutorium
2784 3218 3038 3268 nostrum
3068 3218 3130 3268 in
3150 3219 3373 3270 nomine
3384 3220 3632 3283 Domini,
3651 3221 3759 3275 sic-

2159 3315 2269 3369 que
2296 3299 2444 3354 facto
2473 3304 2605 3353 ante
2636 3306 2692 3352 et
2720 3306 2872 3355 retro
2900 3302 3030 3356 inde
3061 3304 3301 3358 redeunt
3339 3305 3398 3359 in
3436 3308 3752 3364 ecclesiam.

2158 3390 2423 3443 Attamen
2441 3388 2734 3443 sciendum
2765 3395 2850 3443 est
2880 3392 3027 3461 quod
3044 3392 3104 3445 in
3123 3394 3229 3447 hac
3258 3395 3377 3448 sola
3400 3398 3763 3467 processione

2156 3477 2359 3531 fratres
2386 3476 2627 3531 vicissim
2656 3484 2892 3548 possunt
2904 3486 3141 3547 mutare,
3166 3484 3764 3554 prOpterdiscedentes

2162 3566 2615 3634 obedientiarios,
2642 3583 2734 3637 qui
2766 3572 2901 3621 tunc
2927 3568 3058 3622 inde
3078 3586 3205 3624 cum
3230 3571 3766 3631 licentiadiscedere

2162 3660 2416 3726 possunt.
2451 3656 2629 3718 Quam
2660 3657 3030 3711 mutationem
3042 3675 3155 3713 non
3169 3659 3301 3714 licet
3318 3661 3378 3715 in
3402 3663 3516 3718 alia
3542 3681 3770 3739 proces-

2162 3745 2336 3812 sione,
2370 3744 2480 3798 nisi
2509 3743 2569 3797 in
2597 3745 2709 3797 ﬁne
2729 3745 2871 3799 ﬁeri.

2777 3834 3011 3892 CAPUT
3049 3836 3139 3891 CI.

2330 3923 2557 3990 Quando
2586 3923 2791 3989 fratres
2814 3924 2972 3991 infra
3001 3927 3348 3982 collationem
3378 3930 3589 3988 bibant.

2236 4012 2257 4034 *
2298 4012 2441 4066 Item
2472 4011 2915 4083 quotiescunque
2960 4013 3162 4069 fratres
3208 4015 3358 4071 inter
3405 4020 3772 4077 collationem

2162 4099 2380 4167 bibunt,
2415 4101 2565 4154 hunc
2589 4101 2979 4172 praescriptum
3008 4103 3262 4159 ordinem
3290 4107 3586 4165 tenebunt.
3620 4111 3774 4176 Quia

2159 4207 2290 4245 vero
2319 4190 2377 4244 id
2405 4189 2619 4243 occasio
2649 4189 2866 4256 obtulit,
2891 4190 3094 4260 quibus
3123 4193 3223 4248 ﬁat
3250 4198 3618 4268 temporibus,
3653 4218 3774 4256 non

2161 4280 2327 4335 debet
2352 4279 2594 4334 reticeri.
2625 4280 2691 4333 In
2721 4279 2981 4337 omnibus
3011 4281 3185 4350 festis,
3217 4301 3340 4356 quae
3374 4289 3622 4345 maximo
3653 4292 3775 4346 ritu

2167 4369 2540 4437 celebrantur,
2560 4367 2682 4439 ipso
2703 4368 2793 4421 die
2807 4374 2999 4424 sancto
3009 4369 3157 4425 infra
3166 4374 3523 4435 collationem
3538 4378 3773 4449 bibunt,

491 4466 697 4517 eventu
735 4459 999 4524 occurrit,
1041 4460 1101 4513 in
1141 4458 1499 4519 refectorium
1555 4475 1732 4529 usque
1767 4463 1941 4513 tenet.
2001 4457 2281 4513 Ibi”sive
2318 4458 2565 4528 vigiliam
2590 4457 2797 4511 habeat
2824 4457 2930 4528 ipsi
2958 4458 3249 4530 festivitas,
3286 4464 3400 4520 sive
3428 4482 3563 4521 non.
3602 4470 3775 4533 Quod

491 4566 715 4622 quoque
739 4564 961 4605 versum
997 4548 1185 4618 legere
1239 4548 1406 4602 debet
1455 4553 1611 4602 stans
1647 4567 1657 4602 :
1716 4546 1979 4601 similiter
2028 4553 2087 4602 et

488 4644 648 4694 totus
668 4642 973 4692 conventus
1022 4640 1307 4707 exspectat
1355 4636 1531 4691 donec
1576 4636 1830 4690 ordinem
1886 4641 2084 4691 tenens

489 4742 969 4798 unumquemque,
997 4741 1163 4796 quem
1183 4724 1468 4795 praeteriit,
1503 4725 1864 4781 inclinantem
1905 4724 2085 4779 consi-

490 4816 671 4884 derat,
699 4833 734 4873 ει
762 4831 872 4886 quo
898 4813 1070 4869 etiam
1089 4813 1346 4869 innuitur
1365 4814 1416 4869 ei
1445 4814 1657 4878 statim,
1686 4819 1749 4869 ut
1773 4815 1942 4885 legat.
1978 4814 2082 4869 Re-

488 4904 823 4965 fectorarius
863 4908 1055 4959 autem
1099 4918 1255 4969 mox,
1279 4908 1343 4958 ut
1390 4918 1579 4957 vocem
1621 4903 1859 4973 legentis
1904 4902 2080 4970 audit,

488 4996 711 5055 scillam
735 4993 908 5049 semel
939 5008 1115 5050 manu
1128 5008 1392 5048 resonare
1427 4993 1585 5062 facit,
1614 4998 1680 5046 ut
1692 4992 1885 5047 audito
1916 4992 2081 5062 hujus

488 5085 680 5147 sonitu
697 5082 948 5142 eonversi
968 5098 1033 5137 ac
1050 5082 1302 5152 juvenes,
1327 5081 1530 5152 quibus
1542 5081 1648 5136 hoc
1659 5087 1744 5135 est
1761 5081 2074 5151 proprium,

488 5180 730 5251 surgant
757 5174 827 5229 ad
854 5171 1288 5245 propinandum,
1317 5171 1521 5241 quibus
1541 5187 1668 5225 cum
1694 5171 1814 5242 ipse
1844 5171 1967 5226 sine
1995 5188 2081 5225 or-

485 5265 636 5323 dinis
649 5279 846 5319 eorum
868 5259 1335 5326 consideratione,
1362 5266 1529 5330 prout
1549 5260 1906 5329 accesserint,
1927 5266 2081 5332 pate-

487 5372 580 5413 ras
610 5360 745 5425 potu
781 5350 1118 5423 impleverit,
1141 5354 1198 5403 et
1215 5349 1318 5421 ipsi
1348 5349 1629 5415 similiter,
1663 5355 1832 5419 prout
1863 5350 1932 5403 ab
1985 5352 2081 5405 illo

486 5444 756 5503 recedunt
776 5447 908 5501 ante
947 5441 1217 5511 gradum,
1250 5445 1489 5508 utraque
1532 5445 1690 5507 parte
1722 5437 1928 5494 tabulae
1958 5456 2082 5509 quae

486 5532 845 5586 refectorium
866 5530 1063 5583 dividit
1081 5529 1141 5582 in
1175 5529 1426 5599 longum,
1461 5526 1545 5580 vel
1590 5528 1739 5580 alter
1784 5533 1911 5598 post
1945 5529 2082 5583 alte«

484 5634 613 5673 rum
632 5619 893 5674 steterint
918 5622 1167 5672 extremo
1192 5618 1313 5687 jam
1342 5615 1741 5688 progrediente
1765 5617 2084 5689 proximum

2165 4548 2213 4603 si
2240 4547 2487 4618 vigiliam
2516 4546 2705 4611 habet,
2735 4546 2793 4600 in
2809 4563 2872 4600 ea
2903 4547 3014 4615 die,
3047 4566 3169 4620 quae
3200 4552 3445 4623 vigiliam
3472 4559 3773 4627 praecedit,

2165 4640 2368 4694 fratres
2395 4638 2546 4693 inter
2563 4635 2919 4691 collationem
2940 4635 3156 4694 bibunt.
3189 4641 3397 4699 Bibunt
3424 4644 3603 4700 etiam
3633 4664 3777 4718 quo-

2164 4728 2494 4799 tiescunque
2522 4727 2580 4780 in
2607 4730 2800 4780 aestate
2829 4724 2888 4779 in
2917 4728 3163 4782 crastina
3192 4730 3283 4785 die
3312 4731 3522 4789 debent
3530 4735 3778 4806 jejuna.

2164 4834 2248 4887 re,
2277 4822 2335 4871 et
2362 4816 2578 4887 quoties
2615 4815 2845 4885 insuper
2887 4815 3064 4885 priori
3104 4818 3343 4888 videtur,
3392 4823 3477 4877 vel
3531 4832 3778 4897 propter

2164 4907 2405 4962 nimium
2451 4906 2714 4972 calorem,
2760 4902 2846 4958 vel
2893 4912 3121 4978 propter
3173 4908 3496 4981 hujusmodi
3532 4930 3780 4971 causam

2164 4996 2579 5059 rationabilem,
2602 5002 2659 5052 et
2688 5015 2866 5070 usque
2896 4999 2967 5054 ad
2988 4998 3119 5052 Idus
3141 4998 3509 5071 Septembris.

2751 5089 2987 5145 CAPUT
3024 5089 3123 5144 CII
3137 5132 3150 5146 .

2501 5177 2573 5231 De
2591 5179 2855 5231 mandato
2870 5180 3066 5245 prium
3084 5192 3413 5247 pauperum.

2234 5264 2379 5337 (ου.)
2407 5266 2599 5321 Brevis
2628 5266 2961 5337 in'capitulo
2990 5266 3272 5322 clauditur
3293 5284 3420 5322 cum
3448 5267 3537 5323 his
3556 5270 3771 5335 tribus,

2164 5355 2261 5425 qui
2281 5356 2351 5409 ad
2382 5356 2771 5426 quotidianum
2802 5357 3133 5410 mandatum
3154 5362 3458 5411 notantur:
3493 5360 3649 5429 quod
3682 5361 3778 5413 in-

2164 5444 2401 5499 choatur
2435 5444 2493 5498 in
2526 5445 2707 5515 capite
2733 5444 2957 5514 jejunii,
2991 5451 3043 5499 et
3065 5446 3335 5516 perdurat
3364 5449 3635 5517 usquead
3661 5449 3777 5502 Ka-

2163 5533 2358 5587 lendas
2386 5533 2736 5587 Novembris.
2771 5533 2937 5587 Omni
2986 5535 3096 5601 die,
3144 5535 3259 5588 sive
3296 5552 3412 5589 una
3451 5536 3592 5603 vice,
3648 5537 3773 5590 sive

2164 5620 2382 5679 duabus
2408 5621 2751 5687 comedatur,
2780 5627 2908 5693 post
2933 5638 3150 5680 caenam
3178 5628 3386 5694 agitur.
3437 5626 3595 5683 Sanus
3628 5642 3771 5683 eon-
