3934 6418
141 346 273 402 1037
1164 354 1582 410 CONSTITUT.
1626 356 1962 411 HIRSAUG.
2008 377 2072 396 »ἀ
2111 355 2248 410 LIB.
2291 357 2362 409 II.
3266 351 3402 412 1M

133 476 303 525 ventu
321 471 381 524 in
399 473 688 528 ecclesiam
699 479 822 545 post
837 493 1052 530 coenam
1066 495 1191 532 cum
1215 481 1430 548 psalmo
1453 481 1719 546 intrante,
1742 485 1792 542 A
1813 488 1870 534 et
1889 481 1966 534 sic
1984 479 2322 551 pauperibus
2344 479 2891 532 ministratur.Panis
2910 478 2990 532 eis
3011 479 3399 547 in'dexteram,

135 559 229 629 qui
259 559 315 612 id
336 561 538 614 facturi
559 569 710 627 sunt,
732 581 832 634 per
846 566 1120 620 minorem
1137 569 1370 621 chorum
1398 574 1716 628 transeunt,
1815 578 1979 640 potus
2008 571 2065 622 in
2097 569 2382 622 sinistram
2415 567 2750 631 mittitur,et
2770 577 2970 621 manus
2991 573 3231 638 utr-agas
3249 585 3406 625 acu»

136 653 191 700 et
215 648 295 701 sic
331 666 390 702 se
437 667 612 720 prape
656 654 861 706 ostium
894 654 949 706 in
995 672 1166 708 unum
1222 659 1509 726 colligunt.
1554 661 1572 681 ⁶
1606 660 1729 711 Mox
1812 660 1980 712 lator.
2011 658 2222 711 Deinde
2251 663 2533 710 mutantes
2563 672 2642 722 se,
2685 662 2838 710 stant
2866 664 2922 711 et
2950 656 3224 711 inclinant-
3253 674 3314 712 ιθ
3335 659 3408 713 ad

141 740 266 804 post
282 753 504 791 versum
535 740 756 793 ﬁnitum
786 742 980 797 tabula
1003 746 1336 813 percutitur,
1362 747 1538 816 etipsi
1560 748 1729 817 primi
1814 747 2065 801 ordinem
2089 747 2430 816 hujusmodi.
2449 750 2616 816 (υαν.)
2642 747 2866 800 Ostende
2904 747 3077 807 nobis,
3111 746 3272 809 Deus,
3306 755 3404 802 etc.

144 823 230 877 vel
251 824 401 878 inter
445 828 656 897 primos
705 838 926 897 exeunt,
959 840 1016 886 et
1046 834 1324 903 psalmum
1357 838 1592 889 Laudato
1633 836 1735 888 im-

144 919 380 980 ponunt.
413 915 713 987 Presbyter
740 919 797 972 in
838 921 1042 985 medio,
1075 922 1171 974 alii
1201 939 1326 976 vero
1361 924 1492 977 hinc
1522 931 1578 977 et
1605 925 1736 978 inde

149 1002 501 1057 collaterales
531 1005 612 1058 illi
642 1009 884 1061 eundem
931 1011 1210 1079 psalmum
1254 1019 1545 1066 cantantes
1593 1015 1738 1067 ince-

149 1090 308 1143 dunt.
331 1092 472 1145 Cum
493 1099 680 1148 autem
712 1098 780 1149 ad
798 1099 1032 1166 januam
1067 1106 1292 1153 ventum
1321 1101 1509 1166 fuerit,
1535 1103 1630 1172 qui
1658 1103 1741 1155 in-

151 1185 237 1232 ter
264 1186 380 1234 tres
402 1183 598 1250 junior
625 1190 708 1238 est
727 1188 1016 1255 paululum
1048 1191 1329 1258 praecedit,
1355 1193 1590 1260 januam
1617 1208 1744 1261 ape-

151 1268 243 1334 rit,
268 1277 324 1322 et
347 1271 561 1340 primus
592 1274 720 1339 exit,
757 1292 821 1328 ac
848 1281 975 1346 post
999 1294 1128 1331 eum
1148 1280 1293 1332 alter
1321 1280 1436 1349 ille,
1473 1286 1742 1350 sequente

153 1357 258 1412 hoc
285 1362 594 1428 sacerdote,
627 1365 815 1435 sicque
844 1368 915 1419 ad
941 1367 1124 1420 locum
1153 1369 1285 1422 huic
1313 1371 1468 1440 operi
1506 1371 1742 1440 deputa-

152 1454 273 1502 tum
311 1457 572 1520 pergunt,
610 1466 703 1506 UD.
744 1454 1002 1508 videlicet
1029 1456 1104 1509 ibi
1133 1464 1248 1511 tres
1293 1475 1567 1528 pauperes
1596 1460 1745 1512 inve-

153 1538 316 1591 niunt
358 1540 478 1608 jam
530 1541 763 1609 pedibus
792 1545 1035 1603 nudatis,
1059 1551 1116 1599 et
1142 1563 1174 1599 a
1203 1548 1412 1601 famulo
1439 1550 1745 1619 eleemosy-

152 1627 298 1680 narii
328 1628 663 1698 prasiavatis.
699 1633 720 1655 *
752 1639 898 1686 Ante
920 1651 1059 1704 quos
1081 1636 1250 1688 etiam
1286 1653 1351 1689 eo
1381 1638 1601 1704 ordino,
1636 1655 1745 1707 quo

155 1716 288 1770 illuc
301 1727 596 1781 venerunt,
613 1721 1016 1793 qualiscunque
1033 1725 1104 1777 sit
1129 1725 1265 1790 dies,
1284 1726 1502 1778 veniam
1524 1732 1740 1796 petunt.

1817 838 2002 905 Kyrie,
2040 837 2277 901 Christe,
2309 837 2495 904 Kyrie,
2529 838 2695 888 Pater
2715 842 2914 889 noster.
2948 837 3015 890 Et
3047 853 3112 890 ne
3141 849 3255 891 nos.
3280 838 3411 893 Susé

1819 929 2073 994 cepimus,
2118 927 2362 985 Domine,
2399 930 2503 978 etc.
2556 926 2633 977 Tu
2664 927 2951 978 mandasti
2978 925 3248 980 mandata
3289 932 3405 991 tua,

1821 1020 1924 1067 etc.
1961 1014 2156 1068 Oratio
2185 1017 2452 1068 Dominus
2472 1015 2766 1067 vobiscum.
2806 1014 3283 1078 0re~mus.Adesto,
3304 1018 3412 1071 D04-

1822 1107 1992 1169 mine,
2043 1108 2147 1156 etc.
2199 1104 2368 1156 Facto
2418 1109 2607 1155 autem
2653 1106 2785 1156 ante
2814 1108 2871 1156 et
2906 1108 3057 1156 retro
3087 1109 3145 1157 et
3180 1105 3412 1174 pmfato

1823 1192 2039 1263 psalmo
2059 1192 2322 1262 imposito
2350 1191 2636 1245 recedunt.
2665 1191 2807 1244 Cum
2828 1196 3017 1246 autem
3047 1193 3306 1247 venerint
3340 1194 3414 1248 ad

1823 1281 2026 1333 fratres
2067 1281 2127 1333 in
2173 1281 2418 1333 claustro
2459 1279 2988 1344 sedentes,inclines
3030 1281 3315 1348 incedunt,
3358 1286 3418 1336 et

1823 1371 2024 1424 fratres
2059 1369 2138 1422 eis
2162 1369 2584 1423 transeuntibus
2615 1369 2871 1422 similiter
2898 1369 3133 1424 inclines
3165 1371 3418 1441 aliquanu

1825 1460 2008 1512 talum
2038 1465 2359 1529 assurgunt.
2398 1459 2794 1513 Pervenientes
2819 1475 2945 1512 cum
2967 1458 3088 1530 ipso
3114 1461 3332 1530 psalmo
3355 1461 3418 1516 in

1829 1549 2058 1601 chorum
2081 1549 2151 1601 ad
2181 1549 2440 1618 gradum,
2476 1548 2682 1601 iterum
2702 1548 2899 1601 dicunt
2927 1549 3274 1602 Dominicam
3289 1563 3420 1604 ora-

1827 1638 2057 1703 tionem,
2100 1653 2321 1690 versum
2369 1639 2434 1690 Et
2464 1641 2647 1690 veniat
2676 1652 2840 1705 super
2869 1651 2967 1690 nos
3013 1638 3413 1692 misericordia.

1831 1727 2154 1780 Collectam.
2206 1728 2454 1779 Actiones
2505 1731 2740 1778 nostras.
2802 1727 3074 1779 Dominus
3119 1729 3421 1788 vobiscum.

156 1818 254 1859 UD.
269 1806 486 1901 Deinde
516 1810 672 1901 ﬁnito
695 1812 910 1901 psalmo
932 1814 1188 1882 superior
1208 1815 1388 1867 locum
1403 1815 1501 1867 dat
1517 1815 1745 1886 presby-
1765 1838 1808 1901 Β
1832 1818 2244 1873 Denedicamus,
2285 1817 2307 1837 *
2332 1815 2402 1868 Et
2420 1814 2627 1868 iterum
2646 1814 2860 1868 faciunt
2884 1821 3014 1868 ante
3037 1819 3094 1868 et
3131 1819 3302 1870 retro.

155 1903 296 1962 tero,
317 1897 580 1951 secedens
597 1898 716 1968 ipse
736 1900 794 1953 in
821 1902 1070 1955 medium
1108 1909 1165 1956 et
1189 1904 1496 1974 antiphona
1512 1907 1749 1957 manda-

161 1990 275 2038 tum
299 2003 506 2039 norum
524 1987 805 2057 imposita,
829 1991 999 2060 pedes
1018 2007 1330 2061 pauperum
1349 1994 1584 2058 lavant,‘
1610 1995 1752 2047 lotos

159 2081 284 2144 post
311 2092 442 2129 cum
471 2076 644 2130 linteo
672 2078 872 2132 deinde
903 2080 1119 2150 capillis
1148 2098 1348 2150 parum
1378 2087 1626 2151 tergunt,
1662 2100 1754 2136 os-

160 2165 440 2230 culantur,
473 2166 752 2236 simulque
783 2169 957 2222 oculis
985 2176 1247 2238 tangunt.
1284 2171 1391 2234 Qui
1431 2177 1750 2241 postremus

162 2260 244 2307 est
271 2253 332 2308 in
363 2255 559 2308 ordine
601 2256 751 2310 idem
779 2258 1017 2312 linteum
1049 2275 1082 2311 a
1110 2260 1320 2312 famulo
1348 2266 1637 2330 acceptum
1695 2262 1752 2314 in

165 2359 395 2397 manum
443 2345 542 2398 dat
586 2345 880 2411 sacerdoti,
916 2347 1120 2401 deinde
1162 2349 1422 2403 sacerdos
1458 2351 1665 2417 medio,
1699 2356 1755 2404 et

163 2432 384 2486 medius
403 2433 622 2488 ultimo.

234 2524 377 2591 (UD.)
399 2523 607 2577 Postea
623 2524 822 2578 lavatis
844 2524 1088 2596 primum
1119 2528 1378 2582 manibus
1397 2529 1656 2599 proprii,
1685 2531 1756 2582 ad

164 2628 366 2666 manus
396 2627 619 2683 quoque
649 2629 961 2684 pauperum
991 2632 1196 2685 aquam
1219 2617 1469 2687 praebent
1487 2622 1543 2671 et
1564 2633 1760 2671 manu-

163 2701 428 2771 tergium.
456 2702 685 2756 Scillula
703 2720 736 2756 a
759 2704 1047 2758 sacerdote
1068 2707 1240 2759 semel
1278 2723 1544 2776 percussa
1573 2717 1760 2760 cessa-

163 2796 256 2845 tur
292 2809 328 2845 a
357 2797 547 2846 cantu.
591 2793 854 2846 Pulsatur
880 2794 1111 2848 tandem
1140 2795 1297 2848 scilla
1332 2815 1342 2848 :
1385 2811 1497 2865 qua
1525 2795 1759 2849 dimissa

164 2883 467 2935 Benedicite
491 2881 660 2935 datur
685 2897 854 2952 super
872 2883 1060 2937 cibum
1085 2888 1141 2938 et
1160 2889 1378 2955 potum,
1405 2885 1453 2937 si
1496 2883 1754 2950 habetur,

169 3057 3195 3092 ww

2418 1903 2651 1958 CAPUT
2671 1902 2816 1957 CIII.

1838 1994 1944 2059 Qui
1971 1996 2082 2045 sint
2103 1994 2176 2045 ad
2196 1994 2295 2045 hoc
2310 1995 2642 2046 mandatum
2663 1993 3054 2060 quotidianum
3066 1995 3418 2048 admittendi.

1910 2083 2016 2135 Sed
2046 2081 2330 2135 sciendum
2364 2081 2511 2151 quod
2541 2081 2799 2134 acerdos
2837 2081 3306 2136 hebdomadarius
3353 2082 3425 2136 ad

1833 2169 1938 2222 hoc
1966 2171 2293 2224 mandatum
2333 2186 2620 2240 nunquam
2664 2176 2748 2224 est
2789 2171 3090 2224 notandus.
3127 2171 3429 2243 Presbyter

1834 2274 1966 2311 vero
1985 2259 2155 2312 etiam
2179 2259 2249 2311 ab
2269 2259 2452 2312 ofﬁcio
2467 2275 2569 2311 suo
2587 2271 2894 2328 suspensus
2914 2259 3060 2312 sicut
3080 2264 3139 2312 et
3157 2259 3429 2314 diaconus

1838 2353 2075 2418 possunt
2106 2348 2210 2400 hoc
2241 2347 2571 2400 mandatum
2609 2348 2789 2399 tacere
2837 2346 2895 2399 in
2934 2346 3240 2400 sacerdotis
3284 2341 3426 2401 loco.

1839 2437 1983 2500 Quia
2014 2437 2162 2490 idem
2209 2437 2467 2490 sacerdos
2498 2435 2603 2489 etsi
2634 2451 2748 2489 non
2787 2435 3060 2505 fungatur
3097 2435 3431 2490 sacerdotali

1839 2525 2037 2593 ofﬁcio,
2070 2525 2278 2597 ubique
2317 2526 2451 2579 dicit
2476 2527 2746 2579 Dominus
2774 2527 3067 2578 uobiscum.
3119 2526 3433 2578 Demersus

1842 2616 1936 2686 qui
1965 2633 2090 2669 cum
2113 2615 2440 2686 presbytero
2469 2618 2569 2668 aut
2586 2614 2819 2668 diacono
2838 2620 2893 2667 et
2914 2613 3023 2667 alio
3048 2613 3301 2668 litterato
3327 2614 3436 2667 hac

1841 2707 2092 2760 facturus
2120 2711 2207 2758 est
2236 2705 2585 2769 mandatum,
2609 2703 2668 2757 in
2709 2701 2952 2757 secundo
2980 2703 3121 2769 loco,
3165 2701 3212 2755 si
3240 2708 3436 2756 tamen

1841 2811 1976 2848 suus
2004 2795 2140 2848 ordo
2175 2794 2364 2864 exigit,
2405 2793 2592 2847 notari
2621 2791 2808 2848 debet.
2850 2791 2948 2848 Hic
2968 2791 3090 2861 jam
3119 2789 3433 2847 claudenda?

1841 2888 1926 2937 est
1955 2888 2150 2937 nostra
2175 2882 2418 2952 loquela.
2451 2882 2650 2934 Amen.

3203 3055 3442 3080 ..ιδ-..ιασ-

1245 3202 1632 3297 LIBER
1709 3197 2377 3298 SECUNDUS.

521 3491 899 3546 PREFATIO
930 3492 984 3546 S.
1012 3489 1414 3545 WILHELMI.

235 3581 382 3645 Quia
409 3581 714 3652 superioris
732 3580 862 3634 libri
889 3580 1266 3649 descriptione
1300 3579 1542 3648 primum
1560 3579 1630 3632 de
1659 3594 1763 3631 no-

164 3672 431 3726 vitiorum
464 3670 775 3740 disciplina,
817 3687 882 3723 ac
921 3669 1121 3723 deinde
1150 3669 1219 3721 de
1251 3668 1481 3738 reliquis
1525 3684 1764 3720 consue-

165 3761 383 3815 tudinis
397 3765 601 3813 nostm
631 3759 904 3812 institutis
929 3759 1175 3810 maxime
1199 3757 1345 3810 infra
1366 3757 1595 3810 claustri
1621 3757 1766 3808 limi-

166 3856 282 3904 tem
311 3849 565 3919 quotidie
585 3848 818 3917 agendis
841 3849 1094 3916 regulam
1126 3846 1401 3910 dedimus,
1443 3862 1592 3898 nunc
1618 3845 1765 3914 quod

167 3944 348 3993 restat
385 3938 456 3991 de
487 3938 725 4006 singulis
755 3937 1105 4005 singulorum
1145 3935 1478 3988 obedientiis
1509 3934 1645 3987 foris
1682 3934 1767 3985 vel

166 4029 321 4082 intus
344 4027 675 4081 necessariis
702 4026 760 4078 in
781 4026 1088 4079 secundum
1108 4025 1313 4077 librum
1344 4023 1764 4092 distinguimus.

169 4120 238 4173 Et
257 4118 394 4189 quia
423 4117 606 4170 omnis
634 4115 968 4169 obedientiam
1006 4120 1211 4168 nostra;
1246 4119 1416 4183 caput
1453 4119 1510 4165 et
1553 4112 1764 4180 magis-

171 4214 345 4272 trum,
379 4211 576 4276 utpote
605 4205 814 4258 Christi
853 4205 969 4256 vice
1000 4203 1245 4274 positum
1294 4202 1552 4255 abbatem
1586 4200 1768 4254 credi-

171 4315 319 4364 mus,
346 4297 535 4366 ipsum
555 4294 615 4347 in
645 4294 811 4362 hujus
839 4292 1133 4346 voluminis
1155 4291 1378 4345 exordio
1395 4291 1463 4343 de
1485 4288 1770 4344 electionis

1781 3487 2033 3550 Gfuerit.
2075 3487 2256 3558 primo
2299 3489 2454 3541 totus
2495 3489 2808 3540 conventus
2839 3501 2900 3540 se
2935 3485 2996 3540 in
3039 3485 3164 3556 ipso
3193 3483 3438 3558 capitulo

1846 3577 2172 3648 prosternit,
2203 3581 2260 3630 et
2286 3576 2354 3629 de
2376 3575 2606 3629 canticis
2628 3575 2948 3646 quindecim
2970 3575 3249 3644 graduum
3287 3571 3440 3644 (119)

1847 3670 2062 3734 septem
2089 3664 2274 3734 prima
2292 3663 2557 3717 decantat
2570 3668 2840 3734 sequente
2856 3663 3110 3718 oratione
3127 3660 3438 3727 Dominica,

1849 3759 1903 3808 et
1935 3754 2055 3824 ipse
2085 3755 2239 3824 prior
2275 3753 2402 3806 aliis
2436 3753 2617 3806 adhuc
2664 3751 2958 3822 prostratis
2992 3767 3051 3804 se
3081 3751 3270 3804 levans
3297 3765 3444 3820 pm-

1848 3843 2018 3896 misso
2048 3860 2212 3896 versu
2241 3861 2251 3895 :
2289 3843 2511 3897 Ostende
2534 3843 2704 3902 nobis,
2730 3842 2976 3900 Domine,
3002 3839 3443 3894 misericordiam

1853 3938 2028 3994 tuam,
2055 3933 2199 3985 hanc
2222 3932 2359 3984 dicit
2380 3931 2694 3984 orationem
2711 3927 3172 3999 (120).Assumus,
3205 3928 3438 3981 Domi/ne

1848 4022 1904 4076 S.
1930 4022 2196 4088 Spiritus,
2223 4036 2480 4073 assumus
2505 4021 2725 4086 quidem
2749 4019 2958 4085 peccati
2986 4017 3339 4070 immanitate
3357 4015 3446 4068 de-

1853 4113 1987 4163 tenti
2008 4129 2024 4173 ;
2048 4112 2136 4162 sed
2147 4113 2210 4162 in
2221 4112 2445 4162 nomine
2467 4114 2558 4160 tuo
2576 4109 2884 4174 specialiter
2911 4107 3344 4172 aggregati,oeni
3369 4104 3444 4158 ad

1852 4215 1968 4259 nos,
2012 4203 2062 4251 et
2091 4203 2198 4252 esto
2230 4199 2532 4256 nobiscum,
2568 4201 2615 4250 et
2645 4198 2879 4263 dignare
2908 4195 3069 4247 illabi
3100 4196 3164 4248 in
3192 4193 3448 4247 cordibus

1853 4291 2076 4342 nostris.
2111 4289 2240 4340 Doce
2270 4303 2366 4340 nos
2405 4287 2540 4352 quid
2579 4300 2835 4353 agamus,
2866 4299 2971 4350 quo
3001 4283 3352 4350 gradiamus,
3395 4285 3449 4335 et

171 4389 294 4457 ejus
325 4383 640 4453 diligentia,
672 4399 737 4436 ac
763 4383 833 4436 de
860 4381 1236 4452 impendenda
1255 4381 1429 4434 electo
1459 4377 1775 4434 reverentia
1856 4379 2068 4430 ostende
2089 4377 2224 4444 quid
2243 4376 2450 4441 efﬁcere
2465 4375 2770 4434 debeamus,
2788 4378 2850 4426 ut
2873 4377 2918 4426 te
2939 4374 3254 4427 auxiliante
3272 4373 3450 4425 tibiin

173 4474 439 4538 locuturi,
473 4472 868 4543 prteponimus.

687 4560 924 4614 CAPUT
975 4559 1275 4613 PRIMUM.

175 4658 249 4711 De
279 4655 538 4708 electione
565 4652 807 4718 speciali,
851 4654 900 4702 et
928 4650 1277 4702 ordinatione
1315 4650 1507 4701 damni
1542 4648 1770 4699 abbatis.

247 4740 615 4810 oar.)Electio
637 4738 829 4792 domni
844 4737 1066 4791 abbatis
1080 4738 1186 4791 hoc
1204 4737 1372 4790 habet
1384 4735 1562 4805 .quasi
1584 4734 1774 4804 legiti-

1857 4467 2112 4519 omnibus
2140 4467 2349 4532 placere
2369 4465 2651 4516 valeamus
2683 4467 2825 4515 :esto
2856 4465 3008 4515 salus
3037 4465 3084 4516 et
3106 4465 3384 4528 suggestor
3403 4464 3452 4514 et

1858 4558 2068 4620 e/Iector
2103 4554 2455 4621 judicio-rum
2484 4555 2832 4612 nostrorum;
2865 4551 2966 4617 qui
2991 4552 3138 4603 solus
3177 4563 3304 4602 cum
3346 4549 3452 4601 Deo

1861 4642 2021 4693 Patre
2042 4642 2089 4690 cl
2111 4641 2226 4705 ejus
2241 4637 2380 4689 Filio
2394 4651 2596 4689 nomen
2612 4637 2848 4702 possides
2861 4637 3166 4700 gloriosum
3189 4651 3205 4685 :
3221 4647 3335 4686 non
3355 4647 3452 4686 nos

1855 4729 2100 4796 patiaris
2132 4727 2547 4793 pe-rturbalores
2593 4741 2698 4777 esse
2734 4726 2989 4790 justitiaz,
3023 4725 3122 4790 qui
3166 4735 3451 4774 summam

177 4849 336 4886 mum
359 4829 786 4899 sempiternum,
821 4827 968 4897 quod
993 4828 1063 4882 ad
1092 4844 1216 4881 eam
1245 4827 1434 4880 nullus
1455 4824 1778 4878 mortalium
1797 4854 1845 4914 Β
1863 4819 2052 4882 diligis
2071 4819 2469 4884 wquitatem,ut
2493 4816 2554 4865 in
2573 4815 2872 4866 sinistrum
2886 4827 2982 4866 nos
3004 4827 3116 4865 non
3128 4811 3455 4914 ignorantia

178 4921 457 4974 interesse
481 4896 644 4983 solet,
683 4896 886 4988 praeter
924 4932 1018 4969 eos
1049 4917 1216 4979 solos,
1251 4915 1346 4984 qui
1371 4919 1505 4966 sunt
1534 4913 1778 4966 ecclesiae
1800 4896 1844 4914 υ
1865 4906 2067 4969 trahat,
2103 4920 2216 4958 non
2244 4905 2403 4970 favor
2423 4905 2683 4970 inﬂectat,
2709 4917 2822 4954 non
2841 4903 3047 4967 accepti
3065 4899 3335 4960 muneris,
3368 4896 3453 4950 vel

177 5016 388 5064 nostra:
419 4985 702 5078 professi.~
730 5006 875 5075 Ergo
922 5004 1198 5076 imprimis
1249 5021 1338 5057 res
1395 5003 1518 5072 ipsa
1567 5001 1778 5054 sedulis
1855 5010 2098 5064 personas
2117 5007 2277 5046 amor
2296 4995 2636 5057 corrumpat,
2655 4991 2744 5043 sed
2753 4992 2930 5058 junge
2951 5004 3048 5041 nos
3066 4989 3167 5041 tibi
3187 4985 3454 5039 veraciter

181 5075 440 5152 omnium
470 5097 710 5149 fratrum
752 5075 1019 5165 precibus
1050 5092 1456 5147 studiosissime
1485 5092 1600 5145 Deo
1633 5107 1780 5143 com-
1859 5087 2028 5138 solius
2061 5089 2164 5136 tua?
2191 5083 2402 5149 gratias,
2437 5085 2484 5133 et
2531 5081 2720 5146 gloriae
2765 5079 2944 5139 dono;
2988 5082 3050 5130 ut
3097 5078 3274 5129 simus
3311 5075 3376 5127 in
3407 5077 3454 5125 te

183 5188 504 5250 mendatur,
539 5203 604 5238 ac
632 5163 834 5238 dein—de
862 5185 1176 5238 coadunato
1217 5183 1501 5236 seniorum
1547 5179 1779 5233 consilio
1862 5178 2117 5237 unum,et
2131 5175 2191 5226 in
2204 5173 2359 5225 nullo
2379 5170 2700 5223 devicmusa
2720 5171 3140 5234 vero,quatenus
3153 5166 3216 5218 in
3228 5163 3455 5217 nomine

184 5279 254 5332 de
282 5279 409 5348 ipsa
437 5275 707 5329 electione
734 5278 1029 5336 tractatur,
1063 5278 1119 5326 et
1157 5271 1435 5341 quomodo
1472 5269 1780 5323 secundum
1865 5270 1956 5317 tuo
1977 5264 2200 5323 collecti,
2224 5263 2301 5314 sic
2322 5262 2383 5313 in
2404 5259 2615 5312 cunctis
2637 5262 2915 5310 teneamus
2935 5271 3063 5309 cum
3075 5253 3456 5307 moderamine

184 5342 490 5421 Dominum
517 5364 639 5418 ﬁeri
667 5363 844 5434 possit
889 5367 1008 5416 tota
1050 5361 1362 5415 intentione
1412 5357 1776 5429 perquiritur.
1858 5355 2079 5422 pietatis
2097 5353 2405 5420 justitiam,
2432 5352 2494 5401 ut
2536 5353 2585 5400 et
2615 5348 2705 5400 hic
2741 5361 2777 5400 a
2809 5349 2855 5398 te
2884 5347 2949 5404 in,
2979 5345 3136 5398 nullo
3165 5342 3457 5397 dissentiat

188 5457 328 5510 Cum
357 5460 550 5509 autem
577 5453 650 5507 ad
688 5453 997 5506 orationem
1029 5451 1203 5521 ipsius
1239 5447 1528 5503 electionis
1550 5452 1781 5500 ventum
1862 5443 2131 5495 sententia
2148 5442 2408 5501 nostra,ct
2424 5439 2487 5491 in
2505 5437 2701 5503 futuro
2717 5449 2819 5502 pro
2834 5436 2960 5489 bene
2979 5434 3141 5502 gestis
3161 5445 3456 5499 consequa-

261 5597 406 5666 (119)
439 5595 506 5651 Id
528 5601 634 5663 est,
665 5597 728 5649 de
742 5594 1395 5666 psalmisigradualibus.__
1573 5659 1582 5666 _

1873 5657 1880 5666 λ
1953 5651 1966 5666 Ι
2042 5655 2054 5666 .-
2194 5655 2207 5666 ι
2311 5651 2320 5666 ι
2417 5648 2478 5666 κα
2501 5644 2560 5666 --ι.
2621 5656 2628 5662 ι
2697 5657 2702 5660 -
2725 5657 2730 5661 -
2768 5640 2949 5666 θυι-ἀμφί
2973 5635 3169 5666 δίκ“-ὶ.ιέ

435 5635 634 5723 δῆῖῶ
663 5635 1688 5735 ἕξεῗῖ’έίῖἱῗιξδᾚζνὸᾞίῖἱειοοῂεἱαω
1721 5650 1921 5714 abbate
1945 5651 2095 5712 facta
2124 5655 2229 5724 est,
2263 5651 2328 5711 ut
2355 5644 2640 5726 colligitur
2667 5657 2733 5707 e‘x‘
2760 5640 2950 5706 codice
2973 5635 3240 5704 Udalrici.
