3934 6382
538 316 675 377 1039

1575 317 1633 374 S.
1675 315 2069 373 GUILLELMI
2106 317 2410 374 ABBATIS
2448 309 2788 374 HIRSAUG.

3665 318 3786 377 1040

531 459 668 501 mur
705 445 943 514 praemia
991 447 1217 498 eterna.
1248 441 1639 513 Respondetur
1658 445 1849 495 tamen
1868 442 2041 495 Amen
2056 440 2127 495 ab
2145 445 2191 503 A
2209 442 2452 499 debeant
2469 445 2629 499 ﬁnita
2653 445 2892 500 lectione
2920 459 3146 498 rursum
3176 445 3298 514 ipse
3326 446 3606 509 notatur,‘
3621 460 3785 516 usque

531 532 812 590 omnibus.
835 532 989 596 Quos
1020 531 1226 586 iterum
1260 530 1603 585 conﬁdentes
1630 529 1787 600 prior
1805 529 2121 600 compellat,

530 623 794 688 suadens,
825 627 888 676 ut
917 620 987 675 de
1010 619 1308 692 praesentia
1329 619 1528 674 divinae
1541 618 1738 689 gratiae
1766 633 2122 688 nequaquam

527 712 804 768 dubitent.
825 709 1101 781 Loquitur
1127 708 1299 763 etiam
1320 708 1593 763 nonnulla
1618 723 1799 761 causa;
1811 712 1866 760 et
1882 707 2122 777 tempori

529 806 922 858 consentanea.

596 892 619 915 ⁶
650 891 805 945 Inter
823 889 941 942 hac
956 887 1072 941 sive
1088 886 1205 957 ipse
1225 885 1399 956 prior,
1426 884 1540 939 sive
1560 884 1706 939 alius
1731 883 1937 949 senior,
1957 884 2119 953 cujus

523 979 768 1034 animam
786 977 957 1031 timor
979 973 1513 1045 Dominipossidcat,
1532 977 1796 1027 monetur
1819 977 2120 1041 etrogatur

522 1085 558 1122 a
589 1065 804 1122 caeteris
833 1063 1158 1134 majoribus,
1189 1066 1255 1116 ut
1293 1061 1510 1132 primus
1538 1061 1721 1115 edicat
1755 1060 1890 1130 quid
1927 1060 1998 1113 de
2023 1076 2117 1130 ge-

518 1158 694 1212 renda
724 1154 996 1211 electione
1026 1152 1250 1207 sentiat.
1287 1152 1345 1206 Si
1366 1152 1433 1204 de
1460 1167 1526 1204 eo
1554 1167 1719 1220 quem
1743 1150 1988 1220 primum
2018 1164 2115 1203 no-

519 1245 837 1310 minaverit,
877 1259 1008 1314 pars
1037 1241 1227 1312 aliqua
1275 1240 1514 1293 fratrum
1559 1238 1905 1301 dissenserit,
1936 1237 1996 1291 in
2022 1254 2113 1291 se-

518 1340 788 1407 quentem
814 1332 903 1387 vel
933 1331 982 1385 si
1012 1345 1367 1401 opus,usque
1400 1328 1459 1382 in
1492 1328 1726 1382 tertium
1748 1326 1898 1380 diem
1927 1326 2113 1380 differ-

514 1430 627 1489 tur,
660 1428 718 1477 et
735 1420 965 1476 interim
986 1418 1238 1489 jejuniis,
1267 1416 1632 1481 orationibus,
1654 1421 1712 1469 et
1739 1415 2110 1485 eleemosynis

516 1511 821 1566 instantius
859 1525 1029 1580 super
1056 1508 1162 1561 hoc
1216 1506 1321 1560 Dei
1367 1505 1754 1559 misericordia
1792 1504 2101 1559 invocatur.

434 1658 451 1665 _
510 1600 763 1656 Tandem
817 1614 948 1652 vero
1014 1595 1321 1650 secundum
1381 1594 1635 1664 regulam
1700 1594 1757 1647 S.
1818 1592 2106 1646 Benedicti

2205 532 2340 587 dum
2351 534 2695 589 surrexerint
2707 535 2777 589 ad
2792 535 2978 589 Gloria
2995 535 3154 587 Patri
3171 549 3258 587 res
3264 533 3507 604 ponsorii
3521 534 3781 589 cantanti.

2204 622 2360 675 Tunc
2393 622 2616 677 rediens
2646 627 2779 676 ante
2817 622 3007 676 sedem
3046 638 3207 676 suam
3236 622 3372 676 facit
3399 626 3532 676 ante
3552 627 3613 676 et
3638 627 3782 677 retro

2205 709 2351 765 sicut
2362 715 2418 765 et
2437 711 2612 781 prius.
2637 713 2701 766 In
2725 710 2907 765 tribus
2935 715 3124 787 autem
3154 715 3288 765 ante
3307 711 3523 765 Pascha
3541 710 3787 766 noctibus

2203 798 2274 851 ad
2320 805 2539 854 sextum
2593 799 3010 871 responsorium
3039 803 3095 853 et
3125 799 3196 853 ad
3246 816 3454 854 nonam
3496 799 3784 854 lectionem

2200 892 2448 942 notatur.
2485 888 2624 957 (συ.)
2645 888 2704 942 Si
2734 888 2956 959 quando
2987 888 3072 942 vel
3100 888 3289 942 omnia
3307 889 3395 942 vel
3424 889 3678 959 quaedam
3710 905 3787 943 re-

2199 978 2494 1045 sponsoria
2521 982 2825 1031 cantantur
2870 977 2941 1030 ad
2969 977 3199 1046 gradus,
3236 977 3387 1047 quod
3428 977 3549 1048 ipse
3579 983 3779 1031 cantat.

2198 1068 2389 1119 cantat
2433 1066 2492 1119 in
2546 1082 2649 1121 sua
2695 1065 2827 1120 sede
2855 1082 2983 1120 cum
3011 1065 3439 1120 concentoribus
3466 1066 3604 1131 suis,
3630 1067 3783 1137 juxta

2197 1169 2349 1219 eum,
2383 1154 2431 1207 si
2469 1155 2592 1208 ﬁeri
2617 1154 2919 1224 potest,sin
2939 1158 3149 1219 autem,
3170 1159 3321 1208 retro
3346 1154 3780 1218 stantibus.Quo

2194 1256 2323 1295 cum
2343 1242 2453 1296 illis
2465 1243 2623 1297 {mito
2644 1244 2713 1297 de
2733 1242 2863 1297 sede
2879 1238 3166 1314 paululum
3185 1243 3490 1314 procedens
3502 1243 3637 1298 facit
3657 1249 3780 1298 ante

2194 1337 2252 1384 et
2277 1335 2448 1385 retro.
2484 1332 2591 1386 Sed
2613 1336 2671 1385 et
2699 1336 2894 1386 cantor
2922 1332 3079 1402 prius
3107 1332 3178 1385 ad
3208 1348 3338 1403 eum
3355 1332 3525 1398 venit,
3540 1349 3780 1403 pronun-

2191 1418 2359 1486 tians,
2382 1420 2428 1473 si
2453 1437 2576 1490 qua;
2599 1420 2912 1491 antiphona
2930 1425 3018 1474 est
3044 1419 3114 1473 ab
3154 1418 3277 1489 ipso
3306 1420 3671 1490 imponenda,
3693 1422 3774 1476 vel

2189 1508 2606 1577 responsorium
2628 1509 3019 1563 cantandum.‘
3041 1508 3201 1572 Quod
3229 1509 3278 1563 si
3306 1508 3427 1579 ipse
3446 1515 3676 1564 cantare
3696 1511 3776 1564 vel

2188 1595 2552 1666 antiphonam
2581 1597 2871 1668 imponere
2899 1595 3163 1663 noluerit,
3204 1597 3291 1651 vel
3332 1597 3503 1651 etiam
3538 1615 3777 1669 praesens

515 1690 656 1759 (cap.
706 1685 793 1749 64)
827 1686 1004 1740 electo
1035 1684 1255 1747 abbate,
1308 1683 1367 1736 in
1404 1683 1527 1753 ipso
1575 1681 1822 1752 capitulo
1864 1681 2104 1752 imponit
2184 1699 2299 1737 non
2325 1684 2512 1750 fuerit,
2529 1685 2681 1739 idem
2709 1691 2905 1740 cantor
2927 1685 3097 1740 vicem
3119 1686 3241 1756 ejus
3268 1686 3329 1739 in
3358 1686 3461 1740 hoc
3490 1687 3626 1756 agit.
3653 1687 3777 1758 Ipse

510 1778 667 1849 prior
695 1775 1084 1846 antiphonam.
1125 1775 1406 1840 Conﬁrma
1453 1772 1567 1833 hoc,
1618 1773 1780 1825 Deus.
1825 1770 2099 1825 Cantatur
2118 1793 2164 1853 B
2183 1772 2354 1826 etiam
2393 1790 2564 1828 causa
2591 1775 2854 1829 monendi
2884 1774 2955 1829 ad
2985 1791 3115 1829 eum
3143 1774 3375 1841 accedit,
3408 1775 3457 1829 si
3485 1775 3557 1828 ad
3593 1776 3777 1830 lectio-

508 1866 761 1938 psalmus
794 1882 805 1916 :
837 1864 1113 1929 Επαινεῃαί
1146 1863 1301 1927 Deus,
1336 1859 1602 1914 tonaliter
1626 1865 1684 1913 et
1702 1860 1782 1912 sic
1803 1859 2100 1913 deducitur
2184 1877 2316 1914 nem
2345 1877 2474 1915 eum
2501 1879 2615 1917 non
2645 1863 2834 1917 venire
2859 1863 3224 1934 perspexerit.

506 1954 567 2008 in
595 1952 907 2008 ecclesiam.
925 1950 1008 2005 lbi
1024 1951 1176 2021 jacet
1196 1953 1511 2021 prostratus
1541 1948 1612 2002 ad
1631 1948 1891 2018 gradum,
1921 1948 2099 2003 donec
2251 1950 2336 2003 Ad
2357 1951 2476 2019 ejus
2491 1968 2684 2006 curam
2704 1953 2930 2023 proprie
2955 1952 3183 2023 respicit
3201 1952 3475 2023 hymnum
3489 1954 3576 2019 ,Te
3597 1956 3772 2009 Deum

503 2042 736 2098 ﬁniatur
760 2041 1012 2113 psalmus
1039 2044 1097 2093 et
1123 2038 1449 2108 antiphona,
1480 2054 1607 2091 cum
1637 2037 1892 2090 oratione
1912 2036 2100 2090 Domi-
2182 2039 2499 2105 laudamus,
2518 2046 2618 2094 aut
2636 2057 2738 2111 per
2757 2058 2816 2095 se
2836 2040 3081 2111 incipere
3098 2046 3198 2095 aut
3216 2041 3314 2095 alii
3331 2043 3496 2111 juxta
3520 2059 3580 2097 se
3600 2044 3772 2097 stanti

502 2130 916 2201 nica,dictoque
935 2144 1099 2182 versu
1111 2128 1177 2181 Et
1204 2131 1387 2180 veniat
1407 2141 1573 2194 super
1593 2141 1708 2187 nos,
1743 2141 1871 2179 cum
1892 2125 2096 2179 oratio«
2180 2125 2238 2179 id
2267 2127 2582 2197 injungere.
2622 2126 2781 2199 (ιω.)
2805 2129 2968 2193 Quod
2998 2129 3045 2183 si
3091 2130 3419 2199 neglexerit,
3451 2136 3588 2185 tunc
3616 2132 3770 2202 prior

501 2236 575 2276 ne
589 2223 827 2274 actiones
842 2214 1769 2285 nostras,etc.,surgit,statuiturin
1791 2213 1974 2267 locum
1989 2214 2096 2267 Do-
2175 2213 2392 2286 incipit.
2427 2216 2511 2270 Ad
2550 2234 2679 2271 eum
2710 2234 2934 2288 quoque
2962 2218 3226 2289 pertinet,
3256 2223 3321 2273 ut
3347 2219 3501 2289 legat
3529 2236 3773 2290 evange-

498 2304 1458 2376 miniabbatis,imponiturhymnus
1478 2305 1542 2357 Te
1554 2305 1728 2357 Deum
1749 2302 2087 2368 Laudamus,
2173 2301 2332 2371 lium,
2367 2305 2585 2374 quoties
2605 2310 2733 2375 post
2768 2310 3071 2360 nocturnos
3091 2311 3178 2360 est
3208 2306 3530 2377 legendum,
3556 2310 3578 2330 ⁴
3612 2314 3671 2363 et
3709 2314 3771 2363 ut

497 2402 557 2454 et
570 2398 981 2467 consequenter
998 2393 1197 2465 incipit
1213 2397 1400 2447 custos
1420 2392 1646 2462 pulsare
1668 2390 1739 2444 ad
1769 2389 2086 2445 classicum.
2173 2394 2307 2446 tunc
2325 2392 2385 2447 in
2413 2393 2541 2448 alba
2568 2393 2624 2447 in
2650 2394 2819 2447 choro
2849 2393 3062 2458 sedeat,
3095 2394 3142 2448 si
3168 2394 3300 2448 talis
3331 2394 3629 2450 festivitas,
3661 2407 3765 2464 est,

566 2484 779 2540 Eadem
802 2487 992 2538 autem
1013 2482 1153 2536 hora
1172 2482 1243 2536 ad
1273 2481 1582 2535 secundum
1617 2478 1868 2550 praedicti
1888 2478 2089 2549 hymni
2171 2491 2234 2534 ut
2263 2482 2465 2537 altaria
2490 2483 2782 2537 incensare
2811 2483 3030 2538 debeat.
3049 2485 3223 2551 Tunc,
3252 2485 3503 2555 inquam,
3536 2487 3693 2541 solus
3713 2494 3769 2542 et

495 2591 721 2630 versum
744 2573 951 2644 singuli
981 2572 1183 2627 fratres
1231 2571 1454 2625 veniam
1500 2574 1757 2641 petentes
1805 2568 2087 2638 incipiunt
2168 2571 2296 2626 alba
2308 2575 2531 2625 tantum
2551 2572 2783 2626 indutus
2802 2572 3075 2639 incensat,
3098 2573 3147 2627 si
3166 2572 3227 2626 in
3242 2573 3344 2627 tali
3366 2578 3454 2628 est
3471 2573 3765 2646 festo,quo

494 2681 626 2720 eum
654 2662 1053 2726 osculari.Quo
1073 2660 1219 2715 facto
1239 2659 1426 2714 cuncti
1440 2675 1566 2714 cum
1586 2658 1707 2729 ipso
1724 2662 2087 2712 revertuntur
2169 2665 2227 2714 et
2243 2658 2313 2713 ab
2338 2659 2449 2712 alio
2479 2660 2770 2713 sacerdote
2801 2660 2883 2714 ita
2904 2660 3183 2715 incensari
3204 2660 3577 2731 debeat.(un.)
3600 2664 3760 2718 Tunc

492 2753 565 2808 ad
592 2752 921 2824 capitulum,
961 2766 1268 2820 omnesque
1315 2746 1708 2803 obedientiarii
1751 2746 2081 2801 monasterii
2167 2746 2339 2800 etiam
2359 2747 2430 2799 ad
2445 2748 2635 2801 sedem
2653 2764 2815 2802 suam
2831 2748 3031 2818 incipit
3051 2749 3419 2820 antiphonam
3433 2766 3606 2821 super
3630 2767 3765 2806 can-

488 2844 710 2913 ponunt
728 2839 909 2894 claves
929 2855 1061 2893 suas
1100 2837 1170 2891 ad
1200 2837 1370 2908 pedes
1398 2838 1541 2906 ejus,
1574 2840 1632 2889 et
1660 2836 1781 2906 ipse
1820 2835 2076 2906 praecipit
2162 2835 2333 2889 ticum
2366 2836 2670 2906 Evangelii,
2700 2853 2765 2890 ac
2788 2843 2984 2907 postea
3003 2838 3134 2891 thus
3153 2837 3363 2892 ibidem
3392 2838 3657 2909 imponit.
3692 2842 3768 2895 At

489 2927 798 2993 eisdem,ut
815 2925 1088 2998 recipiant
1119 2941 1232 2979 eas.
1249 2925 1452 2979 Postea
1470 2940 1599 2978 cum
1619 2924 2084 2995 proximeoppor-
2162 2925 2210 2978 si
2240 2925 2354 2979 tale
2405 2930 2491 2979 est
2536 2925 2761 2991 festum,
2798 2941 2908 2995 quo
2947 2942 3125 2996 cappa
3165 2925 3325 2980 indui
3380 2926 3567 2993 debet,
3613 2929 3764 2983 infra

484 3019 693 3070 tunum
719 3014 911 3080 fuerit,
933 3013 1205 3067 invitatur
1224 3013 1519 3084 episcopus
1541 3011 1612 3065 ad
1632 3011 2080 3066 benedicendum
2161 3014 2439 3085 hymnum
2462 3013 2534 3067 ad
2559 3030 2682 3068 eam
2709 3013 3053 3067 induendam
3082 3015 3140 3068 in
3160 3014 3487 3069 vestiarium
3508 3016 3682 3083 venit,
3708 3024 3766 3073 et

486 3121 639 3170 eum,
671 3109 731 3159 et
755 3103 897 3175 ipse,
928 3118 1042 3157 non
1071 3101 1236 3169 alius,
1260 3101 1435 3155 donat
1463 3101 1516 3155 ei
1546 3101 1888 3172 pastoralem
1909 3098 2079 3153 bacu-
2097 3105 2140 3166 C,
2162 3103 2206 3154 si
2235 3101 2604 3173 antiphonam
2633 3119 2747 3157 non
2771 3102 3162 3173 vultincipere,
3188 3103 3399 3159 ibidem
3427 3105 3559 3159 thus
3583 3105 3763 3178 impo-

482 3192 625 3248 lum.
657 3193 758 3247 His
783 3191 1029 3246 breviter
1048 3189 1351 3260 praelibatis
1371 3189 1441 3243 de
1464 3189 1733 3243 electione
1761 3186 1955 3242 domni
1984 3185 2079 3240 ab—
2160 3191 2265 3244 nit.
2290 3190 2349 3245 Si
2371 3207 2499 3245 vero
2523 3190 2892 3263 antiphonam
2919 3197 3005 3245 est
3022 3191 3349 3263 incepturus
3374 3193 3559 3247 denuo
3588 3194 3662 3247 ad
3679 3210 3763 3248 se-

481 3281 632 3337 batis
662 3280 901 3347 dicatur,
934 3278 1102 3349 quod,
1135 3278 1258 3332 sine
1278 3278 1559 3349 personali
1604 3277 1948 3348 acceptione,
1979 3293 2076 3347 ge-
2160 3279 2288 3333 dem
2317 3295 2478 3333 suam
2503 3281 2672 3346 redit,
2689 3280 2879 3351 ibique
2900 3284 3027 3351 post
3054 3280 3358 3351 incuaptam
3387 3281 3764 3352 antiphonam

480 3368 754 3425 neraliter
777 3367 1024 3439 pertinet
1043 3367 1115 3420 ad
1133 3366 1390 3421 ordinem
1404 3372 1683 3435 nostrum,
1706 3371 1763 3420 et
1786 3366 1857 3420 ad
1884 3365 2075 3432 illum,
2157 3367 2273 3421 illic
2302 3367 2561 3438 imponit.
2589 3368 2697 3422 Ubi
2740 3369 3069 3435 notandum,
3105 3369 3255 3440 quod
3311 3369 3763 3443 quotiescunque

485 3458 807 3531 quicunque
834 3455 1019 3511 ofﬁcio
1042 3455 1267 3510 functus
1294 3455 1467 3511 fuerit
1492 3454 1730 3510 abbatis.

1113 3545 1347 3601 CAPUT
1378 3545 1453 3600 II.

758 3639 833 3694 De
858 3637 1108 3707 generali
1129 3637 1308 3703 ofﬁcio
1335 3636 1529 3688 domm'
1554 3634 1787 3695 abbatis,

549 3727 927 3799 (un.)Doan
948 3724 1136 3783 abbati
1165 3724 1224 3778 in
1249 3723 1402 3778 omni
1431 3723 1553 3777 loco
1581 3724 1668 3791 (ut
1705 3720 1940 3791 dignum
1968 3722 2073 3787 est)

476 3816 780 3889 singularis
807 3814 1122 3871 reverentia
1145 3813 1411 3868 defertur.
1435 3824 1452 3841 '
1481 3811 1736 3866 Primum
1761 3810 1822 3862 in
1842 3808 2077 3863 ecclesia

477 3906 728 3980 quandiu
755 3904 913 3960 scilla
942 3904 1200 3976 pulsatur
1229 3907 1360 3956 ante
1380 3905 1704 3965 nocturnos,
1723 3914 1893 3969 super
1924 3895 2072 3968 (121)

478 3994 925 4052 misericordiam
952 3993 1143 4048 sedilis
1172 3992 1277 4058 sui,
1311 3991 1359 4044 si
1397 4006 1537 4061 opus
1564 3987 1753 4052 habet,
1793 3985 2031 4056 quiescit
2058 4004 2071 4052 ;

476 4083 743 4140 fratribus
779 4088 974 4140 tamen
1015 4081 1242 4136 interim
1274 4080 1437 4135 solito
1478 4094 1634 4133 more
1679 4075 1980 4131 inclinatis.
2014 4074 2074 4130 Si

478 4179 672 4230 autem
701 4171 1120 4245 procumbendo
1148 4175 1364 4238 oratur,
1395 4174 1532 4224 tunc
1550 4168 1674 4239 ipse
1699 4164 1848 4219 infra
1876 4164 2075 4235 praedi-

477 4268 631 4318 ctum
659 4261 904 4332 spatium
935 4276 1105 4330 super
1123 4259 1362 4313 formam
1386 4259 1556 4329 jacet,
1582 4260 1640 4310 et
1652 4260 1769 4309 tres
1789 4252 2071 4307 orationes

477 4351 687 4406 ibidem
720 4349 876 4403 facit.
906 4348 1108 4403 Nullus
1155 4349 1212 4402 in
1255 4349 1426 4403 choro
1450 4347 1614 4417 juxta
1648 4358 1778 4398 eum
1812 4341 1873 4395 in
1911 4341 2072 4395 sedili

474 4439 731 4514 proximo
760 4442 893 4505 stat,
914 4438 1023 4492 nisi
1052 4436 1222 4493 abbas
1246 4436 1449 4507 aliquis
1473 4453 1486 4503 ;
1520 4431 1861 4505 quibuslibet
1880 4435 2070 4485 tamen

2158 3455 2309 3510 solus
2338 3455 2614 3521 incensat,
2636 3456 2751 3511 sive
2777 3457 2851 3511 sit
2891 3457 2951 3511 in
2987 3458 3178 3522 choro,
3224 3457 3338 3513 sive
3369 3459 3428 3512 in
3459 3459 3746 3526 vestiario,

2159 3545 2395 3599 sacrista
2413 3546 2463 3599 ei
2484 3562 2736 3600 acerram
2754 3550 2811 3600 et
2824 3546 3064 3600 servitor
3082 3545 3435 3601 thuribulum
3462 3554 3756 3619 apportat.

2161 3634 2342 3705 Super
2365 3635 2643 3690 canticum
2670 3634 2958 3705 Evangelii
2984 3651 3097 3689 non
3127 3636 3369 3707 amplius
3399 3637 3508 3691 nisi
3539 3638 3599 3692 in
3622 3638 3763 3693 duo-

2159 3722 2340 3777 decim
2368 3723 2705 3778 lectionibus
2735 3724 3102 3795 antiphonam
3131 3724 3388 3795 imponit.
3411 3725 3554 3797 (υυ.)
3568 3727 3768 3782 Sacer-

2159 3811 2258 3865 dos
2280 3811 2570 3867 oblaturus
2598 3813 2908 3879 incensum,
2927 3812 3084 3884 prius
3108 3813 3177 3867 ad
3216 3830 3345 3868 eum
3374 3820 3584 3885 portat,
3603 3816 3654 3869 si
3674 3823 3768 3870 est

2157 3899 2215 3953 in
2247 3900 2434 3967 choro,
2468 3905 2534 3956 ut
2561 3917 2663 3972 per
2691 3902 2813 3973 ejus
2835 3918 3067 3956 manum
3091 3900 3152 3955 in
3179 3902 3533 3957 thuribulum
3568 3904 3766 3959 mitta-

2158 3992 2288 4057 tur;
2320 3989 2457 4043 item
2488 3990 2756 4044 diaconus
2777 3996 2909 4044 ante
2939 3990 3342 4060 Evangelium:
3388 3991 3642 4062 idipsum
3683 3994 3766 4048 fa-

2156 4077 2251 4144 cit,
2280 4078 2376 4149 qui
2395 4083 2553 4133 tenet
2580 4079 2813 4134 chorum
2837 4080 2909 4133 ad
2938 4080 3284 4134 offerendam
3319 4080 3491 4135 etiam
3517 4081 3566 4135 si
3601 4082 3763 4137 dom-

2155 4183 2263 4221 nus
2282 4166 2453 4222 abbas
2478 4173 2614 4223 tunc
2643 4173 2832 4223 cantet
2869 4168 3128 4225 missam.

2227 4256 2291 4310 In
2321 4257 2505 4328 capite
2528 4257 2753 4328 jejunii,
2786 4257 2833 4311 si
2860 4274 3106 4329 praesens
3129 4263 3235 4325 est,
3259 4275 3324 4314 ex
3343 4261 3761 4316 consuetudine

2154 4344 2420 4400 fratribus
2470 4345 2684 4400 cineres
2712 4346 2970 4417 imponit,
3021 4363 3161 4418 quos
3211 4352 3269 4402 et
3311 4349 3431 4419 ipse
3478 4355 3683 4419 postea
3725 4369 3762 4405 a

2154 4435 2340 4506 priore
2388 4435 2609 4506 accipit,
2642 4435 2788 4490 sicut
2825 4440 2883 4490 et
2930 4436 3208 4503 sacerdos,
3241 4436 3290 4491 si
3334 4437 3577 4493 domnus
3608 4439 3762 4494 abba

473 4498 650 4601 prope
693 4527 855 4583 illum
879 4498 1163 4582 stantibus
1198 4498 1387 4581 locum
1417 4498 1661 4577 vicissim
1696 4518 1925 4574 sedendi
1947 4518 2063 4572 dat.
2086 4498 2265 4579 υἱιοη
2290 4498 2863 4595 aderit-Quicunque
2893 4523 2962 4578 de
3009 4525 3125 4579 suis
3184 4498 3469 4595 professis,
3513 4527 3626 4582 nisi
3679 4529 3760 4583 sit

476 4617 709 4682 Quoties
722 4615 1031 4686 antiphona
1051 4615 1335 4686 imposita,
1354 4612 1606 4677 inclinat,
1627 4625 1822 4664 omnes
1845 4623 2067 4679 quoque
2149 4612 2341 4679 abbas,
2392 4612 2579 4683 ipsum
2608 4614 2916 4680 osculatur,
2948 4617 3005 4667 et
3034 4619 3168 4667 ante
3215 4619 3272 4669 et
3300 4618 3495 4685 postea
3521 4617 3753 4671 veniam

471 4722 599 4761 cum
629 4721 695 4760 eo
738 4704 1028 4771 inclinant,
1060 4704 1235 4759 etiam
1264 4702 1488 4774 quando
1516 4699 1743 4755 veniam
1772 4696 1917 4768 petit
1964 4712 2066 4766 pro
2147 4701 2308 4773 petit,
2329 4701 2440 4755 nisi
2460 4702 2531 4755 ad
2553 4701 2856 4756 missarum
2885 4702 3162 4756 solemnia
3188 4703 3279 4758 sit.
3307 4704 3373 4757 In
3395 4704 3582 4758 medio
3613 4706 3757 4760 dor-

471 4795 595 4863 hoc,
628 4795 677 4850 si
704 4794 762 4849 in
785 4793 952 4848 verbo
998 4792 1214 4848 fallitur
1254 4793 1462 4863 aliquo.
1497 4791 1557 4845 Si
1588 4786 1893 4859 aliquando
1937 4802 2065 4839 cum
2148 4790 2375 4844 mitorio
2405 4795 2493 4844 est
2522 4790 2700 4845 lectus
2728 4792 2852 4861 ejus
2881 4807 3056 4862 prope
3078 4792 3424 4851 cruciﬁxum.
3445 4793 3569 4862 (un.
3594 4798 3755 4862 var.)

391 4871 401 4880 ’
469 4884 666 4940 lectori
691 4865 1006 4938 benedictio
1034 4882 1222 4937 danda
1247 4886 1355 4947 est,
1394 4879 1686 4941 dormitat,
1720 4875 1818 4948 qui
1847 4874 1899 4930 ei
1940 4895 2067 4949 pro-
2149 4879 2410 4934 Sonitum
2432 4878 2552 4949 ipse
2580 4878 2732 4946 facit,
2768 4896 2878 4950 quo
2898 4878 3101 4934 fratres
3129 4880 3376 4935 diluculo
3405 4881 3477 4935 ad
3506 4898 3753 4953 surgen-

467 4974 857 5039 ximus‘sedet,
879 4973 1118 5027 honeste
1137 4972 1359 5028 excitat.
1387 4969 1500 5039 (ω).
1522 4973 1668 5039 var.)
1691 4968 1952 5032 Quandiu
1981 4975 2067 5025 est
2147 4968 2283 5023 dum
2314 4966 2656 5025 excitantur.
2703 4968 2830 5033 Qui,
2865 4967 2912 5022 si
2966 4968 3268 5040 aliquando
3310 4969 3475 5024 solito
3524 4971 3750 5027 diutius

465 5068 525 5123 in
554 5066 853 5128 conventu,
880 5077 1103 5132 semper
1127 5060 1198 5114 ad
1225 5064 1504 5124 octavum,
1537 5058 1583 5112 si
1616 5059 1723 5112 hoc
1746 5058 1913 5114 breve
1952 5065 2060 5126 est,
2144 5055 2370 5123 dormit,
2404 5056 2559 5126 prior
2587 5072 2688 5127 pro
2718 5073 2783 5110 eo
2817 5056 3063 5111 sonitum
3083 5057 3235 5112 facit.
3253 5057 3315 5113 Si
3338 5058 3458 5129 ipse
3488 5076 3746 5129 praesens

465 5157 538 5212 ad
564 5153 668 5209 VII
716 5150 1134 5222 responsiorum
1174 5154 1423 5215 notatur,
1475 5152 1533 5202 et
1561 5146 1632 5200 ad
1672 5147 2060 5203 duodecimam
2144 5150 2246 5211 est,
2277 5145 2502 5216 quando
2538 5145 2606 5198 ad
2637 5145 2949 5216 capitulum
2980 5146 3193 5217 pulsari
3233 5146 3415 5213 debet,
3450 5165 3551 5218 per
3577 5166 3661 5214 se,
3692 5149 3745 5203 si

462 5243 783 5301 lectionem.
814 5237 885 5292 ad
913 5255 1081 5309 quam
1109 5237 1392 5293 incedenti
1440 5235 1687 5290 universi
1733 5240 2055 5305 assurgunt,
2142 5233 2261 5286 vult
2288 5234 2493 5303 pulsat.
2524 5234 2546 5255 "
2583 5234 2642 5289 Si
2666 5239 2855 5289 autem
2885 5252 3132 5305 praesens
3157 5251 3271 5289 non
3298 5241 3400 5300 est,
3425 5252 3541 5291 non
3568 5237 3746 5292 debet

460 5351 565 5391 nec
592 5331 808 5395 sedent,
840 5328 1017 5383 donec
1042 5329 1163 5401 ipse
1188 5329 1564 5400 pertranseat.
1597 5325 1681 5379 Ne
1716 5327 1905 5378 autem
1930 5340 2057 5394 pro-
2138 5322 2370 5393 pulsari,
2404 5321 2515 5376 nisi
2550 5324 2964 5393 praenuntietur
2999 5323 3102 5390 illi,
3149 5323 3260 5390 cui,
3292 5323 3339 5377 si
3368 5324 3503 5391 vult,
3532 5328 3590 5379 in
3625 5326 3743 5397 pri-

459 5430 586 5499 pter
608 5420 771 5476 illum
801 5417 872 5472 de
899 5418 1159 5490 analogio
1188 5420 1565 5473 revertentem
1603 5413 1788 5468 denuo
1818 5428 2051 5483 surgere
2134 5410 2352 5466 mordio
2380 5410 2673 5480 interesse,
2697 5416 2755 5466 et
2774 5413 2820 5467 si
2852 5411 3063 5484 aliquid
3093 5430 3159 5467 ex
3178 5412 3436 5468 maximis
3458 5414 3735 5470 solemni—

525 5585 682 5656 (121)
700 5585 767 5642 Id
784 5583 890 5645 est.
920 5596 1023 5654 pro
1040 5579 1229 5653 gratia
1245 5591 1417 5651 super
1436 5573 1611 5632 sedile
1639 5571 1799 5630 sedet
1825 5572 1951 5630 aliis
1983 5572 2383 5632 inclinantibus
2402 5572 2605 5646 capite.
