3934 6358
195 385 336 444 1041

1229 387 1648 449 CONSTITUT.
1690 389 2041 446 HIRSAUG.
2077 420 2144 432 —
2186 392 2320 446 LIB.
2361 392 2434 447 ΙΙ.

3333 393 3471 452 1042

194 511 409 566 tatibus
446 513 640 579 instat,
672 511 994 581 capellanus
1017 513 1158 582 ejus,
1192 517 1493 585 antequam
1518 515 1672 570 scilla
1702 516 1789 570 di-
1806 516 1990 577 Atale
2019 515 2153 586 quid
2179 514 2464 578 ceciderit,
2497 515 2765 587 quoniam
2794 516 2922 572 talis
2950 533 3040 572 res
3083 534 3194 572 non
3223 520 3342 575 sine
3367 535 3470 592 pe-

189 602 478 666 mittatur,
502 601 561 656 in
577 601 855 654 minorem
876 601 1108 654 chorum
1130 602 1373 667 divertit,
1399 604 1588 674 ibique
1614 604 1789 659 donec

187 695 499 744 conventus
528 691 824 762 praecedat,
851 689 1120 755 subsistit,
1176 697 1233 745 et
1281 697 1415 746 tunc
1445 695 1785 764 pastoralem

185 777 404 848 virgam
426 781 588 849 juxta
634 780 928 834 introitum
957 780 1112 834 chori
1131 781 1345 850 jugiter
1374 782 1615 851 positam
1646 783 1786 836 acci-

185 866 291 935 pit,
324 873 382 921 et
409 875 542 922 ante
568 869 832 923 lectorem
888 868 1196 938 capitulum
1251 869 1570 940 ingreditur
1613 876 1784 941 atque

184 954 259 1008 ad
289 955 544 1010 dextram
573 957 764 1012 domni
794 956 1010 1010 abbatis
1041 957 1217 1028 ponit,
1244 959 1512 1029 ﬁnitoque
1540 959 1782 1030 capitulo

184 1043 318 1098 illuc
348 1045 441 1099 ubi
470 1045 624 1116 prius
654 1051 963 1116 acceperat,
991 1047 1232 1117 reponit.

259 1134 716 1207 Quandocunque
744 1153 809 1190 eo
834 1143 1110 1206 praesente
1153 1153 1356 1190 nomen
1403 1139 1525 1208 ejus
1578 1139 1780 1193 fratres

182 1221 242 1276 in
277 1222 427 1277 brevi
448 1225 669 1279 recitari
701 1226 999 1292 audierint,
1031 1242 1224 1279 omnes
1255 1227 1697 1298 quotiescunque
1723 1234 1780 1283 et

179 1311 304 1382 ipse
330 1307 618 1368 inclinant.
647 1315 830 1369 Finito
869 1331 1148 1380 sermone,
1203 1316 1249 1369 si
1279 1316 1410 1369 talis
1438 1332 1693 1372 excessus
1722 1319 1776 1372 in

181 1402 547 1455 sacramentis
575 1401 678 1456 sibi
707 1403 850 1456 forte
872 1403 1092 1468 accidit,
1125 1405 1145 1426 ⁶
1175 1405 1399 1474 quando
1422 1406 1646 1460 missam
1682 1424 1776 1461 ce-

1869 603 2046 658 riculo
2077 609 2263 676 potest
2285 603 2501 674 glutiri,
2533 621 2658 660 cum
2679 622 2906 660 necesse
2927 611 3030 672 est,
3052 608 3182 678 igne
3210 625 3471 663 creman-

1869 691 2005 744 dum
2053 698 2156 746 est.
2215 693 2534 748 Satisfactio
2579 699 2770 748 autem
2827 696 3152 765 hujusmodi
3197 713 3358 752 casus
3409 698 3469 753 in

1867 779 2098 835 arbitrio
2165 766 2516 852 praesidentis
2554 789 2658 847 est,
2701 799 2810 854 quo
2848 783 3060 838 scilicet
3095 785 3197 852 illi,
3237 787 3327 841 cui
3363 787 3470 841 hoc

1867 869 2070 936 evenit,
2107 876 2206 924 aut
2228 871 2502 940 judicium
2533 872 2804 942 accipere,
2837 878 2936 927 aut
2963 874 3207 944 psalmos
3247 873 3464 945 jubeat,

1814 950 1828 961 ’
1866 963 1965 1010 aut
1993 958 2163 1012 etiam
2200 957 2422 1029 publice
2469 959 2854 1031 eleemosynas
2908 959 3062 1027 dare,
3117 961 3205 1016 vel
3241 963 3300 1017 in
3340 979 3470 1019 con-

1866 1050 2034 1098 ventu
2064 1043 2330 1114 psalmos,
2369 1050 2538 1116 prout
2573 1043 2680 1100 sibi
2715 1045 2955 1114 videtur,
2985 1045 3287 1104 decantare
3317 1067 3468 1122 pm-

1864 1132 2055 1203 cipiat.

1935 1222 2232 1277 Sciendum
2259 1227 2448 1277 autem
2475 1223 2610 1292 quia
2639 1224 3083 1296 quandocunque
3110 1225 3276 1281 alicui
3300 1226 3463 1282 fratri

1861 1310 2051 1380 aliqua
2079 1311 2147 1365 de
2178 1311 2300 1366 istis
2330 1313 2690 1384 negligentiis
2704 1318 2830 1383 post
2855 1316 3165 1385 capitulum
3189 1317 3466 1388 contingit

1859 1415 2219 1471 nequaquam
2244 1401 2561 1455 emendatio
2587 1402 2862 1468 diﬂ'ertur,
2881 1403 2977 1456 sed
3005 1402 3193 1458 abbati
3216 1404 3335 1458 sine
3353 1420 3466 1476 quo

178 1488 434 1556 lebravit,
467 1492 680 1545 scilicet
709 1492 755 1544 si
784 1493 974 1546 vinum
1001 1493 1122 1546 sine
1143 1509 1309 1564 aqua,
1344 1495 1428 1547 vel
1459 1511 1663 1565 aquam
1695 1497 1772 1550 si-
1858 1505 2147 1559 nunquam
2178 1489 2500 1559 huiusmOdi
2533 1507 2622 1544 res
2647 1495 2942 1556 tractatur,
2966 1493 3013 1545 Si
3033 1493 3185 1546 estin
3209 1493 3456 1550 Claustl‘O

176 1594 248 1632 ne
277 1578 426 1644 vino,
471 1595 571 1647 pro
616 1579 890 1650 sanguine
938 1581 1162 1634 Domini
1206 1583 1564 1648 consecravit,
1607 1585 1693 1638 vel
1724 1586 1768 1639 si
1853 1576 2178 1647 intimatur;
2213 1596 2452 1651 moxque
2480 1580 2550 1634 ad
2582 1580 2964 1633 convocandos
3013 1580 3218 1634 fratres
3259 1579 3454 1636 tabula

171 1665 305 1732 quid
333 1667 401 1720 de.
442 1668 650 1722 eisdem
683 1670 1048 1723 sacramentis
1087 1670 1303 1736 cecidit,
1338 1672 1423 1724 vel
1471 1672 1517 1725 si
1566 1690 1766 1744 corpus
1850 1668 2181 1737 Percutitur-
2212 1669 2666 1738 Quotiescunque
2695 1668 2935 1724 domnus
2961 1668 3134 1723 abbas
3154 1669 3226 1722 ad
3241 1669 3454 1740 οδΡίια·

168 1751 392 1808 Domini
425 1755 509 1809 bis
538 1758 784 1826 accepit;
818 1758 923 1810 hoc
977 1758 1142 1810 modo
1185 1775 1352 1827 agere
1396 1759 1609 1830 incipit,
1643 1761 1766 1815 Pri-
1848 1754 1966 1808 lum
1995 1757 2228 1823 venerit,
2267 1775 2368 1812 nec
2407 1757 2476 1811 ab
2505 1757 2694 1827 aliquo
2723 1758 2885 1812 venia
2921 1757 3036 1812 illic
3085 1758 3319 1829 petitur,
3347 1775 3452 1813 nec

168 1857 326 1895 mum
354 1844 598 1898 sedendo
628 1861 755 1899 cum
777 1846 929 1899 omni
959 1845 1275 1900 humilitate
1304 1864 1362 1900 se
1393 1855 1637 1914 accusat,
1672 1867 1762 1904 se-
1781 1871 1826 1929 B
1848 1845 2147 1916 quisquam
2176 1847 2532 1910 inclamatur,
2557 1845 2732 1902 donec
2758 1848 2802 1902 si
2835 1848 2968 1918 quid
2995 1849 3092 1904 illa
3120 1849 3235 1903 vice
3272 1849 3452 1904 dictu-

167 1945 276 1999 que
308 1932 633 1988 afratribus
661 1951 830 2005 super
880 1935 984 1988 hoc
1021 1935 1274 2005 adjuvari
1333 1937 1614 2006 postulat:
1651 1957 1760 2008 quo
1844 1949 1940 1987 rus
1971 1939 2073 1999 est,
2117 1935 2343 1989 ﬁnierit.
2385 1936 2444 1990 Si
2473 1951 2754 2006 quoquam
2787 1937 3139 2007 profecturus
3165 1938 3372 2005 fuerat,
3390 1945 3450 1994 et

164 2020 377 2086 audito,
435 2022 697 2090 ministri,
731 2025 824 2093 qui
855 2023 950 2078 ubi
987 2023 1136 2077 idem
1193 2041 1448 2079 excessus
1502 2028 1752 2098 contigit,
1841 2021 2068 2076 interim
2089 2023 2263 2094 aliqui
2285 2024 2521 2079 fratrum
2545 2030 2867 2078 nostrorum
2896 2023 3172 2090 obierant,
3203 2031 3330 2096 post
3357 2043 3445 2082 re-

163 2109 641 2177 ministraverant,
676 2119 937 2183 surgunt,
991 2119 1046 2166 et
1090 2113 1266 2183 petita
1297 2115 1456 2168 venia
1481 2117 1536 2168 in
1567 2118 1758 2173 stami-
1840 2111 2020 2164 ditum
2051 2129 2214 2166 suum
2245 2113 2315 2167 ad
2345 2113 2590 2184 primum
2623 2113 2932 2184 capitulum
2962 2113 3032 2167 ab
3067 2115 3313 2170 armario
3357 2121 3446 2170 est

160 2212 267 2249 neo
312 2198 589 2267 judicium
619 2201 914 2271 accipiunt.
944 2200 1062 2254 Illis
1090 2218 1219 2255 vero
1255 2202 1326 2256 ad
1355 2204 1546 2257 sedem
1594 2221 1754 2260 suam
1837 2199 2245 2269 admonendus,
2277 2207 2342 2256 ut
2369 2201 2777 2272 indulgentiam
2805 2207 3050 2273 exoptet.

157 2285 542 2350 redeuntibus,
577 2305 772 2343 omnes
810 2290 1127 2343 sacerdotes
1179 2291 1416 2345 ofﬁcium
1457 2293 1642 2347 missa-3
1670 2311 1750 2348 ce-
2459 2291 2693 2346 CAPUT
2713 2290 2810 2346 IV.

156 2373 460 2442 lebrantes,
503 2377 723 2431 veniam
754 2384 971 2449 petunt.
1034 2380 1114 2433 De
1146 2379 1348 2450 quibus
1371 2383 1672 2452 septimum
1703 2385 1750 2438 si
2311 2383 2384 2434 De
2413 2380 2592 2447 fratre
2621 2382 2988 2434 incarcerato.

152 2462 390 2527 \idetur,
422 2471 479 2519 et
501 2473 757 2521 octavum
779 2468 893 2521 vice
923 2484 1024 2521 sua
1053 2468 1226 2537 eligit,
1277 2475 1334 2522 et
1367 2470 1488 2536 hos,
1521 2471 1665 2526 sicut
1693 2478 1750 2527 et
1904 2470 1925 2491 ⁶
1949 2468 2006 2522 Si
2026 2468 2256 2522 fratrem
2280 2467 2526 2538 aliquem
2556 2467 2965 2522 incarceratum
2998 2468 3230 2532 invenit.
3265 2485 3434 2541 quem

151 2553 441 2607 ministros
461 2556 732 2624 judicium
766 2557 897 2610 facit
925 2557 1131 2622 subirc,
1163 2558 1435 2629 ﬁnitoque
1472 2561 1746 2631 capitulos
1829 2556 1999 2625 digna
2019 2557 2350 2627 poenitentia
2369 2573 2470 2627 pro
2485 2557 2807 2610 testimonio
2820 2557 3023 2627 prioris
3043 2563 3101 2611 et
3123 2558 3434 2626 seniorum,

149 2650 274 2711 post
306 2644 553 2712 psalmos
598 2647 756 2699 Verba
787 2662 907 2699 mea
934 2651 1236 2700 cantantur
1280 2655 1496 2718 septem
1543 2650 1744 2720 psalmi
1829 2662 1968 2714 quos
2012 2645 2133 2716 ipse
2183 2645 2339 2716 prior
2390 2645 2461 2698 ad
2493 2644 2736 2698 eundem
2767 2644 3065 2710 direxerat.
3111 2646 3181 2700 de
3210 2663 3434 2703 carcere

147 2731 562 2800 paenitentiales
588 2750 621 2787 a
661 2733 929 2788 fratribus
973 2735 1290 2804 prostratis,
1353 2737 1463 2790 nisi
1505 2738 1624 2793 dies
1671 2741 1745 2795 sit
1826 2733 2055 2788 liberari
2074 2735 2339 2806 eXPOSCit,
2355 2735 2505 2789 hunc
2528 2733 2995 2804 Petitaveniapl‘o
3016 2751 3082 2788 80
3111 2735 3182 2789 ab
3212 2736 3428 2792 eiSdem

145 2819 451 2887 Paschalis,
503 2828 559 2875 et
592 2822 857 2877 dicuntur
887 2824 971 2877 hie
999 2824 1279 2879 orationes
1325 2844 1337 2879 :
1385 2828 1615 2881 Concede
1647 2846 1730 2884 no:

1823 2822 2139 2877 senioribus
2165 2824 2330 2893 jubet
2356 2822 2605 2883 dissolvi.
2649 2827 2706 2876 et
2755 2822 2816 2876 in
2863 2822 3172 2893 capitulum
3200 2823 3426 2892 adduci,

142 2911 403 2975 famulos.
454 2913 790 2977 Ine/fabilem
820 2914 904 2966 vel
933 2916 1151 2977 exaudi,
1185 2931 1518 2982 quaesumus,
1552 2920 1739 2973 Domi—
1823 2911 1919 2981 qui
1950 2917 2011 2966 ut
2054 2929 2149 2966 cor
2179 2911 2455 2983 pmnitens
2495 2911 2715 2965 veniam
2753 2911 2995 2981 petendo
3050 2911 3425 2980 demonstrat,

143 3015 224 3055 ne,
260 3000 568 3068 pmmissis
613 3001 699 3056 his
744 3002 1012 3057 versibus.
1059 3005 1178 3056 Post
1225 3009 1472 3072 partum.
1507 3007 1732 3062 Versus.

137 3089 356 3154 Adj-zwa
383 3105 499 3150 nos,
547 3091 705 3144 Deus.
747 3091 956 3145 Verum
1015 3093 1146 3162 quia
1195 3093 1443 3163 praedicti
1481 3110 1736 3152 excessus

137 3189 248 3228 non
279 3177 464 3230 solum
514 3176 720 3244 abbati,
764 3179 862 3233 sed
920 3185 978 3233 et
1023 3180 1146 3233 aliis
1193 3179 1461 3234 fratribus
1516 3182 1731 3238 diverso

134 3263 300 3318 modo
332 3271 570 3334 possunt
597 3267 837 3330 evenire,
869 3285 1038 3338 quam
1067 3269 1282 3324 diverse
1329 3269 1500 3323 etiam
1537 3287 1731 3326 emen-

133 3352 342 3407 dentur
371 3370 485 3408 non
518 3361 604 3410 est
628 3357 1002 3410 reticendum.

742 3445 974 3501 CAPUT
1002 3445 1104 3500 III.

131 3551 276 3616 Quid
331 3553 606 3618 agendum
632 3555 722 3613 sit,
756 3555 806 3606 si
859 3554 999 3619 forte
1049 3555 1379 3620 negligentia
1427 3555 1623 3623 aliqua
1660 3561 1723 3612 in

289 3639 513 3690 corpore
542 3626 622 3676 vel
652 3626 714 3677 in
738 3627 1011 3690 sanguine
1041 3627 1266 3678 Domini
1287 3630 1549 3684 evenerit.

197 3714 221 3733 ⁶
260 3711 320 3765 Si
363 3711 433 3764 de
456 3711 729 3780 sanguine
775 3711 1001 3765 Domini
1029 3712 1237 3782 aliquid
1267 3714 1531 3768 ceciderit
1559 3733 1728 3787 super

123 3799 436 3870 corporale,
460 3800 878 3854 recondendum
909 3801 1090 3870 ipsum
1119 3803 1428 3872 corporale,
1491 3820 1556 3857 ac
1603 3805 1723 3859 loco

121 3888 497 3959 reliquiarum
526 3888 880 3942 servandum.
935 3889 992 3942 Si
1037 3905 1207 3959 super
1249 3891 1456 3961 pallam
1503 3893 1718 3959 altaris,

121 3977 424 4031 incidenda
466 3983 551 4030 est
597 3978 872 4047 particula
923 3978 1062 4048 ipsa,
1115 3985 1172 4032 et
1199 3995 1300 4048 pro
1331 3980 1582 4051 reliquiis
1607 4000 1720 4037 ser-

1813 2999 1976 3070 jubet
2002 3016 2130 3054 eum
2161 3000 2220 3054 in
2252 3000 2451 3054 ultimo
2479 2999 2694 3064 sedere,
2727 3005 2828 3053 aut
2855 2999 3050 3066 etiam,
3100 3000 3149 3054 si
3195 3001 3423 3059 videtur

1817 3091 1887 3144 de
1915 3092 2110 3146 eadem
2144 3108 2290 3146 noxa
2317 3091 2546 3145 omnino
2575 3090 2814 3145 liberum
2844 3107 2985 3145 esse.
3013 3090 3074 3144 Si
3095 3092 3317 3162 quando
3337 3093 3425 3148 in-

1815 3180 1901 3233 fra
1925 3195 2242 3234 sermonem
2263 3179 2334 3233 ad
2355 3178 2664 3249 capitulum
2700 3178 2932 3244 accedit,
2958 3178 3291 3250 priusquam
3331 3180 3417 3236 illi

1814 3269 2045 3324 ﬁniatur
2063 3285 2177 3323 non
2205 3269 2398 3322 intrat.
2435 3266 2663 3321 Intrans
2685 3271 2896 3334 autem,
2919 3267 2968 3321 si
2995 3268 3231 3322 fratrem
3257 3268 3316 3323 in
3330 3270 3422 3340 ju-

1812 3357 1957 3411 dicio
1987 3363 2250 3423 stantem,
2276 3356 2362 3410 vel
2381 3356 2552 3411 etiam
2581 3361 2810 3410 exutum
2838 3355 3070 3422 invenit,
3096 3356 3248 3410 hunc
3262 3357 3419 3428 prior

1809 3463 1939 3501 mox
1963 3447 2159 3501 sedere
2183 3446 2334 3511 facit,
2358 3451 2414 3500 et
2432 3446 2480 3500 si
2502 3445 2632 3500 talis
2655 3450 2741 3500 est
2760 3445 3124 3516 negligentia,
3151 3461 3275 3517 quae
3299 3463 3416 3504 non

1806 3535 1880 3589 sit
1905 3535 2102 3589 leviter
2125 3533 2477 3597 dimittenda,
2506 3539 2640 3587 tunc
2668 3531 2806 3587 dicit
2840 3533 2892 3586 ei
2928 3551 2940 3587 :
2983 3536 3058 3588 [te
3095 3549 3318 3597 sessum,
3362 3541 3412 3590 et

1797 3629 1984 3693 postea
2015 3625 2204 3677 redite.
2230 3623 2338 3687 Qui
2358 3638 2634 3689 reversus,
2659 3622 2934 3693 profunde
2960 3621 3194 3677 inclinat
3223 3624 3348 3692 (hoc
3375 3641 3412 3678 a

1811 3711 2062 3781 quolibet
2090 3710 2436 3775 observatur,
2473 3709 2569 3780 qui
2593 3709 2699 3763 hoc
2719 3709 2886 3762 modo
2913 3709 2997 3764 ire
3017 3715 3074 3764 et
3100 3710 3284 3766 redire
3308 3713 3408 3783 ju-

1807 3799 2012 3865 betur),
2041 3801 2111 3854 ad
2141 3801 2262 3869 ejus
2291 3799 2586 3853 introitum
2612 3797 2815 3852 fratres
2844 3803 3169 3867 assurgunt,
3203 3805 3262 3853 et
3287 3817 3407 3855 ere-

1807 3890 1881 3944 cti
1903 3894 2034 3943 ante
2067 3889 2330 3954 scabella,
2362 3889 2539 3941 donec
2562 3890 2936 3956 pertranseat,
2968 3885 3300 3942 consistunt.

1875 3979 1933 4033 Si
1962 3979 2030 4032 de
2061 3978 2249 4048 aliqua
2268 3975 2671 4030 consuetudine
2689 3973 2999 4040 dubitatur,
3019 3973 3290 4046 quidquid
3307 3977 3403 4032 ille

119 4065 322 4118 vanda.
348 4065 405 4119 Si
425 4082 592 4135 super
619 4066 864 4119 casulam
887 4065 1146 4120 similiter
1164 4067 1368 4137 agitur.
1403 4070 1462 4124 Si
1492 4087 1622 4125 vero
1659 4072 1718 4127 in
1797 4067 2082 4121 communi
2139 4065 2426 4121 seniorum
2473 4063 2706 4117 consilio
2735 4062 2943 4116 ibidem
2985 4063 3281 4130 deﬁnierit,
3329 4064 3400 4120 de

118 4162 352 4217 terram,
376 4154 693 4223 lingendus,
747 4157 1138 4224 extergendus,
1197 4162 1366 4228 atque
1431 4160 1714 4218 radendus
1796 4161 1995 4210 caetero
2028 4155 2187 4226 quasi
2209 4171 2308 4225 pro
2329 4154 2450 4222 lege
2473 4156 2716 4206 tenetur.
2750 4151 2898 4204 Nam
2928 4151 3034 4204 hoc
3063 4156 3286 4222 oportet
3315 4170 3400 4207 se-

117 4252 201 4296 est
229 4244 406 4310 locus,
439 4244 551 4298 sive
580 4244 740 4314 lapis,
774 4245 889 4298 sive
929 4251 1100 4308 terra,
1147 4245 1378 4316 ipseque
1422 4249 1602 4318 pulvis
1651 4253 1710 4308 in
1794 4245 2000 4311 niol‘es,
2029 4249 2301 4316 quantum
2325 4243 2384 4296 in
2401 4243 2538 4312 ipsis
2565 4246 2679 4308 .est,
2715 4238 3028 4310 providere,
3052 4256 3124 4294 ne
3143 4256 3398 4312 unquam

116 4331 385 4396 sacrario,
405 4331 489 4384 vel
511 4331 567 4384 in
583 4331 797 4402 piscina
827 4333 1230 4388 recondendus.
1282 4333 1338 4388 Is
1368 4343 1577 4401 autem,
1615 4344 1704 4396 cui
1794 4350 1896 4404 per
1921 4350 2047 4387 eum
2074 4333 2190 4387 ulla
2215 4329 2580 4395 consuetudo,
2599 4327 2707 4382 nisi
2728 4328 2787 4382 in
2809 4327 3010 4382 melius
3049 4333 3396 4385 transmuta-

114 4421 242 4474 talis
263 4420 467 4475 accidit
486 4420 849 4490 negligentia,
891 4428 1022 4475 ante
1066 4424 1368 4492 capitulum
1409 4443 1572 4480 suum
1603 4435 1713 4484 sta-
1738 4427 1905 4520 Βίην·
1931 4421 2091 4485 QUOd
2117 4419 2163 4474 Si
2189 4420 2306 4490 ἱρεθ
2335 4417 2545 4489 absque
2577 4417 2816 4471 fratrum
2846 4432 3122 4520 οοηεεξηειι
3144 4417 3395 4490 aliquam

114 4511 369 4564 mineum
412 4509 492 4562 ita
539 4509 754 4574 dissuit,
787 4515 870 4574 ut,
901 4509 948 4562 si
979 4509 1166 4564 abbati
1200 4513 1490 4582 placuerit,
1526 4518 1709 4573 nudus

113 4598 399 4668 suscipere
429 4597 702 4666 judicium
736 4603 967 4666 paratus
997 4598 1088 4651 sit.
1127 4599 1287 4662 Quod
1316 4607 1507 4657 autem
1537 4605 1616 4658 ita
1650 4623 1709 4660 se

111 4691 410 4757 praeparet,
444 4684 549 4738 etsi
574 4686 919 4739 consuetudo
975 4702 1088 4739 non
1139 4691 1241 4751 est,
1301 4693 1492 4743 tamen
1543 4707 1708 4745 nemo

110 4773 493 4845 reprehendit.
524 4773 658 4826 Post
680 4773 797 4826 haec
821 4773 1027 4843 agitur,
1062 4775 1211 4844 quod
1227 4776 1296 4829 de
1329 4777 1706 4844 ministris,de

109 4860 510 4926 sacerdotibus,
545 4866 602 4914 et
625 4861 694 4914 de
724 4868 936 4932 septem
980 4863 1210 4933 psalmis
1238 4867 1562 4935 praedictum
1597 4875 1700 4923 est.

110 4953 164 5006 Si
186 4958 379 5006 autem
408 4951 478 5005 de
499 4966 732 5020 corpore
761 4950 982 5004 Domini
1032 4968 1202 5023 super
1245 4954 1439 5009 altaris
1487 4958 1698 5027 pallam

108 5041 318 5112 aliquid
347 5039 622 5106 ceciderit,
655 5055 785 5110 pars
837 5040 934 5094 illa
980 5057 1092 5095 non
1130 5041 1410 5110 inciditur,
1445 5046 1542 5099 sed
1573 5047 1700 5100 vino

108 5139 329 5186 tantum
357 5131 623 5184 abluitur.
685 5129 787 5183 Ille
834 5146 982 5197 vero,
1043 5132 1133 5184 cui
1186 5132 1304 5185 haec
1357 5134 1701 5205 negligentia

106 5220 340 5290 contigit
369 5219 427 5272 in
450 5217 694 5287 capitulo
717 5217 935 5270 veniam
956 5223 1174 5288 petens,
1196 5226 1518 5290 competens
1530 5239 1700 5293 super

106 5309 442 5362 stamineum
450 5305 725 5376 judicium
745 5306 950 5376 accipit
962 5322 1086 5360 cum
1105 5307 1220 5373 illo,
1235 5325 1336 5378 per
1359 5311 1520 5378 cujus
1541 5310 1698 5364 incu-

105 5398 245 5451 riam
273 5397 388 5450 tale
417 5394 550 5464 quid
579 5393 796 5448 accidit.
839 5394 897 5448 Si
943 5411 1074 5448 vero
1101 5396 1450 5450 Dominicum
1497 5414 1698 5468 corpus

102 5486 158 5540 in
186 5492 400 5540 terram
419 5481 700 5549 ceciderit,
723 5481 893 5536 simili
907 5483 1071 5536 modo
1090 5501 1190 5554 per
1210 5485 1400 5539 omnia
1413 5487 1694 5555 agendum

104 5583 205 5642 est,
237 5575 383 5628 sicut
409 5587 581 5642 supra
609 5571 818 5625 dictum
853 5577 957 5637 est,
1000 5573 1070 5625 de
1116 5574 1388 5644 sanguine
1444 5575 1690 5629 Domini.

103 5665 260 5729 Quod
288 5663 336 5718 si
365 5662 422 5716 in
450 5660 726 5730 sanguine
756 5659 980 5717 Domini
1008 5678 1220 5730 musca,
1248 5664 1331 5717 vel
1357 5681 1584 5730 aranea,
1608 5665 1695 5717 vel

1791 4510 2253 4564 consuetudinem
2271 4509 2352 4563 sic
2370 4509 2651 4573 immutat,
2676 4511 2742 4560 ut
2759 4507 3119 4577 postmodum
3141 4517 3394 4577 perstare

1791 4616 1902 4653 non
1933 4599 2136 4664 valeat,
2160 4598 2450 4652 humiliter
2474 4597 2604 4651 inde
2625 4601 2709 4651 est
2723 4595 3133 4662 admonendus,
3161 4600 3218 4650 et
3237 4597 3396 4667 quid-

1792 4687 1924 4758 quid
1955 4703 2123 4757 super
2152 4687 2256 4740 lioc
2281 4685 2656 4740 communiter
2675 4702 2709 4739 a
2736 4690 3011 4739 conventu
3043 4685 3389 4753 decernitur,

1790 4777 1848 4830 in
1879 4778 1982 4830 hoc
1998 4777 2162 4847 juxta
2186 4776 2462 4844 majorum
2508 4774 2870 4828 traditionem
2922 4773 3237 4828 consentire
3275 4790 3389 4830 non

1789 4869 2062 4917 moratur.
2095 4862 2181 4915 Ad
2211 4860 2371 4914 illum
2401 4877 2622 4932 quoque
2653 4861 2835 4915 solum
2877 4860 3126 4931 respicit,
3158 4875 3271 4912 non
3295 4877 3389 4914 so-

1787 4953 1905 5006 lum
1934 4953 2177 5021 majores
2202 4948 2655 5013 obedientiarios,
2685 4965 2882 5003 verum
2911 4949 3083 5003 etiam
3113 4948 3386 5018 quosdam

1785 5057 1978 5095 eorum
2005 5039 2293 5109 adjutores
2322 5037 2684 5102 constituere,
2709 5053 2760 5089 v.
2792 5053 2871 5107 g.,
2907 5037 3226 5106 adjutorem
3270 5035 3388 5106 pri-

1781 5146 1939 5183 mum
1959 5128 2205 5182 custodis
2236 5125 2499 5189 ecclesiae,
2532 5125 2845 5191 camerarii,
2882 5125 3180 5192 cellerarii,
3211 5125 3388 5196 magi-

1781 5219 1883 5273 stri
1915 5218 2272 5283 novitiorum,
2301 5215 2618 5279 inﬁrmarii,
2665 5213 2917 5271 armarii.
2973 5213 3133 5285 Ipsos
3191 5219 3384 5268 tamen

1781 5305 2237 5370 obedientiarios,
2290 5305 2437 5359 sicut
2487 5309 2544 5358 et
2598 5303 2898 5374 cujuslibet
2927 5303 3079 5358 cellae
3111 5303 3380 5374 priorem,

1780 5396 1936 5467 prior
1963 5396 2083 5450 sola
2104 5393 2455 5449 necessitatis
2487 5409 2659 5447 causa
2693 5397 2881 5464 potest
2926 5392 2995 5446 de
3051 5391 3384 5445 obedientiis

1780 5485 2142 5555 suspendere,
2170 5484 2217 5537 si
2246 5484 2390 5537 forte
2419 5483 2658 5537 domnus
2685 5481 2858 5536 abbas
2885 5481 2972 5535 vel
3000 5480 3218 5534 tamdiu
3246 5479 3383 5534 alibi

1779 5581 2056 5642 moratur,
2084 5574 2169 5627 vel
2194 5573 2333 5626 adeo
2359 5577 2610 5626 remotus
2639 5577 2742 5636 est,
2769 5571 2914 5642 quod
2942 5569 3282 5640 legationem
3307 5569 3380 5624 ad

1779 5679 1907 5722 eum
1932 5679 2044 5716 non
2073 5668 2259 5736 potest
2305 5661 2569 5732 dirigere.
2629 5661 2779 5716 Talis
2829 5665 3022 5716 autem
3077 5658 3381 5715 necessitas
