3934 6364
524 386 666 449 iw

1550 385 1612 439 Β.
1653 381 2050 439 GUILLELMI
2083 379 2386 438 ABBATIS
2423 379 2761 438 HIBBAUG.

3659 381 3791 441 1044

526 514 677 585 cogit
703 526 851 579 eum,
886 510 1192 583 quemlibet
1217 525 1414 564 eorum
1442 508 1513 562 de
1540 507 1856 562 obedientia
1885 522 2121 577 suspen-
2137 507 2263 567 Aet
2287 512 2564 576 quantum
2593 506 2832 561 domnus
2862 506 3007 562 abba
3042 507 3312 579 praecipit,
3343 508 3415 564 de
3443 524 3589 580 pane
3617 508 3794 579 siligi-

523 603 757 669 dere,si
785 601 921 673 quid
948 601 1062 655 tale
1107 598 1407 663 commisit,
1455 597 1603 668 quod
1657 613 1757 667 per
1806 612 1867 650 se
1910 595 2122 665 absque

527 692 737 747 domne
763 689 964 744 abbate
988 688 1290 747 emendare
1313 703 1427 741 non
1456 686 1650 757 possit.
1667 686 1966 755 Adjutores
1993 700 2123 737 vero

526 779 825 853 pradictos
850 793 953 850 pro
985 775 1174 841 simili,
1204 775 1292 831 vel
1319 776 1489 830 etiam
1545 774 1752 829 minori
1790 773 2123 828 necessitate

527 873 719 943 potest
741 872 965 923 mutare
982 865 1213 929 absente
1240 864 1444 931 abbate
1475 881 1487 916 :
1516 863 1610 917 cui
1637 863 1740 918 soli
1768 863 1938 917 etiam
1967 879 2125 933 repo-

528 958 702 1014 situm
732 962 835 1024 est,
869 961 935 1012 ut
954 953 1261 1027 quemlibet
1285 954 1524 1007 fratrum
1562 952 1752 1017 mittat
1803 952 1865 1006 in
1900 952 2125 1023 culpam

488 1072 497 1077 ν
526 1046 862 1119 graviorem.
895 1045 966 1100 Et
991 1044 1109 1099 huic
1136 1048 1222 1098 est
1244 1042 1586 1113 hujusmodi.

1167 1132 1401 1187 CAPUT
1427 1132 1494 1186 V.

1062 1224 1137 1277 De
1164 1223 1328 1291 culpa
1354 1222 1626 1289 graviori.

602 1315 628 1345 θ
655 1313 855 1369 Frater
883 1312 980 1384 qui
1007 1317 1326 1377 contumax,
1360 1316 1460 1364 aut
1475 1308 1820 1375 inobediens,
1837 1309 1925 1363 vel
1951 1308 2010 1362 in
2029 1309 2126 1362 ali-

530 1414 645 1476 quo
673 1401 989 1457 contrarius
1011 1405 1216 1454 sanctae
1245 1399 1453 1469 regulae
1474 1398 1765 1464 exstiterit,
1788 1399 1879 1452 hic
1908 1415 2129 1470 quoque

531 1493 841 1548 secundum
890 1490 1145 1560 regulam
1198 1493 1283 1542 est
1332 1487 1678 1541 tractandus.
1729 1488 1835 1551 Qui
1872 1505 2003 1543 vero
2031 1489 2130 1542 ali-

533 1581 685 1653 quod
710 1581 825 1635 tale
845 1579 1077 1641 crimen,
1100 1582 1164 1631 ut
1192 1582 1279 1631 est
1306 1577 1518 1631 furtum
1556 1577 1641 1629 vel
1661 1577 2016 1647 sacrilegium
2039 1578 2129 1632 in-

532 1669 797 1733 currerit,
829 1668 1078 1722 sentiens
1121 1666 1261 1720 illud
1288 1666 1370 1719 ita
1405 1665 1748 1736 publicatum
1773 1682 1894 1719 esse
1924 1672 1989 1720 ut
2018 1683 2129 1721 non

533 1759 715 1832 possit
739 1757 886 1813 tanti
912 1757 1137 1810 sceleris
1164 1754 1616 1809 reclamationem
1639 1755 1902 1824 effugere,
1925 1755 2130 1809 domno

2203 610 2329 659 neo,
2363 594 2714 665 etjustitiam
2745 596 2866 664 ejus
2890 611 3022 651 cum
3059 611 3225 666 aqua,
3282 601 3341 650 et
3391 602 3648 667 pateram
3677 598 3794 667 ejus

2202 682 2284 736 illi
2312 683 2604 753 adportat;
2637 683 2744 738 nisi
2768 684 3031 753 praefatus
3063 685 3232 740 Pater
3259 685 3470 756 aliquid
3491 702 3592 755 pro
3627 686 3791 741 misa-

2203 771 2447 827 ricordia
2470 772 2523 826 ei
2551 773 3028 844 superimpendat.
3064 774 3480 844 Qualiscumque
3509 779 3703 831 autem
3727 774 3797 828 sit

2205 862 2325 931 ejus
2349 861 2598 928 refectio,
2626 862 2697 916 ad
2728 878 2852 916 eam
2879 878 2992 917 non
3020 862 3351 933 prohibetur
3375 879 3579 919 manus
3605 863 3799 919 ablue-

2206 966 2302 1017 re;
2334 951 2432 1004 sed
2461 966 2645 1020 neque
2673 952 2942 1017 mensale,
2973 968 3157 1022 neque
3181 968 3432 1007 mensam
3456 953 3803 1023 permittitur

2208 1039 2434 1092 habere.
2461 1039 2629 1093 Cibus
2656 1042 2779 1109 ejus
2828 1057 2942 1095 non
2995 1039 3348 1096 benedicitur
3376 1055 3388 1090 :
3414 1041 3667 1112 reliquiae
3694 1040 3801 1094 cibi

2208 1128 2460 1198 ejusdem
2489 1135 2544 1183 et
2566 1135 2751 1199 potus,
2782 1129 2832 1183 si
2861 1146 2976 1184 non
3003 1136 3089 1184 est
3115 1146 3283 1201 aqua,
3314 1130 3681 1199 singulariter
3703 1128 3800 1183 ab-

2208 1234 2345 1287 sque
2375 1218 2613 1272 fratrum
2639 1218 2970 1287 fragmentis
2998 1218 3230 1289 pauperi
3254 1219 3421 1274 alicui
3451 1218 3797 1273 tribuuntur.

2208 1307 2318 1361 Pro
2338 1307 2613 1376 corporali
2628 1308 2965 1367 necessitate
2985 1308 3114 1361 licet
3143 1308 3193 1362 ei
3224 1309 3295 1363 ad
3314 1308 3684 1363 infirmariam
3700 1308 3799 1366 ire.

2209 1396 2294 1449 Ad
2324 1412 2517 1450 omnes
2545 1396 2714 1450 horas
2742 1402 2872 1452 ante
2917 1397 3205 1451 ecclesiam
3248 1398 3439 1451 venire
3473 1397 3801 1467 priusquam

2209 1485 2427 1540 instans
2458 1486 2596 1539 hora
2626 1487 2701 1541 sit
2726 1487 2967 1556 incepta,
3013 1486 3307 1552 observat;
3339 1492 3397 1541 et
3414 1493 3550 1541 tunc
3584 1487 3803 1540 veniam

2212 1581 2427 1644 petens,
2490 1591 2664 1645 prope
2693 1574 2898 1629 ostium
2928 1580 3058 1641 stat,
3087 1577 3192 1641 vel,
3227 1576 3274 1629 si
3306 1581 3393 1630 est
3417 1576 3699 1639 inﬁrmus,
3725 1592 3806 1629 se-

2212 1664 2327 1729 det,
2360 1664 2535 1717 donec
2574 1670 2877 1718 conventus
2908 1665 3077 1733 Hyrie
3121 1668 3321 1719 eiez’son
3373 1664 3623 1735 incipiat.
3684 1667 3797 1735 (un.

2213 1754 2356 1817 var.)
2384 1753 2538 1806 Tunc
2559 1753 2676 1806 solo
2706 1758 2872 1808 tenus
2904 1770 2963 1807 se
2991 1758 3350 1824 prosternens
3377 1758 3435 1807 et
3472 1758 3601 1825 post
3637 1753 3806 1807 colle-

532 1846 740 1902 abbate
766 1846 1075 1917 capitulum
1104 1848 1351 1909 tenente,
1370 1844 1514 1914 petit
1535 1843 1753 1897 veniam
1776 1860 1879 1897 sua
1896 1849 2094 1913 sponte
2114 1862 2126 1910 ;
2146 1855 2193 1915 Β
2213 1847 2361 1896 ctam
2389 1858 2627 1912 surgens
2648 1842 2928 1912 capellam
2952 1842 3218 1905 reinduit,
3251 1843 3426 1897 donec
3453 1842 3659 1896 iterum
3684 1848 3809 1913 post

534 1936 737 1991 deinde
784 1932 1219 1989 lamentabiliter
1242 1932 1455 2004 profert
1472 1932 1529 1986 in
1560 1949 1669 2003 quo
1700 1932 1890 2003 lapsus
1924 1933 1998 1986 sit
2020 1931 2130 1986 ori-

533 2025 708 2080 mine.
733 2027 846 2092 (un.
874 2034 1024 2093 var.)
1047 2022 1102 2077 A
1131 2037 1241 2093 quo
1286 2038 1415 2076 cum
1463 2021 1724 2088 audierit,
1777 2021 1871 2085 Ite,
1930 2025 2127 2083 exuite,

534 2128 626 2169 vos
644 2120 694 2168 ei
713 2115 1043 2177 discalciatis,
1077 2115 1125 2165 et
1173 2112 1523 2169 revertimini
1540 2113 1683 2163 sicut
1722 2126 1837 2164 mos
1855 2117 1931 2164 est
1948 2127 1964 2173 ς
1997 2110 2130 2176 exit,

537 2203 889 2275 praecedente
918 2216 1047 2257 eum
1076 2199 1385 2254 camerario
1434 2198 1495 2252 in
1560 2198 1905 2255 auditorium
1929 2216 1940 2252 ε
1970 2198 2048 2252 ibi
2066 2216 2132 2253 eo

538 2292 841 2362 adjuvante
869 2289 1115 2360 primum
1145 2287 1891 2358 pedesdenudat,caputium
1913 2304 2135 2358 quoque

540 2378 806 2434 staminei
833 2378 922 2432 sui
952 2378 1149 2431 dextra
1175 2378 1407 2447 levaque
1433 2376 1702 2430 incisione
1721 2376 1891 2439 laxat,
1924 2383 1989 2430 ut
2011 2376 2136 2430 bra-

541 2468 670 2524 chia
692 2482 795 2538 per
811 2468 999 2538 ipsum
1028 2464 1214 2519 valeat
1240 2465 1550 2529 extrahere,
1583 2471 1642 2518 et
1652 2465 1991 2518 stamineum
2008 2482 2135 2519 cum

542 2556 781 2611 manicis
807 2556 957 2609 circa
982 2553 1275 2609 femoralia
1296 2553 1472 2623 ligare
1498 2554 1629 2621 (non
1652 2558 1844 2607 tamen
1886 2554 2139 2609 aufertur

540 2644 615 2700 ab
643 2660 709 2700 eo
729 2643 988 2699 cultellus
1012 2658 1196 2712 neque
1218 2642 1525 2713 cingulum)
1555 2642 1758 2713 accipit
1803 2659 1976 2697 manu
2004 2645 2139 2699 dex-

540 2740 634 2790 tra
656 2734 872 2806 jugiter
908 2732 986 2787 ibi
1011 2733 1321 2804 jacentium
1350 2732 1637 2802 virgarum
1666 2732 2035 2803 manipulum,
2067 2730 2136 2786 ab

539 2824 665 2897 ipso
695 2822 1005 2878 camerarie
1050 2826 1188 2876 tunc
1217 2822 1288 2875 ad
1317 2837 1562 2893 praasens
1585 2820 1928 2892 colligatum,
1955 2838 2049 2879 un.
2080 2827 2139 2876 et

540 2910 604 2968 in
627 2912 753 2967 leva
778 2912 1056 2967 cucullum
1076 2910 1295 2965 decenti
1319 2906 1745 2982 complicatione
1775 2911 2131 2981 pendentem,

544 3000 934 3058 ctcamerario
956 2999 1324 3071 praecedente,
1370 2994 1451 3053 ita
1478 3001 1631 3053 venit
1677 3000 1738 3054 in
1776 3006 2136 3070 conspectum

543 3091 739 3146 domni
763 3088 1002 3155 abbatis,
1025 3104 1093 3143 ac
1116 3087 1289 3159 virgis
1316 3088 1647 3159 cucullaque
1677 3094 1809 3143 ante
1835 3105 1896 3142 se
1921 3088 2134 3160 positis,

2214 1931 2496 2001 psalmum
2545 1947 2659 1985 non
2676 1931 2842 1996 levat,
2868 1931 3046 1985 donec
3070 1932 3117 1984 si
3136 1931 3340 1985 fratres
3392 1930 3601 1985 debent
3659 1930 3809 1985 exire

2215 2025 2273 2073 et
2299 2035 2493 2072 omnes
2521 2019 2773 2073 exierint.
2831 2020 2917 2073 Ad
2946 2019 3141 2073 ambas
3168 2019 3369 2081 missas
3398 2025 3594 2074 manet
3618 2018 3681 2073 in
3709 2035 3809 2073 an-

2213 2107 2346 2177 gulo
2370 2107 2623 2177 capituli.

2287 2198 2309 2225 *
2340 2197 2422 2250 De
2441 2196 2719 2250 industria
2746 2197 2988 2251 domnus
3016 2197 3187 2252 abbas
3210 2198 3372 2268 jubet
3397 2197 3616 2268 aliquos
3634 2197 3814 2251 senio-

2217 2302 2308 2339 res
2328 2286 2398 2339 ad
2420 2302 2549 2339 eum
2571 2286 2778 2349 venire,
2814 2286 2908 2357 qui
2947 2303 3077 2341 eum
3115 2288 3500 2350 exhortantur,
3531 2291 3598 2339 ut
3644 2286 3812 2356 quid-

2218 2374 2352 2444 quid
2372 2375 2423 2428 ei
2454 2375 2822 2445 correptionis
2859 2376 3248 2446 temporaliter
3282 2375 3453 2429 fuerit
3476 2375 3809 2445 irrogatam,

2216 2468 2399 2517 totum
2423 2463 2627 2517 habeat
2651 2470 2898 2534 gratum,
2945 2470 3009 2519 ut
3061 2465 3259 2519 divinae
3299 2465 3609 2519 clementiae
3635 2464 3811 2535 possit

2218 2552 2583 2607 reconciliari.
2640 2554 2710 2607 Et
2764 2568 2890 2608 cum
2944 2554 3119 2608 fuerit
3145 2554 3326 2608 visum
3356 2554 3562 2607 domno
3599 2552 3810 2617 abbati,

2219 2641 2521 2695 concordat
2544 2641 2713 2695 etiam
2745 2659 2873 2695 cum
2891 2642 3092 2696 iisdem
3112 2641 3445 2708 senioribus,
3469 2652 3532 2717 ut
3560 2657 3663 2712 pro
3694 2642 3813 2711 ipso

2217 2745 2314 2783 reo
2337 2729 2393 2783 in
2420 2729 2663 2801 capitulo
2684 2731 2902 2784 veniam
2932 2735 3146 2801 petant,
3176 2733 3284 2798 (un.
3318 2734 3462 2799 oar.)
3498 2730 3743 2784 maxime
3771 2730 3816 2786 si

2218 2817 2362 2873 bene
2397 2826 2531 2874 sunt
2552 2820 2785 2890 experti,
2818 2825 2877 2874 et
2900 2820 3095 2874 testari
3126 2825 3378 2890 possunt,
3396 2836 3507 2890 quo
3531 2836 3634 2890 pro
3652 2824 3817 2873 reatu

2218 2924 2320 2962 suo
2348 2909 2610 2979 spiritum
2639 2908 2846 2964 habeat
2872 2910 3333 2976 contribulatum,
3376 2926 3473 2964 cor
3509 2908 3817 2963 contritum

2220 3002 2278 3051 et
2293 2996 2667 3051 humiliatum.
2677 2998 2837 3063 Quod
2848 3015 2980 3062 cum
2994 2998 3259 3063 audierit,
3279 2997 3438 3051 fratri
3460 2997 3809 3053 renuntiant.

2220 3085 2305 3139 Ad
2335 3086 2650 3156 proximum
2679 3103 2809 3141 vero
2836 3088 3144 3158 capitulum
3164 3087 3245 3141 eis
3264 3086 3480 3141 veniam
3498 3103 3602 3157 pro
3631 3102 3703 3140 eo
3724 3102 3819 3157 pe-

544 3181 766 3234 veniam
804 3179 966 3250 petit.
993 3178 1210 3243 Iussus,
1238 3182 1306 3231 ut
1334 3183 1549 3247 surgat,
1581 3178 1741 3233 sedet
1792 3178 1865 3232 ad
1904 3184 2137 3244 terram,
2157 3206 2201 3265 Ο
2222 3173 2471 3265 tentibus
2500 3191 2564 3229 ac
2592 3175 2980 3245 pmnitentiam
3010 3192 3198 3229 coram
3227 3175 3702 3265 annuntiantibus
3721 3176 3819 3229 adv

545 3274 605 3325 et
627 3266 903 3323 cucullum
932 3278 1102 3337 super
1122 3281 1309 3336 genua
1327 3268 1502 3336 ponit.
1536 3266 1936 3333 *Verberatur,
1961 3283 2141 3338 quan-
2220 3263 2409 3333 jungit
2436 3269 2494 3317 et
2538 3279 2670 3318 suas
2691 3280 2882 3334 preces
2923 3269 3247 3319 conventus.
3291 3263 3508 3318 Annuit
3532 3263 3733 3326 abbas.
3760 3270 3824 3318 ut

543 3362 673 3412 tum
701 3357 909 3410 domno
938 3355 1127 3409 abbati
1158 3355 1395 3422 videtur,
1417 3355 1620 3409 deinde
1640 3357 1851 3425 jussus,
1884 3362 1950 3410 ut
1976 3373 2036 3410 se
2055 3357 2144 3410 in-

546 3446 705 3507 duat,
738 3444 822 3501 ita
849 3444 1051 3501 sedens
1079 3442 1355 3498 cucullam
1406 3445 1557 3498 nudo
1599 3445 1821 3515 corpori
1867 3445 2053 3499 induit
2089 3451 2146 3499 et

552 3534 753 3605 surgit.
786 3534 920 3586 Post
955 3533 1073 3586 haec
1087 3532 1319 3602 jubetur
1345 3532 1497 3586 exire
1526 3533 1597 3586 ad
1625 3534 1993 3588 induendum.
2046 3536 2144 3589 Co-

548 3623 791 3678 mitatur
816 3638 965 3687 eum,
1020 3622 1118 3692 qui
1169 3627 1227 3675 et
1270 3638 1477 3693 supra;
1508 3622 1732 3676 rediens
1767 3622 2142 3691 discalciatus,

545 3712 759 3768 iterum
778 3720 839 3765 te
858 3709 1182 3781 prosternit.
1210 3710 1352 3765 Cum
1382 3710 1623 3765 audierit
1642 3728 1677 3764 a
1695 3712 1902 3765 domno
1923 3708 2140 3766 abbate:

549 3802 780 3857 Frater!
807 3803 964 3853 estote
984 3802 1048 3852 in
1066 3800 1319 3866 graviori
1345 3801 1525 3867 culpa,
1556 3800 1816 3869 protinus
1844 3806 2012 3871 caput
2057 3801 2147 3855 in-

550 3888 747 3957 ﬂectit,
779 3888 1057 3959 capellum
1079 3887 1285 3953 induit,
1316 3888 1466 3958 quod
1493 3892 1550 3941 et
1572 3894 1768 3959 postea
1795 3905 1907 3943 non
1936 3889 2149 3944 abstra-

548 3972 658 4048 hit,
686 3976 955 4049 quamdiu
974 3976 1033 4029 in
1060 3976 1162 4029 tali
1190 3976 1470 4030 sententia
1506 3977 1709 4044 fuerit;
1772 3978 1879 4035 nisi
1924 3980 2146 4049 quando

552 4077 687 4125 ante
705 4054 921 4125 ostium
951 4069 1196 4126 ecclesiae
1226 4087 1286 4125 se
1314 4069 1646 4142 prosternit;
1701 4076 1837 4124 tunc
1868 4070 2016 4125 enim
2046 4087 2145 4141 pa-

549 4173 683 4214 rum
710 4156 849 4213 illud
871 4159 1136 4214 detrahit.
1161 4158 1376 4214 Deinde
1396 4165 1454 4213 et
1477 4160 1832 4230 designatum
1853 4160 2059 4214 talibus
2072 4161 2149 4214 lo-

554 4262 684 4303 cum
710 4248 911 4312 tendit,
959 4250 1336 4320 prosequente
1386 4265 1516 4302 eum
1569 4249 1763 4317 fratre,
1813 4249 1903 4303 cui
1952 4254 2089 4303 tunc
2117 4266 2152 4303 a

556 4337 763 4392 domno
790 4336 990 4391 abbate
1023 4337 1411 4391 committitur.

627 4426 695 4481 In
720 4425 969 4497 praedicti
1025 4430 1216 4479 autem
1259 4425 1525 4480 auditorii
1566 4427 1895 4481 occidentali
1943 4428 2151 4498 angulo

2225 3351 2392 3405 faciat
2420 3369 2546 3406 cum
2577 3352 2673 3405 illo
2701 3353 3164 3419 misericordiam,
3188 3359 3245 3407 et
3267 3353 3444 3407 mittit
3460 3370 3563 3424 pro
3590 3369 3679 3407 eo.
3716 3354 3822 3408 Po-

2224 3445 2339 3494 test
2364 3446 2553 3494 autem
2582 3441 2712 3495 talis
2744 3458 2864 3496 esse
2892 3443 3087 3509 frater,
3117 3443 3211 3514 qui
3239 3460 3351 3497 non
3371 3444 3498 3514 plus
3518 3459 3634 3497 una
3659 3449 3825 3497 nocte

2226 3528 2285 3582 in
2314 3529 2635 3599 hujusmodi
2680 3530 2962 3584 sententia
2988 3531 3326 3588 dimittatur.
3385 3532 3531 3589 Nam
3579 3532 3826 3603 qualiter

2228 3618 2378 3671 circa
2407 3633 2537 3672 eum
2562 3618 2637 3672 sit
2663 3620 2966 3688 agendum,
2984 3636 3048 3673 ex
3079 3626 3210 3674 ante
3239 3626 3365 3674 acta
3392 3622 3515 3691 ejus
3532 3636 3826 3675 conversa-

2229 3705 2400 3771 tione,
2432 3712 2490 3760 et
2518 3708 2778 3776 praesenti
2827 3709 3159 3778 poenitentia
3205 3708 3395 3764 abbati
3439 3715 3525 3763 est
3551 3709 3823 3780 colligen-

2228 3795 2384 3849 dum.
2417 3795 2606 3850 Missis
2634 3802 2822 3851 autem
2854 3814 2955 3868 pro
2999 3814 3063 3852 eo
3109 3798 3298 3868 priore
3327 3804 3383 3852 et
3410 3799 3748 3865 camerario,
3771 3815 3827 3852 se

2228 3884 2411 3939 nudat
2440 3886 2637 3939 eodem
2662 3886 2847 3951 modo,
2883 3903 2993 3956 quo
3022 3893 3078 3941 et
3101 3904 3290 3957 supra,
3344 3893 3402 3941 et
3454 3888 3691 3942 veniens
3722 3888 3829 3941 ite—

2227 3989 2355 4027 rum
2380 3974 2624 4045 vapulat,
2648 3975 2695 4028 si
2722 3975 2943 4029 videtur
2969 3976 3176 4030 domno
3205 3976 3414 4041 abbati,
3441 3977 3831 4047 sicquecucul—

2229 4063 2286 4117 la
2313 4062 2531 4128 induta,
2560 4064 2631 4117 ad
2659 4064 2828 4134 pedes
2876 4066 2999 4135 ejus
3044 4071 3101 4118 et
3144 4066 3397 4119 omnium
3423 4066 3667 4121 fratrum
3699 4084 3829 4139 pro-

2230 4151 2493 4218 volvitur,
2522 4153 2769 4223 primum
2794 4154 2863 4207 ad
2891 4170 3106 4219 eorum,
3141 4156 3237 4225 qui
3266 4156 3335 4209 ad
3355 4156 3641 4210 sinistram
3660 4158 3831 4212 dom.

2233 4239 2292 4297 ni
2324 4240 2541 4296 abbatis
2580 4243 2841 4313 superius
2871 4244 3089 4308 sedent,
3140 4244 3341 4299 deinde
3396 4245 3457 4298 in
3488 4245 3689 4299 dextra
3715 4248 3835 4317 ejus

2234 4338 2393 4400 parte
2423 4352 2434 4386 :
2460 4340 2657 4404 postea
2702 4341 2988 4389 revertens
3018 4334 3089 4387 ad
3120 4350 3232 4399 eos,
3276 4334 3373 4404 qui
3411 4350 3582 4404 super
3625 4335 3837 4389 scabel-

2231 4425 2352 4478 lum
2406 4423 2622 4488 sedent,
2674 4423 2915 4476 eundem
2974 4428 3158 4476 servat
3214 4422 3513 4477 ordinem:
3546 4438 3656 4492 quo
3691 4424 3836 4477 facto

558 4513 816 4599 quaedam
846 4518 932 4568 est
959 4513 1347 4568 mansiuncula
1378 4515 1447 4569 ad
1477 4515 1799 4585 hujusmodi
1827 4516 2029 4569 fratres
2061 4514 2442 4580 re-Diterum
2470 4512 2690 4565 veniam
2719 4512 2880 4582 petit.
2918 4510 3155 4565 Jubetur
3194 4511 3346 4564 exire
3392 4512 3465 4564 ad
3511 4527 3571 4564 se
3599 4512 3838 4565 induen-

556 4602 844 4676 cipiendos
869 4606 1042 4657 tanta:
1071 4603 1420 4673 quantitatis,
1443 4608 1508 4658 ut
1529 4604 1629 4658 uni
1654 4604 1900 4659 sufﬁciat
1913 4603 2147 4668 homini,

558 4696 619 4749 et
648 4696 735 4747 est
753 4689 970 4765 jugitcr
996 4708 1031 4747 a
1058 4693 1366 4747 camerario
1397 4699 1602 4761 serata,
1647 4694 1756 4748 nisi
1779 4694 2002 4764 quando
2048 4695 2152 4749 alii

558 4778 685 4853 quis
713 4784 942 4835 tenetur
959 4779 1020 4834 in
1048 4780 1291 4851 graviori
1319 4782 1501 4853 culpa,
1534 4788 1668 4836 tunc
1715 4787 1939 4836 tantum
1979 4799 2014 4836 a
2061 4799 2153 4836 cu-

557 4866 717 4927 stode
746 4884 848 4926 suo
876 4875 1046 4925 noctu
1075 4869 1372 4935 clauditur,
1407 4871 1454 4924 si
1481 4871 1723 4942 suspicio
1757 4871 1903 4941 fugae
1933 4871 1988 4925 in
2021 4888 2151 4925 eum

554 4955 818 5014 habetur.
871 4958 1191 5030 Antequam
1249 4958 1541 5013 aediculam
1598 4958 1774 5012 frater
1824 4960 1950 5025 iste,
1982 4976 2155 5031 prope

556 5050 848 5105 custodem
873 5063 1040 5103 suum
1068 5049 1269 5103 sedens
1294 5052 1567 5114 moratur,
1603 5048 1780 5102 donec
1823 5048 1982 5102 ﬁnito
2011 5048 2155 5119 capi-

557 5136 680 5194 tulo
707 5150 839 5192 mox
862 5152 966 5209 per
994 5136 1520 5207 eleemosynarium,
1566 5137 1615 5190 si
1660 5153 1800 5208 opus
1829 5142 1933 5203 est,
1969 5154 2157 5208 scope-

555 5228 675 5294 tur,
703 5231 760 5280 et
782 5227 954 5297 junco
984 5230 1288 5279 sternatur.
1323 5224 1407 5279 Ibi
1429 5224 1646 5295 jugiter
1672 5231 1882 5293 manet,
1916 5226 2015 5280 sed
2048 5227 2157 5281 dis-

557 5312 844 5383 calciatus,
880 5320 938 5369 et
966 5316 1178 5387 absque
1229 5314 1508 5371 custodia.
1570 5314 1655 5370 Ibi
1710 5332 1881 5386 super
1919 5318 2155 5387 juncum

558 5399 770 5458 dormit
790 5408 847 5457 et
870 5403 1069 5458 reiicit.
1113 5403 1316 5459 Nullus
1337 5404 1389 5458 ei
1410 5404 1678 5476 loquitur,
1702 5405 1811 5458 nisi
1831 5405 2007 5459 frater
2021 5423 2159 5477 prae-

556 5489 757 5546 dictus.
789 5489 892 5547 Ille
922 5492 1071 5547 enim
1092 5492 1161 5547 de
1204 5493 1461 5564 singulis,
1497 5510 1619 5565 quae
1659 5494 1705 5549 si
1757 5500 1890 5548 sunt
1915 5497 2153 5564 agenda,

559 5576 727 5633 debet
754 5595 884 5634 eum
910 5596 1273 5650 praemonere,
1299 5581 1433 5635 etin
1473 5587 1728 5654 tempore
1754 5599 1868 5636 suae
1898 5583 2154 5637 refectio-

551 5665 661 5735 nis,
696 5680 820 5739 quae
840 5675 972 5723 sunt
995 5669 1326 5727 necessaria,
1356 5671 1772 5727 administrare.
1800 5670 1868 5726 In
1883 5687 1994 5744 qua
2014 5674 2156 5727 hora

2236 4603 2372 4656 dum
2405 4620 2416 4654 :
2446 4602 2750 4654 comitatur
2776 4617 2905 4654 eum
2933 4601 3085 4653 solus
3112 4600 3473 4661 camerarius.
3508 4600 3753 4655 Indutue
3783 4606 3837 4654 et

2234 4691 2501 4744 calciatus
2531 4690 2849 4755 revertitur,
2881 4694 2939 4743 et
2967 4689 3174 4742 iterum
3197 4689 3417 4741 veniam
3448 4689 3606 4759 petit.

2307 4783 2329 4804 ¹
2360 4780 2616 4845 Jubetur,
2648 4786 2715 4833 ut
2739 4779 2972 4833 ultimus
3004 4779 3213 4833 sedeat.
3230 4778 3307 4830 Ex
3330 4784 3467 4831 tunc
3492 4778 3733 4832 ultimus
3753 4783 3839 4831 est

2236 4870 2489 4924 omnium
2519 4869 2578 4922 in
2610 4869 2765 4922 omni
2792 4869 2932 4925 loco.
2966 4868 3091 4921 Sive
3116 4867 3192 4921 sit
3221 4867 3503 4920 litteratus
3531 4868 3648 4920 sive
3698 4882 3834 4931 non,

2237 4975 2465 5029 semper
2513 4959 2585 5012 ad
2622 4957 2896 5029 parietem
2927 4962 3013 5010 est
3031 4956 3266 5010 ultimus
3310 4955 3369 5009 in
3419 4956 3609 5021 choro,
3662 4971 3839 5026 super

2237 5047 2543 5103 scabellum
2592 5049 2652 5101 in
2675 5047 2938 5118 capitulo,
2971 5046 3043 5099 ad
3067 5045 3313 5100 mediam
3364 5060 3620 5099 mensam
3650 5044 3713 5098 in
3744 5060 3835 5097 ree

2235 5137 2487 5192 tectorio.

2310 5225 2547 5281 Interim
2570 5241 2684 5283 non
2713 5224 3107 5288 communicat,
3158 5223 3304 5276 sicut
3340 5223 3513 5276 etiam
3540 5222 3734 5277 nullus
3772 5238 3839 5275 ex

2240 5331 2592 5386 quacumque
2620 5315 2786 5383 culpa
2814 5315 2889 5366 sit
2910 5314 3165 5366 ultimus.
3196 5313 3321 5367 Non
3338 5312 3490 5366 venit
3516 5312 3588 5365 ad
3614 5327 3835 5382 pacem,

2238 5421 2353 5459 non
2372 5406 2657 5457 osculatur
2684 5407 2901 5455 textum
2935 5401 3237 5471 Evangelii.
3275 5402 3338 5455 In
3369 5401 3600 5454 ecclesia
3624 5416 3729 5454 nec
3767 5399 3838 5453 ad

2240 5493 2558 5556 lectionem,
2607 5508 2710 5548 nec
2742 5491 2809 5543 ad
2840 5496 3067 5544 cantum
3105 5495 3356 5557 notatur,
3410 5490 3481 5542 ad
3538 5488 3839 5560 coquinam

2236 5588 2463 5637 tantum
2486 5581 2673 5642 servit,
2694 5586 2750 5633 et
2778 5581 2847 5632 ad
2882 5580 3213 5632 mandatum
3252 5580 3512 5644 fratrum,
3548 5579 3839 5648 triumque

2238 5686 2573 5744 pauperum,
2596 5686 2707 5723 non
2735 5675 2927 5723 tamen
2946 5669 3140 5722 inloco
3168 5668 3494 5723 sacerdotis.
3522 5668 3605 5723 De
3632 5672 3839 5721 catero

2238 5761 2395 5816 nulla
2420 5760 2471 5814 ei
2497 5758 2816 5816 obedientia
2841 5757 3072 5815 interim
3103 5757 3440 5831 injungitur.
