  <div class='ocr_page' id='page_1' title='image "/cluster/home/n/w/nwhite01/storage/ocr_20150623/150/umn.31951002477443u/598.png"; bbox 0 0 3934 6366; ppageno 0'>
   <div class='ocr_carea' id='block_1_1' title="bbox 173 388 308 449">
    <p class='ocr_par' dir='ltr' id='par_1_1' title="bbox 173 388 308 449">
     <span class='ocr_line' id='line_1_1' title="bbox 173 388 308 449; baseline -0.007 0"><span class='ocrx_word' id='word_1_1' title='bbox 173 388 308 449; x_wconf 69' lang='grc' dir='ltr'><strong>ιοιδ</strong></span> 
     </span>
    </p>
   </div>
   <div class='ocr_carea' id='block_1_2' title="bbox 1215 392 2420 455">
    <p class='ocr_par' dir='ltr' id='par_1_2' title="bbox 1215 392 2420 455">
     <span class='ocr_line' id='line_1_2' title="bbox 1215 392 2420 455; baseline 0 -3"><span class='ocrx_word' id='word_1_2' title='bbox 1215 393 1636 455; x_wconf 75' lang='lat' dir='ltr'><strong>CONSI‘ITUT.</strong></span> <span class='ocrx_word' id='word_1_3' title='bbox 1679 392 2020 455; x_wconf 81' lang='lat' dir='ltr'><strong>HI&#39;RSAUG.</strong></span> <span class='ocrx_word' id='word_1_4' title='bbox 2067 431 2130 440; x_wconf 98' lang='lat'><strong>—</strong></span> <span class='ocrx_word' id='word_1_5' title='bbox 2169 394 2306 454; x_wconf 87' lang='lat' dir='ltr'><strong>LIB.</strong></span> <span class='ocrx_word' id='word_1_6' title='bbox 2345 394 2420 453; x_wconf 88' lang='grc' dir='ltr'><strong>ῙῙ.</strong></span> 
     </span>
    </p>
   </div>
   <div class='ocr_carea' id='block_1_3' title="bbox 3313 384 3458 449">
    <p class='ocr_par' dir='ltr' id='par_1_3' title="bbox 3313 384 3458 449">
     <span class='ocr_line' id='line_1_3' title="bbox 3313 384 3458 449; baseline -0.014 0"><span class='ocrx_word' id='word_1_7' title='bbox 3313 384 3458 449; x_wconf 66' lang='grc'><strong>1046</strong></span> 
     </span>
    </p>
   </div>
   <div class='ocr_carea' id='block_1_4' title="bbox 239 517 3458 595">
    <p class='ocr_par' dir='ltr' id='par_1_4' title="bbox 239 517 3458 595">
     <span class='ocr_line' id='line_1_4' title="bbox 239 517 3458 595; baseline 0.001 -23"><span class='ocrx_word' id='word_1_8' title='bbox 239 518 375 572; x_wconf 89' lang='lat' dir='ltr'><strong>Post</strong></span> <span class='ocrx_word' id='word_1_9' title='bbox 402 517 656 588; x_wconf 90' lang='lat' dir='ltr'><strong>singulas</strong></span> <span class='ocrx_word' id='word_1_10' title='bbox 704 519 873 574; x_wconf 90' lang='lat' dir='ltr'><strong>horas</strong></span> <span class='ocrx_word' id='word_1_11' title='bbox 918 521 1137 575; x_wconf 83' lang='lat' dir='ltr'>veniam</span> <span class='ocrx_word' id='word_1_12' title='bbox 1181 538 1353 593; x_wconf 87' lang='lat' dir='ltr'><strong>super</strong></span> <span class='ocrx_word' id='word_1_13' title='bbox 1396 540 1580 593; x_wconf 86' lang='lat' dir='ltr'><strong>genua</strong></span> <span class='ocrx_word' id='word_1_14' title='bbox 1617 523 1843 595; x_wconf 81' lang='lat' dir='ltr'><strong>petit,A</strong></span> <span class='ocrx_word' id='word_1_15' title='bbox 1933 524 2042 590; x_wconf 89' lang='lat' dir='ltr'><strong>Qui</strong></span> <span class='ocrx_word' id='word_1_16' title='bbox 2094 542 2223 581; x_wconf 91' lang='lat' dir='ltr'><strong>vero</strong></span> <span class='ocrx_word' id='word_1_17' title='bbox 2252 522 2347 578; x_wconf 92' lang='lat' dir='ltr'><strong>illo</strong></span> <span class='ocrx_word' id='word_1_18' title='bbox 2374 522 2541 593; x_wconf 89' lang='lat' dir='ltr'><strong>longe</strong></span> <span class='ocrx_word' id='word_1_19' title='bbox 2582 524 2799 579; x_wconf 85' lang='lat' dir='ltr'><strong>remoto</strong></span> <span class='ocrx_word' id='word_1_20' title='bbox 2838 519 2908 574; x_wconf 89' lang='lat' dir='ltr'><strong>de</strong></span> <span class='ocrx_word' id='word_1_21' title='bbox 2943 518 3045 576; x_wconf 86' lang='lat' dir='ltr'><strong>tali</strong></span> <span class='ocrx_word' id='word_1_22' title='bbox 3090 520 3253 591; x_wconf 84' lang='lat' dir='ltr'><strong>culpa</strong></span> <span class='ocrx_word' id='word_1_23' title='bbox 3302 517 3458 575; x_wconf 85' lang='lat' dir='ltr'><strong>inter</strong></span> 
     </span>
    </p>
   </div>
   <div class='ocr_carea' id='block_1_5' title="bbox 169 609 1774 685">
    <p class='ocr_par' dir='ltr' id='par_1_5' title="bbox 169 609 1774 685">
     <span class='ocr_line' id='line_1_5' title="bbox 169 609 1774 685; baseline 0.005 -24"><span class='ocrx_word' id='word_1_24' title='bbox 169 624 271 662; x_wconf 89' lang='lat' dir='ltr'><strong>nec</strong></span> <span class='ocrx_word' id='word_1_25' title='bbox 287 613 481 662; x_wconf 90' lang='lat' dir='ltr'><strong>tamen</strong></span> <span class='ocrx_word' id='word_1_26' title='bbox 502 613 734 680; x_wconf 80' lang='lat' dir='ltr'><strong>propter</strong></span> <span class='ocrx_word' id='word_1_27' title='bbox 747 610 853 663; x_wconf 89' lang='lat' dir='ltr'><strong>hoc</strong></span> <span class='ocrx_word' id='word_1_28' title='bbox 889 625 950 663; x_wconf 92' lang='lat' dir='ltr'><strong>se</strong></span> <span class='ocrx_word' id='word_1_29' title='bbox 972 609 1045 663; x_wconf 92' lang='lat' dir='ltr'><strong>ad</strong></span> <span class='ocrx_word' id='word_1_30' title='bbox 1064 610 1241 665; x_wconf 90' lang='lat' dir='ltr'><strong>altare</strong></span> <span class='ocrx_word' id='word_1_31' title='bbox 1263 612 1447 667; x_wconf 85' lang='lat' dir='ltr'><strong>vertit.</strong></span> <span class='ocrx_word' id='word_1_32' title='bbox 1470 615 1774 685; x_wconf 87' lang='lat' dir='ltr'><strong>Nunquam</strong></span> 
     </span>
    </p>
   </div>
   <div class='ocr_carea' id='block_1_6' title="bbox 171 696 1767 773">
    <p class='ocr_par' dir='ltr' id='par_1_6' title="bbox 171 696 1767 773">
     <span class='ocr_line' id='line_1_6' title="bbox 171 696 1767 773; baseline 0.003 -22"><span class='ocrx_word' id='word_1_33' title='bbox 171 696 357 751; x_wconf 84' lang='lat' dir='ltr'><strong>albam</strong></span> <span class='ocrx_word' id='word_1_34' title='bbox 383 697 589 763; x_wconf 84' lang='lat' dir='ltr'><strong>induit,</strong></span> <span class='ocrx_word' id='word_1_35' title='bbox 631 697 740 752; x_wconf 90' lang='lat' dir='ltr'>nisi</span> <span class='ocrx_word' id='word_1_36' title='bbox 787 700 1067 768; x_wconf 85' lang='lat' dir='ltr'><strong>processio</strong></span> <span class='ocrx_word' id='word_1_37' title='bbox 1113 699 1173 754; x_wconf 92' lang='lat' dir='ltr'><strong>in</strong></span> <span class='ocrx_word' id='word_1_38' title='bbox 1228 700 1367 755; x_wconf 84' lang='lat' dir='ltr'>albis</span> <span class='ocrx_word' id='word_1_39' title='bbox 1415 701 1633 773; x_wconf 89' lang='lat' dir='ltr'><strong>agenda</strong></span> <span class='ocrx_word' id='word_1_40' title='bbox 1678 703 1767 758; x_wconf 89' lang='lat' dir='ltr'><strong>sit.</strong></span> 
     </span>
    </p>
   </div>
   <div class='ocr_carea' id='block_1_7' title="bbox 173 784 1774 863">
    <p class='ocr_par' dir='ltr' id='par_1_7' title="bbox 173 784 1774 863">
     <span class='ocr_line' id='line_1_7' title="bbox 173 784 1774 863; baseline 0.004 -24"><span class='ocrx_word' id='word_1_41' title='bbox 173 784 410 849; x_wconf 78' lang='lat' dir='ltr'><strong>Quando</strong></span> <span class='ocrx_word' id='word_1_42' title='bbox 435 791 627 840; x_wconf 89' lang='lat' dir='ltr'><strong>autem</strong></span> <span class='ocrx_word' id='word_1_43' title='bbox 656 791 743 841; x_wconf 90' lang='lat' dir='ltr'><strong>est</strong></span> <span class='ocrx_word' id='word_1_44' title='bbox 768 786 890 841; x_wconf 87' lang='lat' dir='ltr'><strong>sine</strong></span> <span class='ocrx_word' id='word_1_45' title='bbox 917 788 1045 842; x_wconf 92' lang='lat' dir='ltr'><strong>alba</strong></span> <span class='ocrx_word' id='word_1_46' title='bbox 1070 789 1130 842; x_wconf 91' lang='lat' dir='ltr'><strong>in</strong></span> <span class='ocrx_word' id='word_1_47' title='bbox 1158 788 1345 853; x_wconf 88' lang='lat' dir='ltr'><strong>choro,</strong></span> <span class='ocrx_word' id='word_1_48' title='bbox 1361 807 1394 844; x_wconf 92' lang='lat' dir='ltr'><strong>a</strong></span> <span class='ocrx_word' id='word_1_49' title='bbox 1420 790 1653 861; x_wconf 82' lang='lat' dir='ltr'><strong>pariete,</strong></span> <span class='ocrx_word' id='word_1_50' title='bbox 1672 808 1774 863; x_wconf 88' lang='lat' dir='ltr'><strong>pro</strong></span> 
     </span>
    </p>
   </div>
   <div class='ocr_carea' id='block_1_8' title="bbox 172 874 1774 947">
    <p class='ocr_par' dir='ltr' id='par_1_8' title="bbox 172 874 1774 947">
     <span class='ocr_line' id='line_1_8' title="bbox 172 874 1774 947; baseline 0.005 -19"><span class='ocrx_word' id='word_1_51' title='bbox 172 874 328 928; x_wconf 90' lang='lat' dir='ltr'><strong>nullo</strong></span> <span class='ocrx_word' id='word_1_52' title='bbox 348 874 479 929; x_wconf 88' lang='lat' dir='ltr'><strong>alba</strong></span> <span class='ocrx_word' id='word_1_53' title='bbox 508 876 595 929; x_wconf 90' lang='lat' dir='ltr'><strong>vel</strong></span> <span class='ocrx_word' id='word_1_54' title='bbox 624 890 802 947; x_wconf 90' lang='lat' dir='ltr'><strong>cappa</strong></span> <span class='ocrx_word' id='word_1_55' title='bbox 822 875 1042 943; x_wconf 88' lang='lat' dir='ltr'><strong>induto,</strong></span> <span class='ocrx_word' id='word_1_56' title='bbox 1072 876 1306 932; x_wconf 89' lang='lat' dir='ltr'><strong>ultimus</strong></span> <span class='ocrx_word' id='word_1_57' title='bbox 1332 880 1560 934; x_wconf 88' lang='lat' dir='ltr'><strong>interim</strong></span> <span class='ocrx_word' id='word_1_58' title='bbox 1590 881 1774 935; x_wconf 81' lang='lat' dir='ltr'><strong>dimo-</strong></span> 
     </span>
    </p>
   </div>
   <div class='ocr_carea' id='block_1_9' title="bbox 169 968 356 1018">
    <p class='ocr_par' dir='ltr' id='par_1_9' title="bbox 169 968 356 1018">
     <span class='ocr_line' id='line_1_9' title="bbox 169 968 356 1018; baseline 0 -2"><span class='ocrx_word' id='word_1_59' title='bbox 169 968 356 1018; x_wconf 85' lang='lat' dir='ltr'><strong>vetur.</strong></span> 
     </span>
    </p>
   </div>
   <div class='ocr_carea' id='block_1_10' title="bbox 246 1051 1769 1126">
    <p class='ocr_par' dir='ltr' id='par_1_10' title="bbox 246 1051 1769 1126">
     <span class='ocr_line' id='line_1_10' title="bbox 246 1051 1769 1126; baseline 0.002 -20"><span class='ocrx_word' id='word_1_60' title='bbox 246 1051 393 1122; x_wconf 79' lang='grc' dir='ltr'><strong>(ΠΒ.)</strong></span> <span class='ocrx_word' id='word_1_61' title='bbox 412 1052 542 1107; x_wconf 73' lang='lat' dir='ltr'><strong>Haec</strong></span> <span class='ocrx_word' id='word_1_62' title='bbox 560 1052 785 1124; x_wconf 87' lang='lat' dir='ltr'><strong>singula</strong></span> <span class='ocrx_word' id='word_1_63' title='bbox 821 1052 1049 1108; x_wconf 84' lang='lat' dir='ltr'><strong>cuilibet</strong></span> <span class='ocrx_word' id='word_1_64' title='bbox 1072 1071 1403 1126; x_wconf 88' lang='lat' dir='ltr'><strong>quacunque</strong></span> <span class='ocrx_word' id='word_1_65' title='bbox 1432 1071 1498 1109; x_wconf 85' lang='lat' dir='ltr'><strong>ex</strong></span> <span class='ocrx_word' id='word_1_66' title='bbox 1518 1072 1687 1110; x_wconf 89' lang='lat' dir='ltr'><strong>causa</strong></span> <span class='ocrx_word' id='word_1_67' title='bbox 1711 1054 1769 1109; x_wconf 92' lang='lat' dir='ltr'><strong>in</strong></span> 
     </span>
    </p>
   </div>
   <div class='ocr_carea' id='block_1_11' title="bbox 175 1141 1773 1216">
    <p class='ocr_par' dir='ltr' id='par_1_11' title="bbox 175 1141 1773 1216">
     <span class='ocr_line' id='line_1_11' title="bbox 175 1141 1773 1216; baseline 0.002 -20"><span class='ocrx_word' id='word_1_68' title='bbox 175 1141 396 1196; x_wconf 81' lang='lat' dir='ltr'><strong>ultimis</strong></span> <span class='ocrx_word' id='word_1_69' title='bbox 426 1143 611 1213; x_wconf 92' lang='lat' dir='ltr'><strong>posito</strong></span> <span class='ocrx_word' id='word_1_70' title='bbox 644 1147 777 1196; x_wconf 91' lang='lat' dir='ltr'><strong>sunt</strong></span> <span class='ocrx_word' id='word_1_71' title='bbox 817 1142 1181 1209; x_wconf 91' lang='lat' dir='ltr'><strong>observanda,</strong></span> <span class='ocrx_word' id='word_1_72' title='bbox 1218 1150 1446 1215; x_wconf 83' lang='lat' dir='ltr'><strong>excepto</strong></span> <span class='ocrx_word' id='word_1_73' title='bbox 1504 1146 1674 1216; x_wconf 87' lang='lat' dir='ltr'><strong>quod,</strong></span> <span class='ocrx_word' id='word_1_74' title='bbox 1707 1151 1773 1199; x_wconf 93' lang='lat' dir='ltr'><strong>ut</strong></span> 
     </span>
    </p>
   </div>
   <div class='ocr_carea' id='block_1_12' title="bbox 172 1236 1773 1311">
    <p class='ocr_par' dir='ltr' id='par_1_12' title="bbox 172 1236 1773 1311">
     <span class='ocr_line' id='line_1_12' title="bbox 172 1236 1773 1311; baseline 0.002 -22"><span class='ocrx_word' id='word_1_75' title='bbox 172 1236 554 1309; x_wconf 79' lang='lat' dir='ltr'><strong>praediximus,</strong></span> <span class='ocrx_word' id='word_1_76' title='bbox 585 1236 751 1290; x_wconf 89' lang='lat' dir='ltr'><strong>venia</strong></span> <span class='ocrx_word' id='word_1_77' title='bbox 776 1242 903 1307; x_wconf 91' lang='lat' dir='ltr'><strong>post</strong></span> <span class='ocrx_word' id='word_1_78' title='bbox 920 1237 1088 1290; x_wconf 90' lang='lat' dir='ltr'><strong>horas</strong></span> <span class='ocrx_word' id='word_1_79' title='bbox 1118 1238 1378 1307; x_wconf 89' lang='lat' dir='ltr'><strong>petenda,</strong></span> <span class='ocrx_word' id='word_1_80' title='bbox 1401 1256 1522 1309; x_wconf 63' lang='lat' dir='ltr'><strong>quae</strong></span> <span class='ocrx_word' id='word_1_81' title='bbox 1549 1241 1773 1311; x_wconf 89' lang='lat' dir='ltr'><strong>pr0prie</strong></span> 
     </span>
    </p>
   </div>
   <div class='ocr_carea' id='block_1_13' title="bbox 170 1325 1773 1399">
    <p class='ocr_par' dir='ltr' id='par_1_13' title="bbox 170 1325 1773 1399">
     <span class='ocr_line' id='line_1_13' title="bbox 170 1325 1773 1399; baseline 0.002 -21"><span class='ocrx_word' id='word_1_82' title='bbox 170 1325 324 1388; x_wconf 83' lang='lat' dir='ltr'><strong>huic,</strong></span> <span class='ocrx_word' id='word_1_83' title='bbox 357 1325 426 1379; x_wconf 91' lang='lat' dir='ltr'><strong>de</strong></span> <span class='ocrx_word' id='word_1_84' title='bbox 456 1342 567 1396; x_wconf 90' lang='lat' dir='ltr'><strong>quo</strong></span> <span class='ocrx_word' id='word_1_85' title='bbox 597 1325 838 1395; x_wconf 82' lang='lat' dir='ltr'><strong>agimus,</strong></span> <span class='ocrx_word' id='word_1_86' title='bbox 859 1332 944 1379; x_wconf 90' lang='lat' dir='ltr'><strong>est</strong></span> <span class='ocrx_word' id='word_1_87' title='bbox 972 1327 1234 1397; x_wconf 83' lang='lat' dir='ltr'><strong>ascripta.</strong></span> <span class='ocrx_word' id='word_1_88' title='bbox 1265 1325 1333 1381; x_wconf 91' lang='lat' dir='ltr'><strong>In</strong></span> <span class='ocrx_word' id='word_1_89' title='bbox 1359 1344 1623 1399; x_wconf 91' lang='lat' dir='ltr'><strong>processu</strong></span> <span class='ocrx_word' id='word_1_90' title='bbox 1644 1346 1773 1383; x_wconf 92' lang='lat' dir='ltr'><strong>vero</strong></span> 
     </span>
    </p>
   </div>
   <div class='ocr_carea' id='block_1_14' title="bbox 173 1414 1774 1487">
    <p class='ocr_par' dir='ltr' id='par_1_14' title="bbox 173 1414 1774 1487">
     <span class='ocr_line' id='line_1_14' title="bbox 173 1414 1774 1487; baseline 0.002 -20"><span class='ocrx_word' id='word_1_91' title='bbox 173 1415 449 1485; x_wconf 90' lang='lat' dir='ltr'><strong>temporis</strong></span> <span class='ocrx_word' id='word_1_92' title='bbox 479 1414 702 1485; x_wconf 91' lang='lat' dir='ltr'><strong>aliquos</strong></span> <span class='ocrx_word' id='word_1_93' title='bbox 728 1414 976 1468; x_wconf 88' lang='lat' dir='ltr'><strong>seniores</strong></span> <span class='ocrx_word' id='word_1_94' title='bbox 1003 1415 1300 1470; x_wconf 88' lang='lat' dir='ltr'><strong>humiliter</strong></span> <span class='ocrx_word' id='word_1_95' title='bbox 1322 1422 1486 1487; x_wconf 85' lang='lat' dir='ltr'><strong>rogat</strong></span> <span class='ocrx_word' id='word_1_96' title='bbox 1509 1439 1523 1480; x_wconf 69' lang='grc' dir='ltr'>ς</span> <span class='ocrx_word' id='word_1_97' title='bbox 1555 1416 1653 1471; x_wconf 91' lang='lat' dir='ltr'><strong>sed</strong></span> <span class='ocrx_word' id='word_1_98' title='bbox 1682 1422 1774 1471; x_wconf 88' lang='lat' dir='ltr'><strong>ta-</strong></span> 
     </span>
    </p>
   </div>
   <div class='ocr_carea' id='block_1_15' title="bbox 174 1503 1773 1577">
    <p class='ocr_par' dir='ltr' id='par_1_15' title="bbox 174 1503 1773 1577">
     <span class='ocr_line' id='line_1_15' title="bbox 174 1503 1773 1577; baseline 0.001 -18"><span class='ocrx_word' id='word_1_99' title='bbox 174 1520 305 1559; x_wconf 88' lang='lat' dir='ltr'><strong>men</strong></span> <span class='ocrx_word' id='word_1_100' title='bbox 332 1503 546 1574; x_wconf 86' lang='lat' dir='ltr'><strong>absque</strong></span> <span class='ocrx_word' id='word_1_101' title='bbox 573 1503 752 1569; x_wconf 90' lang='lat' dir='ltr'><strong>venia,</strong></span> <span class='ocrx_word' id='word_1_102' title='bbox 771 1509 836 1558; x_wconf 91' lang='lat' dir='ltr'><strong>ut</strong></span> <span class='ocrx_word' id='word_1_103' title='bbox 856 1504 1208 1559; x_wconf 86' lang='lat' dir='ltr'><strong>intercedant</strong></span> <span class='ocrx_word' id='word_1_104' title='bbox 1224 1521 1323 1576; x_wconf 91' lang='lat' dir='ltr'><strong>pro</strong></span> <span class='ocrx_word' id='word_1_105' title='bbox 1354 1522 1437 1559; x_wconf 91' lang='lat' dir='ltr'><strong>eo.</strong></span> <span class='ocrx_word' id='word_1_106' title='bbox 1468 1506 1773 1577; x_wconf 87' lang='lat' dir='ltr'><strong>Nunquam</strong></span> 
     </span>
    </p>
   </div>
   <div class='ocr_carea' id='block_1_16' title="bbox 173 1591 1773 1666">
    <p class='ocr_par' dir='ltr' id='par_1_16' title="bbox 173 1591 1773 1666">
     <span class='ocr_line' id='line_1_16' title="bbox 173 1591 1773 1666; baseline 0.003 -21"><span class='ocrx_word' id='word_1_107' title='bbox 173 1591 326 1646; x_wconf 91' lang='lat' dir='ltr'><strong>enim</strong></span> <span class='ocrx_word' id='word_1_108' title='bbox 372 1593 580 1662; x_wconf 89' lang='lat' dir='ltr'><strong>aliquis</strong></span> <span class='ocrx_word' id='word_1_109' title='bbox 623 1591 681 1646; x_wconf 89' lang='lat' dir='ltr'><strong>in</strong></span> <span class='ocrx_word' id='word_1_110' title='bbox 727 1598 1019 1659; x_wconf 89' lang='lat' dir='ltr'><strong>conventu,</strong></span> <span class='ocrx_word' id='word_1_111' title='bbox 1064 1610 1246 1665; x_wconf 90' lang='lat' dir='ltr'><strong>neque</strong></span> <span class='ocrx_word' id='word_1_112' title='bbox 1283 1594 1341 1648; x_wconf 93' lang='lat' dir='ltr'><strong>in</strong></span> <span class='ocrx_word' id='word_1_113' title='bbox 1378 1595 1500 1665; x_wconf 90' lang='lat' dir='ltr'><strong>ipso</strong></span> <span class='ocrx_word' id='word_1_114' title='bbox 1530 1595 1773 1666; x_wconf 90' lang='lat' dir='ltr'><strong>capitulo</strong></span> 
     </span>
    </p>
   </div>
   <div class='ocr_carea' id='block_1_17' title="bbox 170 1680 1773 1754">
    <p class='ocr_par' dir='ltr' id='par_1_17' title="bbox 170 1680 1773 1754">
     <span class='ocr_line' id='line_1_17' title="bbox 170 1680 1773 1754; baseline 0.001 -18"><span class='ocrx_word' id='word_1_115' title='bbox 170 1680 496 1752; x_wconf 89' lang='lat' dir='ltr'><strong>hujusmodi</strong></span> <span class='ocrx_word' id='word_1_116' title='bbox 524 1681 984 1735; x_wconf 86' lang='lat' dir='ltr'><strong>intercessionem</strong></span> <span class='ocrx_word' id='word_1_117' title='bbox 1005 1698 1134 1735; x_wconf 89' lang='lat' dir='ltr'><strong>cum</strong></span> <span class='ocrx_word' id='word_1_118' title='bbox 1162 1682 1326 1736; x_wconf 89' lang='lat' dir='ltr'><strong>venia</strong></span> <span class='ocrx_word' id='word_1_119' title='bbox 1352 1683 1569 1754; x_wconf 61' lang='lat' dir='ltr'><strong>quierit.</strong></span> <span class='ocrx_word' id='word_1_120' title='bbox 1596 1682 1773 1739; x_wconf 88' lang='lat' dir='ltr'><strong>Iidem</strong></span> 
     </span>
    </p>
   </div>
   <div class='ocr_carea' id='block_1_18' title="bbox 170 1769 1774 1844">
    <p class='ocr_par' dir='ltr' id='par_1_18' title="bbox 170 1769 1774 1844">
     <span class='ocr_line' id='line_1_18' title="bbox 170 1769 1774 1844; baseline 0.002 -21"><span class='ocrx_word' id='word_1_121' title='bbox 170 1776 363 1824; x_wconf 88' lang='lat' dir='ltr'><strong>autem</strong></span> <span class='ocrx_word' id='word_1_122' title='bbox 393 1769 660 1834; x_wconf 86' lang='lat' dir='ltr'><strong>seniores,</strong></span> <span class='ocrx_word' id='word_1_123' title='bbox 711 1787 839 1824; x_wconf 91' lang='lat' dir='ltr'><strong>cum</strong></span> <span class='ocrx_word' id='word_1_124' title='bbox 884 1771 1128 1842; x_wconf 90' lang='lat' dir='ltr'><strong>primum</strong></span> <span class='ocrx_word' id='word_1_125' title='bbox 1171 1772 1477 1842; x_wconf 88' lang='lat' dir='ltr'><strong>potuerint,</strong></span> <span class='ocrx_word' id='word_1_126' title='bbox 1520 1789 1621 1842; x_wconf 91' lang='lat' dir='ltr'><strong>pro</strong></span> <span class='ocrx_word' id='word_1_127' title='bbox 1651 1774 1774 1844; x_wconf 90' lang='lat' dir='ltr'><strong>ejus</strong></span> 
     </span>
    </p>
   </div>
   <div class='ocr_carea' id='block_1_19' title="bbox 1855 608 3452 688">
    <p class='ocr_par' dir='ltr' id='par_1_19' title="bbox 1855 608 3452 688">
     <span class='ocr_line' id='line_1_19' title="bbox 1855 608 3452 688; baseline -0.002 -20"><span class='ocrx_word' id='word_1_128' title='bbox 1855 615 2057 669; x_wconf 83' lang='lat' dir='ltr'><strong>fratres</strong></span> <span class='ocrx_word' id='word_1_129' title='bbox 2075 613 2389 688; x_wconf 86' lang='lat' dir='ltr'><strong>publicatus</strong></span> <span class='ocrx_word' id='word_1_130' title='bbox 2432 610 2622 678; x_wconf 83' lang='lat' dir='ltr'><strong>fuerit,</strong></span> <span class='ocrx_word' id='word_1_131' title='bbox 2647 611 2695 665; x_wconf 94' lang='lat' dir='ltr'><strong>si</strong></span> <span class='ocrx_word' id='word_1_132' title='bbox 2716 609 2973 665; x_wconf 80' lang='lat' dir='ltr'><strong>sacerdos</strong></span> <span class='ocrx_word' id='word_1_133' title='bbox 3006 614 3109 679; x_wconf 85' lang='lat' dir='ltr'><strong>est,</strong></span> <span class='ocrx_word' id='word_1_134' title='bbox 3135 608 3294 683; x_wconf 81' lang='lat' dir='ltr'><strong>prior</strong></span> <span class='ocrx_word' id='word_1_135' title='bbox 3321 614 3452 665; x_wconf 83' lang='lat' dir='ltr'><strong>eum</strong></span> 
     </span>
    </p>
   </div>
   <div class='ocr_carea' id='block_1_20' title="bbox 1854 697 3454 777">
    <p class='ocr_par' dir='ltr' id='par_1_20' title="bbox 1854 697 3454 777">
     <span class='ocr_line' id='line_1_20' title="bbox 1854 697 3454 777; baseline -0.006 -17"><span class='ocrx_word' id='word_1_136' title='bbox 1854 704 2149 777; x_wconf 88' lang='lat' dir='ltr'><strong>suspendit</strong></span> <span class='ocrx_word' id='word_1_137' title='bbox 2188 703 2257 759; x_wconf 89' lang='lat' dir='ltr'><strong>ab</strong></span> <span class='ocrx_word' id='word_1_138' title='bbox 2305 701 2508 769; x_wconf 75' lang='lat' dir='ltr'><strong>ofilcio,</strong></span> <span class='ocrx_word' id='word_1_139' title='bbox 2545 701 2617 755; x_wconf 88' lang='lat' dir='ltr'><strong>ab</strong></span> <span class='ocrx_word' id='word_1_140' title='bbox 2663 697 3001 765; x_wconf 86' lang='lat' dir='ltr'><strong>obedientia,</strong></span> <span class='ocrx_word' id='word_1_141' title='bbox 3042 715 3454 770; x_wconf 87' lang='lat' dir='ltr'><strong>quamcumque</strong></span> 
     </span>
    </p>
   </div>
   <div class='ocr_carea' id='block_1_21' title="bbox 1855 788 3457 863">
    <p class='ocr_par' dir='ltr' id='par_1_21' title="bbox 1855 788 3457 863">
     <span class='ocr_line' id='line_1_21' title="bbox 1855 788 3457 863; baseline -0.003 -16"><span class='ocrx_word' id='word_1_142' title='bbox 1855 799 1990 849; x_wconf 92' lang='lat' dir='ltr'><strong>tunc</strong></span> <span class='ocrx_word' id='word_1_143' title='bbox 2023 794 2212 859; x_wconf 85' lang='lat' dir='ltr'><strong>habet,</strong></span> <span class='ocrx_word' id='word_1_144' title='bbox 2256 810 2287 847; x_wconf 90' lang='lat' dir='ltr'><strong>a</strong></span> <span class='ocrx_word' id='word_1_145' title='bbox 2333 808 2566 863; x_wconf 90' lang='lat' dir='ltr'><strong>corpore</strong></span> <span class='ocrx_word' id='word_1_146' title='bbox 2593 788 2839 855; x_wconf 89' lang='lat' dir='ltr'><strong>Domini,</strong></span> <span class='ocrx_word' id='word_1_147' title='bbox 2871 794 2929 844; x_wconf 89' lang='lat' dir='ltr'><strong>et</strong></span> <span class='ocrx_word' id='word_1_148' title='bbox 2958 806 2990 843; x_wconf 88' lang='lat' dir='ltr'><strong>a</strong></span> <span class='ocrx_word' id='word_1_149' title='bbox 3021 789 3236 843; x_wconf 73' lang='lat' dir='ltr'><strong>cateris</strong></span> <span class='ocrx_word' id='word_1_150' title='bbox 3258 789 3457 860; x_wconf 88' lang='lat' dir='ltr'><strong>hujus-</strong></span> 
     </span>
    </p>
   </div>
   <div class='ocr_carea' id='block_1_22' title="bbox 1856 876 3453 953">
    <p class='ocr_par' dir='ltr' id='par_1_22' title="bbox 1856 876 3453 953">
     <span class='ocr_line' id='line_1_22' title="bbox 1856 876 3453 953; baseline -0.001 -16"><span class='ocrx_word' id='word_1_151' title='bbox 1856 883 2007 937; x_wconf 89' lang='lat' dir='ltr'><strong>modi</strong></span> <span class='ocrx_word' id='word_1_152' title='bbox 2031 882 2282 953; x_wconf 84' lang='lat' dir='ltr'><strong>;reliqua</strong></span> <span class='ocrx_word' id='word_1_153' title='bbox 2301 881 2505 946; x_wconf 77' lang='lat' dir='ltr'><strong>differt,</strong></span> <span class='ocrx_word' id='word_1_154' title='bbox 2529 896 2708 951; x_wconf 89' lang='lat' dir='ltr'><strong>usque</strong></span> <span class='ocrx_word' id='word_1_155' title='bbox 2736 879 2808 934; x_wconf 89' lang='lat' dir='ltr'><strong>ad</strong></span> <span class='ocrx_word' id='word_1_156' title='bbox 2835 876 3054 934; x_wconf 87' lang='lat' dir='ltr'><strong>abbatis</strong></span> <span class='ocrx_word' id='word_1_157' title='bbox 3072 876 3453 949; x_wconf 74' lang='lat' dir='ltr'><strong>praesentiam.</strong></span> 
     </span>
    </p>
   </div>
   <div class='ocr_carea' id='block_1_23' title="bbox 1853 963 3455 1044">
    <p class='ocr_par' dir='ltr' id='par_1_23' title="bbox 1853 963 3455 1044">
     <span class='ocr_line' id='line_1_23' title="bbox 1853 963 3455 1044; baseline -0.002 -17"><span class='ocrx_word' id='word_1_158' title='bbox 1853 972 2103 1044; x_wconf 90' lang='lat' dir='ltr'><strong>Idipsum</strong></span> <span class='ocrx_word' id='word_1_159' title='bbox 2134 972 2392 1027; x_wconf 86' lang='lat' dir='ltr'><strong>observat</strong></span> <span class='ocrx_word' id='word_1_160' title='bbox 2410 971 2567 1042; x_wconf 90' lang='lat' dir='ltr'><strong>prior</strong></span> <span class='ocrx_word' id='word_1_161' title='bbox 2585 968 2657 1025; x_wconf 91' lang='lat' dir='ltr'><strong>ad</strong></span> <span class='ocrx_word' id='word_1_162' title='bbox 2687 966 2996 1042; x_wconf 82' lang='lat' dir='ltr'><strong>quamlibet</strong></span> <span class='ocrx_word' id='word_1_163' title='bbox 3014 966 3231 1035; x_wconf 92' lang='lat' dir='ltr'><strong>cellam,</strong></span> <span class='ocrx_word' id='word_1_164' title='bbox 3263 963 3312 1022; x_wconf 88' lang='lat' dir='ltr'><strong>si</strong></span> <span class='ocrx_word' id='word_1_165' title='bbox 3338 964 3455 1023; x_wconf 86' lang='lat' dir='ltr'><strong>tale</strong></span> 
     </span>
    </p>
   </div>
   <div class='ocr_carea' id='block_1_24' title="bbox 1854 1048 3453 1134">
    <p class='ocr_par' dir='ltr' id='par_1_24' title="bbox 1854 1048 3453 1134">
     <span class='ocr_line' id='line_1_24' title="bbox 1854 1048 3453 1134; baseline -0.003 -18"><span class='ocrx_word' id='word_1_166' title='bbox 1854 1062 1991 1134; x_wconf 91' lang='lat' dir='ltr'><strong>quid</strong></span> <span class='ocrx_word' id='word_1_167' title='bbox 2036 1061 2114 1116; x_wconf 91' lang='lat' dir='ltr'><strong>ibi</strong></span> <span class='ocrx_word' id='word_1_168' title='bbox 2164 1061 2431 1128; x_wconf 79' lang='lat' dir='ltr'><strong>evenerit,</strong></span> <span class='ocrx_word' id='word_1_169' title='bbox 2474 1065 2531 1114; x_wconf 90' lang='lat' dir='ltr'><strong>et</strong></span> <span class='ocrx_word' id='word_1_170' title='bbox 2568 1059 2804 1131; x_wconf 85' lang='lat' dir='ltr'><strong>insuper</strong></span> <span class='ocrx_word' id='word_1_171' title='bbox 2855 1058 3043 1130; x_wconf 87' lang='lat' dir='ltr'><strong>ipsum</strong></span> <span class='ocrx_word' id='word_1_172' title='bbox 3098 1057 3331 1112; x_wconf 83' lang='lat' dir='ltr'><strong>fratrem</strong></span> <span class='ocrx_word' id='word_1_173' title='bbox 3380 1048 3453 1111; x_wconf 84' lang='lat' dir='ltr'><strong>ad</strong></span> 
     </span>
    </p>
   </div>
   <div class='ocr_carea' id='block_1_25' title="bbox 1850 1144 3452 1223">
    <p class='ocr_par' dir='ltr' id='par_1_25' title="bbox 1850 1144 3452 1223">
     <span class='ocr_line' id='line_1_25' title="bbox 1850 1144 3452 1223; baseline -0.002 -18"><span class='ocrx_word' id='word_1_174' title='bbox 1850 1151 2216 1223; x_wconf 87' lang='lat' dir='ltr'><strong>principalem</strong></span> <span class='ocrx_word' id='word_1_175' title='bbox 2245 1151 2449 1217; x_wconf 91' lang='lat' dir='ltr'><strong>locum,</strong></span> <span class='ocrx_word' id='word_1_176' title='bbox 2481 1150 2566 1204; x_wconf 89' lang='lat' dir='ltr'><strong>vel</strong></span> <span class='ocrx_word' id='word_1_177' title='bbox 2593 1164 2694 1217; x_wconf 91' lang='lat' dir='ltr'><strong>per</strong></span> <span class='ocrx_word' id='word_1_178' title='bbox 2721 1165 2799 1210; x_wconf 91' lang='lat' dir='ltr'><strong>se,</strong></span> <span class='ocrx_word' id='word_1_179' title='bbox 2838 1148 2923 1201; x_wconf 97' lang='lat' dir='ltr'><strong>vel</strong></span> <span class='ocrx_word' id='word_1_180' title='bbox 2945 1162 3046 1219; x_wconf 91' lang='lat' dir='ltr'><strong>per</strong></span> <span class='ocrx_word' id='word_1_181' title='bbox 3074 1145 3247 1200; x_wconf 87' lang='lat' dir='ltr'><strong>alium</strong></span> <span class='ocrx_word' id='word_1_182' title='bbox 3276 1144 3452 1201; x_wconf 87' lang='lat' dir='ltr'><strong>addu-</strong></span> 
     </span>
    </p>
   </div>
   <div class='ocr_carea' id='block_1_26' title="bbox 1854 1234 3452 1310">
    <p class='ocr_par' dir='ltr' id='par_1_26' title="bbox 1854 1234 3452 1310">
     <span class='ocr_line' id='line_1_26' title="bbox 1854 1234 3452 1310; baseline -0.001 -17"><span class='ocrx_word' id='word_1_183' title='bbox 1854 1241 1947 1295; x_wconf 87' lang='lat' dir='ltr'><strong>cit.</strong></span> <span class='ocrx_word' id='word_1_184' title='bbox 1972 1245 2116 1294; x_wconf 90' lang='lat' dir='ltr'><strong>sicut</strong></span> <span class='ocrx_word' id='word_1_185' title='bbox 2140 1248 2196 1293; x_wconf 89' lang='lat' dir='ltr'><strong>et</strong></span> <span class='ocrx_word' id='word_1_186' title='bbox 2222 1239 2408 1309; x_wconf 89' lang='lat' dir='ltr'><strong>illum,</strong></span> <span class='ocrx_word' id='word_1_187' title='bbox 2438 1237 2534 1310; x_wconf 90' lang='lat' dir='ltr'><strong>qui</strong></span> <span class='ocrx_word' id='word_1_188' title='bbox 2555 1237 2623 1292; x_wconf 90' lang='lat' dir='ltr'><strong>de</strong></span> <span class='ocrx_word' id='word_1_189' title='bbox 2640 1238 2773 1307; x_wconf 89' lang='lat' dir='ltr'><strong>fuga</strong></span> <span class='ocrx_word' id='word_1_190' title='bbox 2799 1236 2974 1303; x_wconf 86' lang='lat' dir='ltr'><strong>redit;</strong></span> <span class='ocrx_word' id='word_1_191' title='bbox 2996 1234 3147 1291; x_wconf 86' lang='lat' dir='ltr'><strong>hunc</strong></span> <span class='ocrx_word' id='word_1_192' title='bbox 3177 1236 3327 1291; x_wconf 87' lang='lat' dir='ltr'><strong>enim</strong></span> <span class='ocrx_word' id='word_1_193' title='bbox 3347 1252 3452 1291; x_wconf 90' lang='lat' dir='ltr'><strong>nec</strong></span> 
     </span>
    </p>
   </div>
   <div class='ocr_carea' id='block_1_27' title="bbox 1855 1325 3453 1397">
    <p class='ocr_par' dir='ltr' id='par_1_27' title="bbox 1855 1325 3453 1397">
     <span class='ocr_line' id='line_1_27' title="bbox 1855 1325 3453 1397; baseline -0.002 -15"><span class='ocrx_word' id='word_1_194' title='bbox 1855 1329 1912 1383; x_wconf 93' lang='lat' dir='ltr'><strong>in</strong></span> <span class='ocrx_word' id='word_1_195' title='bbox 1944 1326 2252 1382; x_wconf 89' lang='lat' dir='ltr'><strong>claustrum</strong></span> <span class='ocrx_word' id='word_1_196' title='bbox 2280 1328 2485 1382; x_wconf 90' lang='lat' dir='ltr'><strong>ibidem</strong></span> <span class='ocrx_word' id='word_1_197' title='bbox 2513 1327 2784 1380; x_wconf 86' lang='lat' dir='ltr'><strong>admittit.</strong></span> <span class='ocrx_word' id='word_1_198' title='bbox 2819 1325 2878 1380; x_wconf 89' lang='lat' dir='ltr'>Si</span> <span class='ocrx_word' id='word_1_199' title='bbox 2918 1325 3043 1397; x_wconf 88' lang='lat' dir='ltr'><strong>quis</strong></span> <span class='ocrx_word' id='word_1_200' title='bbox 3080 1341 3210 1379; x_wconf 91' lang='lat' dir='ltr'><strong>vero</strong></span> <span class='ocrx_word' id='word_1_201' title='bbox 3257 1329 3453 1379; x_wconf 86' lang='lat' dir='ltr'><strong>noster</strong></span> 
     </span>
    </p>
   </div>
   <div class='ocr_carea' id='block_1_28' title="bbox 1853 1412 3451 1489">
    <p class='ocr_par' dir='ltr' id='par_1_28' title="bbox 1853 1412 3451 1489">
     <span class='ocr_line' id='line_1_28' title="bbox 1853 1412 3451 1489; baseline -0.001 -18"><span class='ocrx_word' id='word_1_202' title='bbox 1853 1417 2138 1489; x_wconf 90' lang='lat' dir='ltr'><strong>professus</strong></span> <span class='ocrx_word' id='word_1_203' title='bbox 2166 1417 2619 1471; x_wconf 91' lang='lat' dir='ltr'><strong>accommodatus</strong></span> <span class='ocrx_word' id='word_1_204' title='bbox 2658 1413 2866 1480; x_wconf 85' lang='lat' dir='ltr'><strong>abbati,</strong></span> <span class='ocrx_word' id='word_1_205' title='bbox 2916 1414 3011 1485; x_wconf 92' lang='lat' dir='ltr'><strong>qui</strong></span> <span class='ocrx_word' id='word_1_206' title='bbox 3055 1431 3121 1468; x_wconf 87' lang='lat' dir='ltr'><strong>ex</strong></span> <span class='ocrx_word' id='word_1_207' title='bbox 3153 1414 3362 1469; x_wconf 83' lang='lat' dir='ltr'><strong>nostris</strong></span> <span class='ocrx_word' id='word_1_208' title='bbox 3388 1412 3451 1469; x_wconf 90' lang='lat' dir='ltr'><strong>in</strong></span> 
     </span>
    </p>
   </div>
   <div class='ocr_carea' id='block_1_29' title="bbox 1852 1502 3451 1576">
    <p class='ocr_par' dir='ltr' id='par_1_29' title="bbox 1852 1502 3451 1576">
     <span class='ocr_line' id='line_1_29' title="bbox 1852 1502 3451 1576; baseline -0.003 -16"><span class='ocrx_word' id='word_1_209' title='bbox 1852 1506 2039 1560; x_wconf 90' lang='lat' dir='ltr'><strong>alieno</strong></span> <span class='ocrx_word' id='word_1_210' title='bbox 2070 1507 2414 1560; x_wconf 89' lang='lat' dir='ltr'><strong>monasterio</strong></span> <span class='ocrx_word' id='word_1_211' title='bbox 2444 1510 2530 1559; x_wconf 90' lang='lat' dir='ltr'><strong>est</strong></span> <span class='ocrx_word' id='word_1_212' title='bbox 2556 1504 2869 1576; x_wconf 70' lang='lat' dir='ltr'><strong>praefectus,</strong></span> <span class='ocrx_word' id='word_1_213' title='bbox 2903 1503 3017 1558; x_wconf 86' lang='lat' dir='ltr'><strong>tale</strong></span> <span class='ocrx_word' id='word_1_214' title='bbox 3046 1502 3180 1574; x_wconf 85' lang='lat' dir='ltr'><strong>quid</strong></span> <span class='ocrx_word' id='word_1_215' title='bbox 3211 1502 3451 1557; x_wconf 85' lang='lat' dir='ltr'><strong>commi-</strong></span> 
     </span>
    </p>
   </div>
   <div class='ocr_carea' id='block_1_30' title="bbox 1856 1591 3451 1663">
    <p class='ocr_par' dir='ltr' id='par_1_30' title="bbox 1856 1591 3451 1663">
     <span class='ocr_line' id='line_1_30' title="bbox 1856 1591 3451 1663; baseline -0.001 -15"><span class='ocrx_word' id='word_1_216' title='bbox 1856 1596 2011 1661; x_wconf 90' lang='lat' dir='ltr'><strong>serit,</strong></span> <span class='ocrx_word' id='word_1_217' title='bbox 2042 1595 2192 1649; x_wconf 89' lang='lat' dir='ltr'><strong>hunc</strong></span> <span class='ocrx_word' id='word_1_218' title='bbox 2213 1594 2364 1649; x_wconf 89' lang='lat' dir='ltr'><strong>idem</strong></span> <span class='ocrx_word' id='word_1_219' title='bbox 2394 1592 2566 1647; x_wconf 90' lang='lat' dir='ltr'><strong>abbas</strong></span> <span class='ocrx_word' id='word_1_220' title='bbox 2588 1610 2651 1647; x_wconf 83' lang='lat' dir='ltr'><strong>ex</strong></span> <span class='ocrx_word' id='word_1_221' title='bbox 2668 1591 3071 1646; x_wconf 88' lang='lat' dir='ltr'><strong>consuetudine</strong></span> <span class='ocrx_word' id='word_1_222' title='bbox 3114 1592 3360 1663; x_wconf 80' lang='lat' dir='ltr'><strong>corrigit,</strong></span> <span class='ocrx_word' id='word_1_223' title='bbox 3392 1598 3451 1651; x_wconf 86' lang='lat' dir='ltr'><strong>et</strong></span> 
     </span>
    </p>
   </div>
   <div class='ocr_carea' id='block_1_31' title="bbox 1852 1681 3449 1753">
    <p class='ocr_par' dir='ltr' id='par_1_31' title="bbox 1852 1681 3449 1753">
     <span class='ocr_line' id='line_1_31' title="bbox 1852 1681 3449 1753; baseline -0.001 -15"><span class='ocrx_word' id='word_1_224' title='bbox 1852 1691 2045 1738; x_wconf 88' lang='lat' dir='ltr'><strong>tamen</strong></span> <span class='ocrx_word' id='word_1_225' title='bbox 2072 1684 2118 1738; x_wconf 92' lang='lat' dir='ltr'><strong>si</strong></span> <span class='ocrx_word' id='word_1_226' title='bbox 2147 1689 2233 1738; x_wconf 90' lang='lat' dir='ltr'><strong>est</strong></span> <span class='ocrx_word' id='word_1_227' title='bbox 2261 1683 2330 1737; x_wconf 90' lang='lat' dir='ltr'><strong>de</strong></span> <span class='ocrx_word' id='word_1_228' title='bbox 2357 1682 2492 1753; x_wconf 87' lang='lat' dir='ltr'><strong>fuga</strong></span> <span class='ocrx_word' id='word_1_229' title='bbox 2518 1698 2791 1749; x_wconf 85' lang='lat' dir='ltr'><strong>reversus,</strong></span> <span class='ocrx_word' id='word_1_230' title='bbox 2822 1698 2950 1736; x_wconf 90' lang='lat' dir='ltr'><strong>cum</strong></span> <span class='ocrx_word' id='word_1_231' title='bbox 2974 1681 3223 1753; x_wconf 85' lang='lat' dir='ltr'><strong>primum</strong></span> <span class='ocrx_word' id='word_1_232' title='bbox 3248 1681 3320 1734; x_wconf 90' lang='lat' dir='ltr'><strong>ad</strong></span> <span class='ocrx_word' id='word_1_233' title='bbox 3345 1697 3449 1737; x_wconf 81' lang='lat' dir='ltr'><strong>nos</strong></span> 
     </span>
    </p>
   </div>
   <div class='ocr_carea' id='block_1_32' title="bbox 1854 1768 3449 1847">
    <p class='ocr_par' dir='ltr' id='par_1_32' title="bbox 1854 1768 3449 1847">
     <span class='ocr_line' id='line_1_32' title="bbox 1854 1768 3449 1847; baseline 0 -22"><span class='ocrx_word' id='word_1_234' title='bbox 1854 1773 2088 1835; x_wconf 85' lang='lat' dir='ltr'><strong>venerit,</strong></span> <span class='ocrx_word' id='word_1_235' title='bbox 2117 1789 2473 1844; x_wconf 85' lang='lat' dir='ltr'><strong>nequaquam</strong></span> <span class='ocrx_word' id='word_1_236' title='bbox 2502 1771 2560 1826; x_wconf 91' lang='lat' dir='ltr'><strong>in</strong></span> <span class='ocrx_word' id='word_1_237' title='bbox 2585 1772 2911 1834; x_wconf 89' lang='lat' dir='ltr'><strong>claustrum,</strong></span> <span class='ocrx_word' id='word_1_238' title='bbox 2943 1768 3057 1847; x_wconf 80' lang='lat' dir='ltr'><strong>nisi</strong></span> <span class='ocrx_word' id='word_1_239' title='bbox 3087 1770 3253 1825; x_wconf 80' lang='lat' dir='ltr'><strong>solita</strong></span> <span class='ocrx_word' id='word_1_240' title='bbox 3280 1769 3449 1831; x_wconf 62' lang='lat' dir='ltr'><strong>satis,-</strong></span> 
     </span>
    </p>
   </div>
   <div class='ocr_carea' id='block_1_33' title="bbox 170 1858 3451 1936">
    <p class='ocr_par' dir='ltr' id='par_1_33' title="bbox 170 1858 3451 1936">
     <span class='ocr_line' id='line_1_33' title="bbox 170 1858 3451 1936; baseline -0 -21"><span class='ocrx_word' id='word_1_241' title='bbox 170 1861 499 1915; x_wconf 90' lang='lat' dir='ltr'><strong>omnimoda</strong></span> <span class='ocrx_word' id='word_1_242' title='bbox 547 1862 825 1916; x_wconf 90' lang='lat' dir='ltr'><strong>solutione</strong></span> <span class='ocrx_word' id='word_1_243' title='bbox 871 1861 1160 1933; x_wconf 88' lang='lat' dir='ltr'><strong>deprecari</strong></span> <span class='ocrx_word' id='word_1_244' title='bbox 1208 1879 1319 1917; x_wconf 92' lang='lat' dir='ltr'><strong>non</strong></span> <span class='ocrx_word' id='word_1_245' title='bbox 1366 1863 1669 1933; x_wconf 76' lang='lat' dir='ltr'><strong>differunt;</strong></span> <span class='ocrx_word' id='word_1_246' title='bbox 1724 1860 2094 1936; x_wconf 82' lang='lat' dir='ltr'><strong>siBfactione</strong></span> <span class='ocrx_word' id='word_1_247' title='bbox 2138 1861 2423 1932; x_wconf 87' lang='lat' dir='ltr'><strong>recipitur,</strong></span> <span class='ocrx_word' id='word_1_248' title='bbox 2476 1860 2698 1915; x_wconf 90' lang='lat' dir='ltr'><strong>etiamsi</strong></span> <span class='ocrx_word' id='word_1_249' title='bbox 2747 1859 2988 1915; x_wconf 89' lang='lat' dir='ltr'><strong>domnus</strong></span> <span class='ocrx_word' id='word_1_250' title='bbox 3029 1858 3202 1913; x_wconf 81' lang='lat' dir='ltr'><strong>abbas</strong></span> <span class='ocrx_word' id='word_1_251' title='bbox 3244 1859 3305 1913; x_wconf 91' lang='lat' dir='ltr'><strong>in</strong></span> <span class='ocrx_word' id='word_1_252' title='bbox 3349 1859 3451 1915; x_wconf 87' lang='lat' dir='ltr'><strong>illa</strong></span> 
     </span>
    </p>
   </div>
   <div class='ocr_carea' id='block_1_34' title="bbox 168 1950 1768 2022">
    <p class='ocr_par' dir='ltr' id='par_1_34' title="bbox 168 1950 1768 2022">
     <span class='ocr_line' id='line_1_34' title="bbox 168 1950 1768 2022; baseline 0.002 -18"><span class='ocrx_word' id='word_1_253' title='bbox 168 1957 364 2005; x_wconf 89' lang='lat' dir='ltr'><strong>tamen</strong></span> <span class='ocrx_word' id='word_1_254' title='bbox 378 1952 427 2021; x_wconf 89' lang='lat' dir='ltr'><strong>ej</strong></span> <span class='ocrx_word' id='word_1_255' title='bbox 436 1968 503 2005; x_wconf 91' lang='lat' dir='ltr'><strong>us</strong></span> <span class='ocrx_word' id='word_1_256' title='bbox 524 1950 782 2004; x_wconf 89' lang='lat' dir='ltr'><strong>intimam</strong></span> <span class='ocrx_word' id='word_1_257' title='bbox 806 1951 1196 2021; x_wconf 82' lang='lat' dir='ltr'><strong>paenitentiam</strong></span> <span class='ocrx_word' id='word_1_258' title='bbox 1216 1952 1768 2022; x_wconf 86' lang='lat' dir='ltr'><strong>perspexerint.Nam</strong></span> 
     </span>
    </p>
   </div>
   <div class='ocr_carea' id='block_1_35' title="bbox 166 2039 1768 2111">
    <p class='ocr_par' dir='ltr' id='par_1_35' title="bbox 166 2039 1768 2111">
     <span class='ocr_line' id='line_1_35' title="bbox 166 2039 1768 2111; baseline 0.001 -18"><span class='ocrx_word' id='word_1_259' title='bbox 166 2056 272 2111; x_wconf 90' lang='lat' dir='ltr'><strong>pro</strong></span> <span class='ocrx_word' id='word_1_260' title='bbox 302 2039 477 2094; x_wconf 83' lang='lat' dir='ltr'><strong>fratre</strong></span> <span class='ocrx_word' id='word_1_261' title='bbox 500 2040 644 2093; x_wconf 86' lang='lat' dir='ltr'><strong>tales</strong></span> <span class='ocrx_word' id='word_1_262' title='bbox 673 2056 928 2094; x_wconf 87' lang='lat' dir='ltr'><strong>excessus</strong></span> <span class='ocrx_word' id='word_1_263' title='bbox 974 2039 1033 2094; x_wconf 91' lang='lat' dir='ltr'><strong>in</strong></span> <span class='ocrx_word' id='word_1_264' title='bbox 1071 2057 1179 2096; x_wconf 83' lang='lat' dir='ltr'><strong>usu</strong></span> <span class='ocrx_word' id='word_1_265' title='bbox 1220 2040 1480 2105; x_wconf 87' lang='lat' dir='ltr'><strong>habente,</strong></span> <span class='ocrx_word' id='word_1_266' title='bbox 1513 2058 1625 2096; x_wconf 93' lang='lat' dir='ltr'><strong>non</strong></span> <span class='ocrx_word' id='word_1_267' title='bbox 1649 2049 1768 2096; x_wconf 91' lang='lat' dir='ltr'><strong>tam</strong></span> 
     </span>
    </p>
   </div>
   <div class='ocr_carea' id='block_1_36' title="bbox 166 2127 1769 2201">
    <p class='ocr_par' dir='ltr' id='par_1_36' title="bbox 166 2127 1769 2201">
     <span class='ocr_line' id='line_1_36' title="bbox 166 2127 1769 2201; baseline 0.002 -20"><span class='ocrx_word' id='word_1_268' title='bbox 166 2129 281 2182; x_wconf 91' lang='lat' dir='ltr'><strong>cito</strong></span> <span class='ocrx_word' id='word_1_269' title='bbox 331 2135 396 2183; x_wconf 90' lang='lat' dir='ltr'><strong>ut</strong></span> <span class='ocrx_word' id='word_1_270' title='bbox 434 2129 700 2195; x_wconf 81' lang='lat' dir='ltr'><strong>solvatur,</strong></span> <span class='ocrx_word' id='word_1_271' title='bbox 742 2129 949 2182; x_wconf 91' lang='lat' dir='ltr'><strong>domno</strong></span> <span class='ocrx_word' id='word_1_272' title='bbox 988 2127 1176 2183; x_wconf 89' lang='lat' dir='ltr'><strong>abbati</strong></span> <span class='ocrx_word' id='word_1_273' title='bbox 1223 2130 1524 2200; x_wconf 89' lang='lat' dir='ltr'><strong>aliquando</strong></span> <span class='ocrx_word' id='word_1_274' title='bbox 1563 2148 1769 2201; x_wconf 88' lang='lat' dir='ltr'><strong>sugge-</strong></span> 
     </span>
    </p>
   </div>
   <div class='ocr_carea' id='block_1_37' title="bbox 162 2218 1771 2290">
    <p class='ocr_par' dir='ltr' id='par_1_37' title="bbox 162 2218 1771 2290">
     <span class='ocr_line' id='line_1_37' title="bbox 162 2218 1771 2290; baseline 0.002 -18"><span class='ocrx_word' id='word_1_275' title='bbox 162 2218 332 2272; x_wconf 87' lang='lat' dir='ltr'><strong>ritur.</strong></span> <span class='ocrx_word' id='word_1_276' title='bbox 384 2218 470 2272; x_wconf 85' lang='lat' dir='ltr'><strong>Ad</strong></span> <span class='ocrx_word' id='word_1_277' title='bbox 502 2234 742 2288; x_wconf 88' lang='lat' dir='ltr'><strong>quorum</strong></span> <span class='ocrx_word' id='word_1_278' title='bbox 788 2219 1223 2288; x_wconf 89' lang='lat' dir='ltr'><strong>postulationem</strong></span> <span class='ocrx_word' id='word_1_279' title='bbox 1262 2220 1560 2290; x_wconf 75' lang='lat' dir='ltr'><strong>praedictus</strong></span> <span class='ocrx_word' id='word_1_280' title='bbox 1603 2220 1771 2275; x_wconf 84' lang='lat' dir='ltr'><strong>Pater</strong></span> 
     </span>
    </p>
   </div>
   <div class='ocr_carea' id='block_1_38' title="bbox 164 2307 1771 2379">
    <p class='ocr_par' dir='ltr' id='par_1_38' title="bbox 164 2307 1771 2379">
     <span class='ocr_line' id='line_1_38' title="bbox 164 2307 1771 2379; baseline 0.001 -18"><span class='ocrx_word' id='word_1_281' title='bbox 164 2307 315 2361; x_wconf 86' lang='lat' dir='ltr'><strong>solet</strong></span> <span class='ocrx_word' id='word_1_282' title='bbox 342 2307 704 2377; x_wconf 86' lang='lat' dir='ltr'><strong>respondere,</strong></span> <span class='ocrx_word' id='word_1_283' title='bbox 721 2312 889 2375; x_wconf 87' lang='lat' dir='ltr'><strong>prout</strong></span> <span class='ocrx_word' id='word_1_284' title='bbox 916 2308 1239 2376; x_wconf 70' lang='lat' dir='ltr'><strong>paenitentis</strong></span> <span class='ocrx_word' id='word_1_285' title='bbox 1261 2308 1589 2379; x_wconf 75' lang='lat' dir='ltr'><strong>qualitatem</strong></span> <span class='ocrx_word' id='word_1_286' title='bbox 1616 2310 1771 2363; x_wconf 89' lang='lat' dir='ltr'><strong>novit</strong></span> 
     </span>
    </p>
   </div>
   <div class='ocr_carea' id='block_1_39' title="bbox 164 2395 1768 2467">
    <p class='ocr_par' dir='ltr' id='par_1_39' title="bbox 164 2395 1768 2467">
     <span class='ocr_line' id='line_1_39' title="bbox 164 2395 1768 2467; baseline 0.002 -19"><span class='ocrx_word' id='word_1_287' title='bbox 164 2395 418 2465; x_wconf 78' lang='lat' dir='ltr'><strong>exigere.</strong></span> <span class='ocrx_word' id='word_1_288' title='bbox 443 2395 588 2448; x_wconf 89' lang='lat' dir='ltr'><strong>Nam</strong></span> <span class='ocrx_word' id='word_1_289' title='bbox 620 2395 750 2449; x_wconf 89' lang='lat' dir='ltr'><strong>talis</strong></span> <span class='ocrx_word' id='word_1_290' title='bbox 780 2400 967 2466; x_wconf 87' lang='lat' dir='ltr'><strong>potest</strong></span> <span class='ocrx_word' id='word_1_291' title='bbox 997 2411 1137 2460; x_wconf 90' lang='lat' dir='ltr'><strong>esse,</strong></span> <span class='ocrx_word' id='word_1_292' title='bbox 1157 2412 1323 2466; x_wconf 87' lang='lat' dir='ltr'><strong>quem</strong></span> <span class='ocrx_word' id='word_1_293' title='bbox 1352 2396 1425 2449; x_wconf 87' lang='lat' dir='ltr'><strong>ad</strong></span> <span class='ocrx_word' id='word_1_294' title='bbox 1452 2397 1768 2467; x_wconf 80' lang='lat' dir='ltr'><strong>proximum</strong></span> 
     </span>
    </p>
   </div>
   <div class='ocr_carea' id='block_1_40' title="bbox 162 2483 1762 2555">
    <p class='ocr_par' dir='ltr' id='par_1_40' title="bbox 162 2483 1762 2555">
     <span class='ocr_line' id='line_1_40' title="bbox 162 2483 1762 2555; baseline 0.002 -18"><span class='ocrx_word' id='word_1_295' title='bbox 162 2483 479 2555; x_wconf 88' lang='lat' dir='ltr'><strong>capitulum</strong></span> <span class='ocrx_word' id='word_1_296' title='bbox 527 2484 793 2538; x_wconf 85' lang='lat' dir='ltr'><strong>restituat</strong></span> <span class='ocrx_word' id='word_1_297' title='bbox 840 2484 900 2537; x_wconf 90' lang='lat' dir='ltr'><strong>in</strong></span> <span class='ocrx_word' id='word_1_298' title='bbox 950 2484 1251 2553; x_wconf 88' lang='lat' dir='ltr'><strong>pristinum</strong></span> <span class='ocrx_word' id='word_1_299' title='bbox 1292 2485 1498 2548; x_wconf 89' lang='lat' dir='ltr'><strong>locum,</strong></span> <span class='ocrx_word' id='word_1_300' title='bbox 1530 2491 1586 2539; x_wconf 91' lang='lat' dir='ltr'><strong>et</strong></span> <span class='ocrx_word' id='word_1_301' title='bbox 1613 2486 1762 2552; x_wconf 84' lang='lat' dir='ltr'><strong>talis,</strong></span> 
     </span>
    </p>
   </div>
   <div class='ocr_carea' id='block_1_41' title="bbox 163 2572 1768 2630">
    <p class='ocr_par' dir='ltr' id='par_1_41' title="bbox 163 2572 1768 2630">
     <span class='ocr_line' id='line_1_41' title="bbox 163 2572 1768 2630; baseline 0.003 -4"><span class='ocrx_word' id='word_1_302' title='bbox 163 2573 254 2626; x_wconf 92' lang='lat' dir='ltr'><strong>cui</strong></span> <span class='ocrx_word' id='word_1_303' title='bbox 300 2573 359 2626; x_wconf 91' lang='lat' dir='ltr'><strong>id</strong></span> <span class='ocrx_word' id='word_1_304' title='bbox 406 2572 529 2626; x_wconf 87' lang='lat' dir='ltr'><strong>ﬁeri</strong></span> <span class='ocrx_word' id='word_1_305' title='bbox 576 2573 826 2627; x_wconf 89' lang='lat' dir='ltr'><strong>nondum</strong></span> <span class='ocrx_word' id='word_1_306' title='bbox 872 2572 1096 2626; x_wconf 89' lang='lat' dir='ltr'><strong>salubre</strong></span> <span class='ocrx_word' id='word_1_307' title='bbox 1139 2590 1259 2627; x_wconf 87' lang='lat' dir='ltr'><strong>esse</strong></span> <span class='ocrx_word' id='word_1_308' title='bbox 1303 2573 1584 2628; x_wconf 84' lang='lat' dir='ltr'><strong>decernat.</strong></span> <span class='ocrx_word' id='word_1_309' title='bbox 1639 2576 1768 2630; x_wconf 73' lang='lat' dir='ltr'><strong>Haec</strong></span> 
     </span>
    </p>
   </div>
   <div class='ocr_carea' id='block_1_42' title="bbox 163 2661 1765 2732">
    <p class='ocr_par' dir='ltr' id='par_1_42' title="bbox 163 2661 1765 2732">
     <span class='ocr_line' id='line_1_42' title="bbox 163 2661 1765 2732; baseline 0.004 -19"><span class='ocrx_word' id='word_1_310' title='bbox 163 2666 357 2717; x_wconf 87' lang='lat' dir='ltr'><strong>autem</strong></span> <span class='ocrx_word' id='word_1_311' title='bbox 393 2661 720 2717; x_wconf 89' lang='lat' dir='ltr'><strong>intercessio</strong></span> <span class='ocrx_word' id='word_1_312' title='bbox 765 2667 1006 2732; x_wconf 83' lang='lat' dir='ltr'><strong>quatuor</strong></span> <span class='ocrx_word' id='word_1_313' title='bbox 1048 2662 1228 2717; x_wconf 91' lang='lat' dir='ltr'><strong>modis</strong></span> <span class='ocrx_word' id='word_1_314' title='bbox 1264 2662 1388 2715; x_wconf 81' lang='lat' dir='ltr'><strong>fieri</strong></span> <span class='ocrx_word' id='word_1_315' title='bbox 1427 2664 1589 2720; x_wconf 90' lang='lat' dir='ltr'><strong>solet.</strong></span> <span class='ocrx_word' id='word_1_316' title='bbox 1618 2664 1765 2719; x_wconf 88' lang='lat' dir='ltr'><strong>Nam</strong></span> 
     </span>
    </p>
   </div>
   <div class='ocr_carea' id='block_1_43' title="bbox 162 2749 1763 2821">
    <p class='ocr_par' dir='ltr' id='par_1_43' title="bbox 162 2749 1763 2821">
     <span class='ocr_line' id='line_1_43' title="bbox 162 2749 1763 2821; baseline 0.004 -20"><span class='ocrx_word' id='word_1_317' title='bbox 162 2749 472 2820; x_wconf 85' lang='lat' dir='ltr'><strong>aliquando</strong></span> <span class='ocrx_word' id='word_1_318' title='bbox 526 2750 795 2814; x_wconf 87' lang='lat' dir='ltr'><strong>seniores,</strong></span> <span class='ocrx_word' id='word_1_319' title='bbox 843 2750 938 2821; x_wconf 90' lang='lat' dir='ltr'><strong>qui</strong></span> <span class='ocrx_word' id='word_1_320' title='bbox 995 2750 1148 2821; x_wconf 90' lang='lat' dir='ltr'><strong>prius</strong></span> <span class='ocrx_word' id='word_1_321' title='bbox 1197 2767 1297 2821; x_wconf 92' lang='lat' dir='ltr'><strong>pro</strong></span> <span class='ocrx_word' id='word_1_322' title='bbox 1328 2768 1393 2805; x_wconf 89' lang='lat' dir='ltr'><strong>eo</strong></span> <span class='ocrx_word' id='word_1_323' title='bbox 1437 2754 1763 2807; x_wconf 89' lang='lat' dir='ltr'><strong>intercesse-</strong></span> 
     </span>
    </p>
   </div>
   <div class='ocr_carea' id='block_1_44' title="bbox 160 2837 1761 2913">
    <p class='ocr_par' dir='ltr' id='par_1_44' title="bbox 160 2837 1761 2913">
     <span class='ocr_line' id='line_1_44' title="bbox 160 2837 1761 2913; baseline 0.004 -23"><span class='ocrx_word' id='word_1_324' title='bbox 160 2845 318 2905; x_wconf 82' lang='lat' dir='ltr'><strong>runt,</strong></span> <span class='ocrx_word' id='word_1_325' title='bbox 370 2839 579 2894; x_wconf 90' lang='lat' dir='ltr'><strong>domno</strong></span> <span class='ocrx_word' id='word_1_326' title='bbox 626 2839 833 2905; x_wconf 89' lang='lat' dir='ltr'><strong>abbati,</strong></span> <span class='ocrx_word' id='word_1_327' title='bbox 888 2856 959 2893; x_wconf 91' lang='lat' dir='ltr'><strong>ne</strong></span> <span class='ocrx_word' id='word_1_328' title='bbox 1012 2837 1376 2894; x_wconf 82' lang='lat' dir='ltr'><strong>obliviscatur</strong></span> <span class='ocrx_word' id='word_1_329' title='bbox 1420 2841 1476 2894; x_wconf 92' lang='lat' dir='ltr'><strong>in</strong></span> <span class='ocrx_word' id='word_1_330' title='bbox 1514 2842 1761 2913; x_wconf 87' lang='lat' dir='ltr'><strong>capitulo</strong></span> 
     </span>
    </p>
   </div>
   <div class='ocr_carea' id='block_1_45' title="bbox 158 2927 1761 2999">
    <p class='ocr_par' dir='ltr' id='par_1_45' title="bbox 158 2927 1761 2999">
     <span class='ocr_line' id='line_1_45' title="bbox 158 2927 1761 2999; baseline 0.004 -20"><span class='ocrx_word' id='word_1_331' title='bbox 158 2927 231 2980; x_wconf 90' lang='lat' dir='ltr'><strong>ad</strong></span> <span class='ocrx_word' id='word_1_332' title='bbox 277 2928 612 2983; x_wconf 87' lang='lat' dir='ltr'><strong>memoriam</strong></span> <span class='ocrx_word' id='word_1_333' title='bbox 659 2929 952 2982; x_wconf 91' lang='lat' dir='ltr'><strong>reducunt.</strong></span> <span class='ocrx_word' id='word_1_334' title='bbox 1004 2927 1322 2999; x_wconf 87' lang='lat' dir='ltr'><strong>Aliquando</strong></span> <span class='ocrx_word' id='word_1_335' title='bbox 1362 2946 1491 2983; x_wconf 92' lang='lat' dir='ltr'><strong>vero</strong></span> <span class='ocrx_word' id='word_1_336' title='bbox 1540 2932 1761 2986; x_wconf 87' lang='lat' dir='ltr'><strong>contin-</strong></span> 
     </span>
    </p>
   </div>
   <div class='ocr_carea' id='block_1_46' title="bbox 155 3015 1759 3092">
    <p class='ocr_par' dir='ltr' id='par_1_46' title="bbox 155 3015 1759 3092">
     <span class='ocr_line' id='line_1_46' title="bbox 155 3015 1759 3092; baseline 0.006 -24"><span class='ocrx_word' id='word_1_337' title='bbox 155 3015 262 3083; x_wconf 85' lang='lat' dir='ltr'><strong>git,</strong></span> <span class='ocrx_word' id='word_1_338' title='bbox 322 3022 389 3070; x_wconf 91' lang='lat' dir='ltr'><strong>ut</strong></span> <span class='ocrx_word' id='word_1_339' title='bbox 434 3016 730 3087; x_wconf 68' lang='lat' dir='ltr'><strong>praedictus</strong></span> <span class='ocrx_word' id='word_1_340' title='bbox 776 3016 951 3070; x_wconf 89' lang='lat' dir='ltr'><strong>frater</strong></span> <span class='ocrx_word' id='word_1_341' title='bbox 993 3017 1063 3070; x_wconf 90' lang='lat' dir='ltr'><strong>de</strong></span> <span class='ocrx_word' id='word_1_342' title='bbox 1115 3016 1305 3088; x_wconf 86' lang='lat' dir='ltr'><strong>aliqua</strong></span> <span class='ocrx_word' id='word_1_343' title='bbox 1354 3034 1526 3088; x_wconf 89' lang='lat' dir='ltr'><strong>parva</strong></span> <span class='ocrx_word' id='word_1_344' title='bbox 1579 3022 1759 3092; x_wconf 89' lang='lat' dir='ltr'><strong>negli-</strong></span> 
     </span>
    </p>
   </div>
   <div class='ocr_carea' id='block_1_47' title="bbox 1849 1946 3449 2022">
    <p class='ocr_par' dir='ltr' id='par_1_47' title="bbox 1849 1946 3449 2022">
     <span class='ocr_line' id='line_1_47' title="bbox 1849 1946 3449 2022; baseline -0.001 -20"><span class='ocrx_word' id='word_1_345' title='bbox 1849 1949 2039 2022; x_wconf 86' lang='lat' dir='ltr'><strong>priore</strong></span> <span class='ocrx_word' id='word_1_346' title='bbox 2063 1949 2443 2003; x_wconf 84' lang='lat' dir='ltr'><strong>satisfactione</strong></span> <span class='ocrx_word' id='word_1_347' title='bbox 2472 1947 2671 2011; x_wconf 88' lang='lat' dir='ltr'><strong>adfuit,</strong></span> <span class='ocrx_word' id='word_1_348' title='bbox 2710 1947 2819 2002; x_wconf 89' lang='lat' dir='ltr'><strong>nisi</strong></span> <span class='ocrx_word' id='word_1_349' title='bbox 2851 1948 2994 2002; x_wconf 91' lang='lat' dir='ltr'><strong>forte</strong></span> <span class='ocrx_word' id='word_1_350' title='bbox 3033 1947 3153 2018; x_wconf 89' lang='lat' dir='ltr'><strong>ipse</strong></span> <span class='ocrx_word' id='word_1_351' title='bbox 3185 1946 3449 2002; x_wconf 88' lang='lat' dir='ltr'><strong>eumdem</strong></span> 
     </span>
    </p>
   </div>
   <div class='ocr_carea' id='block_1_48' title="bbox 1850 2034 3442 2109">
    <p class='ocr_par' dir='ltr' id='par_1_48' title="bbox 1850 2034 3442 2109">
     <span class='ocr_line' id='line_1_48' title="bbox 1850 2034 3442 2109; baseline 0.002 -19"><span class='ocrx_word' id='word_1_352' title='bbox 1850 2039 2112 2092; x_wconf 87' lang='lat' dir='ltr'><strong>vestitum</strong></span> <span class='ocrx_word' id='word_1_353' title='bbox 2158 2038 2331 2109; x_wconf 86' lang='lat' dir='ltr'><strong>recipi</strong></span> <span class='ocrx_word' id='word_1_354' title='bbox 2388 2034 2450 2092; x_wconf 90' lang='lat' dir='ltr'><strong>in</strong></span> <span class='ocrx_word' id='word_1_355' title='bbox 2501 2036 2789 2091; x_wconf 89' lang='lat' dir='ltr'><strong>audientia</strong></span> <span class='ocrx_word' id='word_1_356' title='bbox 2829 2035 3069 2091; x_wconf 87' lang='lat' dir='ltr'><strong>fratrum</strong></span> <span class='ocrx_word' id='word_1_357' title='bbox 3113 2035 3442 2094; x_wconf 88' lang='lat' dir='ltr'><strong>decreverit.</strong></span> 
     </span>
    </p>
   </div>
   <div class='ocr_carea' id='block_1_49' title="bbox 1849 2122 3449 2196">
    <p class='ocr_par' dir='ltr' id='par_1_49' title="bbox 1849 2122 3449 2196">
     <span class='ocr_line' id='line_1_49' title="bbox 1849 2122 3449 2196; baseline -0.003 -14"><span class='ocrx_word' id='word_1_358' title='bbox 1849 2128 2138 2182; x_wconf 84' lang='lat' dir='ltr'><strong>Adductus</strong></span> <span class='ocrx_word' id='word_1_359' title='bbox 2166 2132 2357 2181; x_wconf 91' lang='lat' dir='ltr'><strong>autem</strong></span> <span class='ocrx_word' id='word_1_360' title='bbox 2387 2125 2458 2180; x_wconf 91' lang='lat' dir='ltr'><strong>ad</strong></span> <span class='ocrx_word' id='word_1_361' title='bbox 2489 2143 2591 2180; x_wconf 93' lang='lat' dir='ltr'><strong>nos</strong></span> <span class='ocrx_word' id='word_1_362' title='bbox 2628 2124 2742 2190; x_wconf 91' lang='lat' dir='ltr'><strong>ille,</strong></span> <span class='ocrx_word' id='word_1_363' title='bbox 2775 2124 3025 2196; x_wconf 88' lang='lat' dir='ltr'><strong>inquam,</strong></span> <span class='ocrx_word' id='word_1_364' title='bbox 3059 2124 3156 2196; x_wconf 90' lang='lat' dir='ltr'><strong>qui</strong></span> <span class='ocrx_word' id='word_1_365' title='bbox 3182 2122 3316 2178; x_wconf 90' lang='lat' dir='ltr'><strong>alibi</strong></span> <span class='ocrx_word' id='word_1_366' title='bbox 3343 2123 3449 2178; x_wconf 82' lang='lat' dir='ltr'><strong>cri-</strong></span> 
     </span>
    </p>
   </div>
   <div class='ocr_carea' id='block_1_50' title="bbox 1847 2211 3444 2287">
    <p class='ocr_par' dir='ltr' id='par_1_50' title="bbox 1847 2211 3444 2287">
     <span class='ocr_line' id='line_1_50' title="bbox 1847 2211 3444 2287; baseline -0.002 -17"><span class='ocrx_word' id='word_1_367' title='bbox 1847 2234 1979 2271; x_wconf 89' lang='lat' dir='ltr'><strong>men</strong></span> <span class='ocrx_word' id='word_1_368' title='bbox 2010 2216 2246 2287; x_wconf 89' lang='lat' dir='ltr'><strong>capitale</strong></span> <span class='ocrx_word' id='word_1_369' title='bbox 2276 2216 2576 2280; x_wconf 89' lang='lat' dir='ltr'><strong>commisit,</strong></span> <span class='ocrx_word' id='word_1_370' title='bbox 2605 2214 2751 2269; x_wconf 86' lang='lat' dir='ltr'><strong>sicut</strong></span> <span class='ocrx_word' id='word_1_371' title='bbox 2796 2229 2917 2268; x_wconf 89' lang='lat' dir='ltr'><strong>mos</strong></span> <span class='ocrx_word' id='word_1_372' title='bbox 2963 2219 3068 2280; x_wconf 80' lang='lat' dir='ltr'><strong>est,</strong></span> <span class='ocrx_word' id='word_1_373' title='bbox 3095 2211 3444 2268; x_wconf 90' lang='lat' dir='ltr'><strong>benedictio-</strong></span> 
     </span>
    </p>
   </div>
   <div class='ocr_carea' id='block_1_51' title="bbox 1850 2300 3445 2375">
    <p class='ocr_par' dir='ltr' id='par_1_51' title="bbox 1850 2300 3445 2375">
     <span class='ocr_line' id='line_1_51' title="bbox 1850 2300 3445 2375; baseline -0.001 -15"><span class='ocrx_word' id='word_1_374' title='bbox 1850 2323 1976 2360; x_wconf 87' lang='lat' dir='ltr'><strong>nem</strong></span> <span class='ocrx_word' id='word_1_375' title='bbox 2005 2310 2353 2375; x_wconf 89' lang='lat' dir='ltr'><strong>accepturus,</strong></span> <span class='ocrx_word' id='word_1_376' title='bbox 2384 2303 2498 2358; x_wconf 89' lang='lat' dir='ltr'><strong>sive</strong></span> <span class='ocrx_word' id='word_1_377' title='bbox 2541 2302 2783 2359; x_wconf 90' lang='lat' dir='ltr'><strong>domnus</strong></span> <span class='ocrx_word' id='word_1_378' title='bbox 2822 2302 2968 2357; x_wconf 88' lang='lat' dir='ltr'><strong>abba</strong></span> <span class='ocrx_word' id='word_1_379' title='bbox 3006 2300 3160 2357; x_wconf 90' lang='lat' dir='ltr'><strong>domi</strong></span> <span class='ocrx_word' id='word_1_380' title='bbox 3204 2302 3296 2369; x_wconf 92' lang='lat' dir='ltr'><strong>sit,</strong></span> <span class='ocrx_word' id='word_1_381' title='bbox 3331 2301 3445 2358; x_wconf 85' lang='lat' dir='ltr'><strong>sive</strong></span> 
     </span>
    </p>
   </div>
   <div class='ocr_carea' id='block_1_52' title="bbox 1850 2386 3444 2462">
    <p class='ocr_par' dir='ltr' id='par_1_52' title="bbox 1850 2386 3444 2462">
     <span class='ocr_line' id='line_1_52' title="bbox 1850 2386 3444 2462; baseline -0.002 -15"><span class='ocrx_word' id='word_1_382' title='bbox 1850 2411 1981 2459; x_wconf 90' lang='lat' dir='ltr'><strong>non,</strong></span> <span class='ocrx_word' id='word_1_383' title='bbox 2017 2393 2327 2446; x_wconf 86' lang='lat' dir='ltr'><strong>claustrum</strong></span> <span class='ocrx_word' id='word_1_384' title='bbox 2374 2406 2503 2445; x_wconf 81' lang='lat' dir='ltr'><strong>mox</strong></span> <span class='ocrx_word' id='word_1_385' title='bbox 2546 2390 2877 2462; x_wconf 85' lang='lat' dir='ltr'><strong>ingreditur.</strong></span> <span class='ocrx_word' id='word_1_386' title='bbox 2911 2390 2969 2444; x_wconf 92' lang='lat' dir='ltr'>Si</span> <span class='ocrx_word' id='word_1_387' title='bbox 2996 2406 3126 2445; x_wconf 87' lang='lat' dir='ltr'><strong>vero</strong></span> <span class='ocrx_word' id='word_1_388' title='bbox 3154 2386 3307 2444; x_wconf 90' lang='lat' dir='ltr'><strong>domi</strong></span> <span class='ocrx_word' id='word_1_389' title='bbox 3331 2406 3444 2445; x_wconf 89' lang='lat' dir='ltr'><strong>non</strong></span> 
     </span>
    </p>
   </div>
   <div class='ocr_carea' id='block_1_53' title="bbox 1851 2478 3449 2554">
    <p class='ocr_par' dir='ltr' id='par_1_53' title="bbox 1851 2478 3449 2554">
     <span class='ocr_line' id='line_1_53' title="bbox 1851 2478 3449 2554; baseline -0.004 -16"><span class='ocrx_word' id='word_1_390' title='bbox 1851 2489 1955 2549; x_wconf 86' lang='lat' dir='ltr'><strong>est,</strong></span> <span class='ocrx_word' id='word_1_391' title='bbox 1988 2482 2319 2554; x_wconf 89' lang='lat' dir='ltr'><strong>priusquam</strong></span> <span class='ocrx_word' id='word_1_392' title='bbox 2351 2498 2607 2535; x_wconf 86' lang='lat' dir='ltr'><strong>reversus</strong></span> <span class='ocrx_word' id='word_1_393' title='bbox 2636 2479 2825 2545; x_wconf 85' lang='lat' dir='ltr'><strong>fuerit,</strong></span> <span class='ocrx_word' id='word_1_394' title='bbox 2858 2480 3007 2534; x_wconf 88' lang='lat' dir='ltr'><strong>idem</strong></span> <span class='ocrx_word' id='word_1_395' title='bbox 3036 2478 3212 2537; x_wconf 82' lang='lat' dir='ltr'><strong>frater</strong></span> <span class='ocrx_word' id='word_1_396' title='bbox 3240 2495 3449 2550; x_wconf 85' lang='lat' dir='ltr'><strong>nequa-</strong></span> 
     </span>
    </p>
   </div>
   <div class='ocr_carea' id='block_1_54' title="bbox 1849 2567 3446 2643">
    <p class='ocr_par' dir='ltr' id='par_1_54' title="bbox 1849 2567 3446 2643">
     <span class='ocr_line' id='line_1_54' title="bbox 1849 2567 3446 2643; baseline -0.003 -17"><span class='ocrx_word' id='word_1_397' title='bbox 1849 2590 2017 2643; x_wconf 88' lang='lat' dir='ltr'><strong>quam</strong></span> <span class='ocrx_word' id='word_1_398' title='bbox 2045 2572 2106 2625; x_wconf 95' lang='lat' dir='ltr'><strong>in</strong></span> <span class='ocrx_word' id='word_1_399' title='bbox 2138 2571 2492 2643; x_wconf 72' lang='lat' dir='ltr'><strong>praesentiam</strong></span> <span class='ocrx_word' id='word_1_400' title='bbox 2540 2569 2692 2623; x_wconf 91' lang='lat' dir='ltr'><strong>illius</strong></span> <span class='ocrx_word' id='word_1_401' title='bbox 2740 2569 2934 2623; x_wconf 88' lang='lat' dir='ltr'><strong>venit:</strong></span> <span class='ocrx_word' id='word_1_402' title='bbox 2970 2568 3066 2622; x_wconf 86' lang='lat' dir='ltr'><strong>sed</strong></span> <span class='ocrx_word' id='word_1_403' title='bbox 3110 2568 3340 2622; x_wconf 87' lang='lat' dir='ltr'><strong>interim</strong></span> <span class='ocrx_word' id='word_1_404' title='bbox 3384 2567 3446 2622; x_wconf 89' lang='lat' dir='ltr'><strong>in</strong></span> 
     </span>
    </p>
   </div>
   <div class='ocr_carea' id='block_1_55' title="bbox 1847 2657 3445 2729">
    <p class='ocr_par' dir='ltr' id='par_1_55' title="bbox 1847 2657 3445 2729">
     <span class='ocr_line' id='line_1_55' title="bbox 1847 2657 3445 2729; baseline -0.002 -15"><span class='ocrx_word' id='word_1_405' title='bbox 1847 2661 2157 2715; x_wconf 88' lang='lat' dir='ltr'><strong>inﬁrmaria</strong></span> <span class='ocrx_word' id='word_1_406' title='bbox 2211 2663 2611 2722; x_wconf 85' lang='lat' dir='ltr'><strong>commoratur,</strong></span> <span class='ocrx_word' id='word_1_407' title='bbox 2663 2658 2840 2713; x_wconf 89' lang='lat' dir='ltr'><strong>donec</strong></span> <span class='ocrx_word' id='word_1_408' title='bbox 2889 2657 3011 2729; x_wconf 89' lang='lat' dir='ltr'><strong>ipso</strong></span> <span class='ocrx_word' id='word_1_409' title='bbox 3054 2657 3291 2728; x_wconf 88' lang='lat' dir='ltr'><strong>jubente</strong></span> <span class='ocrx_word' id='word_1_410' title='bbox 3342 2672 3445 2728; x_wconf 88' lang='lat' dir='ltr'><strong>per</strong></span> 
     </span>
    </p>
   </div>
   <div class='ocr_carea' id='block_1_56' title="bbox 1844 2745 3442 2822">
    <p class='ocr_par' dir='ltr' id='par_1_56' title="bbox 1844 2745 3442 2822">
     <span class='ocr_line' id='line_1_56' title="bbox 1844 2745 3442 2822; baseline -0.002 -19"><span class='ocrx_word' id='word_1_411' title='bbox 1844 2751 2091 2822; x_wconf 87' lang='lat' dir='ltr'><strong>priorem</strong></span> <span class='ocrx_word' id='word_1_412' title='bbox 2136 2754 2194 2803; x_wconf 91' lang='lat' dir='ltr'><strong>et</strong></span> <span class='ocrx_word' id='word_1_413' title='bbox 2235 2748 2605 2803; x_wconf 90' lang='lat' dir='ltr'><strong>camerarium</strong></span> <span class='ocrx_word' id='word_1_414' title='bbox 2641 2751 2840 2801; x_wconf 80' lang='lat' dir='ltr'><strong>exutus</strong></span> <span class='ocrx_word' id='word_1_415' title='bbox 2867 2745 2927 2800; x_wconf 91' lang='lat' dir='ltr'><strong>in</strong></span> <span class='ocrx_word' id='word_1_416' title='bbox 2952 2746 3232 2801; x_wconf 89' lang='lat' dir='ltr'><strong>auditorio</strong></span> <span class='ocrx_word' id='word_1_417' title='bbox 3255 2746 3442 2801; x_wconf 90' lang='lat' dir='ltr'><strong>nudus</strong></span> 
     </span>
    </p>
   </div>
   <div class='ocr_carea' id='block_1_57' title="bbox 1842 2834 3442 2911">
    <p class='ocr_par' dir='ltr' id='par_1_57' title="bbox 1842 2834 3442 2911">
     <span class='ocr_line' id='line_1_57' title="bbox 1842 2834 3442 2911; baseline -0.003 -19"><span class='ocrx_word' id='word_1_418' title='bbox 1842 2838 1900 2892; x_wconf 90' lang='lat' dir='ltr'><strong>in</strong></span> <span class='ocrx_word' id='word_1_419' title='bbox 1927 2839 2234 2910; x_wconf 86' lang='lat' dir='ltr'><strong>capitulum</strong></span> <span class='ocrx_word' id='word_1_420' title='bbox 2263 2841 2715 2911; x_wconf 65' lang='lat' dir='ltr'><strong>repraesentetur.</strong></span> <span class='ocrx_word' id='word_1_421' title='bbox 2733 2835 2893 2899; x_wconf 88' lang='lat' dir='ltr'><strong>Quod</strong></span> <span class='ocrx_word' id='word_1_422' title='bbox 2918 2835 2967 2889; x_wconf 92' lang='lat' dir='ltr'><strong>si</strong></span> <span class='ocrx_word' id='word_1_423' title='bbox 2995 2835 3236 2890; x_wconf 91' lang='lat' dir='ltr'><strong>domnus</strong></span> <span class='ocrx_word' id='word_1_424' title='bbox 3267 2834 3442 2889; x_wconf 90' lang='lat' dir='ltr'><strong>abbas</strong></span> 
     </span>
    </p>
   </div>
   <div class='ocr_carea' id='block_1_58' title="bbox 1844 2923 3439 2991">
    <p class='ocr_par' dir='ltr' id='par_1_58' title="bbox 1844 2923 3439 2991">
     <span class='ocr_line' id='line_1_58' title="bbox 1844 2923 3439 2991; baseline -0.002 -11"><span class='ocrx_word' id='word_1_425' title='bbox 1844 2928 1902 2981; x_wconf 92' lang='lat' dir='ltr'><strong>in</strong></span> <span class='ocrx_word' id='word_1_426' title='bbox 1935 2927 2277 2982; x_wconf 90' lang='lat' dir='ltr'><strong>monasterio</strong></span> <span class='ocrx_word' id='word_1_427' title='bbox 2309 2932 2396 2981; x_wconf 90' lang='lat' dir='ltr'><strong>est</strong></span> <span class='ocrx_word' id='word_1_428' title='bbox 2432 2926 2530 2980; x_wconf 90' lang='lat' dir='ltr'><strong>illo</strong></span> <span class='ocrx_word' id='word_1_429' title='bbox 2558 2925 2908 2991; x_wconf 89' lang='lat' dir='ltr'><strong>adveniente,</strong></span> <span class='ocrx_word' id='word_1_430' title='bbox 2940 2924 3071 2978; x_wconf 87' lang='lat' dir='ltr'><strong>licet</strong></span> <span class='ocrx_word' id='word_1_431' title='bbox 3099 2923 3330 2979; x_wconf 82' lang='lat' dir='ltr'><strong>interim</strong></span> <span class='ocrx_word' id='word_1_432' title='bbox 3378 2924 3439 2978; x_wconf 89' lang='lat' dir='ltr'><strong>in</strong></span> 
     </span>
    </p>
   </div>
   <div class='ocr_carea' id='block_1_59' title="bbox 1841 3012 3439 3085">
    <p class='ocr_par' dir='ltr' id='par_1_59' title="bbox 1841 3012 3439 3085">
     <span class='ocr_line' id='line_1_59' title="bbox 1841 3012 3439 3085; baseline -0.003 -15"><span class='ocrx_word' id='word_1_433' title='bbox 1841 3022 2115 3071; x_wconf 86' lang='lat' dir='ltr'><strong>conventu</strong></span> <span class='ocrx_word' id='word_1_434' title='bbox 2131 3017 2223 3083; x_wconf 87' lang='lat' dir='ltr'><strong>sit,</strong></span> <span class='ocrx_word' id='word_1_435' title='bbox 2237 3033 2353 3070; x_wconf 89' lang='lat' dir='ltr'><strong>non</strong></span> <span class='ocrx_word' id='word_1_436' title='bbox 2378 3020 2570 3069; x_wconf 87' lang='lat' dir='ltr'><strong>tamen</strong></span> <span class='ocrx_word' id='word_1_437' title='bbox 2590 3014 2747 3085; x_wconf 86' lang='lat' dir='ltr'><strong>prius</strong></span> <span class='ocrx_word' id='word_1_438' title='bbox 2766 3019 2898 3068; x_wconf 90' lang='lat' dir='ltr'><strong>ante</strong></span> <span class='ocrx_word' id='word_1_439' title='bbox 2918 3030 3048 3068; x_wconf 91' lang='lat' dir='ltr'><strong>eum</strong></span> <span class='ocrx_word' id='word_1_440' title='bbox 3078 3012 3246 3079; x_wconf 90' lang='lat' dir='ltr'><strong>venit,</strong></span> <span class='ocrx_word' id='word_1_441' title='bbox 3267 3028 3439 3084; x_wconf 89' lang='lat' dir='ltr'><strong>quam</strong></span> 
     </span>
    </p>
   </div>
   <div class='ocr_carea' id='block_1_60' title="bbox 154 3096 3436 3177">
    <p class='ocr_par' dir='ltr' id='par_1_60' title="bbox 154 3096 3436 3177">
     <span class='ocr_line' id='line_1_60' title="bbox 154 3096 3436 3177; baseline -0.001 -20"><span class='ocrx_word' id='word_1_442' title='bbox 154 3105 355 3174; x_wconf 88' lang='lat' dir='ltr'><strong>gentia</strong></span> <span class='ocrx_word' id='word_1_443' title='bbox 392 3106 753 3172; x_wconf 84' lang='lat' dir='ltr'><strong>reclametur,</strong></span> <span class='ocrx_word' id='word_1_444' title='bbox 787 3104 977 3176; x_wconf 89' lang='lat' dir='ltr'><strong>sicque</strong></span> <span class='ocrx_word' id='word_1_445' title='bbox 1019 3107 1152 3159; x_wconf 90' lang='lat' dir='ltr'><strong>data</strong></span> <span class='ocrx_word' id='word_1_446' title='bbox 1199 3106 1491 3162; x_wconf 89' lang='lat' dir='ltr'><strong>occasione</strong></span> <span class='ocrx_word' id='word_1_447' title='bbox 1530 3114 1646 3163; x_wconf 90' lang='lat' dir='ltr'><strong>tam</strong></span> <span class='ocrx_word' id='word_1_448' title='bbox 1690 3112 1760 3166; x_wconf 89' lang='lat' dir='ltr'><strong>ab</strong></span> <span class='ocrx_word' id='word_1_449' title='bbox 1783 3155 1823 3177; x_wconf 64' lang='grc' dir='ltr'><em>η</em></span> <span class='ocrx_word' id='word_1_450' title='bbox 1842 3106 1912 3159; x_wconf 90' lang='lat' dir='ltr'><strong>ad</strong></span> <span class='ocrx_word' id='word_1_451' title='bbox 1943 3104 2249 3177; x_wconf 89' lang='lat' dir='ltr'><strong>capitulum</strong></span> <span class='ocrx_word' id='word_1_452' title='bbox 2271 3104 2342 3158; x_wconf 90' lang='lat' dir='ltr'><strong>ab</strong></span> <span class='ocrx_word' id='word_1_453' title='bbox 2357 3122 2423 3158; x_wconf 91' lang='lat' dir='ltr'><strong>eo</strong></span> <span class='ocrx_word' id='word_1_454' title='bbox 2442 3104 2838 3175; x_wconf 87' lang='lat' dir='ltr'><strong>proclametur,</strong></span> <span class='ocrx_word' id='word_1_455' title='bbox 2857 3103 3047 3174; x_wconf 83' lang='lat' dir='ltr'><strong>sicque</strong></span> <span class='ocrx_word' id='word_1_456' title='bbox 3066 3096 3436 3173; x_wconf 89' lang='lat' dir='ltr'><strong>petitavenia,</strong></span> 
     </span>
    </p>
   </div>
   <div class='ocr_carea' id='block_1_61' title="bbox 156 3194 1758 3271">
    <p class='ocr_par' dir='ltr' id='par_1_61' title="bbox 156 3194 1758 3271">
     <span class='ocr_line' id='line_1_61' title="bbox 156 3194 1758 3271; baseline 0.006 -26"><span class='ocrx_word' id='word_1_457' title='bbox 156 3194 373 3248; x_wconf 88' lang='lat' dir='ltr'><strong>eisdem</strong></span> <span class='ocrx_word' id='word_1_458' title='bbox 422 3195 758 3260; x_wconf 89' lang='lat' dir='ltr'><strong>senioribus,</strong></span> <span class='ocrx_word' id='word_1_459' title='bbox 813 3212 982 3266; x_wconf 90' lang='lat' dir='ltr'><strong>quam</strong></span> <span class='ocrx_word' id='word_1_460' title='bbox 1020 3212 1054 3248; x_wconf 94' lang='lat' dir='ltr'><strong>a</strong></span> <span class='ocrx_word' id='word_1_461' title='bbox 1089 3195 1306 3249; x_wconf 71' lang='lat' dir='ltr'><strong>caeteris</strong></span> <span class='ocrx_word' id='word_1_462' title='bbox 1345 3196 1611 3252; x_wconf 89' lang='lat' dir='ltr'><strong>fratribus</strong></span> <span class='ocrx_word' id='word_1_463' title='bbox 1658 3216 1758 3271; x_wconf 91' lang='lat' dir='ltr'><strong>pro</strong></span> 
     </span>
    </p>
   </div>
   <div class='ocr_carea' id='block_1_62' title="bbox 153 3281 1759 3355">
    <p class='ocr_par' dir='ltr' id='par_1_62' title="bbox 153 3281 1759 3355">
     <span class='ocr_line' id='line_1_62' title="bbox 153 3281 1759 3355; baseline 0.006 -21"><span class='ocrx_word' id='word_1_464' title='bbox 153 3281 253 3336; x_wconf 87' lang='lat' dir='ltr'><strong>illo</strong></span> <span class='ocrx_word' id='word_1_465' title='bbox 285 3284 654 3354; x_wconf 88' lang='lat' dir='ltr'><strong>supplicatur,</strong></span> <span class='ocrx_word' id='word_1_466' title='bbox 695 3284 997 3355; x_wconf 90' lang='lat' dir='ltr'><strong>aliquando</strong></span> <span class='ocrx_word' id='word_1_467' title='bbox 1026 3290 1214 3339; x_wconf 87' lang='lat' dir='ltr'><strong>autem</strong></span> <span class='ocrx_word' id='word_1_468' title='bbox 1253 3291 1526 3355; x_wconf 67' lang='lat' dir='ltr'><strong>praesente</strong></span> <span class='ocrx_word' id='word_1_469' title='bbox 1556 3288 1759 3345; x_wconf 90' lang='lat' dir='ltr'><strong>abbate</strong></span> 
     </span>
    </p>
   </div>
   <div class='ocr_carea' id='block_1_63' title="bbox 154 3371 1757 3443">
    <p class='ocr_par' dir='ltr' id='par_1_63' title="bbox 154 3371 1757 3443">
     <span class='ocr_line' id='line_1_63' title="bbox 154 3371 1757 3443; baseline 0.006 -20"><span class='ocrx_word' id='word_1_470' title='bbox 154 3371 301 3440; x_wconf 87' lang='lat' dir='ltr'><strong>petit</strong></span> <span class='ocrx_word' id='word_1_471' title='bbox 341 3372 583 3438; x_wconf 89' lang='lat' dir='ltr'><strong>veniam,</strong></span> <span class='ocrx_word' id='word_1_472' title='bbox 613 3380 940 3443; x_wconf 89' lang='lat' dir='ltr'><strong>spontanee,</strong></span> <span class='ocrx_word' id='word_1_473' title='bbox 971 3379 1034 3427; x_wconf 90' lang='lat' dir='ltr'><strong>ut</strong></span> <span class='ocrx_word' id='word_1_474' title='bbox 1063 3390 1128 3427; x_wconf 90' lang='lat' dir='ltr'><strong>eo</strong></span> <span class='ocrx_word' id='word_1_475' title='bbox 1154 3375 1525 3443; x_wconf 86' lang='lat' dir='ltr'><strong>opportunius</strong></span> <span class='ocrx_word' id='word_1_476' title='bbox 1552 3376 1757 3433; x_wconf 87' lang='lat' dir='ltr'><strong>fratres</strong></span> 
     </span>
    </p>
   </div>
   <div class='ocr_carea' id='block_1_64' title="bbox 154 3462 1754 3535">
    <p class='ocr_par' dir='ltr' id='par_1_64' title="bbox 154 3462 1754 3535">
     <span class='ocr_line' id='line_1_64' title="bbox 154 3462 1754 3535; baseline 0.004 -21"><span class='ocrx_word' id='word_1_477' title='bbox 154 3477 259 3531; x_wconf 89' lang='lat' dir='ltr'><strong>pro</strong></span> <span class='ocrx_word' id='word_1_478' title='bbox 289 3478 356 3516; x_wconf 91' lang='lat' dir='ltr'><strong>eo</strong></span> <span class='ocrx_word' id='word_1_479' title='bbox 382 3463 601 3533; x_wconf 89' lang='lat' dir='ltr'><strong>possint</strong></span> <span class='ocrx_word' id='word_1_480' title='bbox 628 3462 1003 3530; x_wconf 83' lang='lat' dir='ltr'><strong>intercedere;</strong></span> <span class='ocrx_word' id='word_1_481' title='bbox 1044 3462 1345 3532; x_wconf 89' lang='lat' dir='ltr'><strong>aliquando</strong></span> <span class='ocrx_word' id='word_1_482' title='bbox 1384 3481 1513 3520; x_wconf 91' lang='lat' dir='ltr'><strong>vero</strong></span> <span class='ocrx_word' id='word_1_483' title='bbox 1553 3467 1754 3535; x_wconf 87' lang='lat' dir='ltr'><strong>evenit,</strong></span> 
     </span>
    </p>
   </div>
   <div class='ocr_carea' id='block_1_65' title="bbox 155 3550 1756 3625">
    <p class='ocr_par' dir='ltr' id='par_1_65' title="bbox 155 3550 1756 3625">
     <span class='ocr_line' id='line_1_65' title="bbox 155 3550 1756 3625; baseline 0.005 -22"><span class='ocrx_word' id='word_1_484' title='bbox 155 3556 218 3604; x_wconf 92' lang='lat' dir='ltr'><strong>ut</strong></span> <span class='ocrx_word' id='word_1_485' title='bbox 237 3550 361 3621; x_wconf 90' lang='lat' dir='ltr'><strong>ipse</strong></span> <span class='ocrx_word' id='word_1_486' title='bbox 388 3551 628 3606; x_wconf 89' lang='lat' dir='ltr'><strong>domnus</strong></span> <span class='ocrx_word' id='word_1_487' title='bbox 650 3551 824 3606; x_wconf 90' lang='lat' dir='ltr'><strong>abbas</strong></span> <span class='ocrx_word' id='word_1_488' title='bbox 854 3556 1011 3605; x_wconf 90' lang='lat' dir='ltr'><strong>vocet</strong></span> <span class='ocrx_word' id='word_1_489' title='bbox 1031 3568 1179 3617; x_wconf 89' lang='lat' dir='ltr'><strong>eum,</strong></span> <span class='ocrx_word' id='word_1_490' title='bbox 1194 3557 1259 3606; x_wconf 93' lang='lat' dir='ltr'><strong>ut</strong></span> <span class='ocrx_word' id='word_1_491' title='bbox 1283 3560 1477 3625; x_wconf 89' lang='lat' dir='ltr'><strong>surgat</strong></span> <span class='ocrx_word' id='word_1_492' title='bbox 1491 3555 1616 3609; x_wconf 92' lang='lat' dir='ltr'><strong>etin</strong></span> <span class='ocrx_word' id='word_1_493' title='bbox 1638 3574 1756 3611; x_wconf 91' lang='lat' dir='ltr'><strong>me-</strong></span> 
     </span>
    </p>
   </div>
   <div class='ocr_carea' id='block_1_66' title="bbox 153 3638 1752 3713">
    <p class='ocr_par' dir='ltr' id='par_1_66' title="bbox 153 3638 1752 3713">
     <span class='ocr_line' id='line_1_66' title="bbox 153 3638 1752 3713; baseline 0.004 -22"><span class='ocrx_word' id='word_1_494' title='bbox 153 3638 315 3693; x_wconf 90' lang='lat' dir='ltr'><strong>dium</strong></span> <span class='ocrx_word' id='word_1_495' title='bbox 346 3640 556 3707; x_wconf 85' lang='lat' dir='ltr'><strong>veniat,</strong></span> <span class='ocrx_word' id='word_1_496' title='bbox 581 3641 734 3694; x_wconf 90' lang='lat' dir='ltr'><strong>nullo</strong></span> <span class='ocrx_word' id='word_1_497' title='bbox 755 3641 1111 3695; x_wconf 86' lang='lat' dir='ltr'><strong>admonente.</strong></span> <span class='ocrx_word' id='word_1_498' title='bbox 1132 3640 1253 3705; x_wconf 91' lang='lat' dir='ltr'><strong>Quo</strong></span> <span class='ocrx_word' id='word_1_499' title='bbox 1266 3641 1485 3696; x_wconf 90' lang='lat' dir='ltr'><strong>veniam</strong></span> <span class='ocrx_word' id='word_1_500' title='bbox 1505 3649 1752 3713; x_wconf 89' lang='lat' dir='ltr'><strong>petente,</strong></span> 
     </span>
    </p>
   </div>
   <div class='ocr_carea' id='block_1_67' title="bbox 154 3727 1757 3799">
    <p class='ocr_par' dir='ltr' id='par_1_67' title="bbox 154 3727 1757 3799">
     <span class='ocr_line' id='line_1_67' title="bbox 154 3727 1757 3799; baseline 0.004 -19"><span class='ocrx_word' id='word_1_501' title='bbox 154 3727 408 3798; x_wconf 87' lang='lat' dir='ltr'><strong>loquitur</strong></span> <span class='ocrx_word' id='word_1_502' title='bbox 420 3735 799 3784; x_wconf 85' lang='lat' dir='ltr'><strong>consentanea</strong></span> <span class='ocrx_word' id='word_1_503' title='bbox 833 3734 891 3783; x_wconf 90' lang='lat' dir='ltr'><strong>et</strong></span> <span class='ocrx_word' id='word_1_504' title='bbox 922 3746 1103 3784; x_wconf 68' lang='lat' dir='ltr'><strong>causae</strong></span> <span class='ocrx_word' id='word_1_505' title='bbox 1123 3734 1179 3783; x_wconf 91' lang='lat' dir='ltr'><strong>et</strong></span> <span class='ocrx_word' id='word_1_506' title='bbox 1198 3746 1470 3799; x_wconf 69' lang='lat' dir='ltr'><strong>personae,</strong></span> <span class='ocrx_word' id='word_1_507' title='bbox 1494 3738 1551 3785; x_wconf 88' lang='lat' dir='ltr'><strong>et</strong></span> <span class='ocrx_word' id='word_1_508' title='bbox 1571 3733 1757 3787; x_wconf 89' lang='lat' dir='ltr'><strong>reddit</strong></span> 
     </span>
    </p>
   </div>
   <div class='ocr_carea' id='block_1_68' title="bbox 153 3817 1755 3889">
    <p class='ocr_par' dir='ltr' id='par_1_68' title="bbox 153 3817 1755 3889">
     <span class='ocr_line' id='line_1_68' title="bbox 153 3817 1755 3889; baseline 0.004 -19"><span class='ocrx_word' id='word_1_509' title='bbox 153 3817 206 3871; x_wconf 88' lang='lat' dir='ltr'><strong>ei</strong></span> <span class='ocrx_word' id='word_1_510' title='bbox 226 3818 555 3887; x_wconf 86' lang='lat' dir='ltr'><strong>pristinum,</strong></span> <span class='ocrx_word' id='word_1_511' title='bbox 578 3819 663 3873; x_wconf 88' lang='lat' dir='ltr'><strong>vel</strong></span> <span class='ocrx_word' id='word_1_512' title='bbox 696 3818 742 3871; x_wconf 90' lang='lat' dir='ltr'><strong>si</strong></span> <span class='ocrx_word' id='word_1_513' title='bbox 764 3819 962 3889; x_wconf 87' lang='lat' dir='ltr'><strong>placet,</strong></span> <span class='ocrx_word' id='word_1_514' title='bbox 994 3818 1316 3871; x_wconf 88' lang='lat' dir='ltr'><strong>inferiorem</strong></span> <span class='ocrx_word' id='word_1_515' title='bbox 1347 3819 1556 3875; x_wconf 91' lang='lat' dir='ltr'><strong>locum.</strong></span> <span class='ocrx_word' id='word_1_516' title='bbox 1591 3822 1755 3877; x_wconf 88' lang='lat' dir='ltr'><strong>Cadit</strong></span> 
     </span>
    </p>
   </div>
   <div class='ocr_carea' id='block_1_69' title="bbox 153 3906 1755 3978">
    <p class='ocr_par' dir='ltr' id='par_1_69' title="bbox 153 3906 1755 3978">
     <span class='ocr_line' id='line_1_69' title="bbox 153 3906 1755 3978; baseline 0.004 -19"><span class='ocrx_word' id='word_1_517' title='bbox 153 3906 224 3959; x_wconf 90' lang='lat' dir='ltr'><strong>ad</strong></span> <span class='ocrx_word' id='word_1_518' title='bbox 252 3906 428 3977; x_wconf 89' lang='lat' dir='ltr'><strong>pedes</strong></span> <span class='ocrx_word' id='word_1_519' title='bbox 455 3908 595 3977; x_wconf 85' lang='lat' dir='ltr'><strong>ejus,</strong></span> <span class='ocrx_word' id='word_1_520' title='bbox 620 3907 767 3961; x_wconf 90' lang='lat' dir='ltr'><strong>sicut</strong></span> <span class='ocrx_word' id='word_1_521' title='bbox 794 3908 964 3961; x_wconf 90' lang='lat' dir='ltr'><strong>etiam</strong></span> <span class='ocrx_word' id='word_1_522' title='bbox 996 3907 1232 3978; x_wconf 87' lang='lat' dir='ltr'><strong>quilibet</strong></span> <span class='ocrx_word' id='word_1_523' title='bbox 1261 3917 1376 3963; x_wconf 78' lang='lat' dir='ltr'><strong>tam</strong></span> <span class='ocrx_word' id='word_1_524' title='bbox 1420 3909 1479 3962; x_wconf 92' lang='lat' dir='ltr'><strong>in</strong></span> <span class='ocrx_word' id='word_1_525' title='bbox 1521 3912 1755 3966; x_wconf 88' lang='lat' dir='ltr'><strong>ecclesia</strong></span> 
     </span>
    </p>
   </div>
   <div class='ocr_carea' id='block_1_70' title="bbox 154 3995 1753 4068">
    <p class='ocr_par' dir='ltr' id='par_1_70' title="bbox 154 3995 1753 4068">
     <span class='ocr_line' id='line_1_70' title="bbox 154 3995 1753 4068; baseline 0.004 -21"><span class='ocrx_word' id='word_1_526' title='bbox 154 4011 327 4065; x_wconf 90' lang='lat' dir='ltr'><strong>quam</strong></span> <span class='ocrx_word' id='word_1_527' title='bbox 358 3995 420 4049; x_wconf 91' lang='lat' dir='ltr'><strong>in</strong></span> <span class='ocrx_word' id='word_1_528' title='bbox 454 3996 722 4066; x_wconf 90' lang='lat' dir='ltr'><strong>capitulo,</strong></span> <span class='ocrx_word' id='word_1_529' title='bbox 764 3995 811 4049; x_wconf 91' lang='lat' dir='ltr'><strong>si</strong></span> <span class='ocrx_word' id='word_1_530' title='bbox 857 3996 1080 4067; x_wconf 90' lang='lat' dir='ltr'><strong>quando</strong></span> <span class='ocrx_word' id='word_1_531' title='bbox 1129 4013 1256 4050; x_wconf 91' lang='lat' dir='ltr'><strong>eum</strong></span> <span class='ocrx_word' id='word_1_532' title='bbox 1296 4000 1637 4068; x_wconf 88' lang='lat' dir='ltr'><strong>promoverit</strong></span> <span class='ocrx_word' id='word_1_533' title='bbox 1681 4000 1753 4054; x_wconf 93' lang='lat' dir='ltr'><strong>ad</strong></span> 
     </span>
    </p>
   </div>
   <div class='ocr_carea' id='block_1_71' title="bbox 149 4082 1753 4159">
    <p class='ocr_par' dir='ltr' id='par_1_71' title="bbox 149 4082 1753 4159">
     <span class='ocr_line' id='line_1_71' title="bbox 149 4082 1753 4159; baseline 0.005 -24"><span class='ocrx_word' id='word_1_534' title='bbox 149 4082 339 4138; x_wconf 90' lang='lat' dir='ltr'><strong>locum</strong></span> <span class='ocrx_word' id='word_1_535' title='bbox 372 4084 651 4139; x_wconf 87' lang='lat' dir='ltr'><strong>altiorem.</strong></span> <span class='ocrx_word' id='word_1_536' title='bbox 684 4085 843 4149; x_wconf 85' lang='lat' dir='ltr'><strong>Quod</strong></span> <span class='ocrx_word' id='word_1_537' title='bbox 873 4084 920 4138; x_wconf 89' lang='lat' dir='ltr'><strong>si</strong></span> <span class='ocrx_word' id='word_1_538' title='bbox 948 4085 1068 4156; x_wconf 90' lang='lat' dir='ltr'><strong>ipse</strong></span> <span class='ocrx_word' id='word_1_539' title='bbox 1110 4086 1432 4157; x_wconf 90' lang='lat' dir='ltr'><strong>impeditus,</strong></span> <span class='ocrx_word' id='word_1_540' title='bbox 1472 4087 1530 4141; x_wconf 91' lang='lat' dir='ltr'><strong>id</strong></span> <span class='ocrx_word' id='word_1_541' title='bbox 1578 4089 1753 4159; x_wconf 89' lang='lat' dir='ltr'><strong>priori</strong></span> 
     </span>
    </p>
   </div>
   <div class='ocr_carea' id='block_1_72' title="bbox 149 4174 1753 4245">
    <p class='ocr_par' dir='ltr' id='par_1_72' title="bbox 149 4174 1753 4245">
     <span class='ocr_line' id='line_1_72' title="bbox 149 4174 1753 4245; baseline 0.003 -19"><span class='ocrx_word' id='word_1_542' title='bbox 149 4174 518 4239; x_wconf 88' lang='lat' dir='ltr'><strong>commiserit,</strong></span> <span class='ocrx_word' id='word_1_543' title='bbox 552 4183 609 4228; x_wconf 90' lang='lat' dir='ltr'><strong>et</strong></span> <span class='ocrx_word' id='word_1_544' title='bbox 634 4174 727 4229; x_wconf 91' lang='lat' dir='ltr'><strong>ille</strong></span> <span class='ocrx_word' id='word_1_545' title='bbox 757 4175 815 4229; x_wconf 90' lang='lat' dir='ltr'><strong>in</strong></span> <span class='ocrx_word' id='word_1_546' title='bbox 845 4174 1089 4245; x_wconf 89' lang='lat' dir='ltr'><strong>capitulo</strong></span> <span class='ocrx_word' id='word_1_547' title='bbox 1119 4174 1356 4229; x_wconf 88' lang='lat' dir='ltr'><strong>fratrum</strong></span> <span class='ocrx_word' id='word_1_548' title='bbox 1385 4192 1505 4229; x_wconf 90' lang='lat' dir='ltr'><strong>rem</strong></span> <span class='ocrx_word' id='word_1_549' title='bbox 1535 4175 1753 4230; x_wconf 90' lang='lat' dir='ltr'><strong>indica-</strong></span> 
     </span>
    </p>
   </div>
   <div class='ocr_carea' id='block_1_73' title="bbox 152 4261 1755 4334">
    <p class='ocr_par' dir='ltr' id='par_1_73' title="bbox 152 4261 1755 4334">
     <span class='ocr_line' id='line_1_73' title="bbox 152 4261 1755 4334; baseline 0.003 -19"><span class='ocrx_word' id='word_1_550' title='bbox 152 4261 314 4321; x_wconf 85' lang='lat' dir='ltr'><strong>verit,</strong></span> <span class='ocrx_word' id='word_1_551' title='bbox 337 4269 629 4333; x_wconf 90' lang='lat' dir='ltr'><strong>promotus</strong></span> <span class='ocrx_word' id='word_1_552' title='bbox 652 4262 889 4334; x_wconf 90' lang='lat' dir='ltr'><strong>pedibus</strong></span> <span class='ocrx_word' id='word_1_553' title='bbox 929 4262 1078 4317; x_wconf 84' lang='lat' dir='ltr'><strong>illius</strong></span> <span class='ocrx_word' id='word_1_554' title='bbox 1112 4263 1260 4317; x_wconf 91' lang='lat' dir='ltr'><strong>illico</strong></span> <span class='ocrx_word' id='word_1_555' title='bbox 1285 4264 1659 4334; x_wconf 86' lang='lat' dir='ltr'><strong>provolvitur;</strong></span> <span class='ocrx_word' id='word_1_556' title='bbox 1696 4270 1755 4320; x_wconf 90' lang='lat' dir='ltr'><strong>et</strong></span> 
     </span>
    </p>
   </div>
   <div class='ocr_carea' id='block_1_74' title="bbox 150 4350 1749 4424">
    <p class='ocr_par' dir='ltr' id='par_1_74' title="bbox 150 4350 1749 4424">
     <span class='ocr_line' id='line_1_74' title="bbox 150 4350 1749 4424; baseline 0.003 -21"><span class='ocrx_word' id='word_1_557' title='bbox 150 4350 409 4419; x_wconf 90' lang='lat' dir='ltr'><strong>quamvis</strong></span> <span class='ocrx_word' id='word_1_558' title='bbox 439 4351 703 4422; x_wconf 89' lang='lat' dir='ltr'><strong>deinceps</strong></span> <span class='ocrx_word' id='word_1_559' title='bbox 716 4351 930 4405; x_wconf 89' lang='lat' dir='ltr'><strong>nullam</strong></span> <span class='ocrx_word' id='word_1_560' title='bbox 960 4350 1030 4405; x_wconf 91' lang='lat' dir='ltr'><strong>ab</strong></span> <span class='ocrx_word' id='word_1_561' title='bbox 1056 4351 1181 4405; x_wconf 89' lang='lat' dir='ltr'><strong>aliis</strong></span> <span class='ocrx_word' id='word_1_562' title='bbox 1211 4353 1622 4423; x_wconf 88' lang='lat' dir='ltr'><strong>separationem</strong></span> <span class='ocrx_word' id='word_1_563' title='bbox 1649 4371 1749 4424; x_wconf 91' lang='lat' dir='ltr'><strong>pa-</strong></span> 
     </span>
    </p>
   </div>
   <div class='ocr_carea' id='block_1_75' title="bbox 147 4437 1748 4507">
    <p class='ocr_par' dir='ltr' id='par_1_75' title="bbox 147 4437 1748 4507">
     <span class='ocr_line' id='line_1_75' title="bbox 147 4437 1748 4507; baseline 0.004 -17"><span class='ocrx_word' id='word_1_564' title='bbox 147 4437 347 4504; x_wconf 87' lang='lat' dir='ltr'><strong>tiatur,</strong></span> <span class='ocrx_word' id='word_1_565' title='bbox 378 4444 567 4493; x_wconf 90' lang='lat' dir='ltr'><strong>tamen</strong></span> <span class='ocrx_word' id='word_1_566' title='bbox 595 4439 642 4493; x_wconf 91' lang='lat' dir='ltr'><strong>si</strong></span> <span class='ocrx_word' id='word_1_567' title='bbox 680 4440 788 4494; x_wconf 85' lang='lat' dir='ltr'><strong>fuit</strong></span> <span class='ocrx_word' id='word_1_568' title='bbox 811 4440 1050 4493; x_wconf 85' lang='lat' dir='ltr'><strong>fratrum</strong></span> <span class='ocrx_word' id='word_1_569' title='bbox 1082 4440 1382 4507; x_wconf 90' lang='lat' dir='ltr'><strong>confessor,</strong></span> <span class='ocrx_word' id='word_1_570' title='bbox 1423 4443 1509 4495; x_wconf 82' lang='lat' dir='ltr'><strong>vel</strong></span> <span class='ocrx_word' id='word_1_571' title='bbox 1556 4442 1627 4496; x_wconf 87' lang='lat' dir='ltr'><strong>ad</strong></span> <span class='ocrx_word' id='word_1_572' title='bbox 1658 4459 1748 4496; x_wconf 88' lang='lat' dir='ltr'><strong>sa-</strong></span> 
     </span>
    </p>
   </div>
   <div class='ocr_carea' id='block_1_76' title="bbox 1841 3188 3437 3266">
    <p class='ocr_par' dir='ltr' id='par_1_76' title="bbox 1841 3188 3437 3266">
     <span class='ocr_line' id='line_1_76' title="bbox 1841 3188 3437 3266; baseline -0.003 -17"><span class='ocrx_word' id='word_1_573' title='bbox 1841 3195 2223 3266; x_wconf 78' lang='lat' dir='ltr'><strong>praescriptam</strong></span> <span class='ocrx_word' id='word_1_574' title='bbox 2251 3210 2351 3265; x_wconf 90' lang='lat' dir='ltr'><strong>per</strong></span> <span class='ocrx_word' id='word_1_575' title='bbox 2378 3194 2567 3249; x_wconf 88' lang='lat' dir='ltr'><strong>omnia</strong></span> <span class='ocrx_word' id='word_1_576' title='bbox 2606 3193 2675 3247; x_wconf 89' lang='lat' dir='ltr'><strong>de</strong></span> <span class='ocrx_word' id='word_1_577' title='bbox 2716 3192 2965 3265; x_wconf 89' lang='lat' dir='ltr'><strong>graviori</strong></span> <span class='ocrx_word' id='word_1_578' title='bbox 2992 3190 3158 3264; x_wconf 88' lang='lat' dir='ltr'><strong>culpa</strong></span> <span class='ocrx_word' id='word_1_579' title='bbox 3185 3188 3437 3262; x_wconf 87' lang='lat' dir='ltr'><strong>discipli-</strong></span> 
     </span>
    </p>
   </div>
   <div class='ocr_carea' id='block_1_77' title="bbox 1837 3283 2302 3358">
    <p class='ocr_par' dir='ltr' id='par_1_77' title="bbox 1837 3283 2302 3358">
     <span class='ocr_line' id='line_1_77' title="bbox 1837 3283 2302 3358; baseline 0.004 -21"><span class='ocrx_word' id='word_1_580' title='bbox 1837 3300 1967 3337; x_wconf 91' lang='lat' dir='ltr'><strong>nam</strong></span> <span class='ocrx_word' id='word_1_581' title='bbox 1999 3283 2302 3358; x_wconf 84' lang='lat' dir='ltr'><strong>experitur.</strong></span> 
     </span>
    </p>
   </div>
   <div class='ocr_carea' id='block_1_78' title="bbox 1913 3369 3439 3442">
    <p class='ocr_par' dir='ltr' id='par_1_78' title="bbox 1913 3369 3439 3442">
     <span class='ocr_line' id='line_1_78' title="bbox 1913 3369 3439 3442; baseline -0.001 -15"><span class='ocrx_word' id='word_1_582' title='bbox 1913 3373 2042 3427; x_wconf 78' lang='lat' dir='ltr'><strong>Haec</strong></span> <span class='ocrx_word' id='word_1_583' title='bbox 2078 3370 2487 3427; x_wconf 87' lang='lat' dir='ltr'><strong>emendationis</strong></span> <span class='ocrx_word' id='word_1_584' title='bbox 2531 3370 2640 3438; x_wconf 83' lang='lat' dir='ltr'><strong>lex,</strong></span> <span class='ocrx_word' id='word_1_585' title='bbox 2690 3386 2859 3441; x_wconf 89' lang='lat' dir='ltr'><strong>quam</strong></span> <span class='ocrx_word' id='word_1_586' title='bbox 2904 3369 3169 3437; x_wconf 85' lang='lat' dir='ltr'><strong>diximus,</strong></span> <span class='ocrx_word' id='word_1_587' title='bbox 3215 3386 3439 3442; x_wconf 88' lang='lat' dir='ltr'><strong>semper</strong></span> 
     </span>
    </p>
   </div>
   <div class='ocr_carea' id='block_1_79' title="bbox 1840 3458 3436 3531">
    <p class='ocr_par' dir='ltr' id='par_1_79' title="bbox 1840 3458 3436 3531">
     <span class='ocr_line' id='line_1_79' title="bbox 1840 3458 3436 3531; baseline 0 -16"><span class='ocrx_word' id='word_1_588' title='bbox 1840 3461 2193 3516; x_wconf 82' lang='lat' dir='ltr'><strong>observanda</strong></span> <span class='ocrx_word' id='word_1_589' title='bbox 2220 3466 2324 3527; x_wconf 92' lang='lat' dir='ltr'><strong>est,</strong></span> <span class='ocrx_word' id='word_1_590' title='bbox 2374 3460 2433 3515; x_wconf 89' lang='lat' dir='ltr'><strong>in</strong></span> <span class='ocrx_word' id='word_1_591' title='bbox 2479 3459 2802 3530; x_wconf 90' lang='lat' dir='ltr'><strong>hujusmodi</strong></span> <span class='ocrx_word' id='word_1_592' title='bbox 2832 3458 3098 3531; x_wconf 74' lang='lat' dir='ltr'><strong>lapsibus,</strong></span> <span class='ocrx_word' id='word_1_593' title='bbox 3146 3460 3256 3515; x_wconf 87' lang='lat' dir='ltr'><strong>nisi</strong></span> <span class='ocrx_word' id='word_1_594' title='bbox 3287 3460 3436 3531; x_wconf 90' lang='lat' dir='ltr'><strong>quod</strong></span> 
     </span>
    </p>
   </div>
   <div class='ocr_carea' id='block_1_80' title="bbox 1839 3548 3434 3618">
    <p class='ocr_par' dir='ltr' id='par_1_80' title="bbox 1839 3548 3434 3618">
     <span class='ocr_line' id='line_1_80' title="bbox 1839 3548 3434 3618; baseline 0 -13"><span class='ocrx_word' id='word_1_595' title='bbox 1839 3551 2045 3605; x_wconf 92' lang='lat' dir='ltr'><strong>domno</strong></span> <span class='ocrx_word' id='word_1_596' title='bbox 2066 3550 2254 3605; x_wconf 88' lang='lat' dir='ltr'><strong>abbati</strong></span> <span class='ocrx_word' id='word_1_597' title='bbox 2293 3550 2437 3604; x_wconf 89' lang='lat' dir='ltr'><strong>clam</strong></span> <span class='ocrx_word' id='word_1_598' title='bbox 2462 3549 2697 3604; x_wconf 89' lang='lat' dir='ltr'><strong>allatum</strong></span> <span class='ocrx_word' id='word_1_599' title='bbox 2725 3548 2911 3615; x_wconf 88' lang='lat' dir='ltr'><strong>fuerit,</strong></span> <span class='ocrx_word' id='word_1_600' title='bbox 2935 3549 3057 3618; x_wconf 86' lang='lat' dir='ltr'><strong>ipse</strong></span> <span class='ocrx_word' id='word_1_601' title='bbox 3084 3549 3257 3604; x_wconf 88' lang='lat' dir='ltr'><strong>etiam</strong></span> <span class='ocrx_word' id='word_1_602' title='bbox 3287 3549 3434 3605; x_wconf 71' lang='lat' dir='ltr'><strong>clam</strong></span> 
     </span>
    </p>
   </div>
   <div class='ocr_carea' id='block_1_81' title="bbox 1835 3637 3436 3710">
    <p class='ocr_par' dir='ltr' id='par_1_81' title="bbox 1835 3637 3436 3710">
     <span class='ocr_line' id='line_1_81' title="bbox 1835 3637 3436 3710; baseline 0.001 -18"><span class='ocrx_word' id='word_1_603' title='bbox 1835 3644 2080 3694; x_wconf 86' lang='lat' dir='ltr'><strong>tractare</strong></span> <span class='ocrx_word' id='word_1_604' title='bbox 2099 3640 2251 3708; x_wconf 87' lang='lat' dir='ltr'><strong>velit;</strong></span> <span class='ocrx_word' id='word_1_605' title='bbox 2281 3639 2411 3710; x_wconf 90' lang='lat' dir='ltr'><strong>quia</strong></span> <span class='ocrx_word' id='word_1_606' title='bbox 2430 3638 2558 3692; x_wconf 87' lang='lat' dir='ltr'><strong>talis</strong></span> <span class='ocrx_word' id='word_1_607' title='bbox 2571 3654 2751 3692; x_wconf 61' lang='lat' dir='ltr'><strong>causa;</strong></span> <span class='ocrx_word' id='word_1_608' title='bbox 2764 3637 3025 3692; x_wconf 86' lang='lat' dir='ltr'><strong>tractatio</strong></span> <span class='ocrx_word' id='word_1_609' title='bbox 3045 3637 3104 3692; x_wconf 93' lang='lat' dir='ltr'><strong>in</strong></span> <span class='ocrx_word' id='word_1_610' title='bbox 3125 3638 3245 3708; x_wconf 89' lang='lat' dir='ltr'><strong>ejus</strong></span> <span class='ocrx_word' id='word_1_611' title='bbox 3259 3638 3436 3693; x_wconf 87' lang='lat' dir='ltr'><strong>solius</strong></span> 
     </span>
    </p>
   </div>
   <div class='ocr_carea' id='block_1_82' title="bbox 1836 3726 3436 3800">
    <p class='ocr_par' dir='ltr' id='par_1_82' title="bbox 1836 3726 3436 3800">
     <span class='ocr_line' id='line_1_82' title="bbox 1836 3726 3436 3800; baseline -0.001 -18"><span class='ocrx_word' id='word_1_612' title='bbox 1836 3729 2044 3800; x_wconf 91' lang='lat' dir='ltr'><strong>pendet</strong></span> <span class='ocrx_word' id='word_1_613' title='bbox 2062 3728 2317 3784; x_wconf 90' lang='lat' dir='ltr'><strong>arbitrio.</strong></span> <span class='ocrx_word' id='word_1_614' title='bbox 2352 3728 2409 3783; x_wconf 91' lang='lat' dir='ltr'><strong>Si</strong></span> <span class='ocrx_word' id='word_1_615' title='bbox 2438 3726 2562 3799; x_wconf 92' lang='lat' dir='ltr'><strong>quis</strong></span> <span class='ocrx_word' id='word_1_616' title='bbox 2586 3731 2778 3781; x_wconf 90' lang='lat' dir='ltr'><strong>autem</strong></span> <span class='ocrx_word' id='word_1_617' title='bbox 2806 3727 2876 3780; x_wconf 85' lang='lat' dir='ltr'><strong>de</strong></span> <span class='ocrx_word' id='word_1_618' title='bbox 2894 3727 3050 3797; x_wconf 81' lang='lat' dir='ltr'><strong>gravi</strong></span> <span class='ocrx_word' id='word_1_619' title='bbox 3072 3727 3238 3800; x_wconf 89' lang='lat' dir='ltr'><strong>culpa</strong></span> <span class='ocrx_word' id='word_1_620' title='bbox 3260 3728 3436 3781; x_wconf 87' lang='lat' dir='ltr'><strong>incla-</strong></span> 
     </span>
    </p>
   </div>
   <div class='ocr_carea' id='block_1_83' title="bbox 1836 3814 3427 3888">
    <p class='ocr_par' dir='ltr' id='par_1_83' title="bbox 1836 3814 3427 3888">
     <span class='ocr_line' id='line_1_83' title="bbox 1836 3814 3427 3888; baseline -0.001 -17"><span class='ocrx_word' id='word_1_621' title='bbox 1836 3821 2025 3871; x_wconf 88' lang='lat' dir='ltr'><strong>matus</strong></span> <span class='ocrx_word' id='word_1_622' title='bbox 2077 3817 2386 3888; x_wconf 84' lang='lat' dir='ltr'><strong>negaverit,</strong></span> <span class='ocrx_word' id='word_1_623' title='bbox 2420 3817 2609 3886; x_wconf 84' lang='lat' dir='ltr'><strong>sicque</strong></span> <span class='ocrx_word' id='word_1_624' title='bbox 2658 3831 2749 3869; x_wconf 89' lang='lat' dir='ltr'><strong>res</strong></span> <span class='ocrx_word' id='word_1_625' title='bbox 2797 3814 2857 3869; x_wconf 89' lang='lat' dir='ltr'><strong>in</strong></span> <span class='ocrx_word' id='word_1_626' title='bbox 2910 3814 3145 3869; x_wconf 88' lang='lat' dir='ltr'><strong>dubium</strong></span> <span class='ocrx_word' id='word_1_627' title='bbox 3194 3816 3427 3882; x_wconf 89' lang='lat' dir='ltr'><strong>venerit,</strong></span> 
     </span>
    </p>
   </div>
   <div class='ocr_carea' id='block_1_84' title="bbox 1836 3903 3431 3976">
    <p class='ocr_par' dir='ltr' id='par_1_84' title="bbox 1836 3903 3431 3976">
     <span class='ocr_line' id='line_1_84' title="bbox 1836 3903 3431 3976; baseline 0 -17"><span class='ocrx_word' id='word_1_628' title='bbox 1836 3905 2282 3961; x_wconf 85' lang='lat' dir='ltr'><strong>consuetudinali</strong></span> <span class='ocrx_word' id='word_1_629' title='bbox 2307 3906 2519 3976; x_wconf 90' lang='lat' dir='ltr'><strong>judicio</strong></span> <span class='ocrx_word' id='word_1_630' title='bbox 2547 3905 2777 3959; x_wconf 88' lang='lat' dir='ltr'><strong>interim</strong></span> <span class='ocrx_word' id='word_1_631' title='bbox 2805 3903 3020 3959; x_wconf 87' lang='lat' dir='ltr'><strong>ferente</strong></span> <span class='ocrx_word' id='word_1_632' title='bbox 3059 3919 3094 3958; x_wconf 82' lang='grc' dir='ltr'>ι</span> <span class='ocrx_word' id='word_1_633' title='bbox 3136 3918 3246 3975; x_wconf 88' lang='lat' dir='ltr'><strong>quo</strong></span> <span class='ocrx_word' id='word_1_634' title='bbox 3274 3920 3431 3959; x_wconf 91' lang='lat' dir='ltr'><strong>com-</strong></span> 
     </span>
    </p>
   </div>
   <div class='ocr_carea' id='block_1_85' title="bbox 1836 3991 3432 4065">
    <p class='ocr_par' dir='ltr' id='par_1_85' title="bbox 1836 3991 3432 4065">
     <span class='ocr_line' id='line_1_85' title="bbox 1836 3991 3432 4065; baseline 0 -16"><span class='ocrx_word' id='word_1_635' title='bbox 1836 3995 2127 4064; x_wconf 87' lang='lat' dir='ltr'><strong>probatur,</strong></span> <span class='ocrx_word' id='word_1_636' title='bbox 2155 3995 2212 4049; x_wconf 90' lang='lat' dir='ltr'><strong>id</strong></span> <span class='ocrx_word' id='word_1_637' title='bbox 2229 3995 2519 4065; x_wconf 91' lang='lat' dir='ltr'><strong>acapitulo</strong></span> <span class='ocrx_word' id='word_1_638' title='bbox 2549 3994 2825 4060; x_wconf 78' lang='lat' dir='ltr'><strong>differtur,</strong></span> <span class='ocrx_word' id='word_1_639' title='bbox 2844 3998 3169 4064; x_wconf 85' lang='lat' dir='ltr'><strong>secretoque</strong></span> <span class='ocrx_word' id='word_1_640' title='bbox 3188 3991 3432 4065; x_wconf 83' lang='lat' dir='ltr'><strong>probata</strong></span> 
     </span>
    </p>
   </div>
   <div class='ocr_carea' id='block_1_86' title="bbox 1833 4081 3430 4153">
    <p class='ocr_par' dir='ltr' id='par_1_86' title="bbox 1833 4081 3430 4153">
     <span class='ocr_line' id='line_1_86' title="bbox 1833 4081 3430 4153; baseline 0 -16"><span class='ocrx_word' id='word_1_641' title='bbox 1833 4084 2040 4139; x_wconf 90' lang='lat' dir='ltr'><strong>iterum</strong></span> <span class='ocrx_word' id='word_1_642' title='bbox 2070 4085 2204 4139; x_wconf 91' lang='lat' dir='ltr'><strong>illuc</strong></span> <span class='ocrx_word' id='word_1_643' title='bbox 2233 4084 2511 4150; x_wconf 87' lang='lat' dir='ltr'><strong>refertur;</strong></span> <span class='ocrx_word' id='word_1_644' title='bbox 2543 4088 2771 4153; x_wconf 84' lang='lat' dir='ltr'><strong>excepto</strong></span> <span class='ocrx_word' id='word_1_645' title='bbox 2812 4083 2930 4137; x_wconf 92' lang='lat' dir='ltr'><strong>solo</strong></span> <span class='ocrx_word' id='word_1_646' title='bbox 2975 4082 3208 4137; x_wconf 88' lang='lat' dir='ltr'><strong>crimine</strong></span> <span class='ocrx_word' id='word_1_647' title='bbox 3249 4081 3430 4137; x_wconf 82' lang='lat' dir='ltr'><strong>forni-</strong></span> 
     </span>
    </p>
   </div>
   <div class='ocr_carea' id='block_1_87' title="bbox 1833 4171 3428 4242">
    <p class='ocr_par' dir='ltr' id='par_1_87' title="bbox 1833 4171 3428 4242">
     <span class='ocr_line' id='line_1_87' title="bbox 1833 4171 3428 4242; baseline -0.001 -15"><span class='ocrx_word' id='word_1_648' title='bbox 1833 4174 2087 4227; x_wconf 90' lang='lat' dir='ltr'><strong>cationis.</strong></span> <span class='ocrx_word' id='word_1_649' title='bbox 2107 4173 2267 4237; x_wconf 87' lang='lat' dir='ltr'><strong>Quod</strong></span> <span class='ocrx_word' id='word_1_650' title='bbox 2299 4172 2524 4242; x_wconf 90' lang='lat' dir='ltr'><strong>quidem</strong></span> <span class='ocrx_word' id='word_1_651' title='bbox 2556 4188 2682 4225; x_wconf 90' lang='lat' dir='ltr'><strong>cum</strong></span> <span class='ocrx_word' id='word_1_652' title='bbox 2714 4177 2944 4242; x_wconf 89' lang='lat' dir='ltr'><strong>propter</strong></span> <span class='ocrx_word' id='word_1_653' title='bbox 2968 4171 3293 4226; x_wconf 88' lang='lat' dir='ltr'><strong>scandalum</strong></span> <span class='ocrx_word' id='word_1_654' title='bbox 3313 4186 3428 4226; x_wconf 89' lang='lat' dir='ltr'><strong>non</strong></span> 
     </span>
    </p>
   </div>
   <div class='ocr_carea' id='block_1_88' title="bbox 1832 4259 3428 4332">
    <p class='ocr_par' dir='ltr' id='par_1_88' title="bbox 1832 4259 3428 4332">
     <span class='ocr_line' id='line_1_88' title="bbox 1832 4259 3428 4332; baseline 0 -17"><span class='ocrx_word' id='word_1_655' title='bbox 1832 4262 2149 4327; x_wconf 88' lang='lat' dir='ltr'><strong>reclamari,</strong></span> <span class='ocrx_word' id='word_1_656' title='bbox 2173 4261 2269 4315; x_wconf 90' lang='lat' dir='ltr'><strong>sed</strong></span> <span class='ocrx_word' id='word_1_657' title='bbox 2287 4262 2494 4314; x_wconf 91' lang='lat' dir='ltr'><strong>domno</strong></span> <span class='ocrx_word' id='word_1_658' title='bbox 2514 4259 2725 4328; x_wconf 82' lang='lat' dir='ltr'><strong>abbati,</strong></span> <span class='ocrx_word' id='word_1_659' title='bbox 2755 4261 2842 4314; x_wconf 91' lang='lat' dir='ltr'><strong>vel</strong></span> <span class='ocrx_word' id='word_1_660' title='bbox 2871 4277 2937 4314; x_wconf 91' lang='lat' dir='ltr'><strong>eo</strong></span> <span class='ocrx_word' id='word_1_661' title='bbox 2987 4259 3217 4315; x_wconf 88' lang='lat' dir='ltr'><strong>absente</strong></span> <span class='ocrx_word' id='word_1_662' title='bbox 3253 4261 3428 4332; x_wconf 85' lang='lat' dir='ltr'><strong>priori</strong></span> 
     </span>
    </p>
   </div>
   <div class='ocr_carea' id='block_1_89' title="bbox 1831 4347 3428 4419">
    <p class='ocr_par' dir='ltr' id='par_1_89' title="bbox 1831 4347 3428 4419">
     <span class='ocr_line' id='line_1_89' title="bbox 1831 4347 3428 4419; baseline -0.001 -14"><span class='ocrx_word' id='word_1_663' title='bbox 1831 4358 2045 4405; x_wconf 89' lang='lat' dir='ltr'><strong>secreto</strong></span> <span class='ocrx_word' id='word_1_664' title='bbox 2075 4350 2219 4404; x_wconf 89' lang='lat' dir='ltr'><strong>solet</strong></span> <span class='ocrx_word' id='word_1_665' title='bbox 2242 4349 2516 4403; x_wconf 88' lang='lat' dir='ltr'><strong>intimari.</strong></span> <span class='ocrx_word' id='word_1_666' title='bbox 2543 4347 2601 4403; x_wconf 94' lang='lat' dir='ltr'><strong>Si</strong></span> <span class='ocrx_word' id='word_1_667' title='bbox 2623 4347 2693 4401; x_wconf 92' lang='lat' dir='ltr'><strong>ab</strong></span> <span class='ocrx_word' id='word_1_668' title='bbox 2723 4348 2913 4419; x_wconf 89' lang='lat' dir='ltr'><strong>aliquo</strong></span> <span class='ocrx_word' id='word_1_669' title='bbox 2935 4349 3238 4406; x_wconf 79' lang='lat' dir='ltr'><strong>indiscreta</strong></span> <span class='ocrx_word' id='word_1_670' title='bbox 3254 4350 3428 4405; x_wconf 87' lang='lat' dir='ltr'><strong>recla-</strong></span> 
     </span>
    </p>
   </div>
   <div class='ocr_carea' id='block_1_90' title="bbox 1831 4434 3425 4509">
    <p class='ocr_par' dir='ltr' id='par_1_90' title="bbox 1831 4434 3425 4509">
     <span class='ocr_line' id='line_1_90' title="bbox 1831 4434 3425 4509; baseline 0.002 -18"><span class='ocrx_word' id='word_1_671' title='bbox 1831 4445 2038 4505; x_wconf 90' lang='lat' dir='ltr'><strong>matur,</strong></span> <span class='ocrx_word' id='word_1_672' title='bbox 2062 4436 2234 4493; x_wconf 89' lang='lat' dir='ltr'><strong>simili</strong></span> <span class='ocrx_word' id='word_1_673' title='bbox 2254 4434 2422 4492; x_wconf 84' lang='lat' dir='ltr'><strong>etiam</strong></span> <span class='ocrx_word' id='word_1_674' title='bbox 2443 4436 2788 4508; x_wconf 89' lang='lat' dir='ltr'><strong>probationis</strong></span> <span class='ocrx_word' id='word_1_675' title='bbox 2800 4437 3091 4493; x_wconf 90' lang='lat' dir='ltr'><strong>occasione</strong></span> <span class='ocrx_word' id='word_1_676' title='bbox 3115 4455 3150 4492; x_wconf 89' lang='lat' dir='ltr'><strong>a</strong></span> <span class='ocrx_word' id='word_1_677' title='bbox 3179 4438 3425 4509; x_wconf 83' lang='lat' dir='ltr'><strong>capitulo</strong></span> 
     </span>
    </p>
   </div>
   <div class='ocr_carea' id='block_1_91' title="bbox 146 4512 3428 4599">
    <p class='ocr_par' dir='ltr' id='par_1_91' title="bbox 146 4512 3428 4599">
     <span class='ocr_line' id='line_1_91' title="bbox 146 4512 3428 4599; baseline 0.001 -20"><span class='ocrx_word' id='word_1_678' title='bbox 146 4542 273 4581; x_wconf 87' lang='lat' dir='ltr'><strong>cros</strong></span> <span class='ocrx_word' id='word_1_679' title='bbox 301 4527 528 4581; x_wconf 89' lang='lat' dir='ltr'><strong>ordines</strong></span> <span class='ocrx_word' id='word_1_680' title='bbox 556 4533 867 4598; x_wconf 90' lang='lat' dir='ltr'><strong>promotus,</strong></span> <span class='ocrx_word' id='word_1_681' title='bbox 901 4545 1257 4599; x_wconf 88' lang='lat' dir='ltr'><strong>nequaquam</strong></span> <span class='ocrx_word' id='word_1_682' title='bbox 1285 4530 1373 4583; x_wconf 89' lang='lat' dir='ltr'><strong>his</strong></span> <span class='ocrx_word' id='word_1_683' title='bbox 1400 4530 1597 4585; x_wconf 84' lang='lat' dir='ltr'><strong>ofﬁciis</strong></span> <span class='ocrx_word' id='word_1_684' title='bbox 1627 4512 1812 4585; x_wconf 86' lang='lat' dir='ltr'><strong>fun-D</strong></span> <span class='ocrx_word' id='word_1_685' title='bbox 1831 4526 2199 4583; x_wconf 72' lang='lat' dir='ltr'><strong>differendum</strong></span> <span class='ocrx_word' id='word_1_686' title='bbox 2255 4532 2358 4581; x_wconf 90' lang='lat' dir='ltr'><strong>est.</strong></span> <span class='ocrx_word' id='word_1_687' title='bbox 2417 4526 2526 4581; x_wconf 92' lang='lat' dir='ltr'><strong>Sed</strong></span> <span class='ocrx_word' id='word_1_688' title='bbox 2580 4524 3081 4597; x_wconf 89' lang='lat' dir='ltr'><strong>quomodocunque</strong></span> <span class='ocrx_word' id='word_1_689' title='bbox 3123 4527 3428 4597; x_wconf 87' lang='lat' dir='ltr'><strong>probatum</strong></span> 
     </span>
    </p>
   </div>
   <div class='ocr_carea' id='block_1_92' title="bbox 145 4616 1749 4688">
    <p class='ocr_par' dir='ltr' id='par_1_92' title="bbox 145 4616 1749 4688">
     <span class='ocr_line' id='line_1_92' title="bbox 145 4616 1749 4688; baseline 0.004 -19"><span class='ocrx_word' id='word_1_690' title='bbox 145 4616 323 4685; x_wconf 79' lang='lat' dir='ltr'><strong>gitur,</strong></span> <span class='ocrx_word' id='word_1_691' title='bbox 356 4616 467 4670; x_wconf 89' lang='lat' dir='ltr'><strong>nisi</strong></span> <span class='ocrx_word' id='word_1_692' title='bbox 500 4622 557 4671; x_wconf 91' lang='lat' dir='ltr'><strong>et</strong></span> <span class='ocrx_word' id='word_1_693' title='bbox 582 4618 942 4687; x_wconf 86' lang='lat' dir='ltr'><strong>postmodum</strong></span> <span class='ocrx_word' id='word_1_694' title='bbox 980 4635 1080 4688; x_wconf 93' lang='lat' dir='ltr'><strong>pro</strong></span> <span class='ocrx_word' id='word_1_695' title='bbox 1126 4618 1282 4673; x_wconf 83' lang='lat' dir='ltr'><strong>bonae</strong></span> <span class='ocrx_word' id='word_1_696' title='bbox 1314 4620 1437 4673; x_wconf 60' lang='lat' dir='ltr'><strong>vitae</strong></span> <span class='ocrx_word' id='word_1_697' title='bbox 1467 4620 1682 4674; x_wconf 88' lang='lat' dir='ltr'><strong>meritis</strong></span> <span class='ocrx_word' id='word_1_698' title='bbox 1714 4638 1749 4675; x_wconf 87' lang='lat' dir='ltr'><strong>a</strong></span> 
     </span>
    </p>
   </div>
   <div class='ocr_carea' id='block_1_93' title="bbox 146 4703 1747 4763">
    <p class='ocr_par' dir='ltr' id='par_1_93' title="bbox 146 4703 1747 4763">
     <span class='ocr_line' id='line_1_93' title="bbox 146 4703 1747 4763; baseline 0.004 -7"><span class='ocrx_word' id='word_1_699' title='bbox 146 4703 358 4759; x_wconf 90' lang='lat' dir='ltr'><strong>domno</strong></span> <span class='ocrx_word' id='word_1_700' title='bbox 388 4705 591 4759; x_wconf 87' lang='lat' dir='ltr'><strong>abbate</strong></span> <span class='ocrx_word' id='word_1_701' title='bbox 618 4707 976 4761; x_wconf 87' lang='lat' dir='ltr'><strong>concedatur.</strong></span> <span class='ocrx_word' id='word_1_702' title='bbox 1012 4708 1081 4761; x_wconf 91' lang='lat' dir='ltr'><strong>Et</strong></span> <span class='ocrx_word' id='word_1_703' title='bbox 1110 4708 1157 4762; x_wconf 92' lang='lat' dir='ltr'><strong>si</strong></span> <span class='ocrx_word' id='word_1_704' title='bbox 1187 4708 1337 4762; x_wconf 87' lang='lat' dir='ltr'><strong>inter</strong></span> <span class='ocrx_word' id='word_1_705' title='bbox 1366 4708 1661 4763; x_wconf 74' lang='lat' dir='ltr'><strong>saeculares</strong></span> <span class='ocrx_word' id='word_1_706' title='bbox 1677 4710 1747 4763; x_wconf 90' lang='lat' dir='ltr'><strong>de</strong></span> 
     </span>
    </p>
   </div>
   <div class='ocr_carea' id='block_1_94' title="bbox 146 4793 1746 4869">
    <p class='ocr_par' dir='ltr' id='par_1_94' title="bbox 146 4793 1746 4869">
     <span class='ocr_line' id='line_1_94' title="bbox 146 4793 1746 4869; baseline 0.003 -22"><span class='ocrx_word' id='word_1_707' title='bbox 146 4793 341 4864; x_wconf 85' lang='lat' dir='ltr'><strong>aliquo</strong></span> <span class='ocrx_word' id='word_1_708' title='bbox 372 4794 607 4849; x_wconf 87' lang='lat' dir='ltr'><strong>crimine</strong></span> <span class='ocrx_word' id='word_1_709' title='bbox 657 4795 971 4866; x_wconf 91' lang='lat' dir='ltr'><strong>publicatus</strong></span> <span class='ocrx_word' id='word_1_710' title='bbox 1017 4796 1142 4862; x_wconf 86' lang='lat' dir='ltr'><strong>fuit,</strong></span> <span class='ocrx_word' id='word_1_711' title='bbox 1186 4814 1462 4868; x_wconf 89' lang='lat' dir='ltr'><strong>nusquam</strong></span> <span class='ocrx_word' id='word_1_712' title='bbox 1505 4799 1746 4869; x_wconf 91' lang='lat' dir='ltr'><strong>amplius</strong></span> 
     </span>
    </p>
   </div>
   <div class='ocr_carea' id='block_1_95' title="bbox 146 4883 1746 4957">
    <p class='ocr_par' dir='ltr' id='par_1_95' title="bbox 146 4883 1746 4957">
     <span class='ocr_line' id='line_1_95' title="bbox 146 4883 1746 4957; baseline 0.004 -22"><span class='ocrx_word' id='word_1_713' title='bbox 146 4888 307 4936; x_wconf 81' lang='lat' dir='ltr'><strong>extra</strong></span> <span class='ocrx_word' id='word_1_714' title='bbox 345 4883 655 4938; x_wconf 89' lang='lat' dir='ltr'><strong>claustrum</strong></span> <span class='ocrx_word' id='word_1_715' title='bbox 686 4885 949 4951; x_wconf 88' lang='lat' dir='ltr'><strong>mittitur,</strong></span> <span class='ocrx_word' id='word_1_716' title='bbox 982 4885 1090 4938; x_wconf 91' lang='lat' dir='ltr'><strong>nisi</strong></span> <span class='ocrx_word' id='word_1_717' title='bbox 1131 4891 1248 4940; x_wconf 88' lang='lat' dir='ltr'><strong>tam</strong></span> <span class='ocrx_word' id='word_1_718' title='bbox 1292 4893 1484 4940; x_wconf 89' lang='lat' dir='ltr'><strong>sancte</strong></span> <span class='ocrx_word' id='word_1_719' title='bbox 1513 4892 1570 4940; x_wconf 89' lang='lat' dir='ltr'><strong>et</strong></span> <span class='ocrx_word' id='word_1_720' title='bbox 1593 4889 1746 4957; x_wconf 90' lang='lat' dir='ltr'><strong>juste</strong></span> 
     </span>
    </p>
   </div>
   <div class='ocr_carea' id='block_1_96' title="bbox 146 4971 1746 5047">
    <p class='ocr_par' dir='ltr' id='par_1_96' title="bbox 146 4971 1746 5047">
     <span class='ocr_line' id='line_1_96' title="bbox 146 4971 1746 5047; baseline 0.006 -25"><span class='ocrx_word' id='word_1_721' title='bbox 146 4971 369 5037; x_wconf 85' lang='lat' dir='ltr'><strong>vixerit,</strong></span> <span class='ocrx_word' id='word_1_722' title='bbox 402 4973 552 5043; x_wconf 89' lang='lat' dir='ltr'><strong>quod</strong></span> <span class='ocrx_word' id='word_1_723' title='bbox 583 4973 634 5028; x_wconf 88' lang='lat' dir='ltr'><strong>ei</strong></span> <span class='ocrx_word' id='word_1_724' title='bbox 661 4973 802 5028; x_wconf 91' lang='lat' dir='ltr'><strong>bene</strong></span> <span class='ocrx_word' id='word_1_725' title='bbox 827 4974 1088 5045; x_wconf 87' lang='lat' dir='ltr'><strong>deinceps</strong></span> <span class='ocrx_word' id='word_1_726' title='bbox 1117 4975 1268 5029; x_wconf 91' lang='lat' dir='ltr'><strong>credi</strong></span> <span class='ocrx_word' id='word_1_727' title='bbox 1289 4976 1481 5047; x_wconf 87' lang='lat' dir='ltr'><strong>possit.</strong></span> <span class='ocrx_word' id='word_1_728' title='bbox 1516 4976 1675 5041; x_wconf 89' lang='lat' dir='ltr'><strong>Quod</strong></span> <span class='ocrx_word' id='word_1_729' title='bbox 1699 4974 1746 5031; x_wconf 89' lang='lat' dir='ltr'><strong>si</strong></span> 
     </span>
    </p>
   </div>
   <div class='ocr_carea' id='block_1_97' title="bbox 146 5059 1739 5135">
    <p class='ocr_par' dir='ltr' id='par_1_97' title="bbox 146 5059 1739 5135">
     <span class='ocr_line' id='line_1_97' title="bbox 146 5059 1739 5135; baseline 0.004 -22"><span class='ocrx_word' id='word_1_730' title='bbox 146 5059 204 5113; x_wconf 90' lang='lat' dir='ltr'><strong>in</strong></span> <span class='ocrx_word' id='word_1_731' title='bbox 234 5062 347 5115; x_wconf 89' lang='lat' dir='ltr'><strong>alio</strong></span> <span class='ocrx_word' id='word_1_732' title='bbox 375 5062 499 5116; x_wconf 93' lang='lat' dir='ltr'><strong>loco</strong></span> <span class='ocrx_word' id='word_1_733' title='bbox 530 5079 699 5134; x_wconf 88' lang='lat' dir='ltr'><strong>quam</strong></span> <span class='ocrx_word' id='word_1_734' title='bbox 737 5063 887 5133; x_wconf 90' lang='lat' dir='ltr'><strong>apud</strong></span> <span class='ocrx_word' id='word_1_735' title='bbox 911 5080 1013 5117; x_wconf 91' lang='lat' dir='ltr'><strong>nos</strong></span> <span class='ocrx_word' id='word_1_736' title='bbox 1042 5064 1156 5117; x_wconf 90' lang='lat' dir='ltr'><strong>tale</strong></span> <span class='ocrx_word' id='word_1_737' title='bbox 1196 5064 1331 5135; x_wconf 91' lang='lat' dir='ltr'><strong>quid</strong></span> <span class='ocrx_word' id='word_1_738' title='bbox 1378 5065 1739 5135; x_wconf 86' lang='lat' dir='ltr'><strong>perpetravit,</strong></span> 
     </span>
    </p>
   </div>
   <div class='ocr_carea' id='block_1_98' title="bbox 145 5148 1741 5224">
    <p class='ocr_par' dir='ltr' id='par_1_98' title="bbox 145 5148 1741 5224">
     <span class='ocr_line' id='line_1_98' title="bbox 145 5148 1741 5224; baseline 0.006 -23"><span class='ocrx_word' id='word_1_739' title='bbox 145 5148 280 5203; x_wconf 90' lang='lat' dir='ltr'><strong>illuc</strong></span> <span class='ocrx_word' id='word_1_740' title='bbox 301 5152 421 5221; x_wconf 90' lang='lat' dir='ltr'><strong>jam</strong></span> <span class='ocrx_word' id='word_1_741' title='bbox 454 5152 699 5222; x_wconf 89' lang='lat' dir='ltr'><strong>amplius</strong></span> <span class='ocrx_word' id='word_1_742' title='bbox 729 5168 843 5206; x_wconf 92' lang='lat' dir='ltr'><strong>non</strong></span> <span class='ocrx_word' id='word_1_743' title='bbox 870 5152 1095 5219; x_wconf 90' lang='lat' dir='ltr'><strong>redibit,</strong></span> <span class='ocrx_word' id='word_1_744' title='bbox 1129 5154 1551 5224; x_wconf 89' lang='lat' dir='ltr'><strong>qualiscumque</strong></span> <span class='ocrx_word' id='word_1_745' title='bbox 1581 5155 1741 5210; x_wconf 86' lang='lat' dir='ltr'><strong>testi-</strong></span> 
     </span>
    </p>
   </div>
   <div class='ocr_carea' id='block_1_99' title="bbox 146 5239 1743 5313">
    <p class='ocr_par' dir='ltr' id='par_1_99' title="bbox 146 5239 1743 5313">
     <span class='ocr_line' id='line_1_99' title="bbox 146 5239 1743 5313; baseline 0.005 -22"><span class='ocrx_word' id='word_1_746' title='bbox 146 5239 319 5293; x_wconf 90' lang='lat' dir='ltr'><strong>monii</strong></span> <span class='ocrx_word' id='word_1_747' title='bbox 339 5240 515 5294; x_wconf 88' lang='lat' dir='ltr'><strong>fuerit</strong></span> <span class='ocrx_word' id='word_1_748' title='bbox 537 5247 593 5294; x_wconf 91' lang='lat' dir='ltr'><strong>et</strong></span> <span class='ocrx_word' id='word_1_749' title='bbox 612 5246 1128 5313; x_wconf 89' lang='lat' dir='ltr'><strong>quantumcumque</strong></span> <span class='ocrx_word' id='word_1_750' title='bbox 1148 5259 1315 5296; x_wconf 86' lang='lat' dir='ltr'><strong>senex</strong></span> <span class='ocrx_word' id='word_1_751' title='bbox 1334 5242 1522 5296; x_wconf 90' lang='lat' dir='ltr'><strong>fuerit.</strong></span> <span class='ocrx_word' id='word_1_752' title='bbox 1545 5242 1603 5297; x_wconf 89' lang='lat' dir='ltr'>Si</span> <span class='ocrx_word' id='word_1_753' title='bbox 1632 5259 1743 5312; x_wconf 86' lang='lat' dir='ltr'><strong>qua</strong></span> 
     </span>
    </p>
   </div>
   <div class='ocr_carea' id='block_1_100' title="bbox 145 5328 1743 5399">
    <p class='ocr_par' dir='ltr' id='par_1_100' title="bbox 145 5328 1743 5399">
     <span class='ocr_line' id='line_1_100' title="bbox 145 5328 1743 5399; baseline 0.003 -19"><span class='ocrx_word' id='word_1_754' title='bbox 145 5328 301 5380; x_wconf 89' lang='lat' dir='ltr'><strong>mala</strong></span> <span class='ocrx_word' id='word_1_755' title='bbox 330 5328 575 5399; x_wconf 87' lang='lat' dir='ltr'><strong>suspicio</strong></span> <span class='ocrx_word' id='word_1_756' title='bbox 616 5329 805 5382; x_wconf 84' lang='lat' dir='ltr'><strong>fratris</strong></span> <span class='ocrx_word' id='word_1_757' title='bbox 850 5329 1022 5384; x_wconf 90' lang='lat' dir='ltr'><strong>fuerit</strong></span> <span class='ocrx_word' id='word_1_758' title='bbox 1071 5330 1269 5385; x_wconf 85' lang='lat' dir='ltr'><strong>tandiu</strong></span> <span class='ocrx_word' id='word_1_759' title='bbox 1316 5332 1595 5385; x_wconf 87' lang='lat' dir='ltr'><strong>laternam</strong></span> <span class='ocrx_word' id='word_1_760' title='bbox 1640 5331 1743 5386; x_wconf 90' lang='lat' dir='ltr'><strong>sub</strong></span> 
     </span>
    </p>
   </div>
   <div class='ocr_carea' id='block_1_101' title="bbox 144 5417 1743 5489">
    <p class='ocr_par' dir='ltr' id='par_1_101' title="bbox 144 5417 1743 5489">
     <span class='ocr_line' id='line_1_101' title="bbox 144 5417 1743 5489; baseline 0.003 -20"><span class='ocrx_word' id='word_1_761' title='bbox 144 5417 407 5471; x_wconf 84' lang='lat' dir='ltr'><strong>custodia</strong></span> <span class='ocrx_word' id='word_1_762' title='bbox 436 5417 702 5488; x_wconf 87' lang='lat' dir='ltr'><strong>portabit,</strong></span> <span class='ocrx_word' id='word_1_763' title='bbox 727 5418 905 5472; x_wconf 89' lang='lat' dir='ltr'><strong>donec</strong></span> <span class='ocrx_word' id='word_1_764' title='bbox 932 5435 1034 5489; x_wconf 90' lang='lat' dir='ltr'><strong>per</strong></span> <span class='ocrx_word' id='word_1_765' title='bbox 1060 5435 1339 5474; x_wconf 88' lang='lat' dir='ltr'><strong>summam</strong></span> <span class='ocrx_word' id='word_1_766' title='bbox 1365 5421 1743 5474; x_wconf 89' lang='lat' dir='ltr'><strong>humilitatem</strong></span> 
     </span>
    </p>
   </div>
   <div class='ocr_carea' id='block_1_102' title="bbox 143 5506 1742 5577">
    <p class='ocr_par' dir='ltr' id='par_1_102' title="bbox 143 5506 1742 5577">
     <span class='ocr_line' id='line_1_102' title="bbox 143 5506 1742 5577; baseline 0.006 -19"><span class='ocrx_word' id='word_1_767' title='bbox 143 5513 512 5577; x_wconf 80' lang='lat' dir='ltr'><strong>sanctamque</strong></span> <span class='ocrx_word' id='word_1_768' title='bbox 547 5506 1029 5561; x_wconf 90' lang='lat' dir='ltr'><strong>conversationem</strong></span> <span class='ocrx_word' id='word_1_769' title='bbox 1052 5508 1183 5562; x_wconf 91' lang='lat' dir='ltr'><strong>inde</strong></span> <span class='ocrx_word' id='word_1_770' title='bbox 1214 5509 1423 5563; x_wconf 90' lang='lat' dir='ltr'><strong>absolvi</strong></span> <span class='ocrx_word' id='word_1_771' title='bbox 1452 5511 1742 5567; x_wconf 89' lang='lat' dir='ltr'><strong>meruerit.</strong></span> 
     </span>
    </p>
   </div>
   <div class='ocr_carea' id='block_1_103' title="bbox 145 5596 1745 5668">
    <p class='ocr_par' dir='ltr' id='par_1_103' title="bbox 145 5596 1745 5668">
     <span class='ocr_line' id='line_1_103' title="bbox 145 5596 1745 5668; baseline 0.003 -19"><span class='ocrx_word' id='word_1_772' title='bbox 145 5596 280 5650; x_wconf 77' lang='lat' dir='ltr'><strong>Haec</strong></span> <span class='ocrx_word' id='word_1_773' title='bbox 307 5597 580 5650; x_wconf 91' lang='lat' dir='ltr'><strong>hactenus</strong></span> <span class='ocrx_word' id='word_1_774' title='bbox 602 5597 672 5651; x_wconf 91' lang='lat' dir='ltr'><strong>de</strong></span> <span class='ocrx_word' id='word_1_775' title='bbox 701 5596 797 5651; x_wconf 93' lang='lat' dir='ltr'><strong>illo</strong></span> <span class='ocrx_word' id='word_1_776' title='bbox 830 5597 944 5668; x_wconf 91' lang='lat' dir='ltr'><strong>qui,</strong></span> <span class='ocrx_word' id='word_1_777' title='bbox 977 5597 1184 5653; x_wconf 93' lang='lat' dir='ltr'><strong>domno</strong></span> <span class='ocrx_word' id='word_1_778' title='bbox 1219 5599 1419 5655; x_wconf 88' lang='lat' dir='ltr'><strong>abbate</strong></span> <span class='ocrx_word' id='word_1_779' title='bbox 1444 5600 1599 5654; x_wconf 90' lang='lat' dir='ltr'><strong>domi</strong></span> <span class='ocrx_word' id='word_1_780' title='bbox 1612 5616 1745 5654; x_wconf 91' lang='lat' dir='ltr'><strong>con-</strong></span> 
     </span>
    </p>
   </div>
   <div class='ocr_carea' id='block_1_104' title="bbox 142 5683 1358 5759">
    <p class='ocr_par' dir='ltr' id='par_1_104' title="bbox 142 5683 1358 5759">
     <span class='ocr_line' id='line_1_104' title="bbox 142 5683 1358 5759; baseline 0.004 -22"><span class='ocrx_word' id='word_1_781' title='bbox 142 5683 401 5756; x_wconf 84' lang='lat' dir='ltr'><strong>sistente,</strong></span> <span class='ocrx_word' id='word_1_782' title='bbox 431 5684 624 5756; x_wconf 84' lang='lat' dir='ltr'><strong>lapsus</strong></span> <span class='ocrx_word' id='word_1_783' title='bbox 660 5690 747 5741; x_wconf 90' lang='lat' dir='ltr'><strong>est</strong></span> <span class='ocrx_word' id='word_1_784' title='bbox 771 5686 832 5740; x_wconf 91' lang='lat' dir='ltr'><strong>in</strong></span> <span class='ocrx_word' id='word_1_785' title='bbox 859 5686 1072 5742; x_wconf 90' lang='lat' dir='ltr'><strong>crimen</strong></span> <span class='ocrx_word' id='word_1_786' title='bbox 1101 5688 1358 5759; x_wconf 88' lang='lat' dir='ltr'><strong>capitale.</strong></span> 
     </span>
    </p>
   </div>
   <div class='ocr_carea' id='block_1_105' title="bbox 1829 4614 3421 4687">
    <p class='ocr_par' dir='ltr' id='par_1_105' title="bbox 1829 4614 3421 4687">
     <span class='ocr_line' id='line_1_105' title="bbox 1829 4614 3421 4687; baseline 0.002 -18"><span class='ocrx_word' id='word_1_787' title='bbox 1829 4633 2118 4687; x_wconf 87' lang='lat' dir='ltr'><strong>nunquam</strong></span> <span class='ocrx_word' id='word_1_788' title='bbox 2145 4616 2279 4671; x_wconf 89' lang='lat' dir='ltr'><strong>illuc</strong></span> <span class='ocrx_word' id='word_1_789' title='bbox 2308 4621 2394 4669; x_wconf 92' lang='lat' dir='ltr'><strong>est</strong></span> <span class='ocrx_word' id='word_1_790' title='bbox 2414 4615 2787 4679; x_wconf 86' lang='lat' dir='ltr'><strong>referendum,</strong></span> <span class='ocrx_word' id='word_1_791' title='bbox 2814 4631 2881 4668; x_wconf 89' lang='lat' dir='ltr'><strong>ea</strong></span> <span class='ocrx_word' id='word_1_792' title='bbox 2895 4614 3151 4669; x_wconf 89' lang='lat' dir='ltr'><strong>videlicet</strong></span> <span class='ocrx_word' id='word_1_793' title='bbox 3172 4618 3421 4685; x_wconf 90' lang='lat' dir='ltr'><strong>ratione;</strong></span> 
     </span>
    </p>
   </div>
   <div class='ocr_carea' id='block_1_106' title="bbox 1832 4705 3428 4779">
    <p class='ocr_par' dir='ltr' id='par_1_106' title="bbox 1832 4705 3428 4779">
     <span class='ocr_line' id='line_1_106' title="bbox 1832 4705 3428 4779; baseline 0.001 -17"><span class='ocrx_word' id='word_1_794' title='bbox 1832 4713 1893 4762; x_wconf 88' lang='lat' dir='ltr'><strong>ut</strong></span> <span class='ocrx_word' id='word_1_795' title='bbox 1921 4709 1967 4762; x_wconf 92' lang='lat' dir='ltr'><strong>si</strong></span> <span class='ocrx_word' id='word_1_796' title='bbox 1997 4708 2121 4779; x_wconf 91' lang='lat' dir='ltr'><strong>quis</strong></span> <span class='ocrx_word' id='word_1_797' title='bbox 2167 4725 2297 4762; x_wconf 91' lang='lat' dir='ltr'><strong>reus</strong></span> <span class='ocrx_word' id='word_1_798' title='bbox 2340 4709 2602 4763; x_wconf 89' lang='lat' dir='ltr'><strong>inventus</strong></span> <span class='ocrx_word' id='word_1_799' title='bbox 2629 4705 2814 4771; x_wconf 88' lang='lat' dir='ltr'><strong>fuerit,</strong></span> <span class='ocrx_word' id='word_1_800' title='bbox 2846 4706 2951 4761; x_wconf 91' lang='lat' dir='ltr'><strong>hoc</strong></span> <span class='ocrx_word' id='word_1_801' title='bbox 2980 4714 3196 4761; x_wconf 87' lang='lat' dir='ltr'><strong>secreta</strong></span> <span class='ocrx_word' id='word_1_802' title='bbox 3234 4706 3428 4763; x_wconf 81' lang='lat' dir='ltr'><strong>distri-</strong></span> 
     </span>
    </p>
   </div>
   <div class='ocr_carea' id='block_1_107' title="bbox 1827 4796 3426 4867">
    <p class='ocr_par' dir='ltr' id='par_1_107' title="bbox 1827 4796 3426 4867">
     <span class='ocr_line' id='line_1_107' title="bbox 1827 4796 3426 4867; baseline 0.001 -16"><span class='ocrx_word' id='word_1_803' title='bbox 1827 4798 2011 4851; x_wconf 89' lang='lat' dir='ltr'><strong>ctione</strong></span> <span class='ocrx_word' id='word_1_804' title='bbox 2036 4798 2373 4867; x_wconf 88' lang='lat' dir='ltr'><strong>experiatur,</strong></span> <span class='ocrx_word' id='word_1_805' title='bbox 2403 4797 2549 4867; x_wconf 89' lang='lat' dir='ltr'><strong>quod</strong></span> <span class='ocrx_word' id='word_1_806' title='bbox 2586 4796 2646 4850; x_wconf 93' lang='lat' dir='ltr'><strong>in</strong></span> <span class='ocrx_word' id='word_1_807' title='bbox 2685 4796 2905 4867; x_wconf 88' lang='lat' dir='ltr'><strong>publica</strong></span> <span class='ocrx_word' id='word_1_808' title='bbox 2928 4796 3274 4863; x_wconf 86' lang='lat' dir='ltr'><strong>confusione,</strong></span> <span class='ocrx_word' id='word_1_809' title='bbox 3308 4813 3426 4853; x_wconf 87' lang='lat' dir='ltr'><strong>non</strong></span> 
     </span>
    </p>
   </div>
   <div class='ocr_carea' id='block_1_108' title="bbox 1828 4884 3426 4956">
    <p class='ocr_par' dir='ltr' id='par_1_108' title="bbox 1828 4884 3426 4956">
     <span class='ocr_line' id='line_1_108' title="bbox 1828 4884 3426 4956; baseline 0 -16"><span class='ocrx_word' id='word_1_810' title='bbox 1828 4886 1933 4940; x_wconf 91' lang='lat' dir='ltr'><strong>sibi</strong></span> <span class='ocrx_word' id='word_1_811' title='bbox 1965 4887 2060 4940; x_wconf 89' lang='lat' dir='ltr'><strong>sed</strong></span> <span class='ocrx_word' id='word_1_812' title='bbox 2093 4887 2306 4940; x_wconf 85' lang='lat' dir='ltr'><strong>caeteris</strong></span> <span class='ocrx_word' id='word_1_813' title='bbox 2336 4890 2605 4956; x_wconf 89' lang='lat' dir='ltr'><strong>parcitur.</strong></span> <span class='ocrx_word' id='word_1_814' title='bbox 2639 4886 2798 4940; x_wconf 84' lang='lat' dir='ltr'><strong>Hanc</strong></span> <span class='ocrx_word' id='word_1_815' title='bbox 2825 4885 2996 4939; x_wconf 90' lang='lat' dir='ltr'><strong>etiam</strong></span> <span class='ocrx_word' id='word_1_816' title='bbox 3035 4884 3426 4956; x_wconf 89' lang='lat' dir='ltr'><strong>probationem</strong></span> 
     </span>
    </p>
   </div>
   <div class='ocr_carea' id='block_1_109' title="bbox 1827 4974 3423 5046">
    <p class='ocr_par' dir='ltr' id='par_1_109' title="bbox 1827 4974 3423 5046">
     <span class='ocr_line' id='line_1_109' title="bbox 1827 4974 3423 5046; baseline 0.001 -18"><span class='ocrx_word' id='word_1_817' title='bbox 1827 4975 1982 5046; x_wconf 91' lang='lat' dir='ltr'><strong>prior</strong></span> <span class='ocrx_word' id='word_1_818' title='bbox 2010 4976 2163 5045; x_wconf 88' lang='lat' dir='ltr'><strong>facit,</strong></span> <span class='ocrx_word' id='word_1_819' title='bbox 2184 4976 2392 5029; x_wconf 89' lang='lat' dir='ltr'><strong>domno</strong></span> <span class='ocrx_word' id='word_1_820' title='bbox 2408 4974 2610 5029; x_wconf 86' lang='lat' dir='ltr'><strong>abbate</strong></span> <span class='ocrx_word' id='word_1_821' title='bbox 2628 4991 2743 5029; x_wconf 90' lang='lat' dir='ltr'><strong>non</strong></span> <span class='ocrx_word' id='word_1_822' title='bbox 2762 4974 2986 5045; x_wconf 78' lang='lat' dir='ltr'><strong>longius</strong></span> <span class='ocrx_word' id='word_1_823' title='bbox 3013 4979 3231 5031; x_wconf 90' lang='lat' dir='ltr'><strong>remoto</strong></span> <span class='ocrx_word' id='word_1_824' title='bbox 3252 4990 3423 5046; x_wconf 81' lang='lat' dir='ltr'><strong>quam</strong></span> 
     </span>
    </p>
   </div>
   <div class='ocr_carea' id='block_1_110' title="bbox 1826 5062 2244 5121">
    <p class='ocr_par' dir='ltr' id='par_1_110' title="bbox 1826 5062 2244 5121">
     <span class='ocr_line' id='line_1_110' title="bbox 1826 5062 2244 5121; baseline 0 -2"><span class='ocrx_word' id='word_1_825' title='bbox 1826 5075 1912 5121; x_wconf 88' lang='lat' dir='ltr'><strong>est</strong></span> <span class='ocrx_word' id='word_1_826' title='bbox 1937 5065 2045 5121; x_wconf 88' lang='lat' dir='ltr'><strong>iter</strong></span> <span class='ocrx_word' id='word_1_827' title='bbox 2067 5062 2244 5119; x_wconf 83' lang='lat' dir='ltr'><strong>bidui.</strong></span> 
     </span>
    </p>
   </div>
   <div class='ocr_carea' id='block_1_111' title="bbox 2439 5152 2805 5208">
    <p class='ocr_par' dir='ltr' id='par_1_111' title="bbox 2439 5152 2805 5208">
     <span class='ocr_line' id='line_1_111' title="bbox 2439 5152 2805 5208; baseline -0.005 0"><span class='ocrx_word' id='word_1_828' title='bbox 2439 5152 2673 5208; x_wconf 85' lang='lat' dir='ltr'><strong>CAPUT</strong></span> <span class='ocrx_word' id='word_1_829' title='bbox 2709 5152 2805 5207; x_wconf 87' lang='lat' dir='ltr'><strong>VI.</strong></span> 
     </span>
    </p>
   </div>
   <div class='ocr_carea' id='block_1_112' title="bbox 2142 5244 3101 5311">
    <p class='ocr_par' dir='ltr' id='par_1_112' title="bbox 2142 5244 3101 5311">
     <span class='ocr_line' id='line_1_112' title="bbox 2142 5244 3101 5311; baseline 0 -11"><span class='ocrx_word' id='word_1_830' title='bbox 2142 5244 2215 5300; x_wconf 83' lang='lat' dir='ltr'><strong>De</strong></span> <span class='ocrx_word' id='word_1_831' title='bbox 2244 5244 2374 5297; x_wconf 77' lang='lat' dir='ltr'><strong>aliis</strong></span> <span class='ocrx_word' id='word_1_832' title='bbox 2401 5244 2692 5311; x_wconf 64' lang='lat' dir='ltr'><strong>generibus</strong></span> <span class='ocrx_word' id='word_1_833' title='bbox 2720 5246 3101 5311; x_wconf 70' lang='lat' dir='ltr'><strong>correptionis.</strong></span> 
     </span>
    </p>
   </div>
   <div class='ocr_carea' id='block_1_113' title="bbox 1900 5330 3426 5405">
    <p class='ocr_par' dir='ltr' id='par_1_113' title="bbox 1900 5330 3426 5405">
     <span class='ocr_line' id='line_1_113' title="bbox 1900 5330 3426 5405; baseline 0.003 -19"><span class='ocrx_word' id='word_1_834' title='bbox 1900 5332 2044 5402; x_wconf 84' lang='lat' dir='ltr'><strong>(UD.)</strong></span> <span class='ocrx_word' id='word_1_835' title='bbox 2073 5333 2218 5388; x_wconf 90' lang='lat' dir='ltr'><strong>Sunt</strong></span> <span class='ocrx_word' id='word_1_836' title='bbox 2244 5337 2433 5387; x_wconf 89' lang='lat' dir='ltr'><strong>autem</strong></span> <span class='ocrx_word' id='word_1_837' title='bbox 2463 5330 2611 5402; x_wconf 92' lang='lat' dir='ltr'><strong>apud</strong></span> <span class='ocrx_word' id='word_1_838' title='bbox 2638 5348 2739 5385; x_wconf 91' lang='lat' dir='ltr'><strong>nos</strong></span> <span class='ocrx_word' id='word_1_839' title='bbox 2769 5331 2953 5386; x_wconf 89' lang='lat' dir='ltr'><strong>adhuc</strong></span> <span class='ocrx_word' id='word_1_840' title='bbox 2980 5338 3038 5387; x_wconf 90' lang='lat' dir='ltr'><strong>et</strong></span> <span class='ocrx_word' id='word_1_841' title='bbox 3066 5333 3179 5388; x_wconf 89' lang='lat' dir='ltr'><strong>alia</strong></span> <span class='ocrx_word' id='word_1_842' title='bbox 3213 5350 3426 5405; x_wconf 88' lang='lat' dir='ltr'><strong>genera</strong></span> 
     </span>
    </p>
   </div>
   <div class='ocr_carea' id='block_1_114' title="bbox 1826 5418 3420 5493">
    <p class='ocr_par' dir='ltr' id='par_1_114' title="bbox 1826 5418 3420 5493">
     <span class='ocr_line' id='line_1_114' title="bbox 1826 5418 3420 5493; baseline 0.001 -16"><span class='ocrx_word' id='word_1_843' title='bbox 1826 5422 2216 5493; x_wconf 83' lang='lat' dir='ltr'><strong>correptionis,</strong></span> <span class='ocrx_word' id='word_1_844' title='bbox 2250 5436 2376 5492; x_wconf 64' lang='lat' dir='ltr'><strong>quae</strong></span> <span class='ocrx_word' id='word_1_845' title='bbox 2412 5434 2526 5475; x_wconf 88' lang='lat' dir='ltr'><strong>non</strong></span> <span class='ocrx_word' id='word_1_846' title='bbox 2563 5420 2743 5475; x_wconf 89' lang='lat' dir='ltr'><strong>solum</strong></span> <span class='ocrx_word' id='word_1_847' title='bbox 2788 5420 3029 5476; x_wconf 86' lang='lat' dir='ltr'><strong>domnus</strong></span> <span class='ocrx_word' id='word_1_848' title='bbox 3076 5422 3221 5476; x_wconf 85' lang='lat' dir='ltr'><strong>abba</strong></span> <span class='ocrx_word' id='word_1_849' title='bbox 3266 5418 3420 5489; x_wconf 80' lang='lat' dir='ltr'><strong>facit,</strong></span> 
     </span>
    </p>
   </div>
   <div class='ocr_carea' id='block_1_115' title="bbox 1828 5504 3425 5584">
    <p class='ocr_par' dir='ltr' id='par_1_115' title="bbox 1828 5504 3425 5584">
     <span class='ocr_line' id='line_1_115' title="bbox 1828 5504 3425 5584; baseline 0.003 -19"><span class='ocrx_word' id='word_1_850' title='bbox 1828 5511 1925 5565; x_wconf 91' lang='lat' dir='ltr'><strong>sed</strong></span> <span class='ocrx_word' id='word_1_851' title='bbox 1951 5510 2140 5577; x_wconf 85' lang='lat' dir='ltr'><strong>etiam,</strong></span> <span class='ocrx_word' id='word_1_852' title='bbox 2173 5511 2217 5564; x_wconf 91' lang='lat' dir='ltr'><strong>si</strong></span> <span class='ocrx_word' id='word_1_853' title='bbox 2246 5524 2386 5582; x_wconf 87' lang='lat' dir='ltr'><strong>opus</strong></span> <span class='ocrx_word' id='word_1_854' title='bbox 2433 5506 2621 5576; x_wconf 90' lang='lat' dir='ltr'><strong>fuerit,</strong></span> <span class='ocrx_word' id='word_1_855' title='bbox 2665 5504 2821 5584; x_wconf 87' lang='lat' dir='ltr'><strong>prior</strong></span> <span class='ocrx_word' id='word_1_856' title='bbox 2863 5524 2928 5565; x_wconf 91' lang='lat' dir='ltr'><strong>eo</strong></span> <span class='ocrx_word' id='word_1_857' title='bbox 2971 5510 3219 5567; x_wconf 86' lang='lat' dir='ltr'><strong>absente.</strong></span> <span class='ocrx_word' id='word_1_858' title='bbox 3253 5508 3425 5570; x_wconf 82' lang='lat' dir='ltr'><strong>Nulla</strong></span> 
     </span>
    </p>
   </div>
   <div class='ocr_carea' id='block_1_116' title="bbox 1829 5596 3426 5659">
    <p class='ocr_par' dir='ltr' id='par_1_116' title="bbox 1829 5596 3426 5659">
     <span class='ocr_line' id='line_1_116' title="bbox 1829 5596 3426 5659; baseline 0.003 -5"><span class='ocrx_word' id='word_1_859' title='bbox 1829 5600 1981 5656; x_wconf 89' lang='lat' dir='ltr'><strong>enim</strong></span> <span class='ocrx_word' id='word_1_860' title='bbox 2028 5600 2434 5656; x_wconf 86' lang='lat' dir='ltr'><strong>monachorum</strong></span> <span class='ocrx_word' id='word_1_861' title='bbox 2477 5596 2712 5656; x_wconf 84' lang='lat' dir='ltr'><strong>ecclesia</strong></span> <span class='ocrx_word' id='word_1_862' title='bbox 2747 5605 2971 5656; x_wconf 82' lang='lat' dir='ltr'><strong>tantum</strong></span> <span class='ocrx_word' id='word_1_863' title='bbox 3018 5600 3426 5659; x_wconf 77' lang='lat' dir='ltr'><strong>dehonestatur</strong></span> 
     </span>
    </p>
   </div>
   <div class='ocr_carea' id='block_1_117' title="bbox 1828 5689 3420 5763">
    <p class='ocr_par' dir='ltr' id='par_1_117' title="bbox 1828 5689 3420 5763">
     <span class='ocr_line' id='line_1_117' title="bbox 1828 5689 3420 5763; baseline 0.006 -20"><span class='ocrx_word' id='word_1_864' title='bbox 1828 5693 2060 5761; x_wconf 89' lang='lat' dir='ltr'><strong>propter</strong></span> <span class='ocrx_word' id='word_1_865' title='bbox 2071 5689 2206 5761; x_wconf 89' lang='lat' dir='ltr'><strong>quid</strong></span> <span class='ocrx_word' id='word_1_866' title='bbox 2220 5689 2350 5759; x_wconf 82' lang='lat' dir='ltr'><strong>tale,</strong></span> <span class='ocrx_word' id='word_1_867' title='bbox 2365 5689 2515 5762; x_wconf 90' lang='lat' dir='ltr'><strong>quod</strong></span> <span class='ocrx_word' id='word_1_868' title='bbox 2534 5689 2606 5747; x_wconf 86' lang='lat' dir='ltr'><strong>ab</strong></span> <span class='ocrx_word' id='word_1_869' title='bbox 2626 5690 2814 5763; x_wconf 89' lang='lat' dir='ltr'><strong>aliquo</strong></span> <span class='ocrx_word' id='word_1_870' title='bbox 2834 5690 3011 5749; x_wconf 87' lang='lat' dir='ltr'><strong>fratre</strong></span> <span class='ocrx_word' id='word_1_871' title='bbox 3028 5690 3420 5763; x_wconf 83' lang='lat' dir='ltr'><strong>committitur,</strong></span> 
     </span>
    </p>
   </div>
  </div>
