3934 6372
502 332 641 390 1047
1545 341 1601 395 S.
1645 341 2041 399 GUILLELMI
2079 352 2097 398 1

2182 346 2383 402 BATIS
2424 347 2760 403 HIRSAUG.
3631 344 3759 404 1048

501 462 776 531 quantum
797 463 1026 534 propter
1044 461 1169 529 hoc,
1192 462 1238 515 si
1261 462 1408 533 quod
1430 464 1689 535 nequiter
1711 474 2091 537 perpetretur,
2110 472 2162 531 Α
2178 472 2399 531 niendi:
2432 476 2663 544 preptor
2679 472 2804 537 hoc,
2828 475 2892 527 ut
2917 448 3124 527 iterum
3144 469 3489 528 verberetur.
3506 469 3692 529 Potuit
3708 478 3760 527 et

499 548 852 618 negligenter
871 554 928 603 et
946 548 1156 620 absque
1172 550 1339 621 digna
1353 553 1744 608 emendatione
1757 555 2093 611 dimittatur.
2181 561 2292 615 tale
2318 561 2452 631 quid
2482 566 2600 615 tam
2637 565 3149 632 praesumptuosum
3190 560 3250 614 in
3296 560 3594 631 praesentia
3617 560 3761 631 loqui

501 635 715 690 Idcirco
769 636 817 689 si
847 637 973 708 quis
1003 638 1071 690 de
1101 638 1289 709 aliquo
1341 638 1554 709 ﬂagitio
1609 642 1744 695 foris
1791 643 2098 699 claustrum
2181 649 2372 703 domni
2403 648 2644 715 abbatis,
2693 649 2779 702 vel
2822 649 2994 703 etiam
3042 648 3266 720 prioris,
3317 654 3382 704 ut
3414 654 3643 721 propter
3665 649 3763 704 hoc

501 724 801 778 commisso
829 724 1223 795 divulgaturin
1246 728 1545 798 pepulo.in
1559 730 1858 799 praisentia
1876 749 2097 803 quoque
2182 737 2352 791 etiam
2384 754 2496 792 non
2529 738 2713 791 minus
2746 737 2942 793 tabula
2991 738 3360 809 percutiatur,
3404 738 3540 793 item
3576 740 3764 810 praeci-

499 812 691 883 populi
720 812 865 867 solet
891 813 1197 880 emendari,
1229 821 1294 869 ut
1316 816 1411 886 qui
1431 818 1553 887 ejus
1582 831 1867 873 excessum
1889 837 2096 890 cogno-

496 900 702 965 ‘verint,
759 908 1096 971 cognoscant
1134 903 1304 957 etiam
1342 906 1813 961 emendationem.
1864 908 2095 964 Cunctis

502 989 676 1054 enim,
706 990 801 1060 qui
825 990 1012 1044 videre
1032 991 1313 1046 voluerint
1337 993 1746 1061 videntibus,et
1774 998 2016 1052 maxime
2036 998 2095 1052 in

500 1078 688 1133 media
713 1079 899 1149 platea
930 1080 1180 1150 ejusdem
1216 1081 1339 1144 loci,
1365 1081 1423 1135 in
1450 1099 1560 1152 quo
1594 1086 1955 1140 commissum
1987 1092 2092 1154 est,

499 1167 766 1232 nudatur,
819 1166 1046 1237 ligatur,
1095 1176 1153 1222 et
1190 1169 1537 1224 verberatur.
1580 1172 1650 1226 Et
1695 1174 1947 1243 quamvis
1993 1175 2099 1229 hoc

498 1254 977 1310 districtissimum
1025 1274 1204 1327 genus
1247 1260 1614 1329 correptionis
1653 1267 1708 1314 et
1755 1262 2098 1317 confusionis

500 1344 594 1409 sit,
627 1348 820 1416 postea
847 1350 1038 1400 tamen
1069 1345 1127 1400 in
1165 1345 1459 1418 principali
1491 1347 1611 1403 loco
1654 1351 1896 1421 graviori
1925 1352 2099 1423 culpa:

497 1432 827 1502 subjacebit.

572 1522 646 1576 At
666 1522 714 1575 si
741 1522 906 1592 culpa
943 1539 1048 1576 sua
1076 1539 1187 1577 non
1220 1530 1305 1579 est
1328 1525 1397 1579 de
1416 1527 1766 1596 gravioribus
1788 1528 1970 1596 malis,
2000 1529 2098 1584 sed

502 1608 667 1675 forte,
698 1615 764 1664 ut
794 1625 921 1664 cum
952 1611 1141 1682 aliquo
1172 1612 1540 1669 inhonestein
1561 1616 1851 1670 audientis
1870 1618 2100 1689 p0pula-

2177 826 2368 899 piente
2396 827 2602 881 domno
2650 827 2873 882 abbate.
2914 826 2983 881 In
3023 828 3350 899 hujusmodi
3389 843 3523 899 ergo
3569 844 3680 882 non
3706 845 3763 883 re

2179 913 2278 967 sed
2300 913 2417 968 solo
2438 914 2665 968 nomine
2688 915 2978 982 monacho,
3001 930 3114 969 non
3131 915 3268 969 ordo
3288 914 3614 979 servandus,
3638 931 3762 981 non,

2177 1001 2396 1057 abbatis
2417 1003 2850 1070 commiseratio,
2874 1020 2985 1058 non
3014 1003 3299 1058 seniorum
3329 1002 3641 1074 compassio
3677 1004 3766 1057 ad-

2179 1090 2424 1146 hibenda
2450 1111 2461 1157 ;
2496 1092 2591 1145 sed
2631 1092 2935 1162 corporalis
2960 1092 3232 1147 districtio
3263 1092 3460 1146 tandiu
3492 1098 3578 1146 est
3604 1108 3763 1162 exag-

2179 1181 2449 1251 geranda,
2482 1197 2772 1252 quousque
2804 1182 2909 1236 hoc
2938 1181 3250 1236 voluntarie
3289 1181 3473 1235 facere
3520 1181 3761 1251 incipiat,

2180 1269 2328 1339 quod
2358 1276 2806 1339 prasumptuosa
2831 1270 2985 1342 prius
3014 1270 3297 1324 induratio
3328 1286 3440 1324 non
3463 1268 3696 1323 sinebat.
3711 1268 3766 1323 Si

2181 1357 2308 1428 quis
2330 1364 2518 1411 autem
2538 1358 2713 1412 frater
2741 1360 2985 1430 priorem
2998 1360 3083 1413 vel
3102 1359 3319 1413 modice
3339 1356 3761 1424 conturbaverit,

2181 1463 2308 1499 mox
2338 1462 2465 1500 cum
2498 1447 2659 1501 venia
2685 1448 2977 1503 satisfacit.
3019 1448 3170 1502 Talis
3210 1453 3397 1519 potest
3433 1464 3553 1501 esse
3588 1463 3765 1500 exces-

2180 1551 2275 1588 sus
2329 1534 2520 1589 fratris
2569 1535 2627 1588 in
2676 1537 2931 1600 fratrem,
2963 1553 3063 1607 pro
3108 1553 3218 1607 quo
3266 1540 3485 1589 tantum
3520 1535 3690 1604 signis
3718 1535 3765 1588 ei

2180 1639 2339 1677 suam
2364 1622 2595 1678 inducat
2621 1626 3049 1695 paenitudinem.
3081 1628 3155 1679 At
3182 1625 3230 1678 si
3255 1624 3369 1679 tale
3397 1624 3529 1695 quid
3562 1623 3619 1677 in
3646 1640 3767 1678 con-

502 1697 649 1751 rium
679 1699 1060 1766 contenderit;
1082 1717 1183 1770 pro
1212 1701 1553 1770 hujusmodi,
1588 1721 1715 1758 cum
1736 1707 1949 1760 venerit
1980 1707 2099 1761 dies
2121 1778 2155 1782 _
2184 1718 2352 1767 ventu
2378 1713 2528 1780 facit,
2560 1713 2709 1766 unde
2748 1713 2886 1767 alios
2926 1713 3291 1768 scandalizari
3321 1712 3622 1782 cognoscit,
3653 1729 3769 1782 pro-

501 1785 814 1853 Dominica,
846 1787 929 1841 vel
952 1787 1065 1841 alia
1090 1787 1379 1856 festivitas,
1414 1807 1535 1862 quae
1559 1792 1811 1859 feriatur,
1846 1796 2101 1866 populari
2121 1778 2167 1837 Β
2188 1807 2315 1872 pter
2342 1801 2448 1855 hoc
2477 1778 2536 1854 in
2573 1802 2817 1873 capitulo
2845 1803 3063 1857 veniam
3097 1803 3240 1873 petit
3278 1778 3496 1873 sponte,
3528 1778 3769 1872 alioquin

502 1880 780 1929 conventu
829 1876 1104 1931 celebrius
1150 1878 1221 1931 ad
1263 1879 1490 1933 initium
1539 1882 1723 1937 missae
1753 1884 2101 1938 matutinalis

502 1968 888 2032 concurrente,
920 1965 990 2019 ad
1019 1966 1309 2021 ecclesiam
1354 1974 1469 2023 stat
1510 1970 1628 2041 ipse
1674 1971 1839 2026 nudis
1870 1972 2102 2044 pedibus

502 2068 677 2124 prope
706 2054 855 2108 fores
884 2054 1145 2116 ecclesiae,
1167 2062 1225 2110 et
1243 2073 1419 2111 unum
1457 2060 1699 2113 codicem
1731 2062 2103 2129 grandiuscu-

500 2141 621 2197 lum
644 2147 797 2196 tenet
818 2142 878 2196 in
904 2159 1095 2197 manu.
1119 2145 1407 2216 Capellum
1439 2164 1568 2202 vero
1589 2165 1701 2202 non
1719 2150 1921 2210 induit.
1945 2156 2010 2205 ut
2027 2150 2097 2204 ab

502 2229 765 2286 omnibus
807 2232 1035 2301 agnosci
1078 2234 1275 2303 possit.
1307 2235 1535 2290 Nemini
1573 2237 1825 2308 loquitur
1864 2239 2100 2293 intranti

500 2320 589 2374 vel
618 2318 862 2373 exeunti.
896 2320 1054 2375 Unus
1101 2322 1248 2376 enim
1296 2323 1541 2379 famulus
1587 2342 1808 2397 semper
1831 2333 1918 2381 est
1938 2330 2101 2399 juxta

501 2408 683 2483 illum,
728 2407 825 2477 qui
867 2408 1018 2462 dicat
1046 2409 1522 2481 interrogantibus
1551 2420 1783 2484 propter
1811 2416 1944 2485 quid
1972 2417 2102 2471 talis

504 2496 555 2551 ei
585 2494 914 2567 poenitentia
964 2496 1039 2549 sit
1087 2497 1315 2553 indicta.
1366 2501 1510 2555 Nam
1558 2519 1672 2557 non
1718 2505 1930 2559 recedit
1972 2505 2103 2559 inde

510 2600 806 2655 quousque
834 2584 1006 2638 missa
1028 2586 1276 2641 ﬁniatur.

1111 2675 1344 2731 CAPUT
1380 2678 1506 2732 VII.

894 2763 1120 2818 Rebellis
1138 2767 1402 2831 quomodo
1424 2771 1709 2822 tractetur.

581 2851 712 2921 (ιω.)
740 2852 901 2917 Quod
941 2852 989 2906 si
1033 2852 1158 2923 quis
1186 2853 1511 2911 inobediens
1548 2862 1607 2911 et
1651 2856 1875 2912 rebellis
1914 2859 2103 2931 aliquo

505 2939 673 2994 modo
701 2940 873 2995 fuerit
896 2941 956 2995 in
979 2942 1244 3012 capitulo,
1290 2944 1497 2999 fratres
1544 2962 1610 2999 ex
1655 2963 1810 3001 more
1847 2965 1960 3002 non
2005 2965 2103 3002 ex-

501 3035 776 3102 spectant,
798 3036 865 3086 ut
884 3032 1245 3103 praecipiatm'
1258 3034 1680 3105 comprehendi,
1712 3036 1809 3090 sed
1825 3036 1931 3107 ipsi
1951 3038 2102 3091 ultro

502 3120 768 3175 continuo
797 3120 1077 3175 irruentes
1125 3122 1624 3191 comprehendunt,
1656 3129 1713 3178 et
1739 3125 1975 3179 invitum
2006 3142 2100 3180 ex-

503 3209 764 3279 spoliant,
797 3214 856 3263 et
885 3210 934 3263 si
964 3209 1183 3264 videtur
1222 3211 1415 3281 priori,
1457 3212 1586 3266 licet
1631 3220 1799 3267 antea
1838 3214 2101 3268 verbera-

496 3302 644 3363 tum,
671 3298 837 3368 jubet
859 3298 1065 3352 acriter
1110 3299 1279 3369 virgis
1318 3300 1454 3355 caedi
1482 3319 1495 3368 ;
1524 3300 1757 3373 insuper
1785 3320 2008 3374 quoque
2037 3304 2097 3358 in

498 3385 683 3455 Bogas
718 3386 802 3439 vel
831 3386 889 3439 in
920 3402 1198 3440 carcerem
1232 3388 1399 3454 mitti,
1436 3390 1581 3460 quod
1615 3392 1961 3445 consuetudo
1985 3409 2098 3447 non

499 3472 851 3538 contradicit,
888 3473 1060 3526 etiam
1096 3474 1144 3527 si
1186 3475 1425 3529 domnus
1455 3475 1629 3530 abbas
1657 3477 1715 3531 in
1758 3480 2097 3534 monasterio

497 3559 593 3615 sit.
626 3560 735 3613 Sed
764 3560 812 3614 si
842 3560 992 3614 inter
1015 3562 1261 3615 eundum
1311 3563 1382 3616 ad
1425 3579 1705 3618 carcerem
1732 3566 1978 3636 aliquam
2007 3584 2098 3621 re-

497 3647 797 3703 bellionem
824 3649 1088 3716 ostendit,
1120 3652 1471 3707 solummodo
1509 3669 1637 3707 eum
1671 3654 1837 3709 minis
1861 3662 2095 3711 terrent.

500 3737 565 3792 In
595 3753 875 3791 carcerem
906 3755 1037 3792 vero
1072 3739 1359 3794 mittentes
1374 3741 1531 3812 prius
1547 3743 1809 3796 auferunt
1830 3745 1878 3797 ei
1898 3746 2097 3815 cingu-

497 3825 614 3880 lum
635 3843 761 3883 cum
783 3827 1029 3881 cultello.
1054 3827 1137 3882 Ibi
1161 3829 1410 3899 quandiu
1427 3831 1577 3900 jacet
1597 3830 1736 3885 nihil
1765 3832 1834 3885 de
1857 3832 1979 3887 cibo
2010 3834 2097 3887 vel

495 3920 630 3986 potu
651 3921 862 3985 gustat,
888 3915 998 3970 nisi
1015 3917 1163 3987 quod
1202 3917 1442 3972 domnus
1472 3918 1634 3984 abba,
1659 3919 1760 3983 vel,
1785 3920 1881 3973 illo
1902 3920 2097 3976 absen-

497 4008 573 4067 te,
601 4004 755 4074 prior
768 4005 1019 4074 jusserit.
1036 4005 1242 4060 Carcer
1263 4012 1350 4060 est
1372 4007 1502 4061 talis
1523 4007 1577 4061 in
1605 4025 1771 4079 quem
1797 4026 1926 4064 cum
1946 4012 2098 4066 scala

494 4091 873 4161 descenditur,
904 4110 1008 4149 nec
1038 4095 1265 4157 ostium,
1308 4112 1411 4150 nec
1439 4096 1745 4151 fenestram
1773 4098 1958 4155 habet.

1088 4184 1321 4240 CAPUT
1358 4185 1508 4240 VIII.

1160 4274 1233 4328 De
1252 4277 1428 4341 Bogis.

559 4360 704 4428 (ιω.)
725 4359 807 4413 De
835 4358 981 4429 (1‘22)
1017 4360 1183 4431 Bogis
1206 4379 1546 4433 quocunque
1575 4368 1709 4418 sunt
1734 4365 1989 4435 quaedam
2019 4368 2095 4422 le-

2182 1889 2518 1946 inclamatus
2546 1890 2873 1945 districtiori
2899 1890 3208 1961 subjacebit
3239 1888 3549 1945 sententiae.

2811 1980 3044 2035 CAPUT
3080 1981 3149 2035 X.

2188 2070 2255 2123 De
2280 2070 2459 2135 fratre
2489 2071 2589 2136 qui
2614 2075 2915 2137 spontesua
2932 2070 2995 2123 de
3016 2071 3349 2123 monasterio
3377 2069 3676 2137 egreditur,
3696 2071 3770 2122 ret

2813 2143 3130 2209 projicitur.

2249 2227 2396 2297 (un.)
2424 2227 2640 2291 Frater,
2691 2245 2861 2299 super
2905 2245 3014 2299 quo
3057 2229 3112 2283 S.
3164 2228 3498 2282 Benedictus
3527 2226 3773 2298 praecipit

2186 2316 2346 2381 (Reg.,
2376 2314 2465 2378 28,
2501 2318 2573 2382 7),
2606 2323 2670 2371 ut
2699 2316 2871 2371 abbas
2909 2323 3104 2371 utatur
3149 2318 3299 2372 ferro
3336 2316 3709 2382 abscissionis,
3739 2332 3772 2369 a

2183 2405 2492 2459 camerario
2539 2405 2598 2459 in
2644 2406 2969 2460 vestiarium
3003 2407 3203 2461 ductus
3240 2406 3550 2476 habituque
3588 2420 3772 2459 mona-

2185 2493 2342 2547 chico
2370 2499 2589 2561 exutus,
2622 2511 2686 2548 ac
2714 2495 3082 2561 vestimentis,
3118 2512 3239 2565 quae
3284 2495 3403 2567 ipse
3453 2494 3661 2561 attulit,
3691 2493 3770 2548 vel

2186 2583 2310 2637 aliis
2336 2582 2609 2637 similibus
2638 2584 2870 2639 indutus
2897 2585 3213 2655 projicitur.
3254 2584 3541 2654 Projectus
3587 2590 3770 2638 autem

2186 2671 2299 2726 sive
2328 2689 2584 2743 egressus
2631 2674 2856 2745 proprio
2900 2674 3037 2728 vitio
3068 2675 3138 2729 de
3182 2673 3542 2738 monasterio,
3577 2679 3665 2727 ter
3692 2679 3773 2727 est

2186 2762 2560 2832 recipiendus,
2593 2769 2964 2834 receptusque
2993 2763 3040 2817 si
3069 2769 3224 2817 caret
3261 2762 3456 2816 habitu
3484 2763 3772 2817 monachi-

2184 2867 2270 2919 co,
2303 2850 2362 2904 in
2387 2851 2858 2922 elcemosynaria;
2889 2853 2977 2905 sin
3007 2857 3216 2916 autem,
3243 2851 3301 2905 in
3322 2852 3488 2905 domo
3514 2850 3772 2921 hospitali

2184 2939 2491 2993 servandus
2538 2956 2716 3009 usque
2762 2940 2821 2994 in
2868 2941 3036 3005 diem,
3072 2956 3184 3012 qua
3219 2940 3643 3011 congregationi
3693 2946 3776 2993 est

2185 3027 2566 3082 associandus.
2616 3029 2723 3093 Qui
2770 3029 2819 3083 si
2865 3029 3070 3083 iterum
3110 3029 3483 3100 persuadente
3534 3028 3772 3090 diabolo,

2183 3122 2486 3188 antequam
2516 3118 2576 3172 in
2605 3118 2914 3173 claustrum
2949 3119 3252 3190 recipiatur
3271 3118 3557 3172 discedere
3590 3118 3704 3172 vult
3731 3116 3776 3171 si

2182 3204 2472 3276 improbus
2500 3206 2893 3277 incorrigibilis
2921 3207 3399 3266 sit,dimittendus
3424 3212 3544 3275 est;
3574 3206 3622 3261 si
3649 3222 3775 3261 vero

2178 3294 2467 3363 probatus,
2501 3301 2559 3350 et
2584 3296 2759 3361 utilis,
2776 3297 2833 3350 in
2854 3297 2943 3350 via
2970 3301 3057 3350 est
3077 3296 3461 3360 destinendus,
3487 3296 3623 3367 quia
3648 3295 3773 3350 talis

2179 3384 2372 3449 etiam,
2403 3385 2449 3437 si
2480 3384 2705 3454 fugerit,
2746 3386 3166 3456 persequendus
3195 3391 3298 3452 est,
3348 3391 3405 3439 et
3447 3385 3771 3456 capiendus.

2252 3474 2332 3527 Ea
2357 3490 2486 3527 vero
2517 3474 2625 3540 die,
2659 3491 2766 3545 qua
2804 3475 3245 3529 introducendus
3294 3479 3380 3528 est
3423 3473 3692 3528 ostiarius
3720 3479 3774 3527 et

2180 3562 2522 3616 camerarius
2542 3580 2643 3633 pro
2674 3580 2738 3617 eo
2758 3563 3065 3617 mittuntur
3090 3580 3123 3617 a
3151 3563 3416 3634 capitulo.
3432 3563 3519 3617 Ah
3538 3563 3626 3617 his
3643 3579 3772 3632 ergo

2179 3650 2397 3705 duobus
2425 3651 2483 3705 in
2514 3652 2794 3706 auditorio
2823 3653 3126 3723 hospitum,
3151 3652 3293 3706 sicut
3322 3667 3442 3705 mos
3471 3657 3579 3720 est,
3605 3652 3774 3706 denu-

2179 3740 2363 3801 datur,
2398 3746 2455 3794 et
2482 3740 2540 3794 in
2570 3740 2876 3811 capitulum
2906 3757 3034 3795 cum
3062 3741 3254 3811 virgis,
3281 3741 3694 3815 quaapstiarius
3706 3740 3773 3794 de

2178 3830 2425 3899 capitulo
2468 3846 2656 3884 secum
2703 3830 2893 3883 attulit
2921 3831 3162 3885 ducitur.
3197 3829 3556 3885 Camerarius
3586 3836 3772 3884 autem

2179 3919 2344 3972 atl‘ert
2392 3918 2443 3972 ei
2482 3919 2776 3984 cucullam,
2820 3919 2867 3972 si
2906 3936 2972 3973 ea
3010 3925 3182 3985 caret,
3227 3936 3328 3990 per
3373 3919 3771 3973 occidentalem

2180 4013 2396 4079 partem
2424 4008 2654 4061 claustri
2686 4008 2984 4071 transiens,
3010 4014 3069 4062 et
3088 4008 3421 4062 vestimenta
3445 4007 3617 4073 illius,
3654 4024 3772 4078 quae

2177 4106 2311 4151 tunc
2329 4097 2499 4164 exuit,
2525 4113 2626 4167 per
2645 4097 2899 4151 eamdem
2921 4097 3065 4151 viam
3091 4097 3310 4151 rediens
3328 4097 3385 4151 in
3406 4097 3770 4161 auditorium,

2179 4186 2326 4257 quod
2351 4185 2517 4239 estin
2547 4187 2792 4240 claustro
2826 4192 3013 4256 portat
3043 4204 3055 4239 :
3090 4185 3224 4257 quia
3249 4186 3517 4241 fratribus
3556 4185 3773 4257 capitu-

2176 4275 2294 4329 lum
2343 4274 2686 4339 tenentibus,
2738 4274 2877 4328 nulli
2924 4281 3127 4346 praiter
3175 4276 3324 4329 hunc
3366 4275 3613 4329 transire
3643 4275 3772 4329 illuc

2176 4364 2325 4417 licet.
2359 4363 2546 4417 Finita
2590 4380 2720 4417 vero
2762 4365 3044 4418 sententia
3086 4363 3305 4418 abbatis
3347 4381 3519 4435 super
3549 4365 3768 4430 eodem,

490 4447 693 4513 viores,
732 4447 935 4518 quibus
962 4449 1212 4502 inclusus
1240 4449 1297 4503 in
1327 4450 1658 4505 dormitorio
1689 4452 1915 4517 dormit,
1945 4460 2003 4508 et
2022 4456 2093 4511 ad
2116 4446 2405 4522 Djubetur
2440 4453 2496 4506 in
2542 4452 2739 4507 ultimo
2778 4453 2991 4507 sedere.
3025 4452 3240 4507 Abbate
3280 4460 3469 4508 autem
3514 4452 3769 4523 absente,

494 4536 907 4606 processionem
939 4553 1051 4591 non
1083 4538 1281 4603 deerit,
1319 4545 1375 4593 et
1402 4540 1633 4611 insuper
1651 4541 1711 4594 in
1737 4549 1898 4597 nocte
1928 4543 2095 4598 later-

491 4639 626 4677 nam
654 4629 861 4694 portat.
876 4623 1142 4688 Quaedam
1175 4643 1303 4680 vero
1321 4628 1623 4698 graviores,
1641 4629 1721 4682 ita
1754 4636 1818 4683 ut
1844 4629 2093 4686 inclusus

490 4712 886 4768 dormitorium
913 4715 1213 4769 ascendere
1242 4732 1354 4770 non
1379 4716 1583 4782 valeat,
1620 4718 1719 4771 sed
1746 4717 1804 4773 in
1835 4720 2093 4775 inﬁrma-

490 4800 578 4855 ria
604 4816 732 4856 cum
766 4802 1022 4857 custodia
1056 4804 1321 4858 dormiat.

1097 4894 1332 4949 CAPUT
1382 4893 1483 4949 IX.

650 4982 721 5035 De
749 4997 806 5035 eo
833 4984 935 5050 qui
960 4984 1275 5037 inobediens
1305 4988 1379 5037 cst
1408 4989 1566 5037 extra
1594 4986 1926 5053 capitulum.

560 5067 698 5139 (ιω.)
725 5069 885 5133 Quod
913 5069 961 5123 si
984 5068 1422 5125 inobedientiam
1438 5088 1598 5125 suam
1624 5072 1759 5125 toris
1777 5073 2090 5143 capitulum

486 5158 676 5229 aliquo
718 5158 885 5211 modo
926 5159 1341 5226 monstraverit,
1389 5160 1579 5214 statim
1605 5160 1841 5229 jubente
1883 5162 2090 5216 domno

485 5245 692 5302 abbate
718 5245 915 5301 tabula
938 5248 1283 5318 percutitur;
1318 5247 1470 5319 quod
1511 5257 1601 5302 est
1637 5247 1861 5317 signum
1887 5265 2089 5304 conve-

2176 4558 2288 4595 non
2318 4541 2584 4612 recipitur
2613 4558 2645 4595 a
2676 4541 2880 4612 priore,
2913 4542 3017 4596 nisi
3048 4548 3297 4597 remotus
3321 4543 3395 4597 sit
3421 4542 3628 4596 itinere
3669 4542 3771 4596 tri-

2175 4630 2291 4683 dui.
2323 4630 2480 4683 Tunc
2509 4630 2741 4701 recipiet
2767 4631 2946 4694 illum,
2980 4631 3078 4685 sed
3124 4632 3360 4696 nudum,
3393 4631 3653 4685 indicans
3698 4630 3768 4694 ei,

2176 4718 2311 4789 quia
2332 4719 2606 4789 judicium
2636 4725 2807 4774 tantae
2837 4736 2992 4775 noxae
3010 4722 3218 4775 domno
3247 4719 3434 4775 abbati
3456 4736 3522 4773 ex
3534 4736 3771 4774 consue-

2173 4806 2368 4860 tudine
2412 4807 2487 4861 sit
2531 4809 2946 4861 reservandum.
2975 4809 3084 4862 Pro
3123 4825 3234 4880 quo
3281 4814 3471 4863 tamen
3501 4809 3570 4862 ad
3602 4808 3772 4879 pedes

2175 4896 2295 4965 ejus
2344 4911 2455 4949 non
2506 4896 2669 4950 venit.
2708 4896 2945 4951 Praefato
2998 4903 3187 4951 autem
3239 4898 3425 4969 priore
3476 4897 3769 4959 redeunte.

2173 4984 2321 5038 idem
2351 4985 2411 5038 in
2440 4984 2754 5039 infirmaria
2771 4985 2986 5055 jugiter
3006 4991 3278 5052 moratur,
3303 5002 3663 5057 summopere
3686 5002 3774 5039 ca-

2174 5089 2327 5139 vens,
2364 5089 2435 5127 ne
2467 5080 2739 5145 appareat
2766 5075 3086 5146 conspectui
3133 5074 3285 5129 illius
3331 5074 3440 5129 nisi
3471 5074 3541 5128 ab
3573 5092 3640 5129 eo
3671 5091 3771 5145 ap—

2174 5162 2434 5231 pellatus.
2470 5163 2705 5226 Quando
2733 5169 2923 5217 autem
2957 5164 3189 5233 jubetur
3226 5165 3283 5218 in
3330 5164 3637 5235 capitulum
3677 5181 3771 5216 ve-

2172 5251 2312 5318 nire,
2332 5252 2673 5306 stamineum
2704 5252 2825 5322 ejus
2852 5253 2909 5306 in
2939 5253 3218 5308 auditorio
3248 5269 3281 5307 a
3310 5253 3496 5325 priore
3518 5259 3574 5307 et
3588 5268 3771 5307 came-

561 5385 706 5466 (422)
734 5390 820 5444 Al.
871 5390 1012 5466 _cod._
1046 5405 1169 5466 pro,
1199 5391 1401 5460 Bogas.
1435 5390 1614 5466 _habet_
1641 5389 1847 5466 Boijas,
1886 5393 1959 5466 id_
1980 5397 2077 5466 est,
2164 5393 2370 5466 liarum
2405 5410 2588 5466 regno
2618 5394 2841 5466 mitior
2865 5395 3013 5449 facta
3057 5396 3130 5449 sit
3177 5395 3627 5466 delinquentium
3656 5411 3769 5466 pae—

483 5462 1067 5539 conipedes,_vincula.
1126 5462 1332 5539 Carcer
1382 5462 1524 5515 adeo
1583 5462 1781 5539 durus
1810 5462 2081 5532 Stephani
2164 5480 2263 5539 na1
2278 5464 2369 5539 ADe
2400 5462 2510 5537 quo
2540 5464 2668 5522 vide
2696 5465 2889 5538 Steph,
2922 5466 3135 5525 Baluzii
3162 5474 3281 5526 not.
3312 5462 3384 5524 ad
3426 5465 3596 5539 capit.

482 5528 727 5603 archiep.
770 5529 1032 5603 Tolosam
1063 5532 1480 5587 miserationem
1514 5532 1808 5603 permovit,
1842 5528 2081 5588 ut_anno
2166 5532 2323 5592 1088.

486 5595 639 5664 1350,
671 5595 766 5653 die
793 5598 885 5656 27.
917 5602 1171 5658 Januarii
1196 5604 1360 5673 jussu
1400 5595 1549 5676 regis
1578 5605 1637 5659 in
1666 5595 1932 5660 universo
1954 5605 2082 5660 Gal-
