3934 6380
148 385 286 446 1049

1185 383 1606 441 CONSTITUT.
1648 386 1988 467 HIRSAUQ.
2032 419 2095 432 —-
2134 389 2273 446 LIB.
2312 389 2383 444 ΙΙ.

3275 383 3419 442 1050

138 512 315 580 rario,
359 510 457 582 qui
510 527 640 569 eum
704 509 1004 577 adducent,
1052 508 1345 576 dissuitur,
1396 509 1736 582 renibusque
1754 514 1806 574 A
1824 515 2056 571 missam
2106 513 2178 569 ad
2217 516 2469 568 sanctam
2496 510 2757 579 Mariam,
2787 510 2874 566 vel
2898 511 3146 576 interim,
3173 510 3308 565 dum
3337 508 3417 564 ibi

142 606 527 671 competenter
557 599 956 664 circumdatur,
990 598 1181 669 sicque
1204 598 1319 652 alia
1342 604 1495 654 veste
1514 616 1628 663 sua
1651 599 1740 654 in-

142 689 354 756 duitur,
389 695 454 744 ut
500 689 550 744 si
593 690 738 743 forte
777 692 1119 743 reservatum
1162 686 1434 758 judicium
1474 687 1743 759 jubeatur

143 778 415 851 accipere,
439 778 562 834 sine
583 793 744 832 mora
765 777 940 849 possit
968 775 1216 831 obedire.

759 865 1002 921 CAPUT
1032 866 1128 920 XI.

428 958 502 1010 De
526 957 866 1025 promotione
893 956 1146 1022 fratrum
1169 956 1228 1007 in
1243 955 1454 1009 ordine.

215 1047 238 1069 ¹
268 1043 568 1116 Proprium
598 1049 687 1099 est
707 1042 898 1098 domui
924 1040 1142 1097 abbatis
1173 1043 1481 1097 secundum
1514 1048 1743 1098 senten-

142 1133 285 1188 tiam
321 1133 378 1188 S.
427 1132 714 1187 Benedicti
752 1134 917 1202 (Reg.,
961 1147 1010 1184 c.
1059 1129 1147 1199 63)
1188 1130 1391 1185 fratres
1437 1131 1497 1185 in
1549 1132 1743 1186 ordine

142 1234 505 1292 promovere:
527 1238 650 1291 quae
679 1220 936 1274 videlicet
962 1218 1241 1290 promotio
1277 1224 1365 1273 est
1400 1220 1740 1290 hujusmodi.

145 1310 206 1367 Si
233 1315 466 1382 prepter
489 1309 736 1380 aliquam
761 1308 1153 1363 rationabilem
1179 1324 1407 1363 causam
1437 1308 1745 1380 quemlibet

145 1415 476 1453 conversum
503 1399 562 1453 in
607 1397 803 1453 ordine
830 1396 1187 1469 promoverit,
1219 1398 1309 1451 hic
1336 1397 1543 1469 ubique
1580 1398 1741 1453 illum

147 1487 405 1542 ordinem
435 1492 641 1553 servat,
672 1492 900 1557 excepto
930 1486 1079 1556 quod
1118 1486 1176 1539 in
1207 1487 1440 1540 ecclesia
1470 1486 1618 1540 inter
1644 1488 1735 1541 lit-

141 1582 356 1631 teratos
378 1592 494 1630 non
522 1581 655 1630 stat.
685 1575 837 1630 Nulli
869 1574 1018 1629 enim
1057 1574 1127 1628 de
1169 1574 1451 1629 conversis
1485 1575 1564 1629 ibi
1591 1576 1739 1630 inter

141 1665 423 1719 litteratos
450 1665 636 1718 locum
666 1663 921 1718 concedit
955 1662 1065 1716 nisi
1102 1668 1217 1716 tam
1256 1661 1416 1717 bonae
1444 1679 1740 1717 conversa-

1822 605 2065 669 canitur,
2081 602 2423 675 supervenit,
2447 600 2590 655 liber
2618 605 2746 671 post
2771 599 3131 670 Evangelium
3161 600 3233 654 ad
3253 615 3416 654 oscu-

1822 693 2053 747 landum
2081 692 2134 747 ei
2161 691 2430 755 defertur,
2463 695 2522 744 et
2560 705 2666 759 pax
2692 689 2879 743 datur.
2913 688 3013 753 lbi,
3046 688 3133 742 vel
3169 686 3421 742 ubicum-

1825 799 1935 851 que
1961 782 2189 835 missam
2219 780 2398 849 audit,
2417 778 2696 843 sacerdos,
2727 777 2842 832 sive
2870 770 3144 831 diaconus
3171 775 3422 845 Evange-

1825 870 1961 925 lium
1990 871 2258 938 lecturus,
2310 885 2372 923 se
2418 868 2491 922 ad
2526 883 2656 922 eum
2685 882 2788 938 pro
2814 865 3203 921 benedictione
3225 865 3418 933 vertit,

1824 959 1930 1014 nisi
1961 960 2129 1029 longe
2165 962 2415 1013 remotus
2432 957 2524 1011 sit.

1900 1049 2015 1102 Hoc
2041 1049 2100 1102 in
2130 1047 2249 1118 ejus
2275 1049 2554 1118 potestate
2582 1049 2686 1106 est,
2716 1059 3128 1116 quemcumque
3156 1042 3418 1099 abbatem

1823 1136 1953 1191 talis
1977 1137 2105 1200 loci,
2146 1136 2242 1207 qui
2288 1151 2354 1189 ex
2400 1139 2519 1189 toto
2563 1133 2924 1205 proprietatis
2954 1133 3082 1202 jure
3119 1132 3417 1203 principali

1826 1226 1947 1279 loco
1976 1231 2063 1279 est
2091 1224 2366 1290 subditus,
2412 1223 2460 1277 si
2507 1239 2733 1277 necesse
2776 1227 2883 1288 est,
2933 1222 3248 1293 deponere;
3284 1220 3420 1291 quia

1826 1330 1895 1368 ea
1925 1313 2291 1384 promotionis
2323 1312 2614 1367 occasione
2642 1310 2973 1365 obedientize
3000 1310 3273 1381 professio
3302 1324 3416 1363 non

1825 1407 2145 1470 evacuatur,
2178 1417 2282 1456 nec
2304 1402 2504 1471 jugum
2537 1399 2901 1470 subjectionis
2941 1398 3236 1456 excutitur.
3263 1397 3415 1453 Talis

1824 1495 2013 1544 autem
2055 1488 2420 1561 depositionis
2459 1488 2568 1543 erit
2619 1488 2841 1542 modus.
2891 1487 2950 1540 Si
3008 1486 3321 1556 irreligiose
3358 1490 3418 1540 et

1822 1595 1935 1633 non
1964 1579 2271 1634 secundum
2300 1578 2554 1633 ordinem
2573 1581 2828 1631 nostrum
2859 1575 3074 1642 vixerit,
3097 1579 3154 1629 et
3176 1591 3277 1645 pro
3310 1574 3417 1628 hoc

1821 1684 1948 1722 cum
1979 1668 2132 1722 omni
2170 1667 2492 1722 humilitate
2530 1683 2564 1720 a
2604 1664 2921 1721 senioribus
2947 1664 3067 1718 suis
3100 1663 3186 1718 bis
3214 1664 3302 1718 vel
3329 1668 3418 1717 ter

137 1753 353 1807 tionem
391 1757 448 1807 et
490 1757 609 1807 tam
660 1757 929 1823 provectae
961 1750 1142 1805 aetatis
1181 1750 1367 1814 fuerit,
1401 1756 1740 1822 cautumque
1763 1751 2199 1810 Bcommonitus
2241 1753 2634 1825 incorrigibilis
2679 1752 2946 1819 extiterit,
2975 1756 3111 1806 tunc
3149 1751 3221 1806 ad
3262 1750 3420 1805 dom-

136 1842 420 1907 didicerit,
451 1845 516 1896 ut
554 1842 821 1913 psalmos,
873 1840 1113 1911 hymnos
1161 1843 1220 1893 et
1246 1839 1601 1910 responsoria
1630 1841 1738 1895 rite

136 1930 403 2000 psallere,
434 1928 843 1999 lectionemque
869 1928 1056 1999 legere
1084 1928 1320 1983 noverit.
1354 1929 1517 1982 Hunc
1543 1929 1733 1995 talem,

135 2018 189 2073 si
210 2018 452 2084 videtur,
462 2017 738 2089 permittit
760 2017 819 2071 in
845 2017 1041 2071 eodem
1061 2016 1258 2071 ordine
1273 2021 1443 2082 stare,
1470 2017 1531 2071 in
1545 2018 1735 2083 choro,

138 2123 312 2178 quem
340 2113 398 2161 et
425 2107 484 2161 in
511 2106 754 2178 capitulo
784 2105 976 2172 habet,
998 2123 1062 2160 ac
1087 2106 1148 2160 in
1172 2106 1486 2173 refectorie.
1502 2105 1737 2169 Quando

134 2201 329 2250 autem
366 2196 571 2266 aliquis
613 2201 988 2267 promovetur,
1033 2211 1119 2254 eo.
1168 2195 1419 2266 inquam,
1460 2199 1738 2266 praesente

132 2285 296 2354 cujus
326 2289 497 2338 antea
542 2283 750 2337 ibidem
782 2284 920 2337 ordo
969 2283 1111 2347 fuit;
1154 2282 1203 2337 is
1228 2283 1454 2354 quidem
1482 2299 1738 2337 reversus

131 2389 235 2427 suo
265 2372 391 2426 loco
419 2388 531 2426 non
563 2372 815 2443 privatur
841 2394 853 2427 :
885 2372 993 2425 nisi
1019 2372 1261 2426 domnus
1290 2371 1463 2426 abbas
1493 2388 1619 2426 eum
1651 2372 1738 2425 di-

132 2461 214 2514 cit
248 2478 260 2512 :
280 2465 453 2529 jus-ta
483 2463 651 2514 illum
680 2461 857 2514 sedere
888 2479 904 2513 :
935 2460 1243 2531 subjungat
1269 2464 1333 2515 in
1364 2462 1617 2514 omnibus
1659 2463 1739 2514 lo-

135 2553 231 2603 cis.
269 2550 327 2603 Si
356 2566 490 2603 vero
528 2565 773 2620 praesens
797 2555 902 2617 est,
925 2549 1020 2619 qui
1038 2550 1195 2620 prius
1224 2549 1337 2602 illic
1358 2549 1615 2603 ordinem
1648 2549 1741 2603 ha-

134 2637 278 2703 buit,
310 2638 411 2693 sed
458 2638 518 2692 in
565 2638 677 2692 alia
706 2643 868 2709 parte
899 2637 1129 2709 capituli
1159 2644 1293 2693 tunc
1332 2638 1505 2702 sedet,
1548 2645 1743 2709 postea

136 2743 321 2800 nuper
346 2732 609 2800 promoto
636 2725 868 2782 inferior
887 2727 1021 2784 erit.

749 2815 983 2870 CAPUT
1011 2816 1137 2870 XII.

598 2907 733 2959 Item
762 2907 826 2960 de
853 2906 1052 2959 domno
1081 2906 1291 2958 abbate.

215 2995 351 3063 tuo.)
369 2992 702 3064 Ubicunque
729 2994 1045 3064 contigerit,
1078 2998 1144 3047 ut
1174 2993 1568 3064 colloquantur
1584 2991 1740 3045 dom-

1820 1860 1954 1899 num
1986 1843 2245 1898 abbatem
2277 1860 2367 1898 res
2395 1842 2747 1914 respicit;ita
2765 1846 2848 1904 ut,
2866 1841 3000 1895 dum
3028 1840 3275 1911 primum
3295 1838 3418 1893 fieri

1820 1938 2024 2003 potest,
2055 1938 2155 1987 aut
2190 1931 2309 2003 ipse
2354 1931 2424 1985 ad
2461 1931 2609 1996 illos,
2641 1935 2742 1985 aut
2769 1930 2852 1984 illi
2886 1928 2959 1983 ad
2983 1928 3168 2000 ipsum
3196 1927 3418 1982 invitati

1821 2023 2064 2089 veniant,
2096 2025 2373 2092 quatenus
2408 2019 2540 2074 talis
2583 2018 2894 2090 pertinacia
2921 2033 3111 2071 coram
3139 2016 3261 2087 ipso
3291 2031 3419 2086 pro-

1822 2111 2114 2177 clametur,
2142 2126 2207 2164 ac
2235 2108 2543 2163 secundum
2567 2107 2715 2178 quod
2734 2107 2878 2160 ratio
2906 2105 3277 2177 postulat,res
3294 2104 3419 2174 ipsa

1822 2199 2196 2254 communiter
2238 2198 2490 2252 discussa
2536 2195 2853 2250 dirimatur.
2885 2196 2935 2249 Α
2971 2210 3081 2265 quo
3106 2193 3277 2248 etiam
3307 2191 3420 2263 pri-

1821 2300 1978 2341 mum
2024 2283 2266 2338 discrete
2314 2289 2656 2355 paterneque
2699 2281 2785 2335 bis
2827 2280 2915 2334 vel
2955 2284 3045 2333 ter
3092 2277 3415 2332 admonitus

1821 2372 2071 2427 adhibita
2100 2389 2322 2443 quoque
2343 2372 2639 2426 severitate
2659 2367 3045 2440 corripiendus
3085 2372 3188 2430 est,
3230 2372 3290 2421 et
3314 2382 3418 2420 nec

1822 2461 1902 2515 sic
1923 2467 2223 2527 correctus,
2260 2466 2398 2515 tunc
2434 2459 2663 2513 demum
2691 2457 3009 2529 deponitur,
3050 2461 3107 2510 et
3133 2456 3190 2509 in
3221 2455 3423 2526 princi-

1822 2551 2006 2620 palem
2038 2550 2224 2603 locum
2255 2548 2541 2612 reductus,
2565 2546 2622 2600 in
2638 2547 2837 2600 ultimo
2866 2546 3154 2609 statuitur,
3189 2549 3247 2599 et
3260 2545 3424 2613 juxta

1825 2639 2054 2692 modum
2102 2639 2278 2708 culpa:
2322 2642 2613 2690 tractatur.
2637 2635 2741 2690 Est
2765 2641 2821 2689 et
2845 2636 2955 2691 alia
2984 2650 3154 2689 causa
3180 2649 3282 2703 pro
3312 2648 3424 2703 qua

1826 2727 1998 2782 etiam
2025 2727 2182 2781 nulla
2209 2732 2498 2798 praeeunte
2534 2723 2970 2778 commonitione
2998 2722 3204 2793 deponi
3231 2720 3421 2788 debet,

1826 2817 1947 2871 sine
1976 2816 2166 2886 aliqua
2193 2815 2567 2884 refragatione
2595 2833 2606 2867 :
2631 2813 2763 2867 side
2785 2812 2972 2882 aliquo
2993 2810 3272 2866 criminali
3289 2826 3421 2881 pec-

1826 2910 1950 2960 cato
1980 2904 2205 2959 infamis
2226 2904 2475 2969 effectus,
2493 2906 2551 2956 et
2576 2902 2632 2956 in
2653 2900 2949 2972 principali
2976 2901 3097 2954 loco
3120 2915 3291 2969 super
3315 2898 3424 2953 hoc

1823 2993 2124 3060 discussus,
2145 3010 2206 3047 se
2232 3008 2496 3047 excusare
2523 2990 2851 3061 nequiverit,
2887 2988 3116 3043 omnino
3136 2988 3419 3058 deponen-

137 3100 246 3139 nus
275 3082 453 3138 abbas
483 3089 541 3137 et
581 3082 788 3154 aliquis
834 3082 1095 3150 fratrum,
1123 3082 1168 3136 si
1216 3082 1392 3137 frater
1435 3087 1632 3136 contra
1682 3084 1930 3154 sendus
1960 3087 2067 3149 est,
2112 3082 2285 3136 etiam
2337 3080 2384 3135 si
2433 3080 2572 3135 alias
2622 3079 2763 3134 bene
2807 3078 3023 3134 vixerit.
3070 3079 3145 3131 At
3193 3076 3241 3130 si
3267 3075 3416 3146 quod

140 3170 583 3227 commotionem
601 3171 724 3242 ejus
745 3170 1001 3236 senserit,
1017 3170 1283 3225 continuo
1293 3169 1353 3224 in
1367 3170 1596 3239 longum
1619 3140 1807 3241 pro-C-
1825 3172 1921 3241 huj
1932 3170 2154 3225 usmodi
2212 3169 2422 3224 crimen
2464 3167 2657 3239 paucis
2694 3166 2999 3222 scientibus
3053 3163 3418 3227 commiserit,

135 3263 352 3313 stratus
380 3257 597 3314 veniam
627 3258 768 3330 petit
794 3277 808 3327 ;
853 3260 875 3282 "
905 3263 1135 3329 excepto
1166 3274 1354 3312 coram
1385 3257 1743 3312 sacularibus

135 3347 714 3402 bominihus.Viderit
741 3352 932 3402 autem
963 3346 1134 3421 abbas
1171 3347 1305 3418 quid
1350 3347 1435 3401 vel
1469 3352 1743 3418 quantum

135 3437 243 3492 sibi
271 3437 466 3504 liceat,
492 3453 565 3491 ne
584 3436 908 3506 hujusmodi
936 3437 1114 3491 sancti
1145 3437 1332 3491 Patris
1363 3437 1542 3491 nostri
1573 3437 1747 3491 Bene-

137 3526 273 3581 dicti
298 3533 485 3580 metas
506 3525 806 3580 transiliat.
843 3539 941 3582 vn.
975 3526 1177 3580 Nullus
1206 3526 1373 3579 etiam
1390 3526 1596 3579 transit
1614 3532 1745 3579 ante

137 3630 272 3671 eum
300 3608 645 3684 ubicumqu‘e
703 3613 778 3668 sit
817 3614 1089 3678 locorum,
1128 3613 1262 3685 quin
1308 3614 1379 3667 ad
1409 3630 1538 3668 eum
1575 3614 1745 3667 altius

137 3702 394 3767 inclinet,
428 3703 452 3725 ί
494 3701 604 3755 nisi
653 3699 984 3756 dormitorio
1023 3705 1080 3754 et
1124 3700 1182 3754 in
1214 3700 1465 3767 ecclesia,
1493 3705 1594 3754 aut
1619 3706 1747 3770 post

136 3790 601 3846 communionem
628 3790 699 3843 ad
725 3789 918 3844 vinum
955 3795 1143 3854 eunte,
1177 3795 1234 3843 et
1261 3788 1601 3843 subdiacono
1630 3794 1746 3842 tex-

138 3885 262 3934 tum
294 3878 587 3949 Evangelii
615 3877 1060 3933 circumferente.
1104 3877 1451 3948 Quicumque
1471 3882 1660 3931 autem
1693 3878 1745 3931 ei

136 3966 468 4037 obviaverit,
505 3966 598 4022 hic
645 3966 886 4021 multum
945 3966 1167 4021 inclinis
1224 3971 1356 4032 stat,
1401 3966 1577 4020 donec
1623 3966 1744 4036 ipse

140 4061 520 4128 pertranseat.
540 4072 628 4110 un.
656 4056 720 4110 1n
751 4055 982 4110 ecclesia
1004 4055 1153 4109 infra
1179 4055 1338 4109 illum
1368 4059 1481 4109 stat
1512 4055 1629 4126 ipse
1652 4071 1744 4108 sa-

141 4146 337 4201 cerdos
367 4144 499 4199 alba
528 4144 691 4207 stola,
721 4144 808 4198 vel
839 4144 1008 4198 etiam
1039 4159 1217 4214 cappa
1236 4142 1484 4198 indutus.
1506 4144 1590 4197 Ad
1623 4160 1748 4215 pro-

141 4235 456 4290 cessionem
484 4233 544 4286 in
573 4233 885 4299 Dominica,
912 4239 1044 4288 ante
1073 4232 1288 4287 albatos
1324 4233 1610 4299 incedens,
1641 4232 1748 4286 vir-

139 4340 270 4394 gam
295 4321 643 4394 pastoralem
680 4325 887 4390 portat,
923 4319 1070 4391 quod
1091 4326 1149 4374 et
1184 4321 1244 4374 in
1269 4320 1423 4374 omni
1448 4319 1745 4374 duodecim

137 4416 443 4471 lectionum
493 4413 867 4485 processione,
909 4414 1000 4468 cui
1046 4413 1305 4479 interest,
1346 4413 1620 4468 observat.
1658 4413 1746 4468 Ad

1826 3261 1924 3314 sed
1957 3276 2024 3314 ex
2061 3258 2261 3313 intimo
2299 3258 2465 3312 corde
2498 3262 2883 3329 compunctus,
2906 3255 3183 3327 pcenitens
3212 3258 3270 3308 et
3293 3268 3422 3307 con-

1825 3349 2004 3404 fessus
2040 3347 2490 3402 emendationem
2521 3345 2905 3418 speponderit,
2936 3361 3051 3399 non
3079 3342 3418 3414 deponitur;

1826 3439 1874 3492 si
1929 3443 2120 3493 tamen
2179 3437 2319 3491 alias
2382 3435 2678 3490 honestam
2742 3451 2809 3490 ac
2875 3433 3200 3504 religiosam
3246 3431 3421 3486 vitam

1827 3527 2004 3583 duxit.
2654 3514 2659 3518 ’

1894 3618 2015 3688 (un.
2066 3622 2207 3678 vari)
2255 3614 2323 3669 In
2364 3620 2659 3680 conventu,
2700 3613 2748 3667 si
2775 3613 3015 3667 domnus
3043 3610 3216 3666 abbas
3246 3626 3426 3681 cappa

1826 3705 2026 3770 utitur,
2060 3703 2509 3774 reprehenditur,
2554 3702 2769 3756 clericis
2804 3707 2861 3755 et
2886 3699 3196 3771 peregrinis
3225 3714 3424 3753 mona-

1829 3792 1966 3859 chis,
1998 3794 2091 3864 qui
2126 3794 2205 3847 ita
2230 3793 2445 3847 vadunt
2471 3791 2687 3863 pedites
2715 3790 3005 3845 nobiscum
3040 3789 3099 3842 in
3130 3786 3424 3842 refectorio

1826 3880 2233 3945 commissuris,
2274 3880 2394 3952 ipse
2430 3895 2636 3952 aquam
2675 3878 2746 3932 ad
2784 3893 2986 3931 manus
3021 3874 3325 3942 ministrat,
3365 3879 3424 3929 et

1826 3977 2055 4042 propter
2083 3971 2188 4025 hoc
2208 3969 2599 4024 refectorarius
2630 3983 2851 4038 semper
2878 3966 2934 4020 in
2957 3969 3222 4036 promptu
3250 3962 3423 4018 habet

1826 4059 2057 4114 baccina
2086 4065 2143 4113 et
2174 4058 2611 4128 manutergium,
2643 4058 2711 4111 de
2740 4055 2942 4127 quibus
2973 4059 3029 4109 et
3056 4053 3164 4124 ipsi
3207 4052 3418 4119 abbati,

1828 4165 1956 4203 cum
2012 4165 2157 4219 opus
2220 4146 2407 4213 fuerit,
2453 4146 2696 4202 servitur
2726 4164 2737 4200 :
2773 4151 2831 4200 et
2877 4145 3018 4199 tales
3074 4158 3298 4213 semper
3347 4140 3421 4194 ad

1829 4254 2081 4292 mensam
2117 4236 2483 4308 principalem
2534 4235 2749 4289 sedent.
2800 4234 3014 4299 Quibus
3051 4231 3245 4298 etiam,
3276 4230 3422 4284 sicut

1829 4326 2035 4380 domno
2063 4325 2253 4380 abbati
2283 4325 2458 4378 libere
2489 4324 2749 4389 servitur,
2783 4328 3012 4393 excepto
3044 4320 3193 4393 quod
3222 4320 3275 4374 ei
3305 4318 3422 4374 sin-

1829 4415 2104 4484 gulariter
2152 4423 2209 4468 et
2255 4413 2477 4484 saepius,
2510 4429 2678 4484 quam
2718 4412 2828 4467 illis
2878 4411 3135 4484 quaedam
3179 4406 3424 4465 admini-

135 4504 283 4559 hanc
312 4510 530 4570 autem,
562 4520 683 4575 qua
711 4503 771 4558 in
791 4502 935 4558 albis
960 4502 1166 4573 agitur,
1197 4502 1315 4574 ipse
1348 4519 1527 4574 cappa
1545 4502 1744 4569 utitur,
1762 4498 1812 4556 D
1832 4509 2103 4560 strentur.

139 4609 316 4664 quam
354 4598 551 4647 tamen
593 4591 748 4646 exuit
791 4590 938 4646 facta
964 4591 1336 4662 processione.
1381 4592 1440 4646 Si
1473 4592 1745 4660 majorem

134 4681 370 4735 missam
398 4679 521 4733 vult
546 4678 856 4747 celebrare,
886 4685 1022 4733 tunc
1065 4679 1267 4733 stolam
1309 4695 1439 4733 cum
1482 4678 1682 4733 fanone
1712 4695 1747 4732 a

135 4770 382 4824 sacrista
420 4766 528 4822 sibi
567 4767 795 4821 allatam
825 4767 1086 4831 induens,
1120 4768 1358 4839 ipsemet
1388 4767 1617 4821 tertiam
1644 4768 1748 4822 im-

132 4858 314 4930 ponit,
348 4872 528 4928 eaque
557 4856 718 4910 ﬁnita
761 4855 820 4910 in
860 4855 1117 4911 sacristia
1145 4857 1393 4910 casulam
1425 4855 1628 4912 induit.
1660 4858 1747 4912 Ad

134 4946 307 5018 hujus
368 4945 554 4999 missae
594 4945 1006 5016 processionem
1035 4950 1224 5016 portat
1258 4944 1526 4999 diaconus
1554 4946 1750 5001 missa-

136 5035 250 5090 lem
294 5034 506 5089 librum
559 5033 633 5088 ad
682 5033 880 5088 altare.
930 5034 1081 5088 Sella
1127 5035 1248 5104 ejus
1286 5036 1449 5105 juxta
1487 5034 1748 5089 dextrum

140 5124 399 5195 ejusdem
431 5112 627 5177 altaris
648 5139 821 5177 cornu
855 5122 937 5176 ita
965 5128 1052 5177 est
1076 5123 1279 5194 posita,
1313 5128 1379 5177 ut
1404 5123 1575 5177 facies
1595 5124 1749 5179 illius

144 5213 217 5267 ad
237 5213 476 5267 chorum
505 5211 582 5265 sit
600 5228 780 5265 versa.
806 5214 881 5265 At
906 5212 954 5266 si
994 5212 1232 5282 ipsemet
1266 5212 1499 5266 missam
1520 5219 1750 5280 cantare

143 5301 404 5369 voluerit,
438 5316 616 5371 cappa
655 5316 768 5354 una
808 5301 879 5355 de
925 5300 1013 5355 his
1057 5317 1180 5372 quae
1227 5305 1361 5355 sunt
1405 5301 1636 5355 armarii
1683 5301 1754 5356 ab

148 5390 346 5445 eodem
406 5388 492 5443 illi
549 5389 818 5456 defertur,
858 5393 923 5444 ut
976 5405 1080 5460 per
1128 5406 1260 5444 eum
1311 5390 1515 5445 chorus
1566 5395 1756 5446 tenea-

149 5486 265 5534 tur.

225 5567 283 5623 Si
311 5584 440 5623 cum
470 5567 727 5638 episcopo
750 5566 837 5620 vel
869 5565 1071 5622 abbate
1092 5567 1311 5638 uspiam
1339 5572 1507 5622 noctu
1522 5567 1748 5635 incedit,

153 5657 332 5729 ipsius
358 5662 585 5713 tantum
616 5656 842 5714 lucerna
859 5660 1164 5729 utrumque
1188 5657 1469 5737 praecedit.
1509 5657 1567 5715 Si
1597 5657 1754 5714 audit

1902 4594 1924 4616 '
1951 4591 2182 4656 Quoties
2211 4591 2279 4644 ad
2304 4591 2568 4661 generale
2612 4590 2911 4661 prandium
2957 4591 3196 4644 fratrum
3232 4587 3422 4653 fuerit,

1829 4682 1970 4735 duas
1998 4680 2170 4734 libras
2195 4680 2355 4751 panis
2371 4686 2503 4734 ante
2522 4696 2581 4734 se
2601 4679 3076 4751 invenit,quarum
3105 4695 3277 4733 unam
3297 4693 3425 4731 cum

1830 4770 2062 4824 scutella
2082 4769 2319 4838 alicujus
2338 4768 2509 4824 edulii
2535 4769 2867 4840 plena,quas
2879 4768 3054 4823 frater
3075 4767 3153 4822 illi
3174 4766 3427 4821 serviens

1830 4864 1960 4913 ante
2006 4859 2181 4913 frater
2219 4857 2450 4928 colligit,
2497 4858 2686 4912 addito
2724 4863 2782 4912 et
2814 4863 2967 4928 potu,
2998 4857 3166 4912 alicui
3194 4855 3429 4928 pauperi

1831 4948 2055 5003 assidue
2083 4946 2273 5001 mittit.
2303 4945 2453 5017 Ipse,
2483 4945 2530 5000 si
2545 4946 2685 5000 adeo
2708 4945 3006 5011 invalidus,
3035 4950 3100 4999 ut
3123 4952 3254 5000 ante
3275 4961 3428 4999 men-

1831 5054 1951 5091 sam
1980 5042 2110 5091 ante
2152 5040 2210 5090 et
2260 5040 2412 5089 retro
2458 5050 2571 5088 non
2612 5034 2825 5101 fecerit,
2869 5034 3113 5106 priorem
3142 5036 3227 5089 vel
3251 5035 3427 5090 alium

1831 5127 2065 5181 fratrem
2096 5124 2318 5196 pulsare
2339 5124 2551 5178 scillam
2572 5123 2725 5190 facit,
2751 5129 2807 5177 et
2833 5140 3012 5194 usque
3038 5123 3173 5177 dum
3203 5129 3428 5195 tempus

1833 5216 1907 5270 sit
1953 5214 2174 5268 dicendi
2218 5215 2538 5279 Benedicile,
2580 5212 2767 5278 sedet;
2816 5212 2965 5282 quod
2994 5211 3114 5282 ipse
3141 5220 3334 5266 tamen
3364 5230 3432 5267 ea

1836 5301 1952 5356 vice
1977 5301 2193 5371 primus
2230 5300 2443 5370 incipit.
2485 5300 2645 5365 Quod
2674 5299 2721 5353 si
2757 5298 2907 5353 inter
2931 5299 3232 5368 legendum
3257 5300 3430 5353 talem

1836 5390 2084 5445 sonitum
2114 5388 2326 5455 fecerit,
2370 5389 2467 5460 qui
2508 5389 2710 5459 dignus
2753 5387 2828 5442 sit
2867 5387 3048 5454 venia,
3084 5388 3430 5458 assurgendo

1836 5484 2033 5534 contra
2049 5484 2381 5533 conventum
2408 5478 2724 5546 inclinat,et
2742 5482 3047 5533 conventus
3064 5482 3261 5531 contra
3275 5492 3427 5534 eum.

1835 5569 1895 5624 Si
1916 5574 2103 5624 autem
2155 5568 2268 5622 tale
2307 5567 2442 5639 quid
2489 5568 2749 5623 effuderit
2792 5567 2967 5622 frater
3013 5566 3120 5621 sibi
3156 5566 3425 5633 serviens,

1833 5657 2052 5712 veniam
2073 5657 2233 5729 petit.
2267 5657 2375 5721 Qui
2404 5656 2575 5712 etiam
2614 5657 2788 5712 frater
2831 5657 3120 5728 signorum
3157 5655 3239 5711 ita
3265 5655 3433 5711 debet
