3934 6360
534 332 676 399 4651
1559 357 1616 413 S.
1659 356 2051 421 GUILLELMI
2090 364 2394 424 ABBATIS
2433 368 2773 425 HIRSAUG.
3665 369 3794 430 ἴοδῖ

534 474 660 557 esse
686 463 856 557 scius,
987 471 1263 543 quidquid
1281 475 1523 534 domnus
1551 482 1695 539 abba
1725 504 1827 557 pro
1859 491 2196 555 charitateA

736 553 855 651 vult
882 554 1227 651 ini-pendere,
1262 580 1365 633 per
1393 568 1540 624 hunc
1576 548 1929 632 solummodo
1959 581 2135 651 signis

535 639 715 707 pessit
741 639 1105 701 facereldem
1125 649 1300 705 frater
1319 655 1389 709 ad
1412 657 1516 710 hoc
1536 661 1778 716 ofﬁcium
1805 639 2128 737 deputatus,
2218 639 2385 675 gmw
2406 639 2453 656 ω
2471 639 2659 658 ww,”
2687 639 3049 729 "abiit-Jun.”
3074 639 3321 729 comedit:

533 730 705 834 satiate
732 733 1079 834 etmoribus
1096 738 1279 834 debet
1303 758 1424 797 esse
1452 755 1761 816 provectus.
1799 754 1857 807 Si
1877 730 2029 826 quid
2060 730 2133 812 ad
2287 764 2308 787 *
2335 763 2792 834 Quotiescunque
2811 761 3050 817 domnus
3072 762 3217 816 abba
3238 764 3295 817 in
3311 764 3447 819 cella
3469 765 3797 820 novitiorum

537 817 906 924 inﬁirmariam
935 823 1127 891 mittit,
1149 830 1216 881 ad
1238 846 1483 900 praesens
1513 837 1824 895 inﬁrmario
1854 844 1922 896 ab
1935 847 2130 901 eodem
2213 852 2478 918 comedit,
2509 871 2574 907 ex
2619 853 3022 906 consuetudine
3055 852 3399 919 cellerarius,
3449 852 3534 908 vel
3586 856 3801 924 adjutor

536 902 719 1012 fratre)
749 908 934 1012 datur,
956 919 1022 1012 ut
1042 931 1149 1012 per
1176 934 1303 1012 eum
1336 922 1468 977 illuc
1494 927 1942 987 atferatur.Solet
1961 936 2128 989 etiam
2214 902 2840 1010 eju‘s'illiservitLectio
2859 957 3023 1012 quam
3040 941 3187 995 inter
3206 902 3612 996 comedendum
3639 902 3803 998 liabet

535 995 821 1100 iam!”de
861 998 1053 1100 leptori
1104 1008 1429 1100 caeterisque
1478 1014 1750 1071 ministris
1798 1020 2130 1078 cliaritatem
2218 995 2263 1081 ac
2281 1030 2589 1099 capellanis
2633 995 3003 1100 legiturjsed
3041 1028 3258 1084 diverso
3289 1031 3490 1084 modo:
3521 1046 3652 1085 nam
3683 1049 3802 1085 cum

539 1097 642 1189 ξξθτ
655 1086 1134 1189 θυηάθωῖνθίτθξη
1148 1093 1520 1189 facer9,quam
1543 1103 1637 1157 ille
1656 1105 1714 1159 in
1731 1107 1839 1161 ﬁne
1860 1110 2136 1181 principa-
2214 1086 2404 1171 nullus
2433 1135 2626 1172 eorum
2656 1086 2775 1172 siUne
2799 1086 2960 1187 jussu
2999 1119 3150 1172 illius
3187 1118 3394 1179 ibidem
3423 1119 3698 1189 comedat,
3738 1120 3802 1174 ab

536 1170 606 1279 ξιξ
656 1188 864 1279 mensas
910 1181 1234 1249 repositam,
1287 1187 1497 1242 eisdem
1529 1198 1725 1262 postea
1755 1199 2133 1255 reﬁcientibus
2214 1222 2328 1260 uno
2358 1207 2703 1269 eorumdem,
2724 1208 2814 1277 qui
2838 1208 3028 1277 jussus
3049 1207 3161 1260 illic
3181 1207 3444 1272 comedit,
3475 1207 3800 1279 inchoatur;

531 1260 837 1366 άξδῐΐξδωΐ,
888 1272 1059 1366 aliqua
1122 1288 1250 1327 cum
1299 1276 1459 1346 signo
1512 1288 1799 1337 auctorem
1840 1287 2130 1343 charitatis
2211 1296 2308 1349 sed
2340 1295 2410 1349 ab
2440 1296 2627 1366 aliquo
2664 1296 3045 1350 consociorum
3088 1297 3228 1365 ejus,
3262 1295 3331 1349 de
3383 1297 3620 1351 fratrum
3670 1296 3805 1351 refe-

534 1350 790 1454 ejusdem
821 1356 1025 1454 prodit.
1058 1359 1165 1423 Qui
1196 1378 1526 1421 moxversus
1547 1371 1908 1443 principalem
1937 1378 2127 1432 sedem
2209 1384 2393 1438 ctione
2447 1401 2546 1454 per
2588 1385 2873 1438 licentiam
2905 1385 3181 1450 veniente,
3214 1384 3435 1441 ﬁnitur.
3476 1387 3550 1438 At
3588 1385 3635 1439 si
3664 1386 3801 1441 refe-

532 1440 736 1540 ηίᾷυδξίί
763 1441 1038 1499 ίηοῙίηεηῖ
1076 1454 1404 1518 reverentia.
1434 1473 1498 1511 ac
1527 1459 1572 1512 si
1603 1461 1842 1517 domnus
1873 1465 2015 1519 abba
2045 1483 2127 1520 es-
2209 1479 2350 1540 ctus,
2381 1479 2510 1527 ante
2532 1474 2890 1527 refectionem
2921 1473 3112 1527 domui
3137 1472 3354 1527 abbatis
3377 1473 3628 1540 redierit,
3659 1473 3801 1530 idem

532 1531 619 1633 fet
676 1531 736 1587 in
780 1536 1095 1633 praesentia.
1137 1540 1264 1609 Ipse
1300 1543 1471 1598 etiam
1519 1548 1663 1603 sicut
1715 1558 1769 1605 et
1794 1554 2028 1622 quilibet
2055 1557 2123 1611 ad
2206 1531 2475 1633 ipse'eam
2503 1561 2701 1633 incipit
2721 1568 2777 1615 et
2800 1562 2942 1618 ﬁnit.
2968 1561 3368 1616 Potestiisdem
3393 1531 3799 1617 Paterinterim

534 1613 682 1674 hanc
712 1619 914 1722 sedens
938 1624 1151 1679 scillam
1181 1645 1370 1684 coram
1401 1650 1460 1687 se
1479 1638 1814 1705 pendentem
1838 1644 2043 1711 pulsat,
2077 1645 2125 1699 si
2206 1613 2432 1722 aliquod
2477 1613 2707 1705 verbum
2755 1651 3158 1713 aediﬁcationis.
3187 1650 3233 1704 si
3262 1651 3402 1715 vult,
3434 1652 3794 1710 interserere.

530 1707 794 1810 geppra‘le
815 1709 977 1810 solito
1006 1715 1223 1810 tardius
1251 1720 1633 1779 administrari
1654 1730 1990 1785 considerat.
2147 1808 2169 1810 ξ
2208 1707 2339 1793 Ideb
2387 1745 2574 1794 autem
2620 1739 2903 1810 Capellani
2947 1755 3073 1793 cum
3122 1737 3218 1792 illo
3262 1754 3411 1805 raro,
3458 1746 3515 1793 et
3545 1755 3660 1793 non
3690 1741 3793 1794 nisi

602 1790 801 1898 Finita.
844 1798 1144 1856 refectione
1182 1811 1239 1858 et
1275 1819 1549 1867 conventu
1587 1822 1842 1884 exeunte,
1876 1836 2021 1875 unus
2060 1808 2347 1897 dijussi
2377 1828 2653 1891 reﬁciunt,
2680 1829 2812 1898 quia
2840 1827 3137 1881 debiliores
3157 1828 3361 1881 fratres
3396 1829 3706 1898 saepissime
3733 1828 3799 1882 ab

531 1881 835 1976 capellanis
854 1896 1241 1986 exspectatme
1271 1896 1414 1952 forte
1429 1896 1578 1955 inter
1595 1906 1841 1960 eundum
1873 1911 1941 1963 ad
1959 1913 2127 1966 eccle—
2204 1881 2273 1969 eo
2302 1916 2482 1970 vocati
2514 1918 2633 1986 ejus
2655 1881 3274 1970 refectioniintersunt:
3308 1932 3546 1986 quorum
3568 1918 3801 1985 justitize

531 1982 673 2075 siam
694 1975 1012 2075 pro'aliqua
1039 1984 1374 2040 necessitate
1403 1987 1553 2043 solus
1576 1992 1834 2049 divertat.
1862 1997 2122 2061 Quandiu
2207 2022 2240 2059 a
2290 2005 2669 2070 refectorario,
2719 2011 2776 2059 et
2826 2007 2950 2075 ejus
2992 2005 3375 2059 admonitione
3422 2022 3633 2059 mensae
3673 2023 3797 2061 cum

529 2071 590 2167 1p
618 2057 786 2158 demo
804 2062 1157 2123 inﬁrmorum
1185 2083 1468 2143 repausat,
1495 2080 1633 2134 nulli
1654 2082 2121 2157 lnterestproces-
2203 2095 2546 2149 mensalibus
2568 2094 2638 2148 ab
2662 2094 2974 2148 inﬁrmario
2994 2094 3127 2148 illuc
3157 2094 3504 2161 deferuntur,
3526 2096 3625 2149 sed
3644 2096 3797 2167 prius

527 2145 693 2210 810m.
731 2166 915 2253 neque
957 2157 1128 2213 ullius
1183 2178 1351 2218 causa
1396 2183 1634 2238 usquam
1682 2175 1915 2242 equitat.
1969 2178 2122 2233 Solet
2202 2197 2314 2235 non
2345 2189 2723 2252 reportentur,
2756 2199 2923 2253 quam
2970 2182 3141 2236 iidem
3181 2182 3383 2237 fratres
3412 2183 3471 2237 in
3502 2185 3793 2240 refectorio

2801 495 3037 551 CAPUT
3064 496 3215 552 XIII.

2218 603 2385 675 Quem
2406 602 2659 658 ordinem
2687 609 2857 658 servet
2885 605 3120 659 domnus
3140 605 3323 667 abbas,
3348 606 3569 673 quando
3590 608 3651 659 in
3672 608 3795 660 cella

533 2251 757 2307 quoque
785 2243 1021 2300 subinde
1047 2249 1116 2302 de
1146 2253 1284 2306 cella
1304 2256 1642 2315 novitiorum
1674 2263 1729 2316 in
1761 2265 2117 2322 refectorium

527 2324 858 2383 charitatem
897 2350 1058 2388 suam
1104 2339 1364 2409 mittere;
1420 2364 1587 2416 quam
1617 2350 1794 2406 frater
1822 2355 2114 2426 recipiens,

526 2423 848 2473 reverenter
869 2420 926 2474 in
959 2430 1090 2479 ante
1117 2427 1365 2486 inclinat.

2201 2272 2506 2326 comessuri
2550 2278 2876 2325 noscuntur.
2933 2272 3079 2325 Nam
3124 2271 3171 2325 si
3202 2279 3328 2344 post
3356 2289 3558 2326 nonam
3593 2273 3796 2329 debent

2198 2360 2407 2425 bibere,
2444 2366 2805 2429 apponuntur
2851 2360 2931 2413 eis
2973 2359 3095 2414 aliae
3124 2360 3182 2413 in
3208 2360 3499 2414 refectorio
3518 2362 3790 2431 justitiaa;

2199 2452 2248 2505 si
2297 2458 2487 2504 tamen
2526 2451 2779 2503 eamdem
2829 2467 3035 2504 nonam
3080 2451 3137 2503 in
3170 2452 3507 2504 monasterio
3538 2457 3788 2515 cantant,

602 2506 1055 2608 (UD.}P0stquani
1086 2533 1193 2570 nox
1218 2520 1418 2589 fuerat,
1441 2531 1700 2594 portatur
1722 2536 1853 2584 ante
1883 2549 2011 2586 eum
2041 2535 2119 2589 la-
2201 2540 2282 2592 vel
2339 2540 2407 2592 ad
2473 2545 2721 2592 sanctam
2774 2540 3008 2593 Mariam
3050 2552 3062 2587 :
3108 2557 3240 2593 nam
3292 2557 3471 2610 neque
3546 2540 3790 2610 aliquam

525 2594 687 2646 terna
716 2601 831 2700 tqm
862 2598 920 2653 in
962 2613 1237 2661 conventu
1277 2627 1444 2680 quam
1476 2621 1631 2669 extra
1655 2628 1988 2676 conventum
2019 2639 2117 2678 us-
2198 2626 2414 2692 horam,
2473 2626 2581 2680 nisi
2647 2644 2682 2680 a
2744 2629 2950 2681 domno
2997 2627 3199 2682 abbate
3239 2628 3404 2700 jussi,
3460 2628 3517 2681 in
3563 2630 3793 2698 praefata

525 2692 633 2787 ςιξιξ
661 2684 981 2787 adlectum.
1155 2698 1250 2765 qui
1280 2705 1484 2779 portat,
1511 2704 1839 2777 obsequitur
1865 2711 1945 2764 illi
1975 2718 2031 2766 et
2045 2714 2115 2768 ad
2198 2717 2340 2771 cella
2390 2684 2591 2770 canere
2641 2722 3015 2787 praesumunt.
3073 2684 3319 2782 Quodvsi
3367 2684 3477 2769 illis
3538 2684 3787 2787 jubetur,

521 2773 902 2876 collocandum
930 2786 987 2835 et
1002 2783 1071 2840 ad
1100 2778 1721 2865 levandum.Nusquam
1739 2799 1857 2853 sine
1877 2801 2115 2859 lectione
2199 2822 2266 2859 ea
2286 2805 2400 2858 vice
2427 2811 2556 2875 post
2586 2821 2792 2858 nonam
2821 2806 3055 2859 licenter
3082 2805 3157 2858 ibi
3186 2804 3404 2859 bibunt.
3440 2805 3789 2876 Quicumque

521 2862 718 2929 reﬁcit,
747 2866 1003 2939 ideoque,
1039 2874 1171 2941 quia
1216 2875 1274 2929 in
1316 2879 1608 2937 refectorio
1638 2900 1749 2940 non
1780 2888 1884 2943 nisi
1913 2897 2013 2945 aut
2043 2895 2112 2947 ad
2197 2900 2386 2948 autem
2417 2894 2549 2947 illuc
2583 2895 2653 2947 ad
2685 2911 2853 2948 unam
2878 2900 3100 2948 tantum
3131 2894 3492 2948 refectionem
3534 2900 3786 2962 vocatur,

518 2965 895 3054 qommunem,
944 2968 1043 3012 aut
1097 2962 1484 3023 ministrorum
1541 2974 1897 3032 refectionem
1948 2981 2112 3037 lectio
2196 3000 2323 3037 mox
2351 3000 2418 3037 ea
2445 2983 2605 3036 ﬁnita
2634 2984 2968 3053 regreditur,
3002 2999 3113 3037 non
3135 2983 3377 3054 amplius
3409 2983 3541 3036 illuc
3571 2983 3787 3037 reditu-

519 3038 686 3143 dePet
713 3044 914 3143 audiri,
959 3047 1007 3100 si
1036 3064 1147 3103 non
1175 3053 1242 3105 ad
1294 3055 1491 3113 harum
1524 3063 1779 3132 alteram,
1821 3083 2288 3143 nunquamnrus
2336 3088 2435 3142 pro
2463 3072 2568 3125 hac
2602 3088 2786 3137 causa,
2835 3073 2941 3126 nisi
2984 3073 3193 3143 jussus.
3249 3072 3383 3126 Post
3430 3068 3786 3126 collationem

517 3131 700 3221 reﬁcit
718 3132 817 3189 ibi,
850 3135 1084 3197 Quando
1114 3143 1273 3196 estin
1304 3146 1525 3215 itinere,
1550 3151 1749 3208 fratres
1778 3131 2110 3214 comitantes
2131 3131 2174 3178 (λ
2194 3131 2490 3213 ΠυΙΙὶἸὶοθὶ
2508 3160 2622 3213 illic
2637 3131 2846 3221 bibere,
2882 3131 3005 3214 nisi.
3021 3160 3163 3214 forte
3184 3160 3351 3214 alicui
3379 3167 3512 3214 tunc
3541 3160 3786 3214 coenanti

703 3222 921 3291 jugiter
939 3226 1238 3285 observant
1256 3232 1428 3299 invia,
1460 3255 1531 3292 ne
1548 3241 1752 3301 desint,
1774 3261 1898 3299 cum
1919 3265 2111 3317 quam-

515 3306 655 3360 libet
675 3306 871 3364 horam
902 3321 1091 3370 cantat
1120 3323 1475 3394 regularem;
1507 3330 1637 3398 quia
1670 3332 1717 3384 si
1754 3334 1878 3403 quis
1913 3306 2106 3391 eorum

518 3394 664 3450 forte
694 3410 806 3452 non
842 3402 1176 3471 interfuerit,
1206 3418 1401 3481 postea
1429 3432 1550 3471 eam
1584 3419 1703 3473 sine
1732 3421 1958 3477 licentia
1987 3427 2105 3494 ejus

517 3500 631 3538 non
660 3489 830 3542 canit.
865 3492 950 3544 Illi
975 3494 1242 3553 nimirum
1274 3504 1469 3557 eodem
1502 3508 1665 3561 modo
1691 3510 1748 3562 in
1779 3511 1978 3567 itinere
1998 3516 2106 3569 sic-

514 3578 579 3626 ut
611 3575 669 3630 in
716 3578 959 3634 claustro
983 3599 1112 3637 suas
1141 3585 1374 3644 invicem
1414 3595 1784 3665 negligentias
1811 3601 2109 3672 diligenter

512 3669 745 3763 notant;
769 3674 938 3739 atque
960 3671 1017 3725 in
1047 3676 1288 3757 capitulo
1310 3683 1457 3751 quod
1474 3684 1714 3739 domnus
1735 3688 1876 3743 abba
1901 3669 2106 3763 ubique

512 3752 780 3821 locorum,
804 3767 971 3828 prout
995 3754 1372 3835 com-petentia
1399 3771 1672 3840 docuerit,
1715 3794 1841 3831 cum
1873 3779 1982 3834 illis
2003 3752 2108 3835 lia-

514 3841 643 3935 bere
665 3850 869 3915 potest,
887 3851 1218 3922 simpliciter
1239 3858 1565 3915 reclamant.
1589 3862 1655 3917 In
1681 3867 1804 3935 ejus
1834 3869 2103 3925 comitatu

509 3931 698 3987 nullus
739 3952 969 3992 suorum
1025 3941 1081 3994 in
1135 3946 1307 3999 armis
1361 3931 1860 4010 militaribus'esse
1917 3957 2100 4014 debet.

511 4020 792 4111 Quamdiu
821 4034 903 4081 est
930 4028 988 4081 in
1018 4030 1573 4101 itinere,mandatum
1607 4044 1753 4111 quod
1793 4044 1850 4097 in
1872 4045 2102 4101 sabbato

507 4110 713 4179 agitur.
757 4121 925 4183 prout
960 4123 1226 4188 potuerit,
1259 4124 1533 4195 imitatur,
1562 4110 1814 4186 videlicet
1838 4135 2005 4204 pedes
2039 4155 2104 4191 ac

507 4214 710 4253 manus
748 4204 1003 4273 lavando,
1049 4214 1106 4261 et
1146 4211 1478 4269 charitatem
1527 4217 1786 4274 bibendo.
1833 4223 2103 4279 Similiter

505 4286 638 4341 facit
664 4290 711 4342 si
736 4291 795 4344 in
834 4299 1176 4351 monasterio
1214 4303 1526 4359 consistens
1558 4307 1798 4363 fratrum
1832 4314 2099 4368 mandato

505 4391 620 4429 non
648 4378 985 4449 interfuerit,
1022 4388 1169 4455 quod
1204 4394 1395 4446 tamen
1425 4411 1715 4467 nunquam
1746 4399 1852 4453 nisi
1881 4418 1981 4471 pro
2008 4404 2097 4457 in-

506 4464 750 4519 evitabili
780 4473 1113 4528 necessitate
1138 4476 1396 4537 dimittit.

578 4554 725 4625 (UD.)
756 4558 992 4614 Romam
1022 4565 1300 4633 profectus
1328 4570 1414 4624 vel
1442 4571 1641 4626 alicubi
1677 4592 1779 4645 per
1801 4576 2094 4633 dimidium

505 4657 715 4697 annum
766 4655 1035 4718 moratus,
1094 4670 1221 4709 cum
1267 4660 1517 4723 redierit,
1570 4678 1696 4717 cum
1742 4668 2097 4735 processione

503 4733 825 4827 suscipitur,
857 4737 1091 4796 fatribus
1112 4744 1313 4800 albatis
1344 4748 1425 4801 vel
1448 4751 1636 4827 cappis
1660 4733 1999 4821 generaliter
2016 4757 2099 4810 in-

502 4821 668 4877 dutis.
702 4825 812 4880 Pro
841 4828 1164 4899 hujusmodi
1186 4841 1376 4889 autem
1402 4821 1753 4909 susceptione
1783 4842 1947 4898 debet
1966 4852 2096 4899 ante

499 4915 801 4983 prandium
831 4919 1152 4989 advenisse;
1174 4926 1304 4993 quia
1335 4934 1555 4995 oportet
1584 4946 1709 4983 eum
1742 4947 1809 4984 ea
1837 4932 1926 4987 die
1943 4950 2094 4987 com-

501 5004 660 5056 muni
699 5005 937 5061 fratrum
969 5009 1257 5065 refectioni
1300 5013 1590 5083 interesse,
1640 5023 1697 5072 et
1723 5036 1821 5089 pro
1849 5022 1967 5090 ejus
1992 5023 2092 5076 ad-

496 5098 666 5147 ventu
697 5095 862 5149 debet
888 5098 965 5151 ibi
1009 5100 1253 5155 charitas
1283 5104 1446 5157 solito
1474 5106 1694 5176 longior
1721 5125 1861 5163 esse.
1885 5112 1941 5165 Si
1971 5112 2091 5182 ipso

496 5181 588 5235 die
617 5192 1002 5254 competenter
1021 5190 1141 5241 ﬁeri
1161 5198 1361 5260 potest,
1395 5194 1585 5264 aliqua
1603 5198 1846 5266 regulari
1872 5181 2009 5254 hora
2032 5203 2094 5254 ll-

499 5272 639 5337 nita,
672 5276 938 5344 praevenit
977 5294 1173 5333 omnes
1223 5279 1291 5334 de
1338 5284 1568 5337 ecclesia
1611 5287 1876 5352 exituros,
1920 5306 2094 5361 prope

499 5363 663 5432 cujus
691 5365 896 5419 ostium
924 5372 1035 5420 stat
1057 5374 1156 5421 aut
1180 5369 1354 5435 sedet,
1383 5373 1775 5429 assistentibus
1802 5376 2090 5446 fratribus,

501 5451 597 5519 qui
616 5468 805 5506 secum
838 5455 896 5508 in
926 5456 1016 5509 via
1035 5465 1213 5524 erant,
1241 5465 1297 5513 et
1316 5460 1565 5533 singulos
1592 5464 1796 5519 viritim
1828 5480 2093 5523 exeuntes

500 5540 838 5596 osculantur.
884 5546 959 5598 At
998 5546 1045 5599 si
1085 5546 1143 5601 in
1188 5548 1283 5602 illo
1316 5550 1406 5604 die
1436 5552 1558 5606 ﬁeri
1588 5569 1701 5608 non
1729 5556 1893 5622 valet,
1919 5557 1977 5611 in
2003 5574 2091 5613 se-

501 5628 694 5697 quenti
720 5636 850 5699 post
876 5634 1184 5703 capitulum
1213 5639 1325 5693 ﬁet.

2191 3265 2316 3302 cum
2335 3249 2541 3303 domno
2568 3248 2786 3303 abbate.
2807 3250 2966 3314 Quod
2988 3256 3177 3304 tamen
3198 3251 3505 3304 cavendum
3533 3267 3784 3304 summo-

2189 3353 2323 3407 pere
2353 3343 2457 3403 est,
2482 3354 2551 3391 ne
2581 3353 2706 3392 eum
2735 3346 2852 3392 tam
2880 3356 3024 3405 sero,
3060 3339 3168 3393 nisi
3210 3356 3415 3410 magna
3446 3339 3784 3401 necessitate

2189 3432 2442 3495 cogente,
2472 3443 2693 3480 coenare
2726 3428 3030 3497 contingat,
3081 3434 3145 3482 ut
3191 3428 3492 3499 aliquando
3536 3427 3784 3481 collatio-

2189 3529 2316 3567 nem
2350 3516 2938 3586 supersedeat.Nullus
2968 3517 3116 3570 enim
3143 3517 3315 3571 frater
3342 3514 3783 3575 incolumis.nisi

2190 3602 2260 3655 ad
2288 3620 2548 3673 vesperos
2576 3605 2633 3658 in
2665 3604 2908 3659 claustro
2947 3606 3072 3671 erit,
3102 3612 3230 3678 post
3253 3622 3467 3661 ccenam
3494 3605 3782 3660 ministro-

2189 3708 2317 3745 rum
2349 3692 2519 3746 ullius
2549 3694 2630 3746 rei
2652 3694 2836 3764 gratia
2865 3696 3127 3749 comedit.

2261 3780 2496 3835 Praefato
2526 3787 2785 3853 tempore
2809 3783 3081 3852 capellani
3119 3783 3234 3854 qui,
3282 3800 3410 3843 cum
3452 3783 3662 3839 domno
3692 3785 3784 3839 ab-

2189 3866 2317 3922 bate
2342 3887 2454 3924 non
2485 3871 2797 3937 coenabant,
2829 3877 3065 3942 possunt
3106 3890 3231 3927 cum
3271 3872 3496 3932 licentia
3523 3872 3581 3927 in
3616 3873 3782 3928 refec-

2186 3959 2330 4012 torio
2355 3960 2565 4016 bibere.
2592 3959 2737 4014 Illud
2760 3978 2983 4031 quoque
3011 3961 3300 4016 sciendum
3322 3967 3409 4015 est
3435 3962 3581 4035 quod
3616 3980 3781 4017 nemo

2184 4047 2243 4101 in
2273 4047 2384 4102 XII
2413 4048 2746 4105 lectionibus
2776 4050 2835 4102 in
2864 4056 3079 4119 aestate,
3110 4057 3166 4105 et
3186 4050 3245 4104 in
3275 4051 3500 4116 octavis,
3533 4058 3669 4107 ante
3697 4070 3782 4106 ca-

2184 4136 2426 4206 pitulum
2460 4138 2543 4190 vel
2573 4143 2702 4191 ante
2723 4139 2970 4205 tertiam,
2989 4157 3155 4210 quam
3186 4139 3507 4212 praecedunt
3526 4145 3645 4194 tres
3662 4158 3782 4196 ora-

2182 4222 2382 4289 tiones,
2418 4226 2501 4279 vel
2536 4226 2677 4283 infra
2709 4228 3023 4297 regularem
3051 4229 3269 4293 horam,
3304 4229 3361 4282 in
3404 4229 3599 4283 eadem
3642 4232 3781 4284 cella

2182 4312 2506 4383 quidquam,
2537 4320 2765 4386 excepta
2792 4315 3131 4370 novitiorum
3144 4319 3487 4372 confessione
3518 4321 3779 4391 superius

2115 4437 2162 4494 D
2183 4404 3055 4475 memorata,loquitur,quodque
3075 4405 3463 4461 obedientiarii
3484 4425 3776 4481 nunquam

2180 4491 2249 4544 de
2288 4491 2618 4546 obedientiis
2648 4493 2783 4560 suis,
2828 4495 2911 4547 vel
2957 4494 3025 4547 de
3073 4495 3184 4548 alia
3224 4513 3302 4561 re,
3336 4497 3445 4550 nisi
3483 4515 3584 4571 per
3608 4498 3777 4553 licen-

2179 4581 2315 4634 tiam
2371 4581 2561 4635 domni
2621 4581 2839 4638 abbatis
2887 4583 2972 4636 vel
3020 4584 3240 4654 prioris,
3302 4603 3366 4639 eo
3421 4585 3654 4640 absente
3699 4587 3775 4641 ibi

2177 4670 2503 4739 loquuntur.
2566 4671 2766 4724 Nullus
2808 4672 2863 4724 in
2907 4689 3031 4725 eam
3076 4672 3356 4729 saecularis
3409 4692 3663 4747 unquam
3695 4676 3777 4731 in-

2177 4758 2451 4827 greditur,
2483 4759 2723 4829 exceptis
2749 4760 2991 4827 famulis,
3036 4760 3129 4832 qui
3163 4780 3260 4834 pro
3306 4763 3494 4834 aliquo
3543 4767 3772 4835 negotio

2177 4847 2291 4901 illic
2334 4848 2618 4902 interdum
2660 4849 2931 4915 faciendo,
2983 4850 3137 4904 horis
3178 4857 3373 4931 tamen
3407 4853 3775 4925 competenti-

2177 4935 2299 5001 bus,
2353 4938 2572 5007 ingredi
2626 4938 3042 5009 praecipiuntur,
3104 4946 3159 4993 et
3210 4940 3522 5011 hospitibus
3586 4960 3622 4997 a
3672 4958 3772 4996 cu-

2174 5026 2333 5079 stode
2382 5026 2611 5097 hospitii
2654 5027 2801 5081 infra
2840 5028 3168 5082 alterutram
3205 5029 3435 5087 missam
3478 5030 3769 5103 spectandi

2175 5131 2343 5167 causa
2372 5114 2673 5185 aliquando
2707 5116 3144 5177 introducendis.
3177 5119 3317 5172 Cum
3348 5119 3548 5190 quibus
3578 5136 3766 5188 nemo,

2177 5203 2285 5256 nisi
2328 5204 2447 5274 ipse
2490 5205 2640 5258 solus
2678 5205 2947 5276 loquitur,
2988 5207 3133 5261 sicut
3161 5207 3331 5261 etiam
3378 5226 3481 5262 nec
3519 5225 3647 5263 cum
3690 5209 3769 5267 fa-

2177 5293 2344 5355 mulis
2390 5294 2745 5363 supradictis,
2786 5294 2896 5348 nisi
2939 5295 2987 5348 is
3030 5302 3271 5364 tantum,
3321 5298 3417 5370 qui
3458 5315 3552 5353 eos
3594 5297 3770 5352 addu-

2176 5381 2276 5439 cit.
2323 5382 2468 5435 Nam
2508 5390 2564 5436 et
2613 5383 2717 5436 hoc
2764 5383 2833 5436 ab
2891 5384 3149 5440 omnibus
3193 5404 3292 5456 pro
3351 5388 3543 5457 quavis
3596 5404 3769 5440 causa

2174 5487 2300 5524 cum
2358 5471 2581 5525 licentia
2636 5470 2713 5524 ibi
2768 5474 3243 5529 commorantibus
3302 5474 3648 5540 observatur,
3703 5480 3767 5529 ut

2172 5560 2360 5614 nullus
2416 5560 2511 5613 alii
2568 5560 2653 5613 vel
2701 5561 2898 5615 saltem
2937 5563 2993 5615 in
3036 5569 3287 5635 tempore
3326 5564 3589 5636 loquendi
3630 5564 3766 5637 quid

2171 5647 2436 5718 loquatur
2467 5667 2480 5716 ;
2528 5648 2626 5704 sed
2646 5666 2782 5705 mox
2813 5667 3078 5722 percussa
3112 5652 3305 5708 tabula
3338 5654 3579 5709 fratrum
3605 5654 3763 5708 locu-
