3934 6356
177 361 324 422 10⁵3

1215 367 1638 427 CONSTITUT.
1679 368 2020 425 HIRSAUG.
2061 398 2127 415 σ--ι
2165 366 2304 423 LIB.
2343 365 2419 423 Π.

3305 358 3455 424 4054

179 484 323 540 tioni
345 484 754 555 adjunguntur,
781 487 1025 557 exceptis
1051 489 1377 559 capellanis,
1403 492 1608 561 quibus
1636 496 1695 545 et
1713 492 1772 545 in
1794 492 1845 551 A
1859 495 2131 545 occumnt
2152 491 2224 545 ad
2248 491 2392 545 hanc
2414 460 2831 549 sacrasanctam
2861 492 3297 558 solemnitatem,
3320 494 3449 565 qui-

178 581 437 644 tempore
467 573 677 629 silentii
719 574 933 635 licitum
974 580 1077 643 est,
1116 578 1286 633 etiam
1334 579 1541 634 domno
1577 580 1779 636 abbate

179 662 437 730 absente,
465 662 675 718 ibidem
704 664 934 731 morari,
967 665 1016 720 si
1043 666 1156 721 tale
1194 667 1351 737 quid,
1381 668 1527 723 sicut
1548 676 1633 724 est
1655 687 1777 724 car-

182 753 335 807 tulas
374 750 576 817 facere,
611 752 692 806 eis
721 753 1034 822 injunctam
1065 760 1169 820 est,
1203 757 1350 826 quod
1380 757 1593 829 absque
1623 776 1777 813 mora

182 842 259 896 sit
305 841 712 912 peragendum,
748 848 805 896 et
829 842 877 898 si
906 843 977 899 ad
1007 843 1131 907 hoc,
1173 861 1296 914 quae
1323 845 1499 914 signis
1543 847 1778 902 invicem

182 930 499 1000 exprimere
522 946 636 985 non
665 936 917 1000 possunt,
950 931 1194 988 breviter
1220 933 1781 1007 loquuntur,propter

181 1020 291 1074 hoc
318 1035 435 1074 non
460 1020 970 1089 reprehenduntur.

253 1109 585 1163 Notandum
617 1114 703 1163 est
743 1113 931 1165 autem
965 1110 1102 1181 ipsis
1130 1113 1454 1183 capellanis,
1489 1115 1637 1185 quod
1666 1131 1776 1169 non

180 1197 365 1266 magis
393 1196 525 1251 licet
550 1196 633 1251 eis
680 1196 983 1252 claustrum
1015 1200 1183 1263 exire,
1213 1202 1296 1255 vel
1325 1203 1571 1273 aliquam
1599 1203 1776 1257 ofﬁci-

178 1301 315 1340 nam
371 1284 606 1349 intrare,
661 1303 830 1358 quam
875 1292 932 1341 et
967 1288 1092 1343 aliis
1135 1290 1401 1345 fratribus
1448 1292 1672 1346 assidue
1717 1292 1778 1345 in

181 1379 463 1429 conventu
494 1374 870 1439 manentibus,
899 1382 1129 1447 excepta
1161 1380 1357 1433 eadem
1381 1381 1540 1434 cella.
1566 1381 1776 1434 Verum

181 1463 229 1517 si
255 1463 386 1533 quis
415 1479 609 1518 eorum
637 1464 710 1517 ad
740 1464 946 1520 ostium
977 1469 1276 1535 quaerendo
1300 1468 1560 1523 abbatem
1591 1486 1777 1523 acces-

180 1552 341 1618 serit,
388 1569 744 1622 nequaquam
782 1553 964 1623 ingrei
1003 1557 1309 1624 praesumit,
1360 1558 1470 1611 nisi
1508 1559 1779 1611 veraciter

178 1657 313 1695 eum
336 1642 494 1696 intus
521 1642 826 1696 consistere
843 1643 1081 1698 noverit.
1098 1645 1449 1717 Quicumque
1464 1648 1689 1701 illorum
1711 1647 1781 1700 ab

178 1730 260 1784 eis
291 1730 563 1800 obsequio
594 1731 884 1800 expeditus
903 1748 1025 1786 esse
1055 1734 1301 1803 potuerit
1314 1736 1383 1788 ad
1411 1736 1778 1800 offerendum,

1865 579 1965 634 bus
1992 580 2228 650 singulis
2256 580 2426 634 habet
2453 579 2627 635 abbas
2662 598 2763 651 pro
2800 586 2918 635 tam
2956 582 3189 637 diversis
3210 583 3453 653 negotiis

1861 669 2218 739 respondere,
2250 670 2398 739 quod
2428 670 2654 724 omnino
2682 686 2794 725 non
2824 671 3126 742 expediret,
3159 671 3206 725 si
3228 678 3363 726 tunc
3392 688 3453 727 se

1862 758 2137 815 levatione
2190 758 2445 813 fabarum
2498 765 2795 830 occuparet
2834 778 2845 812 :
2891 777 2925 813 a
2964 777 3075 831 qua
3120 766 3313 815 tamen
3344 759 3480 814 alio.

1860 846 2199 917 competenti
2226 852 2481 918 tempore
2502 863 2614 901 non
2635 848 2815 918 magis
2841 848 2963 919 ipse
2980 864 3150 918 quam
3171 853 3228 903 et
3252 847 3457 903 fratres

1861 946 1920 984 se
1950 946 2064 985 non
2092 936 2376 985 excusant.

1933 1021 2051 1073 Hac
2082 1025 2271 1074 autem
2304 1019 2419 1074 vice
2445 1019 2590 1074 sicut
2612 1024 2670 1073 et
2696 1019 2756 1073 in
2784 1020 3001 1075 Pascha
3033 1036 3099 1074 ac
3125 1021 3456 1077 Pentecoste

1862 1108 2174 1178 provisores
2196 1108 2477 1174 villarum,
2500 1108 2597 1179 qui
2624 1110 2830 1162 Dec-ani
2847 1108 3223 1180 appellantur,
3256 1110 3326 1164 ad
3352 1111 3458 1165 hoc

1861 1196 1917 1249 in
1948 1196 2099 1251 brevi
2128 1202 2510 1265 recensentur,
2552 1214 2791 1268 quorum
2833 1205 3133 1253 consuetus
3184 1212 3456 1259 numerus

1861 1302 2218 1356 nequaquam
2249 1292 2384 1341 tunc
2417 1286 2690 1341 minuitur
2730 1288 2953 1357 quando
3000 1287 3173 1341 abbas
3217 1304 3344 1341 cum
3372 1289 3456 1343 eis

1859 1379 2107 1431 notatur.
2140 1376 2284 1430 Nam
2314 1375 2373 1428 in
2401 1376 2691 1429 refectorio
2720 1375 2961 1446 amplius
2998 1375 3127 1430 huic
3144 1376 3370 1446 negotio
3393 1393 3456 1435 se

1859 1480 1973 1517 non
1984 1463 2326 1527 intromittit,
2358 1464 2466 1517 nisi
2488 1465 2635 1535 quod
2659 1470 2878 1519 tantum
2902 1466 3170 1537 quasdam
3191 1466 3455 1520 scutellas

1860 1570 1893 1607 a
1913 1553 2182 1607 fratribus
2213 1554 2264 1607 ei
2293 1559 2617 1624 apportatas
2639 1554 2820 1623 primo
2848 1570 3017 1624 super
3038 1570 3258 1608 mensas
3273 1554 3455 1625 ponit.

1866 1643 2023 1696 Hanc
2053 1648 2243 1696 autem
2263 1643 2814 1697 administrationem
2836 1659 2962 1697 cum
2976 1644 3189 1697 caeteris
3205 1643 3457 1713 coquinae

1863 1730 2228 1785 servitoribus
2259 1748 2523 1802 percusso
2560 1731 2815 1802 cymbalo
2855 1732 3072 1803 incipit,
3101 1732 3459 1802 prioremque

176 1820 250 1873 ad
284 1819 618 1890 capitulum,
641 1819 712 1873 ad
742 1821 1173 1890 processionem,
1206 1824 1273 1877 ad
1306 1825 1553 1878 officium
1581 1809 1841 1879 defun-B
1862 1821 1945 1874 vel
1982 1820 2155 1875 alium
2185 1821 2397 1874 scillam
2432 1822 2659 1891 pulsare
2685 1821 2953 1891 praecipit,
2988 1827 3063 1887 et,
3086 1836 3215 1876 cum
3234 1826 3457 1892 tempus

177 1914 426 1973 ctorum,
457 1908 603 1978 quod
629 1924 757 1963 cum
789 1910 1033 1964 maximo
1062 1911 1174 1965 ritu
1202 1913 1418 1976 colitur,
1437 1930 1614 1984 usque
1644 1915 1777 1969 dum

179 2001 300 2051 tres
325 1997 527 2050 saltem
557 1996 824 2053 lectiones
857 1998 1146 2065 ﬁniantur,
1175 2001 1245 2054 ad
1278 2002 1607 2056 mandatum
1638 2020 1779 2073 quo-

179 2103 313 2157 que,
353 2092 414 2139 et
459 2086 531 2140 ad
577 2102 935 2142 communem
970 2087 1208 2143 fratrum
1263 2090 1619 2146 refectionem
1667 2110 1780 2148 non

178 2175 383 2241 deerit,
414 2175 464 2229 si
493 2174 946 2230 inclamationem
990 2177 1236 2247 effugere
1266 2180 1524 2234 voluerit.
1567 2182 1647 2235 De
1676 2183 1781 2237 hoc

180 2270 379 2319 autem
409 2280 604 2318 omnes
652 2264 820 2319 simul
868 2264 1209 2320 inclamandi
1239 2273 1390 2331 sunt,
1431 2269 1477 2321 si
1508 2270 1778 2325 domnum

181 2353 446 2413 abbatem
473 2369 713 2423 usquam
743 2354 923 2408 solum
956 2355 1299 2425 relinquunt.
1349 2358 1577 2412 Missam
1604 2360 1781 2430 ipsius

180 2442 406 2496 abbatis
456 2443 648 2496 nullus
678 2442 1207 2499 obedientiariorum
1239 2445 1296 2499 in
1324 2448 1520 2501 eadem
1552 2450 1784 2503 novitio-

181 2547 312 2585 rum
341 2532 483 2585 cella
501 2532 648 2585 sicut
671 2548 771 2585 nec
790 2532 922 2585 alibi
949 2533 1006 2586 in
1024 2536 1362 2588 monasterio
1384 2535 1550 2590 debet
1564 2538 1777 2603 audire,

182 2621 297 2674 nisi
326 2636 395 2675 eo
419 2625 674 2690 tempore
720 2638 830 2690 quo
870 2628 929 2675 et
967 2622 1063 2675 alii
1091 2624 1407 2677 sacerdotes
1435 2626 1617 2680 solent
1649 2644 1780 2681 can-

180 2715 327 2763 tare.
353 2710 423 2762 Et
441 2714 530 2763 est
554 2708 842 2763 sciendum
873 2711 1021 2780 quod
1054 2728 1201 2782 saepe
1229 2712 1382 2767 dicta
1405 2715 1546 2768 cella
1573 2716 1779 2786 aliqui-

178 2797 289 2852 bus
333 2797 449 2854 illic
495 2798 903 2853 dormientibus
964 2816 1077 2854 non
1133 2801 1446 2865 obseratur,
1500 2804 1596 2857 sed
1651 2821 1778 2858 cum

177 2886 458 2941 absconsa
506 2903 543 2941 a
567 2887 854 2941 claustrali
900 2889 1089 2959 priore
1139 2890 1309 2943 etiam
1344 2891 1551 2946 domno
1580 2892 1781 2947 abbate

176 2981 458 3047 praesente
503 2976 894 3046 perlustratur.
928 2977 998 3030 Et
1036 2983 1103 3031 ut
1144 2978 1389 3033 breviter
1429 2981 1776 3048 concludam,

176 3069 345 3119 tanta
373 3065 672 3136 disciplina
701 3066 817 3119 illic
863 3083 963 3137 per
1008 3067 1199 3122 omnia
1237 3068 1581 3136 observatur,
1611 3076 1675 3125 ut
1701 3073 1781 3125 nil

178 3154 506 3207 vestimenti
538 3153 608 3207 ab
638 3154 826 3225 aliquo
854 3156 933 3209 ibi
963 3156 1276 3211 dormiente
1294 3157 1352 3211 in
1372 3158 1615 3214 claustro
1640 3161 1840 3235 ejus-(1

177 3243 311 3297 dem
330 3242 486 3297 colle
514 3245 910 3315 suspendatur.

773 3334 1008 3388 CAPUT
1036 3334 1186 3389 XIV.

367 3422 617 3487 Quando,
652 3427 700 3475 et
727 3424 801 3474 ad
829 3440 947 3489 qua:
976 3426 1157 3490 ofﬁcia
1189 3429 1377 3478 notari
1404 3425 1606 3480 debeat.

257 3512 282 3537 θ
310 3510 421 3564 Sed
448 3517 514 3564 ut
540 3510 764 3563 redeam
794 3510 849 3563 in
872 3512 1176 3566 claustrum
1205 3531 1216 3565 :
1253 3514 1323 3567 ad
1354 3514 1493 3567 duas
1522 3516 1783 3586 septima-

181 3614 289 3652 nas
312 3598 373 3651 in
401 3614 571 3663 anno,
604 3598 650 3653 si
679 3605 766 3651 est
792 3615 1037 3668 praesens
1089 3600 1261 3654 abbas
1301 3609 1357 3655 et
1386 3603 1681 3657 incolumis
1710 3605 1781 3657 ad

179 3689 460 3757 majorem
486 3686 717 3741 missam
744 3693 991 3755 notatur,
1022 3689 1077 3742 id
1103 3695 1190 3743 est
1208 3691 1497 3745 Dominica
1516 3693 1782 3746 Resurre—

177 3776 385 3830 ctionis
414 3782 471 3829 et
503 3777 878 3830 Pentecostes.
912 3778 975 3831 In
997 3778 1198 3848 quibus
1219 3785 1408 3833 tamen
1428 3781 1573 3835 alius
1602 3798 1780 3835 sacer-

178 3866 282 3919 dos
313 3865 563 3919 armario
592 3865 941 3935 injungente,
976 3868 1227 3921 dicturus
1257 3875 1342 3922 est
1368 3871 1535 3923 horas
1555 3871 1778 3939 regula-

177 3971 291 4019 res,
326 3960 536 4024 praeter
569 3969 833 4023 vesperos
878 3960 936 4009 et
981 3957 1341 4023 matutinum,
1374 3964 1430 4011 et
1455 3958 1511 4012 in
1542 3960 1778 4013 refecto-

180 4044 267 4097 rio
290 4044 533 4097 daturus
562 4041 1024 4098 benedictionem.
1049 4045 1156 4108 Qui
1178 4051 1235 4099 et
1253 4046 1461 4100 eisdem
1484 4048 1680 4102 diebus
1710 4048 1777 4102 ad

180 4133 470 4186 canticum
514 4132 799 4201 Evangelii
847 4148 958 4186 non
1001 4134 1195 4188 viliore
1221 4151 1416 4206 cappa,
1450 4153 1620 4206 quam
1658 4138 1778 4207 ipse

180 4221 358 4275 abbas
396 4221 652 4285 vestitur,
673 4229 730 4276 et
756 4239 883 4275 cum
916 4239 979 4276 eo
1018 4224 1187 4277 simul
1206 4226 1409 4278 altaria
1430 4225 1699 4289 incenset,
1724 4233 1781 4281 et

185 4309 486 4364 officialem
516 4310 723 4364 librum
751 4317 945 4365 teneat
962 4313 1033 4366 ad
1054 4314 1173 4382 ejus
1202 4313 1554 4384 obsequium.
1577 4318 1640 4369 1n
1666 4318 1781 4370 Na-

184 4399 405 4454 tivitate
434 4399 658 4455 Domini
685 4406 905 4454 tantum
934 4402 1004 4454 ad
1029 4403 1299 4472 majorem
1332 4404 1558 4457 missam
1590 4406 1783 4459 scribi-

186 4494 303 4557 tur,
333 4494 390 4542 et
416 4488 676 4542 sacerdos
723 4489 781 4542 in
828 4489 1059 4543 sabbato
1103 4492 1479 4561 praescriptus,
1520 4495 1603 4547 vel
1636 4495 1683 4547 si
1726 4496 1784 4548 in

188 4577 482 4631 Dominica
530 4578 762 4640 venerit,
819 4578 889 4631 ab
939 4580 1184 4633 armario
1222 4582 1542 4651 deputatus,
1584 4591 1785 4638 cetera

190 4682 314 4736 quae
362 4672 499 4719 sunt
526 4668 745 4737 agenda
775 4667 991 4738 implet.
1026 4668 1289 4732 Quamvis
1318 4676 1509 4724 autem
1541 4673 1782 4743 amplius

188 4768 302 4808 non
331 4759 580 4817 notetur,
614 4755 832 4825 quoties
860 4761 1051 4809 tamen
1089 4758 1210 4810 vult
1232 4774 1334 4828 per
1366 4764 1545 4813 totum
1573 4777 1782 4816 annum

186 4846 378 4895 cantat
407 4843 681 4911 majorem
711 4844 830 4897 sive
853 4843 1129 4898 minorem
1160 4845 1409 4915 missam,
1441 4865 1701 4919 vesperos
1730 4856 1787 4905 et

187 4931 538 4985 matutinum
551 4977 562 4987 .

260 5019 372 5074 Sed
393 5020 680 5074 sciendum
708 5022 995 5093 antiquam
1019 5023 1402 5079 Cluniensium
1421 5043 1541 5079 esse
1558 5044 1787 5082 consue-

189 5108 470 5176 tudinem,
509 5115 574 5163 ut
602 5111 661 5164 in
689 5111 995 5165 Nativitate
1022 5113 1246 5166 Domini
1285 5115 1661 5170 ministerium
1691 5135 1785 5171 co»

194 5197 377 5267 quine
406 5198 618 5252 faciant
636 5199 875 5253 domnus
894 5200 1065 5255 abbas
1091 5209 1148 5255 et
1173 5204 1432 5257 cellarius
1461 5205 1627 5261 simul
1656 5222 1782 5262 cum

191 5285 607 5353 decanis.Quod
636 5288 761 5342 ideo
788 5294 975 5343 tacere
1005 5291 1311 5358 noluimus,
1342 5298 1405 5345 ut
1434 5294 1787 5347 animadver-

192 5376 324 5428 tatis
351 5391 385 5430 a
406 5381 618 5445 quanta
646 5378 943 5431 sanctitate
962 5380 1255 5449 incmperit
1279 5381 1375 5435 ille
1403 5382 1788 5453 locus,quam-

192 5480 357 5533 quam
393 5466 559 5519 modo
592 5481 704 5519 non
727 5467 820 5529 sit,
854 5484 956 5520 nec
984 5468 1195 5539 absque
1219 5487 1420 5539 magna
1447 5471 1784 5541 importuni-

191 5558 305 5607 tate
343 5554 592 5625 idipsum
640 5555 974 5611 humilitatis
1033 5564 1090 5611 et
1129 5556 1416 5628 religionis
1470 5562 1785 5631 exemplum

192 5642 309 5696 fieri
341 5644 521 5714 possit
561 5661 572 5696 :
633 5661 765 5699 nam
810 5646 955 5700 tanti
1007 5647 1265 5714 fratrum,
1323 5648 1466 5703 tanti
1504 5650 1785 5721 hospitum

1800 4448 1848 4506 D

1865 1909 2053 1973 fuerit,
2105 1909 2226 1980 ipse
2284 1910 2496 1981 primus
2552 1911 2849 1963 Benedictio
2890 1910 3149 1980 imponit,
3208 1927 3273 1964 ac
3307 1910 3457 1965 dicto

1869 2015 2030 2053 versu
2068 2015 2281 2054 sessum
2312 1998 2512 2053 vadit]
2519 2015 2614 2068 pse
2634 2015 2857 2069 quoque
2876 1998 3030 2052 omni
3055 1999 3146 2052 die
3165 1999 3458 2053 Dominica

1865 2105 1989 2143 cum
2006 2088 2216 2157 pueris,
2242 2088 2289 2141 si
2310 2088 2367 2141 in
2388 2088 2508 2141 loco
2528 2093 2678 2151 sunt,
2698 2088 3027 2140 mandatum
3052 2086 3451 2157 facitpauperi,

1861 2177 1950 2231 cui
1982 2178 2130 2231 lavat
2158 2178 2344 2248 pedes,
2390 2176 2593 2230 tribuit
2637 2176 2777 2229 duos
2823 2175 3109 2236 denarios,
3165 2180 3223 2229 et
3266 2174 3455 2246 pueris

1860 2266 2131 2336 singulos,
2164 2270 2229 2319 ut
2252 2282 2353 2336 per
2380 2266 2531 2336 ipsos
2562 2264 2899 2336 pauperibus
2922 2264 3262 2319 tribuantur.
3295 2263 3457 2327 Quod

1863 2356 1911 2409 si
1941 2354 2011 2408 ab
2038 2356 2134 2409 illo
2164 2356 2492 2409 mandatum
2522 2355 2670 2408 idem
2696 2355 3019 2425 negligitur,
3051 2360 3186 2409 tunc
3214 2371 3247 2407 a
3267 2352 3455 2425 pueris

1862 2450 1922 2497 et
1950 2461 2144 2498 eorum
2179 2444 2466 2513 magistro,
2500 2444 2585 2497 vel
2632 2445 2677 2498 si
2710 2444 2788 2497 illi
2829 2445 3053 2508 desunt,
3101 2442 3170 2497 ab
3211 2428 3454 2497 armario

1865 2534 2207 2603 providetur.
2253 2533 2590 2587 Eorumdem
2641 2548 2941 2603 puerorum
2974 2531 3375 2586 confessionem
3408 2530 3455 2584 si

1864 2633 1951 2679 est
2001 2631 2346 2696 recepturus,
2398 2625 2668 2694 magister
2709 2624 3007 2695 praedictus
3055 2622 3283 2676 adducit
3328 2621 3456 2675 illos

1862 2731 2042 2785 usque
2084 2716 2155 2769 ad
2202 2715 2497 2774 introitum
2543 2714 2776 2784 capituli
2805 2712 2993 2784 ibique
3041 2727 3141 2766 eos
3171 2714 3457 2791 exspectat

1858 2802 2158 2858 redituros.

2468 2892 2705 2946 CAPUT
2728 2891 2847 2945 XV.

1862 3000 1938 3053 De
1966 3001 2207 3068 eligendo
2228 3000 2419 3053 abbate
2448 3001 2521 3053 ad
2548 3002 2730 3053 alium
2761 3001 2957 3059 locum,
2973 3012 3037 3049 ac
3065 2997 3127 3049 de
3148 2997 3451 3049 reverentia

2392 3073 2565 3125 eidem
2593 3070 2914 3123 exhibenda.

1931 3159 1953 3187 ⁷¹
1983 3158 2041 3213 Si
2069 3160 2214 3213 forte
2241 3160 2480 3214 domnus
2521 3158 2666 3213 abba
2690 3163 2925 3228 rogatur
2952 3156 3022 3210 ab
3050 3156 3259 3236 aliquo,
3291 3157 3357 3209 ut
3384 3152 3455 3208 de

1863 3247 1980 3300 suis
2014 3247 2281 3302 fratribus
2318 3248 2576 3302 abbatem
2623 3246 2931 3301 constituat
2957 3246 3016 3300 in
3043 3245 3227 3299 alieno
3256 3260 3454 3298 mona-

1864 3336 2056 3401 sterio,
2081 3338 2240 3406 juxta
2269 3337 2562 3391 consilium
2596 3336 2880 3390 seniorum
2901 3335 3076 3406 eligit,
3112 3334 3208 3404 qui
3237 3333 3341 3388 tali
3368 3332 3452 3386 vi-

1863 3424 2065 3479 deatur
2092 3427 2297 3497 dignus
2325 3426 2526 3480 officio.
2554 3426 2774 3480 Electus
2797 3431 2988 3479 autem
3027 3424 3074 3477 si
3094 3424 3259 3495 sapit,
3292 3438 3453 3477 recav-

1863 3521 1969 3579 sat,
2002 3522 2276 3585 quantum
2306 3523 2508 3587 potest,
2542 3516 2657 3569 tale
2703 3531 2845 3568 onus
2892 3513 3176 3583 suscipere
3200 3530 3213 3578 ε
3237 3515 3455 3565 servata

1862 3609 2053 3658 tamen
2082 3604 2421 3671 obedientia,
2445 3604 2707 3657 sividerit
2736 3604 2958 3658 Patrem
2988 3602 3043 3655 in
3075 3618 3177 3655 sua
3203 3604 3456 3670 perstare

1863 3694 2162 3748 sententia.
2194 3695 2329 3748 Post
2348 3694 2659 3763 injunctam
2682 3692 2790 3746 sibi
2821 3691 3195 3746 obedientiam
3224 3690 3457 3744 inclinat

1863 3787 1919 3835 et
1946 3782 2104 3836 sedet
2136 3783 2205 3836 ad
2236 3782 2519 3837 sinistram
2563 3782 2753 3836 domni
2783 3780 3020 3844 abbatis,
3052 3780 3172 3850 ipso
3197 3778 3453 3848 jubente.

1862 3872 2005 3925 Cum
2033 3873 2251 3929 venerit
2278 3872 2347 3925 ad
2378 3872 2579 3937 locum,
2614 3870 2703 3925 cui
2736 3874 2823 3924 est
2843 3868 3237 3940 praeferendus,
3266 3866 3456 3936 ibique

1864 3977 1966 4031 per
1994 3962 2263 4014 domuum
2293 3958 2553 4014 abbatem
2575 3960 2688 4013 sive
2716 3975 2816 4030 per
2843 3959 2963 4029 ejus
2984 3956 3244 4011 nuntium
3270 3953 3454 4007 fratri-

1864 4049 1967 4103 bus
1989 4049 2097 4103 illis
2119 4049 2287 4103 fuerit
2308 4049 2634 4117 designatus
2672 4048 2862 4112 abbas,
2910 4052 3044 4101 tunc
3088 4049 3289 4098 caetera
3331 4059 3455 4114 quae

1861 4139 2147 4209 pertinent
2166 4138 2234 4191 ad
2258 4139 2376 4206 ejus
2399 4138 2806 4207 promotionem
2826 4138 2908 4191 ita
2929 4139 3292 4207 peraguntur,
3311 4132 3457 4186 sicut

1863 4231 1932 4283 de
1947 4229 2216 4283 electione
2237 4227 2426 4280 domni
2440 4226 2657 4280 abbatis
2676 4243 2849 4298 supra
2861 4226 3127 4297 scriptum
3150 4222 3454 4278 invenitur.

1867 4319 2005 4373 Post
2036 4319 2179 4370 hanc
2198 4316 2627 4387 promotionem,
2648 4333 2774 4370 cum
2800 4316 3045 4387 primum
3074 4315 3145 4369 ad
3168 4331 3269 4368 nos
3289 4329 3456 4367 vene—

1866 4408 1958 4472 rit,
1993 4422 2119 4459 cum
2149 4404 2503 4475 processione
2542 4404 2868 4474 suscipitur,
2926 4404 3271 4474 baculusque
3337 4402 3456 4472 ejus

1866 4493 2183 4567 pastoralis,
2215 4495 2296 4547 vel
2327 4494 2373 4546 si
2400 4509 2561 4546 suum
2592 4510 2705 4546 non
2728 4494 2936 4559 attulit,
2971 4509 3119 4548 unus
3149 4494 3218 4547 de
3246 4491 3459 4546 baculis

1865 4586 2055 4638 domm
2087 4582 2324 4648 abbatis,
2350 4589 2408 4635 et
2428 4589 2561 4635 tunc
2581 4588 2638 4635 et
2655 4589 2850 4653 postea
2872 4583 3090 4653 quoties
3127 4583 3198 4636 ad
3234 4598 3336 4635 nos
3364 4596 3455 4635 re-

1867 4673 2119 4737 vertitur,
2149 4675 2309 4742 juxta
2328 4672 2506 4724 altare
2535 4672 2683 4740 quod
2713 4678 2798 4726 est
2828 4672 3145 4741 proximum
3173 4672 3333 4737 ostio,
3358 4687 3459 4742 per

1868 4762 2013 4833 quod
2036 4762 2151 4815 itur
2162 4762 2231 4815 de
2250 4762 2493 4814 claustro
2514 4761 2573 4815 in
2595 4761 2929 4814 ecclesiama
2953 4761 3187 4814 sacrista
3208 4760 3454 4829 ponitur,

1866 4857 2144 4922 quatenus
2173 4866 2273 4920 per
2298 4851 2442 4903 hanc
2471 4848 2719 4902 debitam
2763 4849 2815 4903 ei
2851 4850 3053 4903 fratres
3084 4848 3456 4901 reverentiam

1864 4939 2125 4994 exhibere
2155 4944 2639 4992 commoneantur.

1940 5030 1998 5083 Si
2040 5029 2328 5099 capellano
2368 5031 2538 5091 caret,
2588 5026 2742 5097 prior
2789 5027 2840 5080 ei
2889 5027 3157 5080 idoneum
3203 5024 3452 5080 adhibet.

1867 5117 2145 5181 Quamdiu
2167 5117 2313 5188 apud
2336 5132 2437 5170 nos
2456 5121 2756 5169 moratura
2776 5115 3043 5169 fratribus
3064 5114 3114 5168 ei
3134 5114 3456 5182 inclinatur,

1867 5213 2140 5278 praesente
2170 5208 2339 5262 etiam
2367 5206 2573 5259 domno
2606 5204 2827 5259 abbate.
2859 5205 2981 5268 Quo
3000 5204 3232 5259 absente
3252 5202 3460 5275 ubique

1867 5298 1965 5350 dat
1991 5296 2456 5360 benedictionem,
2486 5300 2543 5348 et
2570 5294 2934 5364 antiphonam
2964 5294 3023 5347 in
3054 5293 3345 5347 duodecim
3379 5294 3461 5348 le-

1867 5386 2144 5440 ctionibus
2169 5403 2341 5456 super
2367 5384 2642 5438 canticum
2675 5382 2959 5453 Evangelii
2996 5383 3255 5453 imponit,
3290 5399 3462 5453 quam

1867 5475 1948 5528 illi
1979 5475 2256 5528 armarius
2281 5475 2596 5528 innotescit.
2629 5473 2769 5527 Cum
2802 5486 2911 5543 quo
2931 5472 3100 5526 etiam
3132 5471 3464 5538 inclinante,

1868 5566 1952 5618 vel
1985 5566 2031 5617 si
2062 5565 2274 5617 fallitur
2315 5564 2532 5618 veniam
2583 5568 2827 5634 petente,
2873 5566 3177 5616 conventus
3206 5561 3455 5617 inclinat.

1867 5652 2004 5708 Post
2032 5654 2451 5709 inclinationem
2488 5653 2620 5708 thus
2653 5652 2912 5724 imponit,
2944 5652 2992 5708 si
3020 5651 3164 5707 alius
3200 5652 3461 5709 sacerdos
