3934 6376
485 364 621 425 1055

1528 373 1587 431 S.
1628 373 2020 430 GUlLLELMI
2059 370 2363 430 ABBATIS
2396 371 2736 435 HIRSAUG.

3612 367 3753 426 1056

481 497 569 548 est
586 492 1103 566 incensaturus,qui
1123 494 1174 549 ei
1195 510 1446 552 acerram
1462 514 1564 569 per
1589 515 1790 555 manus
1819 501 2071 556 osculum
2091 503 2136 561 A
2161 499 2334 553 tative
2361 498 2714 554 admonetur.
2743 500 2904 565 Quod
2919 501 2967 556 si
2985 500 3225 572 amplius
3245 497 3316 552 ad
3345 493 3755 551 monasterium

487 582 747 653 porrigit.
790 583 1061 638 Octavum
1100 587 1517 655 responsorium
1564 589 1634 642 ad
1674 591 1914 658 gradum
1952 607 2080 644 cum

485 670 632 738 aliis,
686 676 785 726 aut
830 672 891 726 in
932 672 1064 726 sede
1100 689 1200 727 sua
1243 675 1395 729 solus
1431 681 1640 732 cantat.
1681 678 2081 734 Duodecimam

482 758 780 814 lectionem
809 759 977 814 Patre
993 762 1321 816 monasterii
1339 762 1590 828 absente,
1610 783 1787 837 eoque
1805 774 2078 839 praesente

483 853 738 903 octavam
756 849 912 919 legit,
931 855 987 904 et
1018 851 1409 906 duodecimum
1439 856 1857 925 responsorium
1879 858 2077 913 eodem

482 936 697 1002 ordine,
746 953 857 1009 quo
891 943 949 992 et
975 944 1229 993 octavum
1259 941 1429 996 canit.
1469 943 1554 997 Ad
1580 944 1818 1013 gradum
1847 946 1917 1000 de
1944 947 2078 1001 sede

483 1041 587 1081 sua
617 1026 872 1080 tendenti
902 1028 1125 1098 quando
1151 1028 1446 1084 lectionem
1477 1032 1741 1102 praedicto
1780 1034 1947 1088 Patre
1975 1035 2075 1089 ab-

483 1119 641 1169 sente
679 1115 926 1170 lecturus
955 1122 1061 1180 est,
1091 1115 1294 1171 fratres
1325 1120 1553 1174 erectim
1595 1129 1920 1193 assurgunt.
1953 1124 2074 1195 ipso

481 1220 615 1257 vero
640 1209 934 1275 praesente,
976 1222 1174 1276 parum
1205 1207 1275 1260 de
1308 1208 1535 1263 sedibus
1584 1211 1701 1264 suis
1735 1228 1795 1265 se
1827 1213 2074 1267 levantes

480 1291 841 1358 submittunt,
873 1299 931 1347 et
971 1310 1036 1347 eo
1083 1295 1357 1351 redeunte
1401 1297 1661 1353 similiter
1684 1308 1884 1369 agunt.
1925 1302 2078 1356 Idem

480 1382 705 1451 quando
734 1382 1027 1437 incensare
1073 1383 1241 1438 debet
1263 1402 1363 1455 per
1389 1403 1450 1440 se
1476 1387 1609 1441 thus
1651 1395 1810 1443 extra
1845 1391 2079 1445 chorum

479 1470 724 1541 imponit
765 1470 1179 1542 incensatisque
1220 1474 1494 1529 altaribus
1542 1476 1746 1531 domno
1792 1478 1980 1533 abbati
2023 1486 2080 1534 et

482 1558 660 1630 priori
691 1559 984 1614 incensum
1011 1561 1193 1615 offert.
1228 1563 1371 1616 Nam
1405 1565 1509 1617 etsi
1535 1566 1723 1620 nullus
1751 1566 1924 1621 abbas
1941 1569 2082 1624 assit

483 1652 717 1718 propter
744 1649 927 1702 solum
954 1649 1198 1719 priorem
1227 1651 1366 1705 illud
1411 1652 1468 1706 in
1522 1654 1753 1708 chorum
1806 1663 2075 1727 reportat.

2162 604 2326 643 suum
2357 588 2544 642 redire
2570 589 2789 654 diffidit,
2824 590 3064 661 pristino
3095 605 3195 643 suo
3227 585 3424 641 ordine
3454 588 3757 639 contentus

2163 676 2290 742 erit,
2324 676 2434 731 nisi
2458 676 2697 733 domnus
2718 678 2889 733 abbas
2918 696 3046 734 eum
3068 675 3428 749 promoverit.

2743 766 2977 822 CAPUT
3019 764 3164 821 XVI.

2538 856 2611 910 De
2639 856 2951 909 ordinando
2976 857 3165 924 priore
3191 851 3363 923 (123).

2233 941 2364 1012 (01).)
2390 942 2624 1007 Quando
2644 943 2800 1013 prior
2826 949 2913 998 est
2930 939 3483 1011 ordinandus,primo
3510 938 3761 991 domnus

2158 1030 2330 1084 abbas
2368 1031 2537 1086 habet
2578 1031 2708 1085 inde
2749 1032 3046 1086 consilium
3079 1046 3208 1085 cum
3253 1026 3589 1092 senioribus,
3615 1025 3761 1078 etin

2157 1119 2392 1174 arbitrio
2449 1120 2675 1174 illorum
2729 1120 3062 1175 electionem
3101 1118 3277 1190 ponit.
3329 1116 3536 1170 Postea
3582 1112 3763 1168 refert

2156 1207 2491 1262 sententiam
2524 1209 2580 1262 in
2606 1209 2874 1279 capitulo,
2903 1214 2961 1263 et
2985 1209 3056 1263 de
3084 1223 3194 1279 quo
3239 1203 3604 1268 consenserit,
3638 1202 3764 1256 lau-

2161 1296 2299 1350 dant
2327 1313 2541 1351 omnes.
2566 1298 2746 1361 Quem
2778 1298 3031 1368 elegerit,
3063 1296 3110 1351 si
3139 1296 3306 1367 sapit,
3337 1294 3558 1348 veniam
3588 1291 3758 1362 petit.

2162 1401 2434 1440 excusans
2480 1402 2540 1439 se
2586 1387 2658 1440 ad
2711 1403 2917 1441 munus
2962 1384 3288 1456 hujusmodi
3326 1399 3440 1437 non
3484 1382 3760 1436 idoneum

2161 1490 2302 1528 esse.
2336 1475 2421 1528 Ad
2453 1474 2715 1529 ultimum
2744 1475 2792 1528 si
2824 1476 2875 1529 ei
2905 1475 3157 1546 injuncta
3200 1473 3373 1528 fuerit
3409 1470 3757 1536 obedientia,

2162 1579 2275 1616 non
2321 1564 2475 1617 aliud
2504 1564 2655 1631 facit,
2689 1579 2857 1633 quam
2888 1564 3139 1617 inclinat.
3172 1562 3342 1617 Sedet
3366 1561 3436 1614 ad
3464 1559 3763 1613 sinistram

2161 1651 2353 1705 domui
2381 1651 2626 1708 abbatis.
2663 1651 2806 1706 Cum
2846 1652 3193 1706 surrexerint
3237 1650 3306 1704 de
3345 1648 3593 1720 capitulo
3618 1652 3767 1701 eunt

483 1736 757 1790 Eumdem
796 1753 925 1791 vero
984 1736 1263 1805 abbatem,
1306 1739 1546 1795 domnus
1587 1742 1756 1797 abbas
1803 1745 2080 1816 accipiens
2102 1738 2290 1799 Bcum
2326 1741 2637 1811 psalmodia
2664 1742 2829 1794 solita
2885 1742 2945 1794 in
3002 1739 3293 1794 ecclesiam
3323 1738 3618 1835 majorem.
3652 1733 3767 1788 Ubi

482 1823 835 1879 thuribulum
860 1841 895 1878 a
924 1843 1211 1893 converso,
1234 1828 1476 1883 vicissim
1509 1830 1781 1887 incensat.
1814 1834 1952 1888 Cum
1970 1836 2079 1889 alio
2163 1846 2290 1883 mox
2310 1846 2485 1883 novus
2514 1829 2686 1900 prior,
2720 1830 2779 1883 in
2826 1830 3018 1883 sedem
3062 1827 3414 1900 praecessoris
3444 1825 3533 1879 sui
3563 1839 3768 1878 succe-

480 1916 671 1967 autem
703 1912 1001 1969 incensans
1030 1914 1461 1981 sacerdote,sive
1482 1936 1608 1973 cum
1639 1921 1750 1975 alio
1779 1924 2079 1995 cujusipse
2161 1917 2261 1984 dit,
2296 1922 2352 1972 et
2396 1917 2569 1971 ﬁnitis
2620 1918 2850 1988 psalmis
2897 1917 2968 1971 ad
3003 1917 3244 1987 gradum
3290 1914 3517 1969 veniens
3546 1917 3685 1966 ante
3705 1916 3770 1965 et

479 2008 565 2055 est
593 2001 750 2072 prior
778 2001 997 2070 abbate,
1033 2005 1175 2059 nulli
1201 2006 1310 2059 nisi
1335 2006 1390 2061 in
1406 2007 1594 2075 choro,
1625 2016 1853 2081 excepto
1874 2011 2080 2067 domno
2163 2011 2315 2060 retro
2343 2006 2497 2070 facit,
2528 2006 2680 2060 hunc
2702 2023 2923 2061 versum
2950 2012 3039 2060 ter
3065 2004 3321 2059 dicendo.
3345 2005 3575 2065 Deus,in
3594 2001 3767 2068 adju-

479 2086 682 2142 abbate
714 2088 881 2144 debet
932 2091 1224 2147 incensum
1279 2094 1548 2164 prmbere.
1608 2097 1843 2160 Quando
1890 2106 2080 2155 autem
2164 2098 2372 2149 torium
2388 2111 2572 2148 meum
2591 2095 2907 2150 intende.Et
2928 2099 3235 2148 conventus
3249 2091 3510 2146 similiter
3525 2104 3768 2159 respon-

473 2191 601 2231 cum
638 2178 827 2249 aliquo
855 2182 1165 2245 sacerdote,
1189 2183 1344 2237 nullo
1383 2183 1583 2239 abbate
1612 2192 1853 2253 astante,
1880 2189 2076 2244 incen-

473 2267 584 2325 sat,
617 2262 737 2333 ipse
767 2264 993 2335 quidem
1027 2266 1219 2336 priori,
1250 2268 1348 2322 sed
1374 2271 1631 2324 sacerdos
1661 2272 1743 2325 illi
1782 2273 2073 2331 incensum

476 2350 856 2406 administrat.
890 2353 976 2407 Ad
997 2357 1405 2425 processionem
1432 2363 1489 2412 et
1517 2361 1584 2433 in.
1604 2360 1791 2426 choro,
1830 2363 1935 2416 etsi
1953 2363 2073 2434 ipse

476 2438 604 2492 alba
624 2439 853 2495 indutus
883 2459 993 2496 non
1024 2443 1113 2509 sit,
1139 2449 1328 2500 tamen
1353 2446 1493 2500 albis
1522 2449 1780 2519 superior
1800 2452 2073 2507 erit.Cum

478 2527 710 2582 missam
737 2530 1019 2586 celebrare
1047 2534 1302 2600 voluerit,
1337 2536 1573 2590 sacrista
1605 2538 1656 2590 ei
1683 2539 1845 2592 solito
1877 2540 2073 2594 melio-

472 2632 593 2670 rem
628 2623 953 2688 paraturam
982 2622 1442 2676 accommedabit.
1494 2624 1580 2677 Ad
1623 2625 1932 2695 capitulum
1960 2644 2073 2682 non

471 2706 647 2773 venit,
694 2707 804 2761 nisi
850 2724 978 2763 cum
1009 2710 1218 2764 domno
1246 2711 1467 2777 abbate,
1496 2728 1624 2766 cum
1654 2729 1764 2783 quo
1793 2715 1964 2769 etiam
1993 2717 2064 2770 ad

472 2793 835 2866 principalem
866 2814 1119 2869 mensam
1166 2799 1322 2853 sedet
1350 2799 1408 2853 in
1436 2801 1748 2868 refectorio,
1774 2804 1860 2857 vel
1888 2805 2059 2872 solus,

471 2899 538 2936 eo
565 2883 813 2940 absente.
847 2885 983 2941 Post
1010 2888 1307 2958 prandium
1336 2889 1743 2956 ministrorum,
1777 2895 2073 2949 comedens

476 2972 548 3026 ad
577 2989 749 3027 unam
780 2974 849 3028 de
882 2976 1266 3046 superioribus
1288 2978 1517 3037 mensis.
1537 2979 1694 3034 sedet
1713 2997 1838 3035 cum
1857 2983 2073 3037 comiti-

2161 2183 2276 2237 det.
2311 2184 2420 2238 Dat
2438 2184 2491 2237 ei
2509 2184 2653 2237 hanc
2677 2184 2798 2254 ipse
2825 2184 3065 2238 domnus
3084 2182 3257 2236 abbas
3278 2178 3761 2235 benedictionem.

2160 2272 2354 2334 Tuam,
2388 2275 2802 2325 clementissime
2822 2274 3001 2335 Pater,
3020 2274 3474 2339 omnipotentiam
3484 2268 3767 2335 supplices

2154 2360 2603 2429 deprecamur,ut
2635 2362 2931 2429 infundere
2946 2362 3193 2427 digneris
3213 2373 3379 2426 super
3399 2357 3548 2410 hunc
3557 2358 3761 2423 famu-

2158 2452 2277 2503 lum
2307 2454 2487 2511 tuum,
2513 2465 2673 2517 quem
2719 2454 2810 2502 tuo
2854 2464 3245 2515 servorumque
3275 2452 3502 2500 tuorum
3531 2446 3766 2497 servitio

2157 2539 2560 2603 mancipamus,
2576 2540 2841 2605 spiritum
2856 2539 3137 2604 sapientiae
3155 2541 3205 2589 et
3226 2536 3532 2590 intellectus
3547 2534 3762 2586 discre-

2157 2628 2460 2694 tionisque;
2483 2627 2629 2679 dona
2658 2629 2709 2679 ei
2738 2629 2801 2679 in
2831 2626 2932 2678 hac
2959 2626 3117 2679 domo
3148 2630 3244 2677 tua
3266 2627 3347 2677 ita
3366 2638 3543 2689 agere,
3578 2626 3629 2674 et
3660 2623 3764 2674 in-

2143 2716 2411 2781 junctum
2430 2714 2538 2767 sibi
2564 2714 2809 2780 ofﬁcium
2834 2715 2912 2766 ita
2922 2714 3342 2774 administrare,
3368 2715 3499 2764 utet
3521 2711 3626 2763 tibi
3630 2711 3765 2777 pla-

2145 2818 2262 2856 cere
2290 2805 2488 2865 valeat,
2513 2807 2564 2856 et
2595 2805 2897 2857 utilitatem
2925 2817 3210 2856 servorum
3241 2806 3486 2863 tuorum,
3516 2803 3564 2852 te
3583 2802 3765 2852 auai-

2157 2891 2345 2954 liante,
2365 2893 2758 2958 perfectissime
2778 2892 3004 2958 expleat,
3028 2895 3250 2958 propter
3270 2890 3414 2957 quod
3432 2893 3481 2943 et
3512 2889 3601 2941 hic
3620 2892 3671 2940 et
3692 2890 3763 2941 in

2151 2979 2347 3044 futuro
2374 2983 2566 3033 saeculo
2588 2981 2885 3033 mercedem
2909 2981 3163 3032 laborum
3190 2994 3424 3032 suorum
3454 2979 3516 3030 in
3535 2991 3765 3030 consor-

468 3059 573 3115 bllS
601 3062 720 3116 suis
748 3062 1165 3133 aliquantulum
1183 3065 1253 3119 ab
1277 3082 1343 3120 eo
1366 3068 1618 3122 remotis.
1651 3067 1714 3123 In
1738 3070 2066 3126 dormitorio
2102 3135 2109 3136 ί
2154 3070 2228 3119 tio
2257 3072 2579 3121 sanctorum
2612 3073 2835 3123 tuorum
2857 3083 2892 3121 α
2923 3073 2970 3121 te
2993 3070 3246 3136 piissimo
3270 3069 3533 3134 largitore
3566 3067 3763 3132 perci-

467 3150 679 3205 dormit
707 3167 774 3205 ex
820 3153 1246 3220 consuetudine,
1288 3160 1474 3225 potest
1516 3162 1725 3223 tamen,
1757 3159 1806 3212 si
1834 3176 2063 3216 necesse
2082 3135 2126 3196 Ο
2140 3158 2283 3224 Pint.
2304 3158 2426 3217 Ρϐνι
2456 3162 2561 3211 etC-

467 3244 576 3304 est,
609 3240 936 3309 providente
979 3241 1165 3311 priore
1194 3243 1253 3297 in
1298 3245 1440 3297 cella
1465 3245 1822 3314 novitiorum,
1859 3249 1974 3303 sive
2003 3250 2063 3304 in

465 3327 780 3383 infirmaria
809 3329 1073 3384 dormire.
1856 3404 1875 3417 .

544 3416 602 3470 Si
631 3416 898 3471 fratribus
912 3418 1029 3473 suis
1058 3420 1381 3476 societatem
1404 3428 1461 3476 et
1478 3423 1784 3494 capitulum
1806 3416 2062 3482 uestrum

467 3504 590 3559 vult
616 3505 924 3575 acquirere,
964 3507 1019 3561 in
1054 3508 1297 3579 capitulo
1338 3518 1469 3565 ante
1506 3512 1775 3567 domuum
1803 3514 2063 3570 abbatem

471 3591 639 3647 debet
676 3593 897 3648 veniam
944 3601 1153 3666 petere,
1203 3604 1260 3652 et
1297 3600 1676 3672 interrogatus
1721 3604 1854 3673 quid
1892 3605 2060 3673 dicat,

470 3696 598 3734 cum
626 3683 998 3752 responderit,
1024 3687 1464 3742 Misericordiam
1484 3706 1684 3759 quaero,
1717 3708 2065 3765 surgensque

469 3769 814 3825 voluntatem
847 3789 1005 3827 suam
1035 3776 1336 3845 patefacit;
1369 3779 1617 3849 assurgit
1659 3781 1900 3837 domnus
1921 3783 2066 3838 abba

469 3875 596 3913 cum
628 3866 923 3928 conventu,
957 3868 1015 3917 et
1043 3863 1143 3918 dat
1171 3865 1224 3920 ei
1271 3866 1595 3922 societatem
1631 3875 1686 3923 et
1732 3871 2060 3942 capitulum,

466 3947 745 4020 simulque
774 3951 1045 4022 recipitur
1063 3952 1133 4007 ab
1154 3971 1240 4008 eo.
1263 3954 1406 4010 Nam
1429 3956 1755 4028 priusquam
1775 3960 1880 4015 hoc
1897 3964 2063 4017 modo

462 4037 701 4093 societas
731 4038 800 4094 ab
829 4042 911 4095 eis
939 4044 1520 4111 confirmetur,nullus
1537 4053 1789 4102 nostrum
1815 4050 1884 4104 ad
1915 4050 2058 4119 illos,

463 4127 551 4181 vel
580 4144 646 4182 ex
666 4129 776 4184 illis
798 4130 870 4184 ad
892 4147 994 4185 nos
1013 4132 1241 4211 veniens
1260 4134 1503 4204 capitulo
1533 4136 1805 4191 interesse
1828 4140 2064 4209 permit-

466 4215 627 4279 titur,
661 4217 770 4272 nisi
800 4218 905 4273 hoc
934 4237 1061 4274 cum
1084 4222 1245 4275 venia
1275 4230 1683 4293 promereatur.
1711 4226 1770 4280 Si
1793 4227 1925 4297 quid
1952 4230 2064 4283 tale

462 4303 675 4372 fecerit,
709 4307 858 4362 unde
884 4308 1085 4363 fratres
1125 4311 1303 4364 nostri
1333 4313 1439 4366 loci
1477 4313 1785 4385 quidquam
1830 4317 2065 4371 moleste

465 4399 664 4448 contra
689 4411 748 4448 se
773 4395 979 4451 habere
1003 4400 1382 4467 cognoverint,
1407 4404 1740 4472 quantocius
1765 4405 1992 4460 advenit
2010 4411 2067 4460 et

463 4482 755 4537 humiliter
783 4487 1079 4540 conventui
1109 4487 1239 4542 inde
1271 4489 1562 4557 satisf'acit,
1589 4498 1653 4546 ut
1681 4493 1884 4563 quibus
1905 4512 2065 4549 occa-

466 4571 551 4626 sio
581 4571 652 4625 ad
681 4572 903 4627 ruinam
934 4590 1055 4630 esse
1084 4578 1311 4648 poterit,
1335 4581 1650 4651 exemplum
1677 4582 2063 4638 aedificationis

466 4661 586 4715 fiat.

534 4750 812 4821 Expulsus
835 4752 979 4808 forte
1003 4753 1073 4808 de
1101 4754 1222 4810 loco
1253 4772 1355 4811 suo
1388 4773 1485 4828 pro
1513 4758 1704 4829 aliqua
1726 4762 2062 4831 persecutio-

459 4854 551 4907 ne,
579 4839 627 4894 si
655 4858 812 4912 spem
841 4842 1113 4897 redeundi
1152 4843 1321 4899 habet
1353 4852 1410 4900 et
1449 4851 1640 4901 tamen
1668 4848 1881 4903 diutius
1912 4851 2060 4920 apud

464 4943 569 4981 nos
612 4930 952 4984 commorari
997 4930 1181 4997 debet,
1224 4934 1610 5004 supradictum
1662 4937 1915 4992 ordinem
1946 4954 2060 4993 non

459 5021 660 5082 servat,
706 5018 803 5072 sed
843 5035 911 5072 ex
937 5021 1363 5087 consuetudine,
1396 5022 1636 5077 fratrum
1668 5025 2059 5080 inclinationes

459 5110 517 5159 et
535 5107 887 5177 capellanum
913 5124 1042 5162 cum
1072 5109 1294 5163 laterna
1321 5109 1427 5164 sibi
1457 5128 1568 5166 non
1599 5113 1854 5184 impendi
1875 5115 2058 5168 humi-

456 5194 641 5249 litera
663 5196 870 5251 domno
893 5196 1094 5252 abbate
1125 5199 1390 5269 postulat.
1420 5200 1477 5254 Si
1496 5201 1553 5255 in
1575 5204 1915 5273 competenti
1935 5203 2057 5260 loco

458 5288 517 5336 et
544 5288 796 5353 tempore
825 5301 954 5338 cum
979 5286 1166 5356 aliquo
1187 5287 1361 5341 fratre
1389 5288 1512 5343 sine
1540 5290 1766 5345 licentia
1788 5291 2055 5361 loquitur,

459 5370 565 5425 hoc
586 5372 812 5442 quidem
844 5374 903 5427 in
933 5391 998 5428 eo
1024 5380 1160 5429 tunc
1209 5375 1630 5445 dissimulatur;
1673 5381 1772 5433 sed
1798 5380 1859 5433 in
1886 5380 2058 5434 fratre

458 5461 653 5530 procul
673 5460 841 5517 dubio
871 5462 1309 5519 inclamatur.At
1337 5466 1383 5519 si
1402 5468 1760 5537 postmodum
1780 5469 1838 5522 in
1852 5468 2059 5523 talibus

462 5547 716 5603 ordinem
745 5553 1358 5627 transgreditur,super
1386 5556 1493 5610 hoc
1512 5561 1577 5611 ut
1596 5556 1856 5611 emendet
1873 5556 2056 5612 chari-

530 5653 685 5724 (123)
710 5655 850 5713 Vide
877 5674 1000 5729 cap.
1029 5658 1089 5731 2,
1126 5666 1272 5731 part.
1306 5676 1326 5716 ι
1357 5662 1493 5719 0rd.
1516 5663 1768 5719 Cluniae.

2215 3245 2286 3298 Et
2314 3249 2378 3299 ut
2410 3245 2501 3300 hic
2541 3261 2763 3316 quoque
2808 3246 2930 3316 ejus
2977 3244 3254 3300 absolutio
3292 3259 3407 3298 non
3434 3242 3760 3309 differatur,

2146 3333 2472 3387 meminerit
2499 3334 2724 3404 quando
2756 3332 3125 3388 absolvendus
3170 3337 3274 3400 est,
3305 3337 3370 3386 ut
3404 3331 3595 3385 mittat
3623 3347 3764 3385 ver-

2145 3438 2269 3476 sum
2297 3438 2424 3477 cum
2447 3422 2544 3477 illo
2573 3424 2891 3477 Benedictus
2910 3440 2980 3486 es,
3015 3424 3244 3477 Domine
3272 3423 3429 3483 Deus,
3455 3422 3555 3489 qui
3580 3420 3761 3488 adju-

2144 3513 2275 3564 visti
2294 3528 2377 3563 me
2397 3516 2445 3563 et
2466 3514 2775 3565 consolatus
2804 3528 2856 3565 es
2887 3528 2972 3565 me
3003 3516 3100 3565 :et
3119 3510 3221 3565 tali
3250 3508 3557 3564 absolvitur
3583 3507 3763 3563 bene-

2145 3599 2408 3655 dictione.
2439 3602 2671 3654 Domine
2709 3603 2837 3653 .Iesu
2867 3601 3098 3662 Christe,
3132 3603 3233 3667 qui
3264 3602 3356 3667 pie
3384 3598 3756 3653 servientibus

2148 3691 2250 3743 tibi
2270 3690 2572 3756 muniﬁcus
2592 3690 2896 3742 retributor
2913 3695 2963 3742 et
2991 3691 3224 3743 clemens
3263 3691 3501 3755 largitor
3536 3689 3752 3753 existis,

2147 3778 2296 3831 hunc
2323 3780 2608 3846 famulum
2631 3782 2814 3845 tuum,
2846 3780 2945 3845 qui
2964 3780 3026 3831 in
3048 3779 3150 3830 hac
3176 3778 3334 3830 domo
3355 3782 3453 3830 tua
3487 3791 3639 3829 nunc
3658 3792 3759 3829 us-

2144 3882 2246 3935 que
2266 3868 2502 3933 ﬁdeliter
2519 3869 2807 3927 laboravit,
2824 3873 2872 3919 et
2888 3868 3008 3929 tibi,
3022 3869 3294 3934 ser-visque
3316 3868 3426 3918 tuis
3455 3864 3754 3919 obediendo

2144 3956 2654 4023 injunctumsibide
2674 3956 3433 4016 auxiliante,administravit
3455 3955 3709 4020 ofﬁcium
3729 3971 3747 4006 :

2148 4045 2428 4098 laboribus
2448 4046 2564 4097 suis
2582 4046 2744 4098 solita
2761 4045 3093 4110 benignitate
3123 4044 3400 4111 responde,
3428 4046 3477 4095 et
3500 4044 3631 4109 pius
3660 4057 3753 4095 re-

2146 4137 2475 4187 munerator
2510 4148 2735 4200 appare,
2767 4137 2815 4185 et
2843 4136 3071 4200 praesta;
3113 4136 3175 4183 ut
3218 4133 3281 4184 in
3329 4131 3430 4184 hac
3457 4131 3616 4183 domo
3646 4134 3751 4183 tua

2135 4224 2355 4292 jugiter
2386 4226 2728 4289 permaneat,
2762 4227 2812 4275 et
2851 4222 3149 4274 mercedem
3181 4221 3437 4272 laborum
3485 4233 3746 4282 suorum,

2146 4316 2193 4364 et
2214 4311 2303 4364 hic
2330 4315 2380 4363 et
2409 4313 2473 4363 in
2503 4311 2865 4363 retributione
2882 4313 3172 4378 justorum
3192 4324 3227 4360 a
3250 4313 3296 4360 te
3320 4309 3609 4374 percipiat,
3633 4309 3753 4360 lar-

2146 4401 2482 4465 gitoremque
2512 4401 2767 4452 omnium
2798 4400 3068 4451 bonorum
3094 4401 3140 4450 te
3159 4412 3267 4450 esse
3280 4397 3672 4464 plenissimum
3694 4412 3751 4448 se

2148 4503 2260 4541 non
2289 4487 2563 4540 dubitet...

2218 4579 2240 4599 "
2273 4576 2371 4630 Est
2398 4580 2586 4629 autem
2617 4575 3003 4639 consuetudo,
3033 4574 3083 4629 si
3130 4589 3221 4627 res
3264 4572 3454 4642 exigit,
3501 4576 3567 4626 ut
3605 4571 3749 4628 dum

2145 4665 2314 4718 Pater
2351 4665 2420 4718 de
2467 4664 2664 4718 eadem
2705 4663 3027 4718 obedientia
3053 4662 3394 4725 absolvatur,
3428 4661 3497 4715 de
3526 4660 3658 4724 alio,
3695 4662 3748 4715 si

2143 4754 2265 4807 fieri
2296 4757 2500 4824 potest,
2532 4759 2597 4807 ut
2624 4757 3027 4823 pertractetur,
3049 4751 3145 4822 qui
3172 4767 3299 4805 mox
3326 4751 3385 4803 in
3409 4751 3530 4821 ejus
3553 4749 3751 4804 locum

2144 4842 2499 4911 subrogetur,
2534 4846 2812 4912 quatenus
2847 4841 3044 4894 eadem
3086 4840 3242 4904 hora,
3272 4855 3386 4909 qua
3428 4839 3536 4892 istc
3569 4837 3746 4892 bene-

2143 4931 2445 4985 dictionem
2476 4930 2819 5001 egrediendi,
2841 4930 2936 4983 ille
2957 4929 3126 4983 etiam
3143 4928 3381 4999 accipiat
3400 4926 3746 4981 benedictio-

2139 5036 2269 5074 nem
2298 5018 2640 5090 egrediendi.
2676 5018 2784 5083 Qui
2813 5020 2861 5073 si
2900 5018 3043 5072 forte
3088 5022 3320 5088 propter
3369 5016 3598 5087 aliquod
3631 5017 3745 5071 cri-

2141 5126 2270 5163 men
2316 5109 2385 5163 de
2435 5109 2687 5178 prioratu
2735 5107 3082 5173 destituitur,
3123 5105 3415 5160 confestim
3444 5105 3505 5159 in
3534 5104 3744 5161 ultimo

2140 5200 2385 5270 ponitur,
2419 5204 2614 5269 postea
2644 5198 2950 5252 secundum
2980 5213 3101 5250 rem
3129 5195 3457 5249 tractandus
3481 5213 3492 5260 ;
3526 5193 3612 5247 sin
3640 5210 3744 5248 au-

2139 5293 2274 5356 tem,
2307 5288 2376 5343 ad
2404 5288 2648 5357 priorem
2686 5288 2835 5342 redit
2871 5286 3144 5341 ordinem.
3189 5285 3348 5349 Quod
3392 5283 3619 5355 quidem
3656 5283 3744 5339 ita

2143 5378 2311 5445 (sicut
2335 5377 2569 5445 dictum)
2593 5376 2663 5430 de
2692 5376 2886 5446 quovis
2924 5375 3075 5429 cellae
3107 5380 3315 5428 nostrae
3338 5374 3556 5443 priore,
3586 5370 3634 5424 si
3663 5372 3742 5426 ad

2140 5482 2243 5521 nos
2272 5472 2515 5531 vocatus,
2541 5483 2575 5519 a
2596 5465 2849 5535 prioratu
2874 5480 2976 5518 suo
3008 5463 3077 5518 ob
3107 5462 3347 5518 similem
3383 5476 3613 5515 causam
3641 5459 3741 5513 de-

2139 5554 2386 5626 ponitur,
2420 5561 2506 5608 est
2549 5554 2849 5626 agendum.
2885 5552 2991 5617 Qui
3027 5552 3198 5607 etiam
3236 5551 3378 5605 nihil
3420 5547 3629 5603 retinet
3665 5547 3739 5602 de
