3934 6390
113 313 136 367 4
147 312 245 369 057

1140 306 1560 363 CONSTITUT.
1602 305 1944 363 HIRSAUG.
1985 336 2057 349 —
2093 308 2231 363 LIB.
2271 308 2346 363 II.

3237 307 3378 367 1058

113 437 212 502 his,
246 452 373 506 quae
402 449 592 490 secum
621 431 834 501 attulit,
866 431 1109 502 exceptis
1144 430 1393 486 vestibus
1432 429 1570 497 suis,
1607 430 1706 485 sed
1726 431 1983 491 Anullus
2017 431 2068 486 ei
2097 431 2317 486 obviam
2346 432 2429 486 ire
2458 431 2765 503 praesumit.
2781 430 2868 485 Ad
2882 430 3188 503 capitulum
3208 422 3390 488 omni-

114 525 321 597 pariter
375 540 505 578 cum
564 538 728 593 equo,
772 537 942 592 quem
986 521 1161 587 sedet,
1208 520 1596 585 remittuntur,
1652 526 1710 573 ct

114 620 302 686 postea
329 613 639 668 successori
663 627 764 665 suo
792 611 1136 665 tribuuntur.

172 704 312 773 (συ.)
330 702 416 756 Ab
435 702 578 756 hora
595 705 781 755 autem
795 698 1163 753 ordinationis
1178 715 1312 763 suae,
1327 697 1480 768 prior
1490 695 1710 751 noviter

114 792 321 846 electus
348 798 477 862 post
501 791 771 844 domuum
802 788 1062 843 abbatem
1092 788 1162 841 de
1183 787 1442 841 omnibus
1462 785 1630 840 rebus
1657 789 1713 838 et

112 879 312 945 causis,
329 896 454 950 qum
482 879 554 933 ad
583 877 989 932 monasterium
1001 875 1305 947 pertinent,
1334 891 1394 932 se
1424 873 1713 931 intromit-

111 967 194 1033 tit,
226 966 340 1022 nisi
378 967 449 1021 de
488 967 753 1021 thesauro
795 963 1036 1019 ecclesiae
1066 969 1124 1017 et
1152 964 1223 1017 de
1251 962 1499 1017 armaria
1539 959 1704 1035 (1'24),

113 1072 230 1127 quae
275 1056 336 1110 in
382 1062 662 1127 potestate
699 1055 914 1110 abbatis
960 1055 1289 1109 consistunt.
1323 1057 1344 1078 ‘
1374 1056 1437 1109 In
1477 1053 1708 1108 sinistro

112 1145 280 1199 choro
297 1149 414 1199 stat
431 1161 748 1215 supremus.
777 1143 923 1197 Item
938 1143 998 1197 in
1019 1142 1312 1196 refectorio
1330 1142 1490 1196 sedet
1517 1156 1709 1211 supre-

112 1248 233 1286 mus
261 1233 336 1287 ad
360 1249 636 1299 mensam,
665 1248 788 1303 quae
814 1231 887 1285 ad
915 1231 1168 1284 dextram
1212 1230 1406 1285 domni
1452 1227 1669 1283 abbatis
1692 1248 1705 1297 ;

113 1327 163 1374 et
193 1320 241 1373 si
270 1319 368 1373 ille
387 1321 586 1384 deerit,
610 1320 769 1374 sedet
794 1319 854 1372 in
877 1319 1001 1387 ejus
1022 1319 1153 1372 sede
1178 1317 1237 1371 in
1267 1317 1593 1386 refectorio;
1620 1317 1709 1372 cui

110 1410 241 1475 vult,
259 1409 464 1475 mittit;
489 1416 647 1463 extra
670 1408 1028 1463 refectorium
1057 1422 1190 1461 vero
1219 1407 1360 1461 nulli
1384 1406 1708 1461 mortalium

113 1496 238 1550 licet
264 1497 318 1552 ei
347 1497 658 1568 quidquam
687 1496 926 1550 mittere.
958 1497 980 1519 ’
1009 1495 1297 1566 Quotquot
1328 1501 1477 1551 sunt.
1506 1494 1601 1565 qui
1628 1495 1711 1549 ul-

114 1586 225 1638 lam
251 1585 466 1639 habent
494 1585 891 1651 obedientiam,
909 1585 981 1638 ad
1007 1600 1136 1639 eum
1164 1583 1472 1654 respiciunt
1492 1599 1705 1648 omnes,

112 1691 199 1729 πο.
232 1680 290 1729 et
317 1675 367 1728 si
402 1675 518 1728 tale
553 1674 688 1745 quid
726 1674 1068 1745 praecipuum
1107 1673 1286 1727 acturi
1323 1678 1475 1738 sunt,
1501 1689 1711 1743 nequa-

111 1780 279 1834 quam
311 1763 502 1835 agitur
543 1764 762 1835 absque
796 1764 916 1833 ejus
957 1763 1209 1825 consilio,
1246 1768 1304 1816 et
1346 1762 1557 1832 absque
1589 1763 1708 1831 ejus

1787 521 1976 587 moda,
2006 527 2174 592 prout
2203 521 2438 592 dignum
2466 526 2570 585 est,
2591 519 2922 585 reverentia,
2955 520 3008 575 ei
3033 520 3103 575 ab
3129 522 3385 577 omnibus

1788 607 2153 679 impenditur,
2187 616 2245 664 et
2281 615 2474 664 tamen
2503 614 2662 664 cavet
2687 626 2746 663 se
2775 610 2845 663 de
2871 609 2959 664 his
2986 596 3383 675 intromittere,

1789 713 1914 766 quae
1944 698 2017 752 ad
2040 698 2260 752 abbatis
2288 698 2566 768 judicium
2590 698 2746 752 novit
2773 699 3068 769 respicere,
3119 698 3388 754 sollicitus
3450 712 3473 733 θ

1794 785 1870 839 ibi
1899 791 1957 840 et
1983 786 2193 858 ubique
2222 787 2291 840 ad
2322 804 2381 841 se
2419 787 2762 858 pertinentia
2784 788 2876 858 pie
2899 787 3251 858 discreteque
3276 793 3392 842 tra-

1793 882 1964 929 ctare.
2000 875 2218 930 Leviori
2254 877 2433 946 culpae
2462 876 2708 946 aliquem
2739 893 2773 930 a
2800 876 2983 947 seipso
3024 875 3389 947 subjugatum

1792 969 1919 1034 post
1945 963 2163 1019 abbatis
2186 964 2429 1019 reditum
2458 964 2580 1019 sine
2609 964 2761 1018 illius
2784 970 3058 1036 praecepto
3078 981 3190 1019 non
3204 966 3385 1020 solvit.

1793 1052 1932 1106 Cum
1965 1052 2385 1108 obedientiariis
2412 1042 2498 1108 vel
2517 1054 2641 1107 aliis
2666 1052 2935 1107 fratribus
2955 1053 3093 1107 alias
3121 1070 3292 1124 quam
3330 1053 3391 1108 in

1791 1142 2036 1212 capitulo
2065 1142 2207 1195 nihil
2235 1142 2376 1196 dure
2406 1142 2489 1196 vel
2520 1159 2716 1213 aspere
2744 1143 3010 1212 loquitur,
3026 1159 3097 1196 ne
3114 1159 3217 1213 pro
3236 1141 3390 1197 illius

1792 1229 2273 1301 inopportunitate
2323 1232 2529 1302 aliquis
2573 1231 2892 1285 inordinate
2935 1231 3154 1285 veniam
3196 1236 3389 1302 petere

1792 1324 2046 1387 cogatur,
2082 1319 2193 1373 nisi
2227 1319 2371 1373 forte
2399 1320 2463 1373 D.
2504 1318 2704 1373 abbate
2728 1319 2961 1373 absente
3003 1321 3116 1373 tale
3142 1320 3297 1390 quid,
3322 1325 3387 1374 ut

1791 1409 2175 1479 supradictum
2239 1414 2344 1476 est,
2402 1425 2529 1463 cum
2586 1408 2816 1462 consilio
2889 1407 3173 1462 seniorum
3225 1408 3392 1462 abeat

1789 1496 2165 1564 tractandum,
2186 1497 2334 1567 quod
2362 1497 2422 1550 in
2445 1496 2691 1566 capitulo
2722 1512 2833 1550 non
2865 1496 2938 1550 sit
2964 1496 3384 1566 publicandum.

1791 1586 1846 1639 Is
1891 1602 2156 1657 namque.
2208 1587 2304 1657 qui
2353 1586 2409 1639 in
2460 1585 2560 1640 tali
2604 1602 2749 1639 noxa
2789 1586 3169 1656 deprehensus
3197 1585 3388 1653 fuerit,

1791 1673 2012 1743 quoties
2055 1673 2125 1727 ab
2154 1673 2342 1744 aliquo
2368 1673 2729 1734 inclamatur,
2769 1673 2935 1728 toties
2979 1673 3196 1727 veniam
3228 1673 3387 1744 petit.

1791 1762 2021 1815 Nullum
2062 1762 2123 1816 in
2164 1762 2365 1817 ultimo
2413 1763 2590 1833 ponit,
2634 1761 2746 1815 nisi
2793 1778 2942 1826 eum,
2975 1762 3071 1833 qui
3119 1762 3388 1832 de-fuga,

109 1822 406 1908 consensu.
452 1852 633 1921 War.)
660 1822 728 1906 ‘Si
767 1822 1076 1923 perrexerit
1120 1822 1205 1905 ad
1231 1822 1577 1905 obedientias
1615 1822 1767 1904 velB
1789 1850 1991 1904 abbate
2020 1856 2257 1916 remoto,
2305 1822 2490 1905 rediit.
2536 1822 2601 1904 In
2637 1822 3129 1921 gravioris'culpaa
3172 1822 3393 1904 senten;

110 1942 264 2009 alias,
284 1941 444 1996 ducit
460 1958 651 1995 secum
672 1958 846 1996 unum
868 1941 1121 2003 fratrem,
1150 1940 1244 2011 qui
1266 1956 1390 1993 cum
1423 1956 1489 1993 eo
1519 1944 1707 1993 cantet

110 2047 335 2084 cursum
396 2031 734 2100 regularem,
786 2034 845 2083 et
890 2029 1284 2083 vestimentum
1338 2028 1703 2093 sacerdotale,

109 2120 372 2189 adjuncto
400 2119 594 2173 calice.
624 2117 785 2181 Quod
808 2124 999 2172 tamen
1028 2117 1250 2172 rediens
1265 2116 1458 2171 statim
1489 2116 1708 2170 custodi

110 2207 354 2263 ecclesiae
382 2207 588 2261 reddit.
618 2207 679 2260 Si
707 2206 816 2261 iter
846 2223 1018 2277 agens
1064 2206 1262 2260 eodem
1305 2205 1397 2259 die
1437 2206 1509 2259 ad
1551 2205 1711 2259 clau-

110 2304 291 2351 strum
318 2296 639 2362 revertitur,
664 2295 879 2366 absque
909 2295 1139 2349 licentia
1185 2310 1299 2348 non
1337 2293 1505 2348 debet
1535 2292 1594 2347 in
1627 2292 1714 2346 via

110 2386 408 2456 prandere.
442 2384 712 2438 Eamdem
735 2383 1018 2439 licentiam
1049 2383 1168 2454 ipse
1193 2383 1334 2437 nulli
1364 2388 1550 2453 potest
1577 2383 1712 2436 dare

109 2476 317 2529 domno
337 2473 544 2528 abbate
564 2473 623 2528 in
652 2473 991 2528 monasterio
1018 2472 1376 2538 consistente,
1407 2487 1511 2525 nec
1538 2471 1710 2525 etiam

111 2579 173 2617 eo
200 2563 457 2624 absente,
481 2561 591 2616 nisi
615 2578 716 2632 pro
742 2579 948 2632 magna
971 2561 1322 2616 necessitate.
1351 2560 1505 2614 Nihil
1539 2576 1712 2630 pecu-

110 2652 215 2706 nia:
244 2651 509 2722 privatim
539 2649 724 2704 habet.
752 2667 843 2704 un.
875 2651 1020 2704 Nam
1039 2650 1263 2720 quando
1291 2648 1496 2703 deforis
1521 2665 1709 2702 rever-

111 2758 206 2795 sus
234 2740 430 2805 fuerit,
465 2736 736 2811 quidquid
771 2743 1050 2810 apportat,
1064 2743 1248 2793 totum
1261 2738 1567 2791 camerario
1591 2737 1712 2790 red-

109 2830 210 2896 dit,
239 2846 348 2883 nec
372 2829 560 2882 minus
590 2827 660 2881 ab
690 2827 787 2881 illo
817 2827 1087 2898 quidquid
1109 2843 1249 2897 opus
1267 2826 1452 2891 habet,
1486 2825 1705 2896 recipit.

1788 1939 1924 1993 tiam
1956 1940 2238 1994 neminem
2285 1940 2477 1995 mittit.
2520 1940 2734 1994 Caetera
2772 1941 2964 1993 omnia
3001 1940 3073 1994 ad
3119 1938 3393 2010 regularis

1790 2027 2093 2099 disciplinae
2142 2028 2546 2083 districtionem
2596 2027 2937 2098 pertinentia
2977 2027 3035 2081 in
3089 2028 3212 2098 ejus
3260 2031 3393 2081 sunt

1794 2117 2068 2188 potentia.

1866 2205 2100 2269 Quando
2130 2206 2333 2261 fratres
2361 2206 2418 2259 in
2447 2209 2723 2260 conventu
2762 2204 2924 2259 solito
2956 2204 3126 2259 altius
3154 2203 3393 2276 loquun-

1796 2297 1906 2357 tur,
1937 2295 2025 2349 vel
2046 2294 2108 2348 in
2133 2295 2367 2349 ecclesia
2396 2295 2465 2349 ad
2496 2311 2689 2365 preces
2710 2295 2795 2348 vel
2824 2294 2895 2347 ad
2922 2293 3176 2347 litaniam
3207 2294 3392 2348 minus

1795 2382 2124 2447 audiuntur,
2158 2389 2388 2455 propter
2424 2384 2529 2438 hoc
2571 2383 2641 2437 ab
2688 2399 2754 2437 eo
2791 2382 2978 2437 sonitu
3007 2387 3139 2436 ante
3166 2399 3225 2436 se
3247 2382 3393 2438 facto

1794 2471 2191 2527 admonentur.
2240 2474 2297 2527 Si
2340 2474 2492 2527 horae
2540 2472 2788 2542 regulari
2825 2471 3103 2541 interfuit,
3144 2487 3269 2542 quae
3307 2488 3394 2526 re-

1792 2560 2092 2616 fectionem
2131 2563 2435 2632 praecessit,
2481 2568 2709 2633 excepto
2749 2561 2820 2615 ad
2855 2577 3136 2632 vesperos,
3176 2561 3225 2615 si
3268 2567 3396 2632 post

1794 2650 2185 2704 Bcnedz'namus
2216 2653 2446 2705 Domino
2492 2667 2605 2704 non
2647 2666 2973 2705 reversurus
3015 2649 3231 2714 exierit,
3264 2650 3387 2721 ipse

1793 2737 2113 2807 cymbalum
2158 2740 2243 2793 vel
2287 2740 2432 2793 alius
2486 2745 2759 2809 provectae
2802 2739 2984 2793 aetatis
3025 2743 3165 2792 nutu
3212 2739 3391 2809 ipsius

1792 2827 2052 2897 percutit,
2087 2827 2360 2898 incipiens
2391 2828 2462 2881 ad
2491 2844 2588 2895 per
2618 2830 2937 2881 Dominum.
2970 2827 3039 2880 Et
3063 2827 3178 2881 haec
3209 2828 3395 2897 pulsa-

112 2919 274 2983 Quod
302 2918 432 2972 ideo
452 2933 487 2971 a
504 2916 714 2971 nostris
732 2915 994 2971 Patribus
1014 2922 1357 2986 praecautum
1387 2920 1490 2981 est,
1515 2931 1585 2968 ne
1619 2915 1719 2967 illa
1798 2915 1878 2968 tio
1910 2932 2201 2986 quousque
2232 2916 2415 2969 media
2436 2932 2567 2987 pars
2587 2921 2891 2969 conventus
2920 2914 3114 2968 exierit
3142 2915 3212 2969 de
3228 2916 3398 2969 eccle-

111 3009 266 3062 mala
310 3006 488 3077 pestis
540 3004 920 3076 proprietatis,
965 3010 1022 3059 et
1068 3004 1380 3074 praesertim
1426 3003 1715 3058 monachis
1798 3002 1883 3056 sia
1904 3005 2236 3074 protelatur,
2268 3010 2325 3058 et
2356 3017 2490 3059 tunc
2530 3005 2601 3058 de
2630 3004 2878 3075 quinque
2921 3004 3392 3075 percussionibus,

112 3097 254 3150 adeo
279 3094 816 3167 periculosa,aliquo
845 3093 1011 3148 modo
1035 3093 1328 3163 subrepat.
1365 3094 1387 3117 '
1415 3094 1714 3146 Verumta—
1737 3131 1779 3193 Ο
1799 3091 2017 3146 duabus
2062 3092 2288 3169 quidem
2347 3093 2632 3164 paulisper
2680 3093 2998 3164 protractis,
3042 3091 3224 3147 tribus
3265 3109 3396 3146 vero

111 3202 243 3239 men
274 3183 550 3255 quidquid
579 3183 659 3236 illi
695 3183 848 3236 intus
882 3183 970 3236 vel
1014 3182 1148 3236 foris
1191 3199 1293 3253 pro
1340 3182 1613 3236 charitate
1641 3179 1713 3235 ab
1741 3179 2127 3251 “conjunctis.
2159 3181 2370 3235 finitur.
2405 3182 2525 3245 Quo
2554 3181 2701 3235 facto
2715 3181 2916 3252 quaerit
2934 3182 3204 3235 domnum
3230 3181 3398 3235 abba-

113 3274 304 3345 aliquo
334 3273 607 3338 defertur,
638 3272 872 3325 licenter
893 3271 1093 3342 accipit
1116 3290 1129 3339 ;
1157 3272 1255 3325 sed
1281 3276 1339 3325 et
1365 3270 1541 3325 hocin
1559 3286 1713 3323 com-
1792 3274 1909 3323 tem
1938 3270 1997 3323 in
2024 3270 2297 3337 sacristia,
2327 3270 2388 3324 in
2416 3270 2745 3337 inﬁrmaria,
2779 3269 2837 3324 in
2865 3271 3006 3325 cella
3032 3271 3391 3336 novitiorum,

114 3379 349 3419 munem
379 3361 620 3416 fratrum
663 3360 967 3415 utilitatem
1003 3360 1285 3431 expendit,
1329 3359 1439 3413 nisi
1476 3360 1714 3414 domnus
1796 3364 1929 3413 ante
1957 3359 2268 3427 cellarium.
2317 3359 2495 3423 Quem
2540 3360 2587 3413 si
2635 3375 2749 3413 non
2796 3365 3092 3413 venturum
3119 3360 3396 3428 didicerit,

114 3452 292 3506 abbas
315 3451 471 3505 aliud
498 3449 630 3504 inde
660 3449 783 3503 fieri
808 3448 1062 3520 jusserit.
1101 3449 1187 3503 Ad
1232 3448 1573 3503 matutinum
1602 3464 1717 3502 non
1800 3448 2083 3519 pulsatum
2114 3448 2284 3514 vadit,
2326 3452 2384 3502 et
2409 3448 2607 3502 tandiu
2630 3448 2836 3518 pulsat,
2871 3465 3161 3520 quousque
3198 3449 3400 3505 fratres

114 3541 273 3612 legit,
305 3555 491 3610 neque
519 3542 727 3605 cantat,
751 3538 858 3592 nisi
885 3538 955 3592 ad
984 3538 1129 3609 quod
1161 3554 1289 3592 eum
1304 3537 1596 3592 armarius
1627 3553 1723 3591 no-
1802 3537 1872 3590 de
1892 3536 2220 3591 dormitorio
2259 3553 2385 3591 cum
2425 3536 2703 3607 gravitate
2734 3541 2925 3591 tamen
2957 3538 3248 3593 advenisse
3273 3555 3398 3609 cog-

115 3631 219 3680 tat.
256 3625 328 3679 Et
356 3623 613 3696 quamvis
641 3623 994 3695 capellanum
1022 3639 1137 3676 non
1174 3622 1397 3687 habeat,
1431 3638 1720 3693 nunquam
1803 3631 2014 3680 noscat.

117 3721 311 3769 tamen
334 3714 490 3767 solus
515 3712 823 3766 claustrum
849 3712 979 3775 exit,
1012 3711 1121 3765 nisi
1147 3712 1393 3782 aliquem
1422 3711 1492 3765 de
1527 3710 1721 3765 fratri-

117 3803 223 3859 bus
252 3819 356 3875 pro
379 3800 695 3856 reverentia
724 3817 913 3854 secum
937 3800 1176 3855 duxerit.

692 3906 927 3961 CAPUT
976 3907 1149 3960 XVII.

121 4000 246 4065 Qua
274 3998 583 4051 reverentia
604 3997 792 4119 prilori
806 3997 1180 4063 impendatur,
1198 3995 1394 4064 etquid
1412 3995 1521 4048 sibi
1543 3995 1722 4062 facere

718 4069 871 4119 z'ccat.
915 4071 963 4119 et
1006 4072 1177 4119 non?

718 4069 871 4129 z'ccat,
915 4071 963 4119 et
1006 4072 1177 4120 non?

187 4157 209 4177 ⁶
234 4156 697 4226 Quotiescunque
751 4171 880 4209 cum
935 4154 1180 4209 armario
1246 4155 1482 4209 chorum
1545 4158 1722 4221 tenet,

120 4250 335 4299 textum
368 4244 654 4315 Evangelii
684 4244 1010 4315 priusquam
1050 4243 1144 4297 ille
1172 4244 1485 4311 osculatur;
1519 4244 1617 4298 sed
1645 4244 1727 4297 in-

1877 3713 2057 3769 Simili
2086 3714 2252 3768 modo
2280 3714 2595 3768 claustralis
2619 3714 2774 3785 prior
2794 3714 2930 3769 facit
2958 3731 3221 3786 percusso
3250 3732 3399 3787 cym-

1805 3801 1949 3867 balo,
1970 3808 2045 3869 et,
2068 3804 2339 3857 utrolibet
2360 3803 2605 3870 invento,
2631 3803 2844 3857 scilicet
2871 3803 3078 3857 domno
3099 3804 3301 3859 abbate
3315 3805 3403 3858 vel

1802 3891 2010 3963 priore,
2024 3891 2131 3946 nisi
2147 3892 2342 3946 eodem
2358 3892 2614 3961 jubente,
2637 3892 2800 3946 alteri
2820 3896 3012 3962 postea
3050 3909 3162 3946 non
3183 3892 3400 3947 indica-

1804 3979 1968 4035 bit-Si
1983 3997 2111 4034 vero
2134 3981 2451 4051 percutiens
2473 3980 2789 4051 cymbalum
2807 3980 2912 4034 scit
2928 3979 3172 4051 priorem
3185 3981 3291 4035 hoc
3310 3997 3406 4036 au-

1806 4069 1946 4133 dire,
1968 4070 2155 4123 neutri
2178 4070 2401 4122 illorum
2425 4069 2529 4122 hoc
2548 4068 2851 4123 innotescit
2871 4087 2882 4122 :
2902 4069 3000 4123 sed
3038 4070 3190 4140 prior
3214 4069 3405 4124 abbati

1804 4158 1911 4211 hoc
1930 4157 2397 4220 annuntiabit.Ei,
2422 4156 2565 4212 sicut
2583 4158 2813 4212 cuilibet
2832 4159 2902 4213 ad
2925 4157 3137 4212 scillam
3159 4174 3409 4232 sessuro,

1806 4263 2098 4317 nunquam
2152 4252 2427 4300 conventu
2475 4253 2771 4317 praesente,
2821 4247 2930 4302 nisi
2975 4248 3193 4318 integer
3246 4248 3408 4319 panis

123 4351 354 4389 censum
386 4351 502 4388 non
528 4333 788 4404 imponit.
822 4334 948 4403 Ipse
978 4332 1150 4387 etiam
1179 4349 1355 4403 cappa
1380 4332 1611 4387 indutus
1641 4333 2128 4427 velDapponitur.
2178 4333 2264 4386 Ad
2310 4333 2453 4386 hanc
2477 4334 2701 4402 sedens,
2730 4334 2778 4389 si
2807 4336 3055 4390 sonitum
3083 4335 3296 4401 fecerit,
3323 4335 3411 4389 vel

128 4423 272 4477 alius
300 4428 446 4477 nutu
476 4423 598 4493 ejus
626 4422 823 4476 eadem
853 4422 996 4475 hora
1023 4422 1202 4485 offert,
1230 4428 1287 4475 et
1325 4421 1536 4493 absque
1563 4421 1784 4475 licem"
1810 4423 2021 4494 aliquid
2043 4421 2302 4476 effuderit
2320 4427 2420 4475 aut
2436 4422 2684 4492 fregerit,
2704 4423 2960 4478 eamdem
2983 4440 3152 4495 quam
3173 4430 3231 4479 et
3249 4425 3410 4478 dom-

130 4512 204 4565 tia
232 4510 596 4582 praecentor-is
642 4527 874 4581 cappam
898 4510 1068 4577 exuit,
1099 4510 1145 4564 si
1171 4516 1302 4564 ante
1333 4511 1503 4564 ﬁnem
1546 4510 1728 4564 missae
1809 4528 1915 4566 nus
1944 4511 2089 4567 abba
2119 4510 2557 4564 satisfactionem
2587 4511 2751 4567 facit.
2787 4513 3017 4567 Nullum
3059 4512 3136 4567 ibi
3180 4514 3410 4567 fratrem

130 4616 257 4655 eum
296 4600 430 4654 inde
469 4599 757 4653 discedere
780 4598 1055 4668 contingit
1085 4617 1096 4652 :
1134 4599 1206 4652 ad
1232 4616 1362 4653 eum
1393 4598 1638 4670 pertinet
1665 4598 1729 4651 1i-

130 4689 375 4743 centiam
425 4688 560 4741 dare
606 4687 838 4741 missam
885 4687 1222 4754 celebrandi,
1271 4688 1355 4741 vel
1402 4687 1575 4741 abbas
1631 4691 1730 4740 aut

131 4794 338 4849 cappas
369 4776 631 4847 exuendi,
680 4781 977 4847 postquam
1006 4776 1248 4830 domnus
1277 4775 1423 4830 abba
1446 4776 1505 4830 in
1533 4775 1730 4830 missa-

131 4882 257 4921 rum
267 4864 646 4920 celebratione
656 4870 782 4935 post
791 4864 1130 4919 offerendam
1143 4864 1441 4920 accesserit
1450 4865 1518 4919 ad
1529 4865 1726 4928 altare,

134 4954 282 5024 quod
322 4960 382 5008 et
416 4952 646 5008 cuilibet
673 4952 925 5007 ordinem
955 4952 1174 5023 regenti
1203 4953 1334 5007 licet
1366 4952 1567 5007 facere.
1600 4952 1732 5022 Ipse

134 5059 264 5097 vero
295 5043 452 5114 prior
480 5042 711 5096 missam
732 5041 1132 5108 celebraturus,
1158 5046 1456 5113 postquam
1484 5042 1730 5112 primum

137 5132 206 5186 ad
234 5132 414 5186 altare
442 5130 759 5190 accesserit,
792 5130 934 5184 nulli
979 5118 1113 5200 quid
1160 5130 1400 5185 faciendi
1446 5130 1728 5184 licentiam

140 5221 271 5288 dat;
312 5221 412 5275 sed
441 5219 648 5291 potius,
681 5219 777 5290 qui
807 5219 878 5273 ad
899 5236 1145 5290 praesens
1175 5220 1429 5274 ordinem
1463 5219 1624 5289 regit.
1646 5219 1733 5273 Ad

141 5310 452 5381 capitulum
499 5314 555 5364 et
604 5313 731 5380 post
777 5310 1204 5380 completorium
1244 5312 1536 5382 pulsaturo
1587 5310 1734 5381 signi

142 5405 351 5453 restem
401 5398 608 5469 aliquis
663 5414 764 5469 pro
818 5398 1132 5453 reverentia
1185 5399 1435 5471 deponit,
1463 5399 1734 5470 finitaque

144 5487 461 5557 pulsatione
500 5486 742 5558 reponit,
793 5491 851 5541 et
887 5491 1188 5559 postquam
1232 5488 1464 5543 chorum
1513 5487 1731 5556 exierit,

1809 4616 1911 4671 pro
1939 4599 2313 4670 impendenda
2341 4599 2614 4653 charitate
2660 4599 2936 4655 nominat.
2973 4601 3202 4664 Quoties
3231 4618 3406 4673 gene-

1810 4689 1944 4743 ralis
1964 4688 2233 4760 pictantia
2262 4687 2529 4742 fratribus
2575 4688 2940 4759 impenditur.
2974 4696 3110 4744 tunc
3154 4690 3261 4745 sibi
3307 4690 3413 4745 soli

1810 4779 1925 4833 sive
1954 4779 2023 4832 ad
2062 4777 2299 4842 scillam,
2344 4776 2460 4831 sive
2497 4777 2556 4830 in
2592 4776 2717 4831 loco
2763 4793 2865 4831 suo
2911 4778 3149 4845 sedenti,
3192 4778 3417 4849 integra

1812 4867 1998 4920 datur.
2047 4865 2202 4919 Scire
2258 4864 2442 4931 debet,
2489 4864 2638 4934 quod
2690 4870 2922 4936 propter
2973 4865 3192 4920 abbatis
3238 4866 3414 4919 micas

1808 4955 1977 5009 lectio
1998 4962 2082 5009 est
2110 4953 2460 5025 protelanda.
2492 4953 2550 5007 Si
2580 4953 2832 5007 minutus
2855 4959 2941 5008 est
2968 4954 3260 5024 sanguine,
3284 4969 3414 5009 cum

1814 5050 2089 5099 conventu
2116 5059 2227 5096 non
2257 5041 2476 5096 dubitat
2498 5041 2732 5095 chorum
2764 5041 2996 5096 intrare.
3016 5043 3151 5097 Post
3164 5043 3415 5114 singulas

1816 5133 2140 5188 refectiones
2154 5132 2311 5185 finito
2331 5131 2544 5201 psalmo
2557 5130 2722 5184 debet
2742 5136 2872 5185 ante
2890 5131 3218 5186 vestiarium
3240 5137 3412 5200 stare,

1817 5237 2109 5293 quousque
2146 5219 2344 5274 viderit
2381 5219 2584 5273 fratres
2615 5218 2833 5272 exiisse.
2876 5220 3334 5292 Quandocunque
3357 5220 3417 5275 in

1816 5308 2174 5364 refectorium
2224 5308 2341 5361 itur
2369 5307 2578 5373 bibere,
2626 5323 2738 5361 non
2780 5308 2937 5378 prius
2992 5308 3206 5362 scillam
3251 5308 3417 5364 debet

1817 5399 2129 5464 dimittere,
2175 5413 2345 5468 quam
2396 5397 2585 5452 videat
2635 5412 2829 5451 omnes
2868 5396 3129 5451 intrasse.
3174 5397 3420 5461 Quilibet

1818 5487 2058 5542 fratrum
2086 5492 2316 5558 propter
2330 5485 2719 5541 inﬁrmitatem
2747 5485 2819 5540 ad
2849 5480 3417 5557 processionem,quae

218 5614 367 5686 (124)
390 5616 680 5680 Armarz‘a,
712 5614 1071 5685 bibliotheca,
1099 5613 1250 5671 unde
1278 5616 1572 5671 armaria:
1600 5614 2082 5672 bibliothecarius.
