3934 6404
448 304 591 363 ίθῦο
1483 300 1542 355 S.
1582 295 1979 355 GUILLELMI
2013 288 2321 350 ABBATIS
2356 289 2696 348 HIRSAUG.
3578 276 3748 338 1060

452 433 687 505 privatis
709 431 907 489 diebus
934 429 1138 500 agitur,
1152 432 1211 482 et
1226 426 1297 482 ad
1313 441 1453 497 opus
1471 439 1744 479 manuum
1775 439 1903 477 cum
1925 422 2047 492 ejus
2063 426 2110 482 Α
2133 418 2410 491 regularis
2439 417 2575 471 ordo
2606 416 2687 469 sic
2718 413 3064 478 observatur,
3098 415 3162 466 ut
3188 410 3345 465 scilla
3383 409 3442 463 in
3484 406 3749 462 refectae

454 499 684 578 licentia
711 522 907 575 deesse
934 499 1099 582 valet,
1136 521 1321 588 potest
1366 530 1587 586 quoque
1627 513 1910 566 interdum
1949 527 2051 582 pro
2131 510 2215 563 rio
2238 509 2307 562 ad
2339 522 2591 560 mensam
2617 503 3010 574 suspendatur,
3044 500 3115 554 de
3144 515 3341 554 mensa
3386 502 3655 588 surgunt,
3685 499 3749 588 et

456 612 635 666 nimio
661 611 870 680 frigore
900 610 986 664 vel
1018 624 1116 679 pro
1146 606 1256 661 alia
1284 604 1615 659 necessitate
1638 619 1672 656 a
1701 601 2052 672 processione
2133 615 2245 652 non
2285 597 2463 650 solum
2505 593 2727 663 majori,
2770 607 2963 645 verum
3004 590 3174 643 etiam
3221 586 3507 642 claustrali
3549 582 3749 657 priori

458 701 654 754 eadem
676 675 899 769 penitus
929 675 1235 757 absolvere,
1257 695 1363 760 vel,
1391 693 1440 747 si
1468 709 1609 764 opus
1625 696 1731 759 est,
1747 706 1813 744 ea
1828 694 2054 760 peracta
2135 685 2351 741 obviam
2378 684 2607 747 vadunt,
2638 681 2685 734 si
2717 681 2866 734 inter
2892 678 3295 731 comedendum
3329 675 3667 729 adveniunt.

458 760 729 844 calciandi
756 788 1039 841 licentiam
1059 785 1220 840 dare.
1509 760 1523 764 ἡ
2206 773 2339 828 Haec
2386 778 2443 825 et
2476 772 2565 824 his
2603 769 2811 823 similia
2851 768 2909 821 in
2952 767 3194 837 priorem
3247 766 3656 822 reclamantur,
3700 760 3751 812 si

400 858 411 865 ἢ
535 880 682 931 Ante
716 878 949 931 chorum
969 891 1097 930 vero
1118 874 1336 938 sedens,
1367 873 1481 926 sive
1503 871 1772 936 minutus,
1794 869 1907 922 sive
1943 868 2056 921 alia
2136 861 2281 916 infra
2309 859 2582 913 ambitum
2613 857 2780 922 muri,
2804 857 2889 909 vel
2909 856 2967 908 in
2989 856 3108 925 ejus
3127 854 3407 908 vicinitate
3418 857 3536 905 tam
3558 861 3755 920 prope

460 964 790 1019 inﬁrmitate
819 964 1099 1027 detentus,
1142 961 1283 1016 nulli
1313 961 1409 1014 dat
1445 959 1728 1013 licentiam
1782 958 1839 1010 in
1886 956 2055 1009 choro
2136 965 2392 1014 manens,
2425 954 2488 1001 ut
2504 947 2834 1017 tempestive
2862 944 3038 1014 possit
3065 943 3259 997 audito
3284 943 3443 1011 signo
3473 940 3543 993 ad
3572 953 3755 1006 regu-

464 1053 597 1124 quid
628 1052 866 1107 faciendi
889 1069 899 1105 :
929 1052 1060 1122 quia
1084 1051 1222 1105 illud
1253 1055 1341 1103 est
1365 1049 1611 1102 ofﬁcium
1637 1053 1775 1101 tunc
1801 1045 2056 1098 ordinem

463 1142 728 1212 regentis.
781 1140 849 1194 In
895 1139 1203 1195 Dominicis
1248 1137 1445 1193 diebus
1493 1136 1718 1207 quando
1759 1135 1964 1188 fratres
1990 1134 2059 1186 de

465 1229 740 1285 vestibulo
768 1230 828 1284 in
858 1230 1088 1283 chorum
1106 1226 1436 1298 procedunt,
1466 1226 1602 1295 ipse,
1629 1225 1713 1278 vel
1743 1224 2061 1295 quicunque

2141 1040 2316 1092 larem
2360 1039 2559 1091 horam
2600 1050 2910 1100 accurrere,
2942 1049 3053 1087 non
3075 1033 3216 1085 alias
3256 1046 3424 1101 quam
3440 1029 3498 1082 in
3517 1028 3754 1096 majore

2141 1127 2396 1186 ecclesia,
2430 1127 2515 1179 vel
2544 1125 2612 1178 ad
2650 1127 2704 1179 8.
2740 1123 2974 1177 Mariam
3015 1121 3270 1175 eamdem
3318 1122 3548 1172 cantat:
3576 1116 3628 1168 si
3675 1114 3753 1167 de

2143 1217 2258 1277 illa,
2292 1216 2399 1269 nisi
2429 1214 2738 1268 inevitabili
2759 1212 3092 1266 necessitate
3117 1211 3274 1281 prius
3300 1206 3532 1269 recedit,
3566 1216 3756 1275 quam

464 1324 601 1375 tunc
635 1319 890 1374 ordinem
921 1318 1084 1387 regit,
1106 1293 1353 1371 ultimus
1373 1293 1724 1385 postalbatos
1748 1293 1975 1367 incedit.
1996 1310 2063 1364 In
2143 1305 2201 1358 in
2222 1306 2392 1358 choro
2417 1304 2578 1357 ﬁnita
2608 1303 2709 1369 sit;
2740 1302 2787 1355 si
2817 1301 2963 1354 infra
2990 1299 3235 1369 aliquam
3264 1298 3462 1350 horam
3492 1293 3762 1387 loquitur

472 1408 718 1463 Sabbato
760 1408 906 1461 solet
950 1378 1136 1459 notari
1185 1405 1256 1458 ad
1296 1378 1528 1457 missam
1573 1404 1845 1470 majorem
1891 1406 1949 1455 et
1993 1402 2063 1455 ad
2147 1398 2376 1462 excepto
2406 1392 2552 1445 infra
2595 1389 3024 1460 conpletorium,
3066 1388 3114 1441 si
3160 1393 3216 1440 et
3267 1392 3403 1439 tunc
3451 1388 3537 1437 est
3582 1378 3761 1470 valde

471 1497 770 1567 coquinam
796 1514 809 1562 ;
836 1495 932 1548 sed
959 1494 1144 1547 rarius
1172 1508 1341 1563 quam
1367 1491 1484 1555 alii,
1516 1490 1650 1561 quia
1675 1491 1734 1544 in
1761 1490 1954 1543 multis
1984 1494 2070 1543 est
2147 1481 2525 1536 necessarium
2549 1498 2561 1546 ;
2591 1479 2637 1532 si
2663 1480 2800 1532 alias
2849 1494 3019 1549 quam
3061 1477 3121 1530 in
3158 1472 3402 1546 capitulo
3448 1468 3763 1526 confessio-

472 1595 797 1655 occupatus.
829 1585 1072 1638 Notatus
1097 1582 1166 1635 ad
1196 1582 1424 1636 missam
1447 1580 1634 1634 omnia
1667 1580 1813 1633 sicut
1843 1584 1899 1632 et
1926 1579 2069 1633 alius
2149 1587 2279 1625 nem
2302 1570 2539 1639 alicujus
2569 1569 2747 1633 audit,
2776 1566 3019 1637 exceptis
3041 1564 3293 1631 novitiis;
3328 1561 3375 1617 si
3404 1573 3762 1655 sermonem,

473 1648 740 1729 sacerdos
772 1673 893 1742 ipse
915 1672 1152 1742 perﬁcit,
1178 1671 1287 1724 nisi
1317 1670 1464 1740 quod
1510 1670 1740 1723 absente
1788 1667 1989 1722 abbate
2012 1667 2121 1742 in_
2150 1660 2245 1730 qui
2269 1659 2338 1712 de
2369 1658 2669 1727 Evangelia
2696 1658 2784 1710 vel
2805 1657 2874 1710 de
2902 1656 3097 1725 regula
3123 1660 3226 1720 est,
3262 1652 3388 1723 plus
3418 1648 3586 1742 solito
3616 1660 3763 1742 pro-

478 1763 725 1831 capitulo
754 1736 936 1831 neque
968 1760 1023 1814 in
1063 1736 1357 1813 refectorio
1384 1774 1604 1811 versum
1633 1758 1799 1822 dicit;
1844 1757 1939 1810 sed
1981 1737 2130 1810 εει-Β
2150 1749 2422 1814 traxerit;
2456 1747 2502 1800 si
2532 1747 2601 1800 ad
2631 1745 2992 1799 refectorium
3011 1744 3215 1797 fratres
3249 1743 3397 1796 ultra
3420 1739 3659 1794 solitum
3687 1736 3769 1790 ei-

476 1867 607 1906 men
637 1868 710 1905 ne
738 1851 978 1905 vicarius
1004 1849 1074 1903 ad
1106 1850 1209 1905 hoc
1237 1847 1399 1901 desit.
1426 1846 1596 1900 Jubet
1622 1861 1843 1916 quoque
1868 1860 2070 1898 unum-

479 1955 760 2009 quemque
796 1938 854 1991 in
893 1938 1121 1991 domum
1151 1937 1504 1989 inﬁrmorum
1548 1933 1616 1987 ad
1656 1933 2068 2004 repausandum

474 2027 709 2091 intrare,
743 2043 1074 2098 quacunque
1104 2026 1245 2079 hora
1272 2041 1400 2079 eum
1431 2024 1571 2076 adeo
1586 2023 1757 2076 sentit
1776 2027 2068 2092 mgrotare;

480 2115 579 2168 sed
605 2120 796 2169 tamen
821 2119 1015 2184 postea
1040 2113 1087 2166 si
1108 2129 1249 2183 opus
1270 2112 1459 2175 fuerit,
1484 2127 1584 2180 pro
1604 2110 1933 2180 reparandis
1952 2108 2079 2161 viri-

483 2203 603 2269 bus,
622 2219 735 2257 non
751 2208 932 2273 potest
945 2202 995 2255 ei
1007 2202 1190 2255 carnis
1208 2201 1565 2255 refectionem
1583 2200 1905 2263 concedere,
1924 2199 2083 2252 dom-

480 2308 555 2346 no
574 2290 1121 2361 abbate,inquam,in
1139 2289 1482 2343 monasterio
1494 2288 1889 2353 manente,nisi
1902 2287 2078 2358 ipsius

477 2378 752 2450 jussione.
773 2378 839 2431 In
860 2376 1001 2431 libro
1021 2368 1335 2431 memoriali
1353 2376 1508 2447 (125)
1530 2390 1921 2446 quemcunque
1939 2375 2074 2435 vult,

483 2466 620 2521 facit
640 2466 859 2532 notari;
893 2465 990 2519 sed
1018 2482 1131 2518 non
1161 2465 1220 2519 in
1242 2465 1439 2535 regula
1466 2463 1677 2535 absque
1692 2463 1886 2517 domni
1905 2462 2080 2516 abba-

482 2555 558 2609 tis
616 2554 861 2609 licentia.
897 2554 1056 2618 Quod
1098 2554 1145 2608 si
1196 2570 1361 2624 quem
1405 2554 1682 2624 psalmum
1734 2569 1834 2623 pro
1890 2551 2082 2622 aliqua

486 2640 851 2698 tribulatione
881 2648 1007 2713 post
1043 2643 1349 2697 discessum
1379 2641 1597 2696 abbatis
1629 2640 1789 2711 jubet
1827 2646 2076 2704 cantare,

488 2732 585 2803 qui
613 2748 793 2803 usque
830 2732 902 2785 ad
934 2732 1053 2801 ejus
1082 2731 1324 2785 reditum
1356 2730 1729 2801 protrahitur,
1777 2730 1965 2784 statim
2015 2745 2082 2783 eo

488 2821 762 2876 redeunte
825 2820 1148 2874 dimittitur.
1211 2820 1268 2874 Si
1324 2820 1640 2888 regularem
1694 2819 1912 2882 horam,
1960 2834 2083 2889 qua;

487 2908 792 2980 prandium
817 2908 1101 2978 praecedit,
1143 2908 1214 2962 ad
1259 2909 1315 2963 S.
1360 2908 1596 2962 Mariam
1622 2923 1723 2977 pro
1751 2907 2084 2961 necessitate

492 2996 683 3068 aliqua
709 3002 919 3063 cantat,
953 3013 1067 3051 non
1103 3002 1350 3051 notatur.
1388 2995 1473 3051 Ibi
1519 2997 1589 3050 ad
1626 2995 1866 3066 primam
1909 3000 1967 3048 et
2013 2994 2085 3048 ad

496 3085 923 3156 completorium
951 3085 1356 3140 confessionem
1380 3084 1690 3155 praemittit,
1724 3101 1828 3138 nec
1854 3098 1969 3138 non
1996 3083 2088 3137 be-

499 3174 847 3229 nedictiones
889 3174 962 3228 ad
1002 3175 1361 3229 nocturnales
1401 3174 1501 3227 dat
1532 3174 1819 3239 lectiones,
1867 3173 2088 3226 etiamsi

493 3262 597 3316 sub
626 3263 980 3316 inﬁrmorum
1021 3264 1142 3332 lege
1189 3263 1298 3329 sit;
1348 3263 1498 3333 quod
1541 3269 1733 3317 tamen
1776 3262 2090 3316 claustralis

491 3351 667 3422 prior,
698 3351 805 3405 etsi
834 3368 1025 3419 sanus,
1057 3368 1170 3405 non
1199 3352 1349 3405 facit.
1386 3352 1465 3405 Ea
1500 3352 1612 3417 die,
1639 3368 1751 3422 qua
1778 3357 1905 3422 post
1933 3364 2091 3422 repa-’

492 3439 772 3494 rationem
800 3440 871 3493 de
898 3440 1211 3493 inﬁrmaria
1237 3441 1403 3505 redit,
1436 3445 1567 3494 ante
1595 3441 1903 3511 capitulum
1933 3440 2090 3494 clau-

494 3532 677 3582 strum
693 3544 806 3582 non
834 3528 974 3595 exit;
999 3529 1096 3582 sed
1122 3528 1169 3582 si
1197 3530 1310 3583 tale
1333 3529 1463 3599 quid
1491 3530 1659 3583 alicui
1686 3528 1857 3583 habet
1882 3529 2087 3595 dicere,

496 3616 602 3669 hoc
629 3615 689 3669 in
719 3633 784 3670 eo
817 3622 1087 3687 tempore,
1124 3617 1170 3671 si
1197 3624 1283 3671 est
1309 3618 1528 3688 privata
1556 3618 1698 3686 dies,
1721 3618 1776 3671 in
1811 3618 2090 3672 auditorio

482 3706 739 3773 fratrum
769 3706 963 3775 paucis
983 3712 1169 3777 potest
1195 3706 1246 3760 ei
1274 3707 1622 3761 innotescere
1646 3726 1659 3775 ;
1690 3713 1747 3760 et
1774 3707 1822 3760 si
1850 3708 2092 3761 domnus

497 3793 670 3849 abbas
699 3795 943 3865 capitulo
969 3795 1211 3865 primum
1242 3796 1578 3856 interfuerit,
1608 3796 1826 3849 veniam
1857 3812 2092 3850 consue-

495 3887 615 3937 tam
636 3900 737 3954 pro
757 3884 941 3937 carnis
974 3885 1316 3938 comestione
1336 3885 1503 3955 petit;
1521 3885 1669 3954 quod
1684 3885 1915 3938 minime
1937 3885 2091 3950 facit,

497 3972 545 4026 si
575 3980 769 4044 postea
794 3974 1197 4043 supervenerit.

572 4061 682 4116 Sed
698 4061 1006 4127 sciendum,
1031 4062 1181 4132 quod
1202 4062 1451 4132 quandiu
1466 4062 1526 4116 in
1547 4062 1714 4117 domo
1742 4062 2095 4117 inﬁrmorum

500 4156 774 4235 moratur,
795 4150 986 4204 nullus
1008 4150 1217 4220 absque
1237 4151 1462 4205 licentia
1482 4157 1617 4205 tunc
1634 4151 1888 4205 ordinem
1905 4167 2102 4222 regen-

503 4240 579 4293 tis
604 4240 677 4293 ad
703 4255 832 4293 eum
857 4239 1047 4292 venire
1069 4240 1372 4309 praesumit.
1408 4242 1551 4294 Cum
1578 4246 1767 4294 autem
1790 4256 1890 4311 per
1908 4241 2098 4294 omnia

2153 1836 2280 1890 dem
2314 1836 2496 1906 primo
2537 1836 2745 1889 ferculo
2792 1832 3201 1897 administrate,
3235 1834 3555 1900 exspectare
3579 1826 3763 1892 facit;

2154 1927 2202 1980 si
2232 1926 2358 1979 aliis
2395 1925 2741 1979 vestimentis
2767 1922 2967 1988 utitur,
2984 1936 3152 1993 quam
3172 1919 3258 1973 his
3289 1935 3411 1989 quae
3437 1914 3769 1971 communi-

2155 2022 2242 2069 ter
2264 2014 2531 2068 fratribus
2550 2012 2912 2078 tribuuntur;
2937 2011 2983 2065 si
3006 2010 3311 2081 quidquam
3344 2024 3409 2061 ex
3445 2006 3571 2071 hoc,
3606 2002 3769 2075 quod

2159 2104 2274 2159 illic.
2300 2120 2402 2174 pro
2428 2102 2703 2155 charitate
2739 2100 3087 2171 impenditur
3104 2112 3365 2169 usquam,
3384 2095 3493 2149 nisi
3519 2096 3579 2148 in
3609 2108 3772 2147 com-

2162 2208 2391 2247 munem
2422 2192 2660 2244 fratrum
2684 2189 2988 2243 utilitatem
3016 2186 3305 2242 distribuit
3325 2187 3398 2249 ;si
3428 2185 3582 2238 solus
3610 2183 3773 2236 clau-

2162 2287 2344 2335 strum
2376 2281 2529 2345 exit;
2562 2279 2608 2332 si
2633 2279 2784 2332 solus
2817 2277 2981 2348 (quod
3005 2275 3190 2341 absitl,
3228 2291 3355 2329 cum
3394 2272 3636 2327 muliere
3675 2271 3771 2324 lo-

2163 2370 2355 2442 quitur
2379 2386 2391 2435 ;
2426 2369 2469 2422 si
2498 2368 2822 2437 frequenter
2848 2366 3065 2419 tardior
3093 2363 3307 2418 caeteris
3335 2361 3645 2416 dormitum
3675 2372 3773 2411 va-

2161 2460 2282 2524 dit;
2317 2458 2364 2511 si
2390 2457 2506 2510 ullo
2542 2455 2710 2509 modo
2744 2459 2941 2508 contra
2974 2451 3229 2506 ordinem
3269 2446 3358 2504 vel
3394 2449 3515 2520 ipse
3552 2446 3768 2511 facere,

2162 2548 2249 2602 vel
2277 2546 2404 2600 aliis
2434 2544 2738 2599 concedere
2762 2541 3069 2614 praesumit.

2730 2656 2964 2713 CAPUT
2982 2658 3026 2711 X
3042 2654 3189 2711 VIII.

2162 2772 2234 2824 De
2274 2769 2637 2834 suffraganeis
2674 2768 2902 2833 prioris,
2950 2781 3083 2833 quos
3119 2764 3346 2817 decanos
3395 2763 3765 2830 appellamus,

2236 2856 2339 2908 quo
2361 2841 2552 2891 ordine
2573 2839 2684 2905 ipsi
2709 2839 2789 2890 vel
2821 2837 2928 2888 alii
2956 2836 3156 2902 quique
3185 2836 3398 2908 emitui‘i
3428 2834 3768 2908 benedictio-

2238 2905 2363 2964 nem
2393 2911 2688 2975 accipiant,
2722 2913 2771 2960 et
2801 2908 3043 2975 qualiter
3061 2921 3114 2958 se
3146 2908 3209 2958 in
3237 2906 3327 2957 via
3359 2905 3615 2957 habeant.

2240 3000 2373 3067 (ΠΒ.)
2394 2994 2746 3065 Suﬁ‘raganei
2782 3000 2971 3048 autem
2994 2991 3198 3064 prioris
3224 2992 3295 3046 ad
3326 2991 3605 3046 exteriora
3634 2993 3771 3045 sunt

2166 3089 2429 3143 villarum
2452 3086 2786 3161 provisores,
2810 3100 2949 3157 quos
2960 3086 3196 3139 Decanos
3215 3098 3511 3150 vocamus;
3538 3080 3633 3136 his
3653 3098 3771 3135 non

2168 3179 2317 3242 licet,
2346 3176 2495 3230 sicut
2521 3180 2577 3229 et
2596 3174 2737 3229 nulli
2758 3175 3019 3233 fratrum.
3039 3184 3275 3243 usquam
3299 3171 3420 3226 sine
3438 3171 3674 3226 licentia
3701 3169 3771 3223 de

2176 3267 2315 3321 cella
2344 3265 2618 3335 equitare,
2663 3263 2885 3317 etiamsi
2933 3262 3129 3317 eodem
3167 3261 3256 3315 die
3301 3260 3502 3315 debeat
3537 3259 3769 3314 reverti.

2173 3357 2195 3380 *
2217 3354 2293 3409 Hi
2313 3355 2459 3408 sicut
2486 3352 2792 3423 etquilibet
2820 3350 3136 3423 migraturi,
3163 3355 3291 3422 post
3319 3350 3537 3405 ﬁnitam
3568 3350 3775 3405 horam

2174 3446 2389 3499 elevata
2415 3458 2586 3495 manu
2607 3448 2664 3494 et
2691 3441 2849 3510 signo
2878 3440 3058 3494 crucis
3089 3444 3285 3493 contra
3308 3437 3579 3493 domuum
3608 3435 3777 3492 abba-

2172 3540 2289 3588 tem
2320 3533 2405 3587 vel
2437 3532 2683 3603 priorem
2710 3531 2875 3595 facto,
2896 3530 2974 3584 ita
2992 3529 3487 3602 petuntlicentiam
3502 3524 3772 3583 abeundi.

2176 3623 2246 3677 Et
2294 3620 2341 3674 si
2394 3621 2538 3674 forte
2590 3620 2671 3673 ita
2726 3619 3031 3685 evenerint,
3064 3623 3130 3672 ut
3165 3618 3405 3672 domnus
3446 3613 3642 3675 abbas,
3690 3612 3776 3667 vel

2174 3712 2358 3781 major
2388 3710 2561 3781 prior,
2586 3708 2791 3779 prioris
2810 3714 2944 3761 tunc
2963 3708 3023 3761 in
3050 3707 3217 3760 choro
3233 3706 3486 3761 ordinem
3501 3704 3771 3777 regentis,

2174 3800 2551 3869 ingrediatur,
2587 3801 2760 3867 (vain)
2797 3796 3245 3850 benedictionem
3291 3802 3644 3866 accepturus,
3682 3788 3776 3864 qui

2178 3896 2312 3944 tunc
2342 3906 2468 3943 eum
2503 3892 2835 3956 sequuntur,
2868 3891 2925 3939 et
2953 3886 2999 3939 si
3030 3886 3123 3956 qui
3148 3902 3274 3939 cum
3305 3902 3369 3939 eo
3397 3891 3530 3938 tunc
3570 3885 3633 3938 in
3655 3885 3776 3954 ipso

2179 3979 2348 4032 choro
2370 3976 2664 4047 migraturi
2683 3975 2944 4046 (exceptis
2966 3976 3069 4040 his,
3090 3975 3185 4045 qui
3218 3991 3347 4028 eum
3379 3980 3511 4028 sunt
3538 3974 3774 4027 comita-

2178 4067 2313 4135 turi)
2358 4066 2531 4120 etiam
2562 4065 2609 4118 si
2641 4064 2755 4118 sint
2786 4063 2925 4117 albis
2959 4063 3164 4128 induti,
3198 4063 3267 4117 ab
3295 4064 3415 4134 ipso
3440 4062 3511 4116 ad
3533 4063 3776 4132 gradum

2182 4156 2501 4219 accedente,
2533 4154 2860 4224 priusquam
2889 4158 3019 4206 ante
3069 4156 3125 4205 et
3168 4158 3319 4205 retro
3360 4151 3544 4217 faciat,
3577 4154 3779 4221 petunt

2180 4244 2465 4298 licentiam
2494 4261 2506 4311 ;
2539 4258 2649 4312 quo
2691 4248 2996 4307 annuente,
3033 4246 3089 4294 et
3114 4239 3226 4293 illis
3259 4241 3338 4305 (ut
3367 4239 3540 4293 moris
3569 4244 3676 4309 est)
3709 4230 3777 4291 ad

504 4328 644 4382 inibi
676 4344 909 4381 manens
938 4327 1162 4381 inﬁrmo
1194 4328 1289 4381 alii
1318 4345 1378 4382 se
1405 4329 1688 4399 disparem
1732 4342 1843 4383 non
1888 4329 2059 4382 faciat
2086 4325 2419 4405 ;Dgradum
2449 4330 2850 4384 inclinantibus
2867 4346 2958 4385 UD.
2984 4329 3091 4385 (vel
3120 4330 3168 4382 si
3198 4328 3330 4383 talis
3361 4332 3446 4381 est
3474 4327 3613 4392 dies,
3640 4342 3777 4399 pro-

502 4420 696 4469 tamen
725 4415 773 4469 si
793 4415 926 4485 quid
953 4416 1119 4470 alicui
1137 4416 1360 4471 mittere
1381 4419 1519 4485 vult,
1544 4434 1657 4472 non
1686 4424 1931 4473 notatur.
1956 4418 2096 4472 Cum

505 4504 577 4559 ad
604 4504 773 4559 cellas
801 4504 1030 4558 omnino
1060 4505 1221 4559 nobis
1263 4505 1540 4575 subjectae
1584 4507 1813 4573 venerit,
1848 4508 2099 4578 quandiu

502 4593 563 4647 in
594 4592 843 4664 qualibet
861 4593 1083 4648 illarum
1114 4596 1600 4662 manet,eumdem
1629 4596 1906 4666 ordinem,
1931 4614 2098 4667 quem

506 4687 564 4736 et
591 4682 651 4736 in
672 4682 967 4753 principali
996 4684 1116 4737 loco
1153 4698 1255 4754 per
1283 4685 1469 4738 omnia
1508 4690 1683 4738 tenet.
1708 4686 1768 4739 Si
1795 4701 1960 4755 quem
1991 4685 2099 4738 fra-

503 4776 669 4834 trem,
705 4771 800 4842 qui
829 4771 905 4825 sit
931 4772 1085 4842 prior
1112 4772 1299 4842 priore
1329 4772 1582 4843 ejusdem
1612 4774 1767 4827 cellae
1784 4789 1970 4827 secum
1997 4773 2101 4825 ab-

504 4861 681 4928 ducit,
698 4860 788 4915 hic
808 4861 1066 4915 eumdem
1080 4860 1324 4931 priorem
1346 4861 1405 4914 in
1420 4861 1616 4914 ordine
1638 4861 1920 4931 praecellit,
1951 4862 2100 4931 quod

502 4954 694 5004 tamen
718 4966 831 5004 non
860 4951 942 5014 ﬁt,
975 4950 1022 5004 si
1048 4949 1174 5020 quis
1211 4949 1338 5003 talis
1367 4966 1494 5002 cum
1520 4950 1725 5003 domno
1751 4948 1951 5003 abbate
1982 4950 2104 5004 sine

502 5037 689 5109 priore
721 5038 853 5092 illuc
880 5037 1095 5091 venerit
1127 5055 1138 5089 :
1172 5043 1307 5091 tunc
1335 5036 1485 5090 enim
1536 5038 1714 5108 ipsius
1758 5039 1908 5092 cellae
1950 5038 2104 5109 prior

497 5131 620 5181 tam
650 5127 908 5181 ordinem
964 5142 1135 5196 quam
1190 5124 1437 5179 ofﬁcium
1499 5124 1829 5181 obedientiae
1877 5144 1993 5182 sute
2043 5127 2102 5181 in

497 5216 759 5270 omnibus
781 5215 896 5269 illic
925 5214 1205 5269 observat.

570 5305 782 5359 Decani
810 5309 869 5358 et
894 5303 1132 5375 priores,
1165 5302 1264 5374 qui
1293 5300 1500 5358 talibus
1539 5310 1789 5375 praesunt
1823 5306 1977 5373 locis,
2004 5305 2101 5359 ubi

573 5428 719 5503 (125)
734 5429 913 5503 Liber
927 5428 1290 5493 memorialis,
1314 5429 1453 5503 alias
1476 5428 1875 5503 necrologium,
1905 5431 1962 5484 in
1988 5448 2095 5501 quo

499 5500 732 5555 nomina
748 5500 1167 5555 benefactorum
1218 5508 1275 5555 et
1311 5502 1619 5557 cuneorum
1646 5500 2097 5557 notabanturfln

504 5571 693 5626 codice
720 5588 871 5640 vero,
903 5588 1012 5652 quo
1042 5572 1239 5643 regula
1267 5573 1324 5628 S.
1355 5574 1419 5628 P.
1447 5573 1513 5629 B.
1550 5574 1829 5645 descripta
1856 5578 1979 5630 erat
2004 5590 2097 5628 so-

2182 4419 2522 4491 cidentibus)
2575 4420 2944 4491 prosequitur
3010 4418 3268 4472 sacerdos
3316 4417 3402 4470 his
3448 4417 3701 4471 versibus
3764 4433 3775 4467 :

2181 4513 2388 4568 Salvos‘
2407 4514 2496 4579 fac
2531 4526 2723 4563 servos.
2761 4511 2912 4563 Mitte
2941 4511 3034 4569 eis,
3063 4510 3306 4562 Domine.
3341 4506 3589 4561 Collecta
3620 4525 3632 4559 :
3666 4506 3779 4562 Ad-

2181 4607 2304 4663 esto,
2326 4601 2572 4659 Domine,
2591 4600 2944 4666 supplicibus.
2970 4596 3277 4662 Quaﬁnita,
3305 4595 3353 4649 si
3372 4594 3565 4650 statim
3590 4595 3781 4650 volunt

2181 4691 2348 4755 exire,
2399 4688 2494 4759 qui
2546 4687 2687 4741 albis
2732 4691 2865 4740 sunt
2912 4685 3114 4751 induti,
3168 4684 3237 4739 ab
3294 4685 3489 4739 eodem
3544 4681 3777 4738 exuendi

2182 4776 2464 4832 licentiam
2496 4778 2713 4845 petunt,
2748 4788 2783 4826 a
2813 4788 2921 4843 quo
2948 4778 3001 4827 et
3041 4773 3283 4826 abeundi
3319 4771 3605 4826 licentiam
3631 4787 3779 4825 acce-

2183 4869 2389 4935 perunt
2418 4882 2430 4930 ;
2459 4863 2556 4917 sed
2586 4862 2643 4916 in
2674 4863 2792 4916 loco
2823 4878 2923 4916 suo
2954 4867 3084 4916 ante
3115 4866 3169 4916 et
3193 4867 3344 4916 retro
3374 4878 3485 4915 non
3528 4860 3773 4924 faciunt;

2166 4952 2270 5007 'vel
2307 4953 2354 5006 si
2392 4953 2499 5005 hoc
2518 4951 2883 5021 neglexerint,
2912 4950 2981 5005 ab
3016 4969 3103 5015 eo,
3137 4952 3231 5021 qui
3262 4951 3333 5004 ad
3362 4966 3609 5021 praesens
3638 4947 3778 5004 ordi-

2185 5058 2313 5096 nem
2342 5041 2508 5110 regit,
2542 5041 2779 5095 eandem
2808 5040 3095 5094 licentiam
3128 5043 3408 5111 quaerunt,
3457 5044 3513 5093 et
3558 5039 3618 5093 in
3662 5040 3776 5092 loco

2183 5148 2285 5185 suo
2310 5137 2446 5185 tunc
2471 5135 2601 5183 ante
2648 5134 2705 5183 et
2743 5135 2894 5183 retro
2927 5129 3157 5183 faciunt.
3205 5128 3364 5192 Quod
3404 5127 3452 5181 si
3495 5128 3685 5200 aliqua
3710 5125 3774 5180 de

2184 5235 2353 5274 causa
2382 5218 2673 5290 praepediti
2704 5234 2771 5271 ea
2798 5218 2889 5271 die
2927 5234 3041 5271 non
3089 5217 3402 5280 discedunt,
3436 5217 3493 5270 in
3524 5213 3775 5289 sequenti

2185 5308 2459 5363 recessuri
2489 5307 2854 5362 nihilominus
2883 5307 3118 5362 eandem
3149 5306 3593 5361 benedictionem
3645 5302 3773 5361 reci-

2180 5432 2466 5486 lummodo
2488 5431 2831 5486 notabantur
2851 5430 3182 5486 illustriores
3202 5424 3773 5500 benefactoresgtqai

2181 5504 2451 5574 singulari
2475 5504 2682 5557 ﬁndere
2707 5502 2992 5557 monachis
3022 5502 3306 5573 conjuncti
3330 5507 3508 5556 erant.
