3934 6360
128 290 245 355 ιοω
1089 283 1508 343 CONSTITUT.
1550 279 1681 337 HIR

1816 276 1893 331 'G.
1934 305 2009 321 -ο
2040 277 2182 333 LIB.
2222 277 2296 334 Π.
3232 286 3369 349 ποθὶ

120 416 280 486 piunt,
313 429 482 485 quam
511 414 559 468 si
587 414 644 467 in
672 412 965 467 Deminica
1015 417 1141 483 post
1188 411 1530 467 matutinum
1562 406 1754 466 suntA
1773 403 1915 459 cella
1952 404 2071 459 vult
2118 402 2426 462 discedere.
2457 406 2478 427 ⁶
2523 404 2597 459 Ut
2622 421 2736 461 uno
2760 406 2981 474 calcari,
3033 410 3082 465 si
3129 411 3375 467 alterum

120 503 401 574 accepturi,
456 503 794 557 servitorum
846 501 1098 572 coquinae
1157 499 1471 555 benedictio
1527 496 1692 551 debet
1772 492 1979 547 habere
2002 509 2116 547 non
2152 498 2355 565 potest,
2389 493 2463 548 sit
2481 500 2795 562 contentus,
2823 496 2933 551 nisi
2970 504 3071 552 aut
3108 499 3377 556 obedien-

119 592 426 663 praecedere.
442 592 565 645 Hoc
586 595 773 645 autem
794 589 997 644 debent
1016 590 1180 653 scire,
1194 590 1343 660 quod
1368 606 1402 642 a
1422 581 1691 642 Kalendis
1775 580 1974 636 tiarius
1998 581 2090 644 sit,
2107 589 2207 636 aut
2228 582 2449 652 longius
2472 583 2557 637 ire
2578 584 2728 637 velit.
2750 586 2834 639 Ne
2863 588 3166 642 manticam
3183 607 3377 645 secum

120 679 351 735 Octobris
396 696 579 751 usque
627 679 698 733 ad
744 679 957 733 Pascha
1008 695 1320 749 nunquam,
1350 677 1457 730 nisi
1507 680 1608 729 aut
1634 675 1692 728 in
1774 669 1833 723 in
1882 669 2113 737 caballo,
2147 671 2193 725 si
2224 688 2364 741 opus
2410 679 2513 736 est,
2565 680 2792 742 portare
2821 675 3171 745 dedignetur.
3206 680 3375 748 (υαν.)

120 769 322 834 octavis,
372 774 474 822 aut
525 768 586 822 in
631 767 924 821 duodecim
970 766 1316 830 lectionibus,
1352 766 1435 818 vel
1474 764 1692 835 quoties
1774 758 2095 829 Numquam
2116 760 2362 829 peditem
2384 760 3116 834 initinerelongiori,quam
3136 766 3379 823 duorum

118 857 266 911 tertia
292 857 601 928 capitulum
631 855 902 926 sequitur,
932 855 979 908 si
1006 872 1116 908 non
1148 861 1232 909 est
1267 855 1527 925 generale
1550 854 1693 923 jeju-
1774 847 2163 902 milliariorum
2203 848 2384 918 spatio
2428 849 2689 904 comitem
2717 851 2982 919 habebit;
3028 860 3279 909 attamen
3306 856 3378 910 ad

118 947 276 1009 nium,
323 951 452 1015 post
504 944 731 999 tertiam
787 961 914 999 mox
952 943 1339 998 benedictione
1366 948 1614 1011 accepta,
1645 940 1693 994 si
1774 936 2003 989 ﬂuvium
2034 936 2281 1003 veniens,
2320 938 2493 1003 aliud,
2530 938 2578 991 si
2619 955 2847 994 necesse
2877 947 2981 1007 est,
3027 960 3171 1013 equo
3202 950 3382 999 trans.

117 1034 289 1089 volunt
315 1033 617 1104 prandere,
649 1033 882 1087 licenter
909 1038 1162 1102 possunt.
1190 1033 1245 1084 Si
1275 1048 1404 1085 vero
1435 1030 1693 1099 regulare
1773 1030 1998 1094 portare
2045 1026 2210 1085 valet.
2261 1026 2407 1097 quod
2455 1026 2590 1080 alibi
2638 1044 2916 1099 nusquam
2960 1030 3110 1084 licet.
3153 1046 3250 1086 UD.
3311 1034 3383 1089 Et

118 1130 191 1178 est
200 1123 495 1193 jejunium,
527 1128 584 1175 et
606 1122 777 1176 tertia
792 1122 1079 1192 praecessit
1096 1121 1426 1191 capitulum,
1442 1137 1506 1173 eo
1534 1118 1693 1172 ﬁnito
1774 1113 2079 1168 cavendum
2094 1130 2451 1185 summopere
2464 1116 2654 1181 habet,
2669 1123 2734 1171 ut
2748 1117 2960 1172 caballo
2973 1136 3075 1173 suo
3086 1136 3379 1192 nunquam

116 1211 369 1275 reﬁciunt,
401 1216 602 1282 postea
622 1227 734 1265 non
759 1209 1085 1272 comessuri,
1116 1209 1224 1262 nisi
1254 1225 1354 1279 per
1384 1207 1689 1262 licentiam.
1775 1206 1948 1259 frtena
1976 1202 2046 1256 ad
2075 1203 2413 1257 currendum
2466 1204 2633 1259 laxet.
2680 1206 2805 1276 Ipse
2834 1223 3058 1277 quoque
3087 1225 3379 1281 nunquam

116 1302 180 1352 At
214 1300 257 1353 si
300 1300 619 1353 universale
657 1299 851 1362 instat,
898 1304 955 1352 et
1000 1298 1149 1352 unde
1186 1297 1499 1368 prandeant
1533 1295 1692 1361 foris,
1775 1294 1970 1359 currit,
2005 1293 2112 1347 nisi
2146 1298 2373 1364 prepter
2398 1293 2682 1348 obiturum
2713 1301 2771 1349 et
2796 1295 3136 1352 incendium.

119 1387 298 1443 habere
325 1388 611 1451 diffidunt,
651 1394 917 1442 exeuntes
944 1385 1259 1441 necessaria
1290 1386 1360 1439 ad
1395 1384 1695 1455 prandium
1846 1385 1992 1439 Dum
2024 1388 2110 1436 est
2138 1382 2196 1436 in
2226 1383 2334 1449 via,
2366 1383 2413 1436 si
2450 1389 2536 1437 est
2571 1384 2700 1439 talis
2752 1384 2895 1452 dies,
2942 1402 3053 1455 qua
3093 1388 3163 1441 ad
3208 1388 3379 1443 horas

119 1493 282 1531 secum
308 1477 590 1531 deferunt.
620 1477 774 1531 Idem
799 1476 857 1529 in
886 1474 1328 1546 Quadragcsima
1359 1474 1690 1540 observant;
1776 1472 1941 1526 venia
1989 1475 2075 1525 est
2119 1471 2379 1541 petenda,
2431 1472 2551 1542 ipse
2595 1473 2764 1527 etiam
2813 1474 3036 1544 quando
3074 1476 3382 1545 quamlibet

118 1582 267 1636 quare
289 1570 424 1620 tunc
442 1582 548 1635 pro
577 1566 680 1619 hac
696 1582 865 1619 causa
884 1580 1239 1635 nequaquam
1269 1564 1506 1617 fratrum
1532 1579 1696 1632 pran-
1776 1563 1975 1616 horam
2014 1567 2243 1613 cantare
2280 1561 2538 1626 voluerit,
2569 1561 2910 1617 descendens
2946 1562 3018 1616 ad
3047 1569 3281 1631 terram,
3310 1565 3383 1621 de

116 1654 251 1708 dium
276 1654 607 1726 anticipant.
638 1654 796 1717 Quod
825 1654 871 1707 si
900 1660 1027 1724 post
1058 1654 1275 1706 Nonam
1306 1651 1695 1705 benedictione
1776 1650 1958 1720 capite
1996 1650 2292 1720 capellum,
2325 1649 2394 1702 de
2437 1650 2699 1705 manibus
2729 1651 3078 1706 cliirothecas
3105 1652 3385 1707 abstrahit

115 1750 317 1813 accepta
337 1759 698 1797 communem
721 1742 1078 1796 refectionem
1109 1748 1450 1810 exspectant,
1476 1746 1691 1811 postea,
1777 1738 1997 1792 veniam
2028 1754 2251 1808 quoque
2271 1749 2484 1809 petens,
2512 1739 2827 1794 orationem
2854 1740 3205 1795 Dominicam
3223 1740 3384 1795 dicit.

116 1832 212 1886 sive
225 1833 399 1901 longe,
419 1831 540 1886 sive
564 1848 754 1903 prOpe,
773 1832 1008 1886 licenter
1028 1837 1301 1902 pergunt:
1328 1830 1474 1900 quod
1501 1836 1690 1883 tamen
1717 1827 1912 1895 Blnde
1943 1843 2002 1879 se
2033 1827 2241 1890 levans,
2274 1826 2432 1896 signo
2482 1828 2664 1881 crucis
2714 1827 2879 1894 facto,
2927 1829 3135 1883 iterum
3165 1830 3384 1885 veniam

116 1922 208 1974 alio
247 1926 496 1993 tempore
547 1922 687 1976 nulli
735 1922 865 1975 licet
892 1926 1019 1991 post
1058 1937 1317 1990 vesperos
1354 1922 1553 1979 facere,
1591 1919 1695 1972 nisi
1778 1916 1957 1987 petit;
1991 1917 2129 1970 hora
2157 1917 2443 1986 imposita,
2464 1934 2806 1987 ascensoque
2832 1934 2999 1987 equo,
3027 1923 3184 1973 tenet
3211 1919 3384 1973 viam.

115 2011 203 2063 soli
228 2010 326 2073 illi,
372 2010 469 2082 qui
498 2010 683 2082 pisces
725 2012 812 2064 vel
832 2009 1078 2064 emendo
1106 2010 1190 2063 vel
1219 2007 1483 2078 piscando
1532 2006 1697 2060 debet
1778 2007 1797 2026 '
1837 2007 1971 2068 Quae
2000 2011 2210 2071 tamen,
2250 2005 2298 2058 si
2342 2005 2481 2059 adeo
2512 2006 2695 2059 lutosa
2726 2011 2828 2070 est,
2868 2007 2953 2060 vel
2984 2008 3030 2060 si
3073 2007 3193 2077 ipse
3241 2008 3383 2063 adeo

118 2099 403 2168 acquirere.
1780 2093 2037 2147 inﬁrmus
2063 2099 2165 2157 est,
2198 2110 2299 2163 pro
2324 2094 2595 2147 descensu
2614 2096 2813 2148 sedens
2831 2095 2889 2148 in
2912 2112 3076 2166 equo,
3101 2096 3384 2166 psalmum

173 2188 367 2243 Verum
419 2187 758 2259 priusquam
807 2191 1009 2240 exeant
1062 2186 1326 2250 claustro,
1386 2189 1696 2254 praecavent
1778 2184 2033 2236 Miserere
2062 2185 2187 2243 mei,
2211 2184 2371 2244 Deus,
2396 2189 2501 2236 etc.
2523 2183 2833 2253 praemittit,
2860 2184 3063 2238 deinde
3092 2184 3239 2238 dicta
3259 2201 3383 2239 ora-

116 2290 174 2328 ne
197 2277 389 2329 reverti
409 2293 643 2330 necesse
664 2276 934 2341 habeant;
964 2274 1229 2345 quoniam
1255 2278 1485 2343 propter
1506 2289 1699 2343 quam-
1778 2270 1931 2324 tione
1965 2270 2276 2329 Dominica.
2308 2272 2506 2325 horam
2529 2278 2747 2329 cantat.
2777 2273 2842 2326 In
2870 2272 3163 2327 duodecim
3193 2273 3385 2327 lectio-

116 2378 311 2433 cunque
356 2381 591 2418 causam
649 2364 891 2435 regressi
938 2363 1169 2420 fuerint,
1201 2378 1231 2414 e
1282 2362 1525 2414 claustro
1571 2361 1694 2413 sine
1775 2360 1940 2414 nibus
1968 2366 2184 2421 vero,et
2208 2360 2657 2430 quandocunque
2680 2361 2843 2414 venia
2868 2378 2982 2415 non
3003 2367 3090 2415 est
3115 2364 3387 2433 petenda,

112 2450 315 2506 licentia
332 2453 521 2509 denuo
550 2453 741 2523 egredi
763 2469 874 2506 non
896 2456 1262 2523 praesumunt.
1293 2450 1352 2504 Si
1375 2449 1500 2520 quis
1521 2449 1692 2503 etiam
1776 2466 1879 2502 nec
1907 2449 2183 2518 psalmum
2214 2448 2381 2514 canit,
2416 2465 2519 2503 nec
2545 2450 2615 2504 ad
2640 2454 2852 2504 terram
2884 2450 3192 2506 descendit.
3222 2452 3385 2508 Unde

108 2538 174 2593 ita
200 2542 551 2613 praeparavit,
598 2547 665 2596 ut
691 2542 840 2595 illico
880 2541 1146 2594 ascendat
1190 2555 1357 2608 super
1386 2554 1613 2607 equum,
1644 2537 1692 2592 si
1775 2537 2103 2608 priusquam
2150 2538 2219 2590 de
2264 2538 2508 2592 claustro
2552 2545 2731 2604 exeat,
2777 2540 3001 2609 quando
3034 2539 3170 2594 dum
3200 2540 3387 2610 abest,

111 2632 347 2698 evenerit,
380 2638 446 2686 ut
493 2632 719 2701 signum
767 2630 961 2683 audiat
988 2630 1057 2683 ad
1088 2630 1286 2682 horam
1316 2626 1489 2681 ullam
1521 2643 1692 2695 regu-
1774 2628 2069 2682 duodecim
2101 2628 2368 2683 lectiones
2400 2629 2677 2697 legantur,
2706 2629 3027 2699 previdisse
3058 2628 3254 2696 debet;
3283 2630 3385 2684 de-

112 2717 283 2783 larem,
301 2726 359 2774 et
385 2721 575 2775 adhuc
597 2720 674 2774 sit
691 2718 837 2772 infra
857 2725 1016 2788 septa
1037 2733 1350 2780 murorum,
1378 2732 1694 2769 armamen-
1775 2717 1870 2770 bet
1899 2718 2069 2772 etiam
2101 2735 2166 2770 ex
2198 2734 2302 2772 usu
2333 2724 2562 2771 cantare
2589 2733 2813 2771 cursum
2846 2722 3052 2772 sancta:
3081 2718 3292 2772 Mariae.
3324 2719 3383 2773 Si

111 2806 172 2859 tis
196 2808 288 2863 vite
315 2809 587 2880 depositis
608 2808 908 2862 revertitur
930 2808 999 2860 ad
1029 2808 1250 2871 horam,
1271 2821 1374 2858 nec
1403 2804 1693 2874 praesumit
1779 2806 2095 2870 illiteratus,
2116 2806 2432 2876 injungitur
2460 2806 2510 2860 ei
2535 2805 2746 2876 aliquid
2776 2822 2877 2875 pro
2900 2804 3252 2875 regularibus
3280 2806 3383 2860 bo-

112 2893 293 2950 iterum
320 2898 538 2969 absque
558 2897 785 2951 licentia
809 2897 978 2950 exire.
1010 2896 1095 2948 Ad
1125 2893 1538 2964 percussionem
1561 2909 1691 2946 vero
1774 2895 1853 2947 ris
1880 2895 2251 2960 cantandum,
2276 2895 2332 2948 id
2366 2900 2452 2949 est
2492 2895 2673 2948 oratio
2711 2894 3020 2960 Dominica,
3055 2900 3113 2949 et
3149 2895 3199 2949 si
3226 2895 3385 2966 quid,

112 2984 290 3040 tabulae
317 2986 390 3040 ab
418 2986 666 3040 abeunte
693 2986 889 3050 fratre,
929 2983 977 3038 si
1004 2988 1090 3037 est
1120 2990 1278 3036 extra
1319 2986 1559 3053 portam,
1592 2998 1694 3035 nec
1714 3029 1755 3053 Γ,
1777 2984 1882 3038 scit
1909 2983 2251 3053 hujusmodi.

113 3072 172 3125 ad
208 3073 374 3140 illam,
409 3091 537 3146 quae
582 3075 647 3128 ﬁt
690 3080 921 3144 pr0pter
968 3074 1221 3135 Brevem,
1273 3072 1319 3125 si
1361 3073 1482 3141 jam
1526 3070 1757 3125 exivit”
1846 3073 2129 3126 Prandere
2144 3072 2200 3126 in
2224 3072 2564 3126 itineresine
2583 3072 2779 3141 missa,
2800 3072 2973 3127 etiam
2995 3073 3054 3127 in
3079 3072 3389 3143 majoribus

113 3161 414 3229 claustrum,
462 3180 581 3218 non
626 3163 945 3217 revertitur.
991 3163 1061 3217 Et
1099 3178 1226 3216 cum
1276 3161 1424 3215 circa
1470 3166 1693 3230 tempus
1774 3159 1952 3227 festis,
2000 3160 2125 3216 ideo
2163 3160 2396 3216 licenter
2433 3166 2636 3232 potest,
2678 3161 2815 3232 quia
2848 3178 2961 3217 non
3003 3162 3114 3217 nisi
3143 3162 3203 3216 in
3239 3161 3388 3216 notis

112 3248 262 3304 Nona
300 3252 459 3306 abire
508 3252 762 3313 voluerit,
796 3252 843 3305 si
883 3250 1109 3305 interim
1140 3251 1399 3321 pulsatur
1445 3249 1689 3318 signum,
1780 3250 1936 3315 locis,
1966 3256 2066 3303 aut
2100 3249 2222 3304 noti
2251 3250 2558 3304 sacerdotis
2582 3250 2813 3305 missam
2834 3251 3051 3318 audire,
3079 3268 3183 3306 nec
3198 3268 3301 3322 per
3329 3267 3391 3306 se

112 3339 243 3407 quod
281 3340 484 3396 fratres
534 3341 736 3395 excitat
781 3341 852 3395 ad
894 3339 1261 3409 surgendum,
1313 3339 1397 3392 vel
1442 3344 1697 3408 tempore
1778 3338 1983 3408 ipsum,
2015 3340 2063 3392 si
2111 3345 2197 3392 est
2244 3339 2524 3403 sacerdos,
2562 3344 2791 3393 cantare
2837 3340 3143 3410 praesumit.
3177 3339 3302 3405 Cui,
3343 3338 3395 3394 si

113 3426 348 3498 Hyemali
375 3435 510 3485 ante
539 3429 768 3484 tertiam
798 3429 870 3482 ad
907 3428 1293 3493 calceandum,
1334 3432 1563 3497 propter
1593 3427 1698 3480 hoc
1778 3428 2051 3497 fragilitas
2081 3427 2346 3493 evenerit,
2377 3444 2490 3482 uno
2507 3434 2729 3483 tantum
2753 3429 2845 3484 die
2867 3445 2903 3483 a
2929 3429 3115 3484 missa
3143 3428 3394 3484 celebra-

115 3530 211 3570 non
237 3519 468 3574 omittit.
520 3520 790 3588 Egressus
827 3522 1016 3572 autem
1056 3522 1275 3587 portam
1320 3517 1490 3579 cella),
1527 3521 1698 3584 caput
1777 3518 1932 3571 tione
1962 3534 2022 3572 se
2042 3518 2308 3581 abstinet,
2330 3518 2477 3588 quod
2496 3518 2742 3588 amplius
2762 3535 2874 3572 non
2899 3518 3129 3585 devitat,
3151 3517 3322 3572 etiam
3342 3516 3392 3570 si

117 3607 317 3676 caputio
343 3607 582 3678 obtegit,
610 3608 787 3661 donec
814 3607 998 3660 avilla
1018 3606 1231 3659 exierit.
1257 3605 1373 3658 Hoc
1396 3604 1566 3657 etiam
1597 3620 1699 3674 per
1781 3606 2149 3661 mutatorium
2192 3607 2342 3660 aliud
2385 3606 2611 3671 habere,
2647 3608 2731 3660 vel
2770 3607 3179 3661 confessionem
3208 3606 3393 3660 facere

119 3693 281 3749 villam
300 3697 554 3768 aliquam
576 3696 856 3749 transiens
881 3695 1125 3749 custodit
1173 3711 1261 3748 un.
1288 3695 1468 3763 Super
1490 3710 1699 3762 equum
1781 3712 1895 3749 non
1924 3695 2125 3749 valeat.
2169 3695 2449 3765 Regulare
2482 3695 2760 3765 jejunium
2791 3696 2926 3749 foris
2973 3695 3250 3758 observat,
3284 3693 3395 3748 nisi

121 3797 450 3848 ascensurus,
496 3785 653 3856 prius
698 3801 933 3855 cappam
962 3784 1165 3848 induit,
1201 3799 1369 3852 quam
1401 3799 1460 3835 se
1488 3783 1699 3850 cingat,
1783 3785 1972 3838 exiens
2011 3785 2326 3854 prandendi
2374 3785 2660 3839 licentiam
2692 3784 2985 3853 acceperit.
3019 3783 3303 3837 Prandere
3330 3782 3393 3836 in

122 3885 352 3929 neceam
383 3874 683 3939 abstrahit,
728 3873 835 3927 nisi
875 3872 1029 3943 prius
1078 3889 1137 3925 se
1177 3872 1470 3940 discingat.
1507 3871 1700 3934 Quan-
1782 3878 1943 3942 prato
1972 3880 2175 3941 potest,
2223 3872 2271 3926 si
2319 3889 2544 3927 necesse
2582 3871 2766 3926 fuerit.
2822 3872 2929 3935 Qui
2967 3872 3019 3924 ei
3076 3871 3261 3925 cibum
3307 3870 3395 3923 vel

121 3963 303 4016 tumvis
320 3963 469 4017 enim
498 3963 685 4016 lutosa
712 3962 785 4015 sit
819 3962 923 4027 via,
946 3961 995 4014 si
1023 3977 1199 4030 cappa
1227 3977 1337 4013 non
1360 3967 1446 4013 est
1470 3959 1701 4013 indutus
1782 3969 1979 4033 potum
2021 3963 2400 4028 administrat,
2448 3979 2736 4033 nunquam
2784 3960 3143 4016 administrat
3182 3962 3241 4015 in
3271 3960 3394 4014 sola

120 4047 169 4101 in
206 4049 400 4119 frocco,
436 4052 656 4122 equitat
684 4050 1020 4116 discinctus;
1053 4052 1111 4103 in
1162 4049 1381 4102 cuculla
1423 4065 1550 4102 vero
1580 4048 1701 4102 sine
1785 4052 2017 4106 camisia
2047 4052 2130 4105 vel
2161 4052 2220 4105 in
2252 4051 2617 4105 femoralibus
2641 4051 2795 4115 solis,
2836 4050 2945 4103 nisi
2975 4050 3118 4103 forte
3148 4048 3388 4111 eveniat,

121 4134 299 4205 frocco,
314 4140 427 4193 nisi
449 4140 693 4209 desuper
712 4155 888 4209 cappa
910 4138 1127 4203 induta,
1154 4153 1442 4207 nunquam
1464 4136 1697 4206 equitat.
1782 4146 1849 4193 ut
1875 4140 1944 4194 ab
1976 4141 2086 4195 alio
2116 4157 2286 4211 quam
2315 4157 2417 4194 suo
2447 4140 2648 4193 comite
2676 4139 2729 4193 ei
2758 4136 3264 4192 administrandum
3294 4136 3389 4191 sit.

125 4224 400 4284 Obviantes
433 4229 737 4282 monachos
769 4227 1013 4291 clericos,
1044 4233 1100 4280 et
1140 4243 1393 4296 quosque
1422 4226 1479 4280 in
1506 4225 1703 4279 habitu
1784 4228 1942 4284 Inter
1962 4230 2390 4293 comedendum,
2424 4228 2470 4282 si
2496 4228 2628 4299 quid
2658 4228 2903 4282 breviter
2921 4226 3142 4294 dixerit,
3174 4242 3274 4297 pro
3306 4226 3397 4281 bis

128 4318 482 4373 conversionis
522 4318 752 4381 salutat,
783 4316 971 4370 dicens
1008 4316 1089 4369 eis
1117 4334 1129 4368 :
1165 4318 1482 4369 Benedicite.
1517 4316 1755 4388 Sazcu-_
1789 4335 1914 4388 quae
1954 4319 2025 4372 ad
2057 4334 2298 4388 praesens
2327 4334 2555 4371 necesse
2586 4317 2913 4371 habuerit...
2946 4317 3016 4371 de
3049 4316 3162 4369 alia
3200 4321 3397 4369 tamen

130 4401 253 4458 lares
276 4424 403 4461 vero
432 4423 588 4460 more
616 4405 833 4475 vulgari
856 4405 1170 4474 compellat.
1208 4403 1537 4458 Obviantem
1567 4382 1766 4457 ami-D
1788 4382 2011 4476 loquela
2054 4382 2304 4475 longiore
2345 4410 2519 4461 cavet.
2553 4409 2873 4476 Antequam
2918 4405 3194 4469 comedat,
3243 4404 3397 4459 dicto

128 4506 238 4547 cum
263 4496 607 4561 saecularem,
634 4494 683 4549 si
709 4493 951 4547 voluerit
967 4493 1166 4546 sedens
1188 4492 1245 4546 in
1272 4509 1414 4563 equo
1441 4492 1700 4556 osculari,
1786 4511 1949 4549 versu
1979 4495 2116 4564 legit
2145 4494 2360 4565 aliquid
2388 4495 2458 4548 de
2481 4511 2639 4548 sacra
2671 4496 2983 4565 Scriptura,
3012 4499 3069 4548 et
3096 4494 3155 4548 in
3184 4494 3295 4547 [ine
3324 4491 3397 4547 si-

130 4583 315 4648 poterit
344 4603 355 4636 :
391 4583 728 4638 monachum
759 4598 887 4636 vero
914 4598 1224 4652 nunquam,
1254 4581 1360 4634 nisi
1390 4581 1461 4635 ad
1494 4586 1704 4635 terram
1786 4583 2012 4636 militer.
2037 4586 2102 4637 1n
2134 4582 2224 4635 via
2243 4599 2466 4653 quoque
2486 4583 2702 4648 sitiens,
2729 4584 2777 4636 si
2802 4599 2999 4638 carens
3021 4599 3244 4653 quoque
3266 4595 3403 4635 vase

131 4666 473 4727 descendam.
496 4672 669 4743 (vain)
684 4671 1012 4741 Ubicunque
1028 4670 1497 4735 autemascendit,
1519 4671 1705 4723 locum
1786 4672 1856 4726 ad
1894 4673 2109 4726 fontem
2158 4671 2362 4725 biberit
2406 4688 2473 4725 ex
2503 4672 2785 4737 manibus,
2830 4670 2900 4725 ob
2936 4672 3042 4726 hoc
3070 4671 3254 4725 notari
3283 4686 3401 4725 non

130 4756 365 4815 altiorem
391 4761 615 4831 quierit,
634 4765 693 4814 et
711 4760 791 4814 sic
809 4758 1237 4829 cum‘gravitate
1258 4758 1525 4812 ascendit.
1549 4759 1705 4812 Unde
1787 4768 2038 4815 meretur
2076 4760 2227 4815 Talis
2248 4767 2436 4814 autem
2460 4760 2557 4830 qui
2582 4760 2657 4814 sit
2684 4759 2956 4814 imberbis
2983 4761 3069 4813 vel
3093 4776 3253 4814 rasus
3273 4758 3398 4812 bar-

130 4850 178 4898 et
197 4856 317 4904 ante
338 4855 561 4921 portam
582 4849 907 4903 monasterii
937 4849 1009 4902 ad
1030 4847 1444 4902 ascendentium
1475 4854 1707 4901 truncus
1788 4852 1939 4916 bam,
1971 4866 2084 4903 non
2112 4849 2278 4903 debet
2317 4865 2439 4902 esse
2482 4849 2542 4902 in
2581 4849 2703 4917 ejus
2746 4848 3035 4902 comitatu.
3071 4846 3185 4902 Sed
3213 4862 3398 4917 neque

130 4940 203 4988 est
237 4939 465 5008 positus.
500 4940 707 4993 Cavere
735 4938 902 4992 debet
942 4938 1003 4990 in
1047 4936 1267 5003 itinere,
1299 4942 1363 4990 ut
1388 4936 1527 4990 nihil
1557 4936 1616 4989 in
1646 4954 1705 4990 se
1788 4939 2012 4992 mittere
2044 4955 2079 4991 a
2116 4954 2176 4991 se
2203 4937 2484 5003 comitem,
2517 4942 2575 4991 et
2612 4937 2765 4990 solus
2805 4937 3059 5007 equitare
3086 4935 3391 5006 prazsumit.

129 5020 480 5097 irreligiosum
522 5033 623 5081 aut
667 5026 850 5081 ordini
889 5030 1082 5080 nostro
1121 5023 1463 5078 contrarium
1502 5041 1538 5077 a
1566 5041 1707 5094 quo-
1795 5027 1895 5082 Ubi
1920 5027 2038 5081 vult
2065 5026 2363 5096 hospitari,
2382 5026 2430 5080 si
2455 5025 2595 5079 adeo
2624 5041 2798 5095 prope
2822 5031 2909 5078 est
2934 5024 3185 5087 ecclesia,
3210 5039 3401 5093 vespe-

133 5127 278 5179 quam
308 5117 493 5171 notari
524 5116 725 5188 possit;
757 5121 821 5170 ut
848 5115 1183 5169 vestimenta
1203 5130 1308 5167 sua
1342 5130 1376 5167 a
1410 5119 1571 5182 tergo
1596 5129 1709 5167 non
1792 5132 1884 5169 ros
1906 5116 1983 5170 ibi
2013 5122 2241 5170 cantare
2269 5131 2382 5169 non
2406 5114 2653 5179 omittit;
2687 5113 3127 5183 Completorium
3144 5117 3203 5165 et
3219 5112 3399 5166 Μαίη-ο

133 5199 302 5258 difﬂue
327 5206 585 5277 (excepta
623 5205 908 5259 interdum
954 5208 1184 5274 propter
1225 5202 1473 5273 pluviam
1509 5204 1711 5273 cappa)
1792 5204 1976 5258 tinum
2010 5222 2123 5259 non
2151 5204 2226 5257 ibi
2258 5210 2467 5270 cantat,
2500 5203 2596 5257 sed
2627 5202 2686 5255 in
2714 5202 2856 5255 lecto
2885 5202 2973 5255 vel
3001 5201 3062 5255 in
3094 5201 3213 5254 loco
3242 5215 3398 5254 com-

137 5291 221 5344 sed
238 5295 537 5365 composite
566 5294 712 5347 infra
737 5294 931 5348 sellam
954 5294 1197 5362 jaceant,
1226 5302 1291 5345 ut
1318 5308 1420 5345 nec
1438 5292 1705 5352 anterior,
1792 5295 2005 5363 petenti
2045 5295 2208 5363 juxta
2252 5294 2479 5359 lectum,
2529 5292 2636 5346 nisi
2682 5290 2988 5361 hospitium
3042 5288 3286 5344 ecclesiae
3326 5287 3403 5342 sit

140 5391 225 5432 nec
256 5383 526 5451 posterior
553 5382 701 5435 sellae
733 5381 975 5450 corrigia
1003 5381 1087 5433 vel
1117 5380 1271 5433 aliud
1300 5379 1433 5449 quid
1463 5379 1573 5432 tale
1603 5379 1709 5433 sibi
1791 5383 2169 5451 conjunctum.
2214 5397 2308 5436 UD.
2360 5382 2535 5436 Cavet
2581 5384 2771 5435 autem
2815 5378 3063 5448 aliquam
3105 5376 3398 5431 ecclesiam

139 5464 282 5537 desit,
325 5488 425 5527 nec
454 5472 517 5527 in
562 5487 711 5541 equo
734 5470 903 5525 simul
950 5485 1106 5524 verso
1156 5468 1435 5539 respiciat.
1469 5468 1552 5523 Ne
1589 5468 1710 5522 sine
1793 5484 1918 5522 cum
1938 5470 2245 5523 calcaribus
2273 5475 2330 5523 et
2345 5484 2525 5539 cappa
2541 5467 2774 5523 indutus
2793 5467 3008 5521 intrare
3029 5464 3117 5519 vel
3138 5464 3399 5518 demanu

140 5551 365 5614 fasciolis
388 5561 613 5632 equitet
626 5578 651 5629 ;.
674 5559 725 5615 si
742 5564 939 5615 tamen
958 5558 1109 5615 ultra
1126 5573 1311 5613 unum
1331 5556 1665 5613 milliarium
1679 5573 1714 5611 a
1792 5557 2013 5613 feminae
2040 5558 2252 5630 aliquid
2271 5558 2541 5630 accipere,
2569 5573 2698 5612 cum
2714 5573 2783 5611 ea
2799 5555 2872 5611 ad
2898 5569 3151 5610 mensam
3176 5552 3394 5620 sedere,
