3934 6372
494 298 629 357 1063

487 518 565 567 te.
599 511 766 568 Omni
795 515 1048 579 tempore
1073 505 1402 577 priusquam
1442 521 1551 558 nox
1581 506 1771 572 fuerit,
1803 506 1850 559 si
1879 521 2087 576 magna

487 600 823 656 necessitate
851 597 1042 667 aliqua
1080 593 1439 664 impediente,
1481 592 1730 664 alioquin
1765 595 2085 666 Completo-

488 690 637 743 rium
663 688 862 742 ultimo
891 700 1004 739 non
1033 683 1236 737 differt.

566 778 710 831 Sunt
737 779 1010 846 praeterea
1040 788 1162 842 quae
1188 775 1303 823 tam
1352 769 1486 823 foris
1515 785 1683 840 quam
1713 769 1864 823 domi
1891 768 2084 824 obser—

491 870 605 931 vat,
634 865 691 919 id
713 872 815 926 est,
848 863 896 916 si
928 865 1014 915 est
1042 859 1260 913 cuculla
1281 863 1479 912 exutus
1497 863 1614 911 tam
1639 858 1694 911 in
1725 857 1814 911 die
1835 875 2001 929 quam
2024 859 2083 912 in

490 958 671 1019 nocte,
705 953 922 1007 nullum
954 949 1183 1005 verbum
1216 948 1441 1003 emittit.
1478 946 1750 1002 Observat
1792 947 1980 1011 etiam,
2013 962 2085 1000 ne

492 1058 773 1114 quoquam
797 1044 971 1112 ponat
997 1055 1119 1093 eam
1147 1037 1369 1108 longius
1398 1052 1432 1090 a
1456 1053 1532 1099 se,
1566 1052 1734 1107 quam
1766 1035 1841 1089 sit
1866 1035 2087 1089 cubitus

493 1148 659 1186 unus.
697 1132 859 1197 (rar.)
889 1127 955 1182 In
984 1127 1201 1182 cuculla
1231 1127 1351 1179 sine
1379 1125 1599 1196 pellicio
1627 1124 1823 1177 sedere
1850 1124 1937 1177 vel
1965 1140 2087 1177 am-

491 1219 688 1274 bulare
716 1217 941 1289 poterit.
977 1218 998 1240 ⁶
1031 1214 1091 1270 Si
1120 1215 1191 1269 ad
1229 1214 1457 1284 aliquod
1487 1213 1910 1278 monasterium,
1941 1212 2090 1283 quod

494 1314 583 1363 est
606 1307 787 1362 nostri
812 1305 1049 1367 ordinis,
1071 1304 1155 1357 vel
1176 1303 1272 1357 ubi
1292 1302 1599 1372 capitulum
1620 1300 1913 1369 habemus,
1931 1316 2091 1355 vene-

490 1398 585 1463 rit,
618 1396 693 1451 ibi
725 1395 921 1449 eadem
952 1410 1013 1447 se
1060 1391 1233 1446 habet
1258 1390 1570 1461 disciplina,
1609 1406 1721 1460 qua
1757 1394 1813 1443 et
1849 1389 2003 1443 domi
2029 1405 2090 1444 se

494 1485 703 1540 habere
747 1483 908 1546 solet,
941 1486 999 1535 et
1026 1480 1072 1534 si
1101 1484 1267 1533 antea
1296 1478 1410 1532 illic
1436 1494 1548 1532 non
1582 1482 1725 1546 erat,
1756 1494 1882 1531 cum
1910 1477 2088 1531 intra-

492 1573 637 1628 verit
662 1573 895 1626 chorum
921 1570 1036 1622 sive
1067 1567 1395 1639 capitulum,
1417 1566 1465 1620 si
1494 1566 1719 1619 interim
1748 1565 2006 1630 habetur,
2034 1568 2091 1618 et

496 1663 544 1718 si
576 1677 743 1716 nemo
786 1676 913 1713 eum
946 1657 1178 1716 inducit,
1229 1655 1489 1709 ultimum
1522 1654 1663 1725 petit
1690 1654 1905 1719 locum;
1936 1653 1995 1706 in
2024 1668 2089 1707 eo

1515 291 1572 345 S.
1614 291 2006 349 GUILLELMI
2042 289 2347 347 ABBATIS
2384 292 2723 348 HIRSAUG.

490 440 619 479 cum
642 439 710 477 ea
729 420 1035 494 quidquam
1055 416 1241 470 dicere
1260 415 1380 469 sine
1398 420 1543 470 teste
1561 432 1736 488 prope
1762 434 1857 472 eos
1880 417 2081 472 seden-
2093 414 2152 476 A

3631 287 3773 347 1064

2355 506 2429 559 De
2456 508 2740 560 communi
2768 508 2963 560 ordine
2991 507 3054 559 de
3082 508 3174 559 via
3203 504 3583 557 redeuntium.

2238 596 2265 619 "’
2285 594 2448 648 Nunc
2475 599 2664 648 autem
2685 596 2973 665 praemisso
2995 593 3387 655 itinerantium
3408 593 3626 657 ordine,
3644 592 3768 660 jam

2165 683 2235 736 de
2261 683 2349 736 via
2396 683 2752 737 redeuntium
2789 683 3103 737 communis
3151 682 3287 737 ordo
3333 697 3446 735 non
3489 686 3575 735 est
3604 680 3773 734 omit-

2164 772 2388 825 tendus.
2421 772 2646 825 Fratres
2672 771 2765 842 qui
2795 772 2863 825 de
2892 771 2981 825 via
3010 771 3261 831 veniunt,
3294 769 3574 824 neminem
3622 768 3774 822 infra

2165 860 2315 913 muri
2345 858 2617 914 ambitum
2645 860 2985 923 osculantur,
3029 865 3331 930 antequam
3357 858 3667 912 orationem
3692 857 3775 910 fa-

2165 949 2335 1002 ciant.
2370 947 2425 1002 Si
2458 947 2589 1018 quid
2609 952 2819 1012 tamen,
2855 948 3002 1019 quod
3032 963 3260 1002 necesse
3290 951 3393 1013 est,
3421 951 3585 1000 extra
3614 945 3773 999 clau-

2167 1041 2345 1091 strum
2367 1035 2611 1089 breviter
2637 1037 2964 1107 loquuntur,
2987 1035 3046 1090 in
3077 1036 3181 1089 hoc
3209 1051 3322 1089 non
3347 1033 3775 1105 reprehendun-

2167 1129 2281 1178 tur.
2312 1125 2418 1189 Qui
2440 1125 2487 1177 si
2514 1124 2572 1178 in
2593 1125 2829 1181 meridie
2847 1130 2975 1196 post
2992 1124 3352 1178 refectionem
3373 1123 3768 1177 ministrorum

2170 1212 2514 1278 advenerint,
2547 1218 2843 1284 postquam
2891 1213 3095 1267 fratres
3142 1217 3379 1282 surgant
3423 1228 3537 1265 non
3578 1207 3771 1281 ingre-

2170 1301 2405 1355 diuntur
2434 1319 2445 1354 :
2484 1308 2712 1372 propter
2739 1302 2845 1356 hoc
2873 1317 2984 1357 non
3014 1302 3296 1356 clauditur
3332 1300 3472 1354 intra
3503 1299 3769 1353 refectio—

2170 1405 2300 1444 nem
2329 1390 2732 1455 ministrorum,
2762 1396 2826 1444 ut
2852 1390 3087 1461 quisque
3109 1395 3244 1443 tunc
3271 1388 3518 1455 veniens,
3542 1386 3768 1457 ingredi

2169 1478 2368 1531 valeat.
2406 1478 2680 1547 Tempore
2718 1478 2983 1549 loquendi
3023 1478 3342 1543 redeuntes,
3376 1477 3433 1531 in
3463 1477 3585 1547 ipso
3615 1477 3771 1530 clau-

2170 1566 2270 1620 stri
2303 1565 2538 1619 introitu
2566 1571 2784 1621 tantum
2809 1569 3098 1621 benedicite
3123 1567 3316 1620 dicunt
3337 1566 3406 1620 ad
3428 1566 3767 1620 assidentes.

2170 1668 2263 1709 UD.
2292 1654 2488 1724 Itaque
2516 1670 2583 1707 ea
2609 1653 2718 1717 die,
2749 1671 2858 1724 qua
2888 1654 3145 1720 redeunt,
3174 1670 3376 1724 corpus
3402 1652 3627 1707 Domini
3656 1650 3770 1705 nisi

494 1756 689 1806 tamen
714 1748 886 1802 choro
914 1746 972 1800 in
1003 1761 1113 1816 quo
1143 1749 1201 1798 et
1228 1744 1379 1798 domi
1409 1743 1529 1813 ejus
1559 1749 1644 1796 est
1667 1742 1853 1796 statio.
1875 1742 1933 1797 Si
1957 1758 2087 1796 vero
2107 1726 2315 1796 Bfacta
2340 1741 2686 1796 confessione
2712 1759 2824 1797 non
2852 1743 3163 1813 accipiunt;
3199 1742 3332 1813 quia
3357 1741 3634 1811 fragilitas
3664 1740 3771 1794 hu-

498 1841 570 1894 ad
612 1838 858 1892 alienum
905 1834 1133 1889 omnino
1179 1831 1580 1886 monasterium
1623 1831 1853 1889 venerit,
1884 1829 1958 1884 ibi
1987 1846 2091 1884 nec

498 1930 807 1983 claustrum
831 1924 1026 1986 intrat,
1058 1921 1164 1975 nisi
1183 1923 1376 1991 jussus
1406 1920 1481 1974 sit
1504 1937 1515 1972 :
1542 1924 1608 1974 ut
1634 1920 1750 1973 illic
1774 1918 1879 1974 sibi
1907 1924 2092 1973 osten-

494 2033 620 2072 sum
667 2014 857 2079 fuerit,
909 2013 991 2066 ita
1036 2010 1188 2065 facit.
1226 2011 1500 2063 Caeterum
1530 2008 1580 2061 si
1610 2008 1681 2061 ad
1719 2007 2089 2077 quodcunque

493 2102 899 2160 monasterium
933 2100 1166 2164 venerit,
1199 2098 1320 2153 sine
1353 2096 1577 2151 licentia
1606 2097 1676 2150 de
1703 2096 1946 2149 claustro
1976 2110 2089 2148 non

493 2195 626 2260 exit,
662 2208 767 2247 nec
794 2190 986 2245 comiti
1014 2204 1114 2243 suo
1147 2188 1449 2259 quidquam
1488 2185 1758 2256 loquitur.
1790 2183 2088 2241 Sciendum

494 2286 583 2337 est
610 2280 779 2336 etiam
802 2296 813 2332 :
840 2277 1062 2349 quando
1094 2276 1465 2347 quodcunque
1488 2272 1890 2327 monasterium
1910 2271 2089 2325 nostri

497 2369 709 2425 ordinis
759 2372 847 2422 est
880 2366 1254 2435 ingressurus,
1289 2363 1381 2417 ubi
1415 2362 1562 2416 infra
1597 2360 1840 2431 spatium
1870 2358 2090 2413 dimidii

495 2458 631 2514 anni
661 2473 774 2511 non
804 2455 910 2509 fuit
938 2454 1024 2508 vel
1056 2454 1201 2524 quod
1232 2469 1521 2523 nunquam
1552 2450 1803 2517 intravit,
1837 2454 1970 2503 ante
1998 2465 2092 2502 os-

495 2548 639 2603 tium
668 2562 770 2617 per
790 2544 934 2615 quod
967 2542 1212 2614 primum
1237 2541 1376 2595 illud
1399 2541 1593 2606 intrat,
1619 2555 1789 2609 super
1803 2554 1992 2608 genua
2008 2554 2095 2591 ve-

497 2637 648 2691 niam
692 2633 847 2707 petit,
879 2639 937 2687 et
963 2632 1035 2686 ad
1075 2632 1196 2685 loca
1222 2630 1292 2684 de
1320 2629 1413 2682 via
1440 2627 1806 2682 redeuntibus
1833 2626 1902 2680 ad
1924 2642 2095 2680 oran-

497 2725 631 2780 dum
661 2722 984 2786 constituta,
1010 2737 1071 2774 se
1100 2718 1438 2790 prosternit;
1467 2716 1573 2770 nisi
1603 2716 1722 2769 dies
1751 2716 1969 2785 pascha:
1997 2715 2090 2768 sit.

569 2812 729 2878 Quod
765 2812 814 2865 si
843 2811 954 2864 duo
982 2809 1187 2862 fratres
1216 2806 1429 2877 pariter
1455 2804 1524 2857 ad
1555 2802 1782 2873 aliquod
1810 2807 2093 2856 monaste-

496 2904 645 2959 rium
675 2899 950 2964 venerint,
990 2897 1060 2950 ad
1105 2895 1254 2966 quod
1287 2894 1430 2948 alter
1457 2908 1651 2947 eorum
1682 2907 1970 2962 nunquam
2000 2907 2094 2944 ve-

495 2996 677 3056 nerat,
710 2990 853 3043 alter
880 3002 1012 3039 vero
1054 2985 1113 3038 in
1159 2982 1413 3054 proximo
1451 2982 1665 3047 aderat,
1713 2980 1783 3034 de
1812 2979 1976 3034 venia
2021 2978 2091 3033 ad

2171 1846 2340 1884 mana
2367 1830 2613 1884 devitare
2643 1847 2757 1885 non
2807 1831 2955 1885 valet
3000 1832 3134 1902 quin
3168 1847 3277 1885 usu
3305 1831 3391 1885 vel
3418 1829 3634 1894 auditu,
3667 1834 3773 1884 aut

2170 1919 2340 1973 etiam
2371 1920 2651 1973 locutione
2674 1920 2961 1974 multoties
2990 1925 3197 1991 peccet.
3225 1921 3289 1974 In
3312 1920 3507 1973 eodem
3528 1918 3619 1972 die
3640 1923 3773 1989 post

2170 2008 2421 2077 singulas
2449 2008 2615 2061 horas
2643 2008 2856 2063 faciunt
2881 2014 3014 2062 ante
3044 2014 3101 2062 et
3134 2012 3304 2073 retro,
3335 2014 3391 2062 et
3418 2007 3624 2061 dicitur
3654 2023 3773 2061 una

2170 2097 2239 2151 de
2260 2096 2346 2149 his
2363 2096 2634 2151 collectis:
2660 2098 3009 2166 Omnipotens
3029 2100 3353 2165 sempiterne
3368 2098 3525 2158 Deus,
3547 2100 3769 2149 nostro-

2169 2202 2321 2239 rum.
2339 2186 2674 2253 Quwsumus,
2699 2189 3040 2254 omnipotens
3060 2188 3217 2241 Deus.
3252 2188 3604 2260 Omnipotens
3627 2201 3769 2239 sem-

2163 2277 2380 2344 piterno
2426 2276 2583 2328 Deus.
2627 2274 2938 2328 Praemissis
2978 2275 3065 2329 his
3112 2274 3418 2341 versiculis,
3454 2275 3644 2330 Salvos
3675 2275 3771 2341 fac

2170 2378 2367 2429 servos,
2390 2364 2486 2432 qui
2511 2379 2735 2433 semper
2753 2363 2968 2434 primus
2993 2370 3111 2418 est:
3147 2363 3426 2418 secundus
3448 2365 3772 2420 Gonrertere

2176 2453 2313 2506 Deus
2342 2452 2429 2504 vel
2463 2452 2587 2505 Ecce
2616 2468 2785 2519 quam
2805 2453 3030 2516 bonum,
3051 2453 3136 2506 vel
3162 2455 3331 2514 Beati,
3358 2455 3456 2521 qui
3485 2452 3767 2505 habitant.

2173 2539 2283 2593 Pro
2324 2538 2526 2609 quibus
2582 2539 2628 2592 si
2681 2540 2913 2594 collecta
2953 2541 3135 2595 tribus
3179 2540 3392 2595 vicibus
3434 2540 3521 2593 vel
3563 2538 3771 2610 saepius

2174 2626 2321 2681 dicta
2349 2626 2533 2690 fuerit,
2556 2644 2657 2697 pro
2688 2628 2775 2682 his
2799 2628 2870 2682 ad
2891 2628 3317 2699 completorium
3340 2645 3451 2682 non
3475 2633 3564 2682 est
3581 2627 3773 2681 dicen-

2176 2715 2332 2781 dum,
2363 2715 2469 2769 nisi
2499 2714 2717 2770 duobus
2744 2716 3031 2770 versiculis
3058 2717 3361 2788 praemissis
3386 2716 3595 2787 absque
3624 2715 3771 2770 salu-

2174 2803 2406 2857 tatione.
2431 2806 2777 2858 Misereatur.
2815 2806 3163 2874 Omnipotens
3191 2809 3518 2873 sempiterne
3546 2807 3708 2859 Deus.
3746 2808 3769 2828 θ

2176 2892 2335 2956 Quod
2359 2897 2553 2946 tamen
2580 2892 2785 2947 domno
2813 2892 3020 2958 abbati,
3041 2910 3144 2948 nec
3169 2894 3447 2965 episcopo,
3470 2894 3563 2947 vel”
3576 2892 3770 2947 abbati

2176 2980 2341 3035 alicui
2371 2986 2471 3036 aut
2499 2981 2671 3052 priori
2699 2987 2892 3036 nostro
2931 2988 3017 3036 est
3056 2983 3372 3046 dicendum,
3407 2982 3506 3036 sed
3533 2982 3770 3036 collecta

695 3038 886 3148 januae
912 3038 1243 3145 petendalet
1261 3072 1330 3125 de
1351 3070 1604 3125 oratione
1632 3038 1907 3135 facienda,
1942 3067 2092 3139 quod
2112 3038 2451 3137 Csimiliter,
2479 3038 2544 3124 ut
2564 3070 2635 3124 ad
2663 3076 2893 3125 caeteras
2921 3071 3106 3125 horas.

496 3167 672 3241 priori
704 3166 911 3219 bonum
940 3162 1181 3228 videtur,
1203 3160 1396 3231 junior
1425 3159 1697 3213 imitetur.
1722 3158 1851 3213 Haec
1883 3156 2092 3229 specia-

495 3259 628 3312 liter
668 3255 738 3309 de
779 3268 892 3307 uno
921 3250 1089 3317 dicta,
1129 3249 1469 3321 generaliter
1508 3248 1578 3302 ab
1608 3247 1868 3302 omnibus
1911 3244 2090 3300 nostri

496 3344 711 3400 ordinis
736 3340 1025 3395 monachis
1054 3344 1186 3393 sunt
1213 3337 1582 3394 observanda.

570 3431 681 3487 Sed
709 3431 918 3485 decano
948 3428 1131 3482 adhuc
1176 3426 1431 3497 quaedam
1464 3429 1596 3479 sunt
1642 3423 1957 3495 specialiter
1985 3422 2088 3477 ob-

497 3520 803 3587 servanda;
827 3519 884 3572 id
910 3522 1013 3584 est,
1057 3521 1122 3570 ut
1147 3522 1274 3587 post
1310 3514 1710 3569 comestionem
1741 3512 1958 3567 nullum
1988 3512 2089 3565 do-

496 3609 860 3665 mesticorum
888 3622 1115 3661 suorum
1145 3603 1435 3669 verberet;
1465 3617 1755 3673 nunquam
1785 3601 1954 3653 etiam
1982 3600 2091 3655 fra-

496 3700 600 3754 tris
630 3697 880 3763 alterius,
926 3694 972 3749 si
1017 3694 1137 3748 ﬁeri
1168 3697 1372 3765 potest,
1397 3691 1718 3745 testimonio
1752 3694 1959 3754 careat,
1993 3689 2089 3759 qui

496 3804 682 3843 secum
709 3785 921 3857 jugiter
953 3789 1221 3860 moretur.
1247 3782 1387 3836 Item
1410 3779 1460 3835 si
1491 3780 1611 3848 ejus
1638 3777 1955 3832 obedientia
1982 3777 2091 3831 sita

496 3882 582 3932 est
609 3876 756 3929 infra
784 3874 892 3927 iter
911 3871 1158 3925 dimidiae
1178 3869 1310 3931 diei,
1330 3884 1422 3923 un.
1445 3868 1598 3920 omni
1620 3865 1854 3920 sabbato
1880 3866 1950 3920 ad
1975 3880 2092 3919 mo-

495 3964 806 4019 nasterium
836 3960 1019 4015 redire
1067 3957 1250 4012 debet.
1282 3957 1431 4010 Nam‘
1460 3971 1561 4009 nec
1590 3956 1731 4008 lotos
1762 3969 1975 4025 pannos
2001 3953 2090 4007 in-

495 4054 689 4117 duere,
731 4067 834 4105 nec
880 4066 941 4103 se
988 4046 1187 4101 radere
1235 4044 1525 4116 praesumit
1577 4049 1780 4115 praeter
1808 4043 1902 4097 ibi.
1936 4042 2090 4097 Nihil

496 4143 667 4197 etiam
697 4156 827 4194 cum
858 4135 1083 4207 ingenio
1119 4135 1407 4202 lucratur;
1453 4149 1619 4203 agros
1649 4138 1709 4187 et
1747 4131 1937 4185 vineas
1961 4131 2090 4185 dili-

495 4235 695 4302 genter
724 4231 962 4291 exercet,
990 4230 1047 4277 et
1071 4222 1171 4276 alit
1198 4239 1398 4293 pecora
1428 4227 1486 4276 et
1506 4223 1786 4292 jumenta.
1818 4219 1969 4274 Nihil
1995 4220 2091 4273 ha-

496 4320 593 4373 bet
636 4314 1022 4370 absconditum
1064 4329 1166 4365 nec
1207 4312 1264 4365 in
1310 4311 1539 4365 domum
1587 4316 1910 4364 extraneam
1940 4324 2088 4362 com-

2242 3158 2694 3213 Benedictionem
2735 3159 2924 3214 nullus
2952 3176 3121 3214 causa
3158 3158 3381 3231 prandii
3426 3158 3681 3230 negligit,
3717 3160 3767 3214 si

2170 3263 2298 3301 cum
2345 3248 2621 3301 ministris
2659 3253 2913 3319 tempore
2950 3266 3060 3319 quo
3103 3265 3253 3303 nona
3288 3248 3527 3315 canitur,
3558 3247 3762 3304 reficit.

2168 3337 2313 3391 Nam
2334 3336 2642 3391 exrefectus
2672 3353 2795 3390 eam
2821 3337 3040 3407 accipit,
3073 3338 3392 3408 iterumque
3412 3337 3484 3391 ad
3510 3336 3767 3391 refectio-

2169 3441 2300 3480 nem
2329 3425 2493 3479 redit.
2518 3426 2625 3480 Sed
2646 3425 2955 3492 sciendum,
2980 3426 3127 3497 quod
3148 3426 3196 3480 si
3218 3425 3343 3497 quis
3364 3426 3602 3479 fratrum
3624 3425 3763 3479 toris

2168 3513 2406 3585 positus,
2463 3513 2712 3585 paschali
2769 3514 3113 3568 solemnitati
3183 3514 3304 3568 vult
3355 3513 3647 3580 interesse,
3699 3514 3765 3568 in

2170 3606 2373 3673 quarta
2393 3602 2533 3657 feria
2559 3602 2725 3657 debet
2747 3603 2983 3659 venisse.
3002 3603 3159 3667 Quod
3192 3603 3236 3656 si
3268 3604 3410 3657 torte
3429 3602 3759 3673 neglexerit,

2170 3692 2490 3762 quicunque
2527 3691 2601 3744 sit
2630 3691 2875 3756 veniens,
2922 3691 2981 3745 in
3019 3691 3154 3762 ipsis
3187 3690 3369 3745 tribus
3409 3691 3606 3745 diebus
3635 3696 3767 3762 post

2171 3779 2479 3851 quamlibet
2517 3780 2713 3834 horam
2762 3780 2999 3836 ﬁnitam.
3053 3780 3321 3851 praedicta
3374 3779 3767 3834 benedictione

2171 3867 2400 3939 quidem
2429 3884 2542 3922 non
2570 3874 2758 3936 caret;
2798 3869 2895 3922 sed
2926 3885 3093 3923 nemo
3122 3868 3207 3922 illi
3236 3867 3295 3921 in
3325 3867 3535 3922 eisdem
3565 3866 3767 3922 diebus

2169 3957 2418 4012 osculum
2445 3956 2672 4027 praebet.
2705 3957 2808 4011 Cui
2838 3973 3080 4029 quoque,
3123 3956 3169 4011 si
3207 3963 3293 4011 est
3319 3961 3512 4010 noster
3537 3957 3770 4026 profes-

2171 4061 2286 4109 sus,
2318 4046 2625 4099 cavendum
2648 4050 2751 4111 est,
2775 4061 2846 4099 ne
2871 4045 2930 4099 in
2958 4046 3139 4099 tribus
3161 4044 3315 4099 festis
3345 4044 3602 4098 videlicet
3622 4045 3770 4099 nati-

2170 4133 2357 4187 vitatis
2376 4133 2621 4201 Domini,
2644 4133 2870 4189 Pascha:
2896 4138 2953 4188 et
2972 4139 3342 4202 pentecostes,
3370 4138 3503 4186 ante
3530 4134 3770 4188 tertium

2171 4222 2340 4287 diem,
2363 4222 2471 4275 nisi
2497 4238 2704 4292 magna
2726 4229 2953 4276 coactus
2974 4223 3325 4287 necessitate,
3354 4221 3548 4288 abeat;
3581 4222 3679 4276 sed
3709 4227 3772 4275 et

2167 4317 2303 4365 tunc
2332 4327 2622 4382 quousque
2650 4313 2957 4383 capitulum
3007 4311 3256 4378 finiatur,
3292 4317 3599 4382 exspectat.
3650 4313 3772 4366 Hoc

496 4406 823 4461 mendatum
847 4421 861 4469 ;
906 4400 1051 4473 quod
1084 4417 1134 4453 a-
1150 4399 1357 4453 nostris
1400 4397 1706 4469 majoribus
1746 4396 1974 4451 omnino
2003 4390 2336 4454 estDetiam
2363 4400 2651 4454 sciendum
2680 4406 2785 4464 est,
2810 4400 2958 4471 quod
2989 4400 3036 4455 si
3062 4401 3159 4471 qui
3186 4401 3458 4462 venerint,
3482 4401 3614 4455 dum
3636 4417 3770 4455 con-

499 4492 1051 4549 anathematizatum.
1089 4490 1259 4559 Seges
1299 4493 1358 4542 et
1400 4488 1593 4541 vinum
1622 4485 1846 4556 quando
1875 4502 1940 4539 ex
1968 4489 2087 4538 toto

497 4582 673 4639 fuerit
705 4581 1017 4644 collectum,
1048 4576 1215 4633 debet
1246 4576 1403 4647 prior
1431 4592 1496 4631 ex
1526 4591 1681 4629 more
1707 4574 1895 4627 videre
1923 4572 2088 4643 quid-

500 4671 635 4743 quid
663 4669 924 4724 habuerit
949 4668 1007 4722 in
1028 4668 1249 4730 horreo,
1270 4664 1542 4737 quidquid
1561 4663 1620 4717 in
1641 4662 1882 4718 cellario.
1905 4662 2091 4726 Quan-

497 4767 619 4817 tum
640 4759 877 4826 videtur,
895 4757 1131 4811 dimittit
1144 4756 1213 4809 ad
1232 4759 1608 4809 commeatum
1629 4752 1880 4821 ejusdem
1893 4750 2090 4804 decani

500 4855 557 4906 et
566 4849 851 4923 hospitum
863 4843 1374 4919 supervenientium
1384 4881 1397 4908 ,
1411 4846 1467 4896 et
1481 4841 1549 4895 ad
1567 4857 1707 4911 opus
1721 4839 2085 4909 agricolandi;

498 4939 647 5012 quod
676 4933 934 5009 superest
950 4933 1113 5006 jubet
1140 4933 1211 4986 ad
1240 4930 1643 4985 monasterium
1672 4927 1895 4983 deferri.
1929 4927 2091 4983 Simi-

496 5028 627 5083 liter
652 5026 787 5081 facit
814 5025 1011 5080 eodem
1040 5028 1294 5092 tempore
1323 5019 1381 5073 in
1408 5019 1562 5073 cellis
1593 5016 1819 5083 nostris,
1842 5014 1938 5071 ubi
1967 5021 2089 5069 tan-

498 5123 621 5173 tum
670 5131 767 5170 sex
821 5118 921 5169 aut
965 5112 1159 5165 decem
1206 5109 1411 5162 fratres
1460 5112 1773 5169 morantur,
1828 5105 1876 5158 si
1928 5108 2087 5158 tanta

493 5222 685 5262 rerum
715 5203 877 5274 c0pia
904 5200 1160 5265 habetur,
1195 5197 1344 5251 unde
1387 5197 1575 5268 plures
1618 5194 1837 5266 possint
1863 5198 2086 5247 susten-

494 5295 631 5361 tari;
663 5293 875 5348 eisdem
902 5287 1167 5343 fratribus
1199 5286 1403 5340 victum
1424 5289 1481 5339 et
1500 5284 1780 5348 vestitum,
1802 5299 1868 5337 ac
1897 5281 2087 5353 hospi-

496 5389 619 5439 tum
648 5379 960 5437 necessaria
1002 5376 1242 5449 pleniter
1269 5374 1586 5439 dimittens;
1630 5372 1775 5443 quod
1807 5376 2080 5442 superest,

491 5471 654 5546 jubet
679 5471 750 5526 ad
782 5465 1187 5524 monasterium
1213 5462 1442 5518 deferri.

2168 4494 2367 4543 ventus
2410 4489 2465 4541 in
2522 4490 2692 4543 choro
2747 4506 2862 4543 non
2917 4489 3107 4558 fuerit,
3136 4489 3180 4543 si
3225 4489 3406 4558 major
3435 4489 3768 4544 monasterii

2170 4583 2333 4649 porta
2359 4583 2494 4632 tunc
2521 4578 2712 4632 clausa
2748 4583 2852 4644 est,
2884 4578 3096 4649 aspersi
3126 4594 3275 4648 aqua
3304 4578 3616 4642 benedicta,
3648 4579 3771 4649 pri-

2169 4683 2321 4721 mum
2354 4667 2425 4719 ad
2453 4683 2699 4733 crucem,
2739 4666 2940 4720 deinde
2965 4666 3023 4720 in
3047 4667 3235 4732 choro,
3267 4672 3323 4721 et
3365 4673 3492 4737 post
3527 4666 3660 4720 inde
3692 4668 3773 4722 ad

2172 4756 2229 4809 S.
2274 4754 2510 4809 Mariam
2552 4755 2701 4810 inter
2746 4755 2957 4809 formas
3002 4755 3060 4809 in
3103 4755 3335 4825 longum
3378 4755 3666 4825 prostrati,
3721 4756 3774 4809 si

2169 4842 2298 4896 talis
2348 4848 2436 4897 est
2476 4843 2615 4911 dies,
2647 4844 2735 4899 sin
2782 4849 2992 4910 autem,
3041 4843 3278 4897 inclines
3324 4842 3533 4897 debent
3578 4860 3764 4897 orare.

2171 4932 2329 4996 Quod
2359 4933 2406 4987 si
2434 4932 2583 4987 infra
2611 4933 2919 5004 capitulum
2938 4933 3186 5001 veniunt,
3203 4933 3429 4987 tertiam
3449 4932 3770 4987 orationem

2169 5021 2239 5075 ad
2277 5022 2474 5087 altare,
2508 5022 2655 5092 quod
2701 5026 2789 5075 est
2826 5022 2884 5075 in
2915 5023 3109 5075 dextra
3138 5027 3297 5092 parte
3342 5020 3498 5075 chori
3526 5021 3768 5076 faciunt.

2169 5109 2226 5163 Si
2255 5109 2402 5163 infra
2429 5110 2747 5179 regularem
2766 5110 2963 5163 horam
2995 5110 3267 5176 venerint,
3292 5110 3372 5163 ita
3402 5114 3465 5163 ut
3494 5115 3625 5164 ante
3650 5112 3773 5166 Glo-

2168 5200 2317 5251 riam
2337 5198 2505 5269 primi
2535 5199 2737 5269 psalmi
2774 5199 3008 5253 chorum
3037 5200 3249 5253 intrare
3285 5199 3523 5269 possint,
3551 5200 3770 5270 aspersi

2166 5290 2389 5341 tantum
2413 5288 2648 5341 chorum
2676 5286 3089 5358 ingrediuntur,
3115 5288 3276 5342 ﬁnita
3300 5288 3439 5341 hora
3459 5294 3588 5358 post
3614 5305 3771 5343 acce-

2167 5379 2320 5446 ptam
2350 5374 2794 5429 benedictionem
2827 5376 2898 5429 ad
2924 5392 3163 5442 crucem,
3187 5376 3234 5430 si
3263 5381 3426 5447 porta
3448 5377 3530 5445 (ut
3548 5376 3764 5431 dictum

2166 5465 2267 5534 est)
2298 5468 2434 5518 tunc
2462 5464 2654 5518 clausa
2681 5468 2784 5531 est,
2816 5463 3019 5519 deinde
3065 5465 3135 5519 ad
3167 5466 3224 5521 S.
3255 5464 3495 5521 Mariam
3524 5466 3767 5521 oraturi.

2238 5551 2297 5609 Si
2327 5568 2458 5607 vero
2486 5557 2616 5626 post
2648 5553 2896 5609 Gloriam
2923 5552 3093 5625 primi
3123 5553 3326 5627 psalmi
3363 5552 3656 5610 ecclesiam
3686 5554 3775 5611 in-
