  <div class='ocr_page' id='page_1' title='image "/cluster/home/n/w/nwhite01/storage/ocr_20150623/150/umn.31951002477443u/608.png"; bbox 0 0 3934 6398; ppageno 0'>
   <div class='ocr_carea' id='block_1_1' title="bbox 152 419 273 478">
    <p class='ocr_par' dir='ltr' id='par_1_1' title="bbox 152 419 273 478">
     <span class='ocr_line' id='line_1_1' title="bbox 152 419 273 478; baseline -0.041 0"><span class='ocrx_word' id='word_1_1' title='bbox 152 419 273 478; x_wconf 85' lang='grc'>1065</span> 
     </span>
    </p>
   </div>
   <div class='ocr_carea' id='block_1_2' title="bbox 1145 410 2346 469">
    <p class='ocr_par' dir='ltr' id='par_1_2' title="bbox 1145 410 2346 469">
     <span class='ocr_line' id='line_1_2' title="bbox 1145 410 2346 469; baseline 0 -2"><span class='ocrx_word' id='word_1_2' title='bbox 1145 410 1565 468; x_wconf 89' lang='lat' dir='ltr'>CONSTITUT.</span> <span class='ocrx_word' id='word_1_3' title='bbox 1607 411 1947 468; x_wconf 86' lang='lat' dir='ltr'>HIRSAUG.</span> <span class='ocrx_word' id='word_1_4' title='bbox 1991 441 2056 453; x_wconf 91' lang='grc'>--</span> <span class='ocrx_word' id='word_1_5' title='bbox 2095 412 2232 468; x_wconf 90' lang='lat' dir='ltr'>LIB.</span> <span class='ocrx_word' id='word_1_6' title='bbox 2272 412 2346 469; x_wconf 92' lang='lat' dir='ltr'>II.</span> 
     </span>
    </p>
   </div>
   <div class='ocr_carea' id='block_1_3' title="bbox 3250 382 3387 475">
    <p class='ocr_par' dir='ltr' id='par_1_3' title="bbox 3250 382 3387 475">
     <span class='ocr_line' id='line_1_3' title="bbox 3250 382 3387 475; baseline 0 0"><span class='ocrx_word' id='word_1_7' title='bbox 3250 382 3387 475; x_wconf 73' lang='lat'>1066</span> 
     </span>
    </p>
   </div>
   <div class='ocr_carea' id='block_1_4' title="bbox 148 533 3393 610">
    <p class='ocr_par' dir='ltr' id='par_1_4' title="bbox 148 533 3393 610">
     <span class='ocr_line' id='line_1_4' title="bbox 148 533 3393 610; baseline -0.001 -12"><span class='ocrx_word' id='word_1_8' title='bbox 148 542 397 599; x_wconf 86' lang='lat' dir='ltr'>traverint</span> <span class='ocrx_word' id='word_1_9' title='bbox 422 541 556 610; x_wconf 89' lang='lat' dir='ltr'>(non</span> <span class='ocrx_word' id='word_1_10' title='bbox 589 538 739 594; x_wconf 90' lang='lat' dir='ltr'>enim</span> <span class='ocrx_word' id='word_1_11' title='bbox 770 536 908 592; x_wconf 78' lang='lat' dir='ltr'>foris</span> <span class='ocrx_word' id='word_1_12' title='bbox 953 542 1279 607; x_wconf 87' lang='lat' dir='ltr'>exspectare</span> <span class='ocrx_word' id='word_1_13' title='bbox 1320 533 1708 608; x_wconf 68' lang='lat' dir='ltr'>praesumunt),</span> <span class='ocrx_word' id='word_1_14' title='bbox 1729 538 2011 601; x_wconf 85' lang='lat' dir='ltr'>Aeorum,</span> <span class='ocrx_word' id='word_1_15' title='bbox 2045 537 2191 592; x_wconf 91' lang='lat' dir='ltr'>sicut</span> <span class='ocrx_word' id='word_1_16' title='bbox 2219 541 2277 591; x_wconf 92' lang='lat' dir='ltr'>et</span> <span class='ocrx_word' id='word_1_17' title='bbox 2296 536 2532 609; x_wconf 87' lang='lat' dir='ltr'>quisque</span> <span class='ocrx_word' id='word_1_18' title='bbox 2563 540 2698 591; x_wconf 91' lang='lat' dir='ltr'>tunc</span> <span class='ocrx_word' id='word_1_19' title='bbox 2723 536 2978 592; x_wconf 85' lang='lat' dir='ltr'>ordinem</span> <span class='ocrx_word' id='word_1_20' title='bbox 3000 554 3219 609; x_wconf 85' lang='lat' dir='ltr'>regens,</span> <span class='ocrx_word' id='word_1_21' title='bbox 3258 540 3393 596; x_wconf 89' lang='lat' dir='ltr'>illuc</span> 
     </span>
    </p>
   </div>
   <div class='ocr_carea' id='block_1_5' title="bbox 151 625 1717 697">
    <p class='ocr_par' dir='ltr' id='par_1_5' title="bbox 151 625 1717 697">
     <span class='ocr_line' id='line_1_5' title="bbox 151 625 1717 697; baseline -0.004 -11"><span class='ocrx_word' id='word_1_22' title='bbox 151 630 481 686; x_wconf 80' lang='lat' dir='ltr'>advenientes</span> <span class='ocrx_word' id='word_1_23' title='bbox 516 628 586 682; x_wconf 91' lang='lat' dir='ltr'>ad</span> <span class='ocrx_word' id='word_1_24' title='bbox 623 626 862 697; x_wconf 85' lang='lat' dir='ltr'>gradum</span> <span class='ocrx_word' id='word_1_25' title='bbox 916 626 1137 679; x_wconf 86' lang='lat' dir='ltr'>veniam</span> <span class='ocrx_word' id='word_1_26' title='bbox 1182 642 1294 679; x_wconf 90' lang='lat' dir='ltr'>non</span> <span class='ocrx_word' id='word_1_27' title='bbox 1324 631 1539 696; x_wconf 89' lang='lat' dir='ltr'>petunt.</span> <span class='ocrx_word' id='word_1_28' title='bbox 1582 625 1717 679; x_wconf 88' lang='lat' dir='ltr'>Post</span> 
     </span>
    </p>
   </div>
   <div class='ocr_carea' id='block_1_6' title="bbox 151 712 1717 791">
    <p class='ocr_par' dir='ltr' id='par_1_6' title="bbox 151 712 1717 791">
     <span class='ocr_line' id='line_1_6' title="bbox 151 712 1717 791; baseline -0.004 -16"><span class='ocrx_word' id='word_1_29' title='bbox 151 719 507 791; x_wconf 86' lang='lat' dir='ltr'>aspersionem</span> <span class='ocrx_word' id='word_1_30' title='bbox 530 718 677 771; x_wconf 88' lang='lat' dir='ltr'>facta</span> <span class='ocrx_word' id='word_1_31' title='bbox 696 732 809 770; x_wconf 88' lang='lat' dir='ltr'>una</span> <span class='ocrx_word' id='word_1_32' title='bbox 831 714 1084 769; x_wconf 89' lang='lat' dir='ltr'>oratione</span> <span class='ocrx_word' id='word_1_33' title='bbox 1105 714 1174 768; x_wconf 90' lang='lat' dir='ltr'>ad</span> <span class='ocrx_word' id='word_1_34' title='bbox 1197 712 1521 785; x_wconf 76' lang='lat' dir='ltr'>praedictum</span> <span class='ocrx_word' id='word_1_35' title='bbox 1538 715 1717 768; x_wconf 89' lang='lat' dir='ltr'>altare</span> 
     </span>
    </p>
   </div>
   <div class='ocr_carea' id='block_1_7' title="bbox 149 802 1716 874">
    <p class='ocr_par' dir='ltr' id='par_1_7' title="bbox 149 802 1716 874">
     <span class='ocr_line' id='line_1_7' title="bbox 149 802 1716 874; baseline -0.004 -11"><span class='ocrx_word' id='word_1_36' title='bbox 149 809 331 863; x_wconf 87' lang='lat' dir='ltr'>ibidem</span> <span class='ocrx_word' id='word_1_37' title='bbox 352 807 432 861; x_wconf 91' lang='lat' dir='ltr'>eis</span> <span class='ocrx_word' id='word_1_38' title='bbox 462 804 777 860; x_wconf 84' lang='lat' dir='ltr'>benedictio</span> <span class='ocrx_word' id='word_1_39' title='bbox 808 809 895 857; x_wconf 90' lang='lat' dir='ltr'>est</span> <span class='ocrx_word' id='word_1_40' title='bbox 930 803 1337 874; x_wconf 77' lang='lat' dir='ltr'>exspectanda;</span> <span class='ocrx_word' id='word_1_41' title='bbox 1362 803 1495 873; x_wconf 91' lang='lat' dir='ltr'>quia</span> <span class='ocrx_word' id='word_1_42' title='bbox 1516 819 1618 856; x_wconf 91' lang='lat' dir='ltr'>nec</span> <span class='ocrx_word' id='word_1_43' title='bbox 1637 802 1716 856; x_wconf 91' lang='lat' dir='ltr'>sic</span> 
     </span>
    </p>
   </div>
   <div class='ocr_carea' id='block_1_8' title="bbox 149 891 1718 963">
    <p class='ocr_par' dir='ltr' id='par_1_8' title="bbox 149 891 1718 963">
     <span class='ocr_line' id='line_1_8' title="bbox 149 891 1718 963; baseline -0.003 -14"><span class='ocrx_word' id='word_1_44' title='bbox 149 895 491 957; x_wconf 79' lang='lat' dir='ltr'>venientibus,</span> <span class='ocrx_word' id='word_1_45' title='bbox 518 893 625 948; x_wconf 88' lang='lat' dir='ltr'>nisi</span> <span class='ocrx_word' id='word_1_46' title='bbox 655 909 756 963; x_wconf 90' lang='lat' dir='ltr'>pro</span> <span class='ocrx_word' id='word_1_47' title='bbox 791 892 1065 963; x_wconf 82' lang='lat' dir='ltr'>corporali</span> <span class='ocrx_word' id='word_1_48' title='bbox 1113 891 1468 955; x_wconf 81' lang='lat' dir='ltr'>necessitate,</span> <span class='ocrx_word' id='word_1_49' title='bbox 1512 891 1642 945; x_wconf 90' lang='lat' dir='ltr'>licet</span> <span class='ocrx_word' id='word_1_50' title='bbox 1685 907 1718 944; x_wconf 89' lang='lat' dir='ltr'>a</span> 
     </span>
    </p>
   </div>
   <div class='ocr_carea' id='block_1_9' title="bbox 149 979 1718 1056">
    <p class='ocr_par' dir='ltr' id='par_1_9' title="bbox 149 979 1718 1056">
     <span class='ocr_line' id='line_1_9' title="bbox 149 979 1718 1056; baseline -0.004 -18"><span class='ocrx_word' id='word_1_51' title='bbox 149 985 369 1056; x_wconf 86' lang='lat' dir='ltr'>regulari</span> <span class='ocrx_word' id='word_1_52' title='bbox 397 985 537 1037; x_wconf 84' lang='lat' dir='ltr'>hora</span> <span class='ocrx_word' id='word_1_53' title='bbox 564 982 842 1036; x_wconf 89' lang='lat' dir='ltr'>recedere.</span> <span class='ocrx_word' id='word_1_54' title='bbox 892 982 967 1034; x_wconf 85' lang='lat' dir='ltr'>At</span> <span class='ocrx_word' id='word_1_55' title='bbox 1012 980 1061 1034; x_wconf 88' lang='lat' dir='ltr'>si</span> <span class='ocrx_word' id='word_1_56' title='bbox 1104 981 1252 1034; x_wconf 90' lang='lat' dir='ltr'>infra</span> <span class='ocrx_word' id='word_1_57' title='bbox 1294 979 1718 1050; x_wconf 91' lang='lat' dir='ltr'>completorium</span> 
     </span>
    </p>
   </div>
   <div class='ocr_carea' id='block_1_10' title="bbox 149 1068 1720 1144">
    <p class='ocr_par' dir='ltr' id='par_1_10' title="bbox 149 1068 1720 1144">
     <span class='ocr_line' id='line_1_10' title="bbox 149 1068 1720 1144; baseline -0.004 -17"><span class='ocrx_word' id='word_1_58' title='bbox 149 1072 563 1144; x_wconf 86' lang='lat' dir='ltr'>supervenerint,</span> <span class='ocrx_word' id='word_1_59' title='bbox 597 1071 669 1125; x_wconf 91' lang='lat' dir='ltr'>ad</span> <span class='ocrx_word' id='word_1_60' title='bbox 693 1086 912 1125; x_wconf 89' lang='lat' dir='ltr'>crucem</span> <span class='ocrx_word' id='word_1_61' title='bbox 943 1086 1055 1123; x_wconf 91' lang='lat' dir='ltr'>non</span> <span class='ocrx_word' id='word_1_62' title='bbox 1072 1075 1272 1129; x_wconf 83' lang='lat' dir='ltr'>orant;</span> <span class='ocrx_word' id='word_1_63' title='bbox 1300 1070 1398 1123; x_wconf 91' lang='lat' dir='ltr'>sed</span> <span class='ocrx_word' id='word_1_64' title='bbox 1425 1068 1569 1122; x_wconf 86' lang='lat' dir='ltr'>facta</span> <span class='ocrx_word' id='word_1_65' title='bbox 1586 1068 1720 1121; x_wconf 86' lang='lat' dir='ltr'>item</span> 
     </span>
    </p>
   </div>
   <div class='ocr_carea' id='block_1_11' title="bbox 150 1157 1723 1231">
    <p class='ocr_par' dir='ltr' id='par_1_11' title="bbox 150 1157 1723 1231">
     <span class='ocr_line' id='line_1_11' title="bbox 150 1157 1723 1231; baseline -0.005 -15"><span class='ocrx_word' id='word_1_66' title='bbox 150 1162 375 1216; x_wconf 89' lang='lat' dir='ltr'>oratione</span> <span class='ocrx_word' id='word_1_67' title='bbox 395 1161 464 1214; x_wconf 89' lang='lat' dir='ltr'>ad</span> <span class='ocrx_word' id='word_1_68' title='bbox 494 1159 820 1231; x_wconf 67' lang='lat' dir='ltr'>praedictum</span> <span class='ocrx_word' id='word_1_69' title='bbox 853 1159 1030 1211; x_wconf 87' lang='lat' dir='ltr'>altare</span> <span class='ocrx_word' id='word_1_70' title='bbox 1060 1157 1271 1211; x_wconf 86' lang='lat' dir='ltr'>ibidem</span> <span class='ocrx_word' id='word_1_71' title='bbox 1300 1161 1645 1227; x_wconf 82' lang='lat' dir='ltr'>exspectant.</span> <span class='ocrx_word' id='word_1_72' title='bbox 1667 1162 1723 1208; x_wconf 92' lang='lat' dir='ltr'>et</span> 
     </span>
    </p>
   </div>
   <div class='ocr_carea' id='block_1_12' title="bbox 151 1243 1725 1321">
    <p class='ocr_par' dir='ltr' id='par_1_12' title="bbox 151 1243 1725 1321">
     <span class='ocr_line' id='line_1_12' title="bbox 151 1243 1725 1321; baseline -0.004 -16"><span class='ocrx_word' id='word_1_73' title='bbox 151 1256 354 1321; x_wconf 85' lang='lat' dir='ltr'>accepta</span> <span class='ocrx_word' id='word_1_74' title='bbox 380 1254 506 1320; x_wconf 90' lang='lat' dir='ltr'>post</span> <span class='ocrx_word' id='word_1_75' title='bbox 543 1246 972 1318; x_wconf 90' lang='lat' dir='ltr'>completorium</span> <span class='ocrx_word' id='word_1_76' title='bbox 1010 1245 1394 1299; x_wconf 84' lang='lat' dir='ltr'>benedictione</span> <span class='ocrx_word' id='word_1_77' title='bbox 1417 1244 1488 1298; x_wconf 89' lang='lat' dir='ltr'>ad</span> <span class='ocrx_word' id='word_1_78' title='bbox 1518 1243 1579 1299; x_wconf 86' lang='lat' dir='ltr'>S.</span> <span class='ocrx_word' id='word_1_79' title='bbox 1610 1244 1725 1298; x_wconf 89' lang='lat' dir='ltr'>Ma-</span> 
     </span>
    </p>
   </div>
   <div class='ocr_carea' id='block_1_13' title="bbox 157 1335 1731 1397">
    <p class='ocr_par' dir='ltr' id='par_1_13' title="bbox 157 1335 1731 1397">
     <span class='ocr_line' id='line_1_13' title="bbox 157 1335 1731 1397; baseline -0.005 -4"><span class='ocrx_word' id='word_1_80' title='bbox 157 1340 279 1393; x_wconf 87' lang='lat' dir='ltr'>riam</span> <span class='ocrx_word' id='word_1_81' title='bbox 304 1344 481 1393; x_wconf 88' lang='lat' dir='ltr'>orant.</span> <span class='ocrx_word' id='word_1_82' title='bbox 514 1336 819 1390; x_wconf 85' lang='lat' dir='ltr'>Venientes</span> <span class='ocrx_word' id='word_1_83' title='bbox 848 1335 1017 1388; x_wconf 90' lang='lat' dir='ltr'>etiam</span> <span class='ocrx_word' id='word_1_84' title='bbox 1048 1335 1148 1397; x_wconf 88' lang='lat' dir='ltr'>ita,</span> <span class='ocrx_word' id='word_1_85' title='bbox 1179 1340 1244 1387; x_wconf 92' lang='lat' dir='ltr'>ut</span> <span class='ocrx_word' id='word_1_86' title='bbox 1271 1349 1374 1386; x_wconf 87' lang='lat' dir='ltr'>nec</span> <span class='ocrx_word' id='word_1_87' title='bbox 1414 1348 1583 1386; x_wconf 69' lang='lat' dir='ltr'>coenae</span> <span class='ocrx_word' id='word_1_88' title='bbox 1618 1350 1731 1386; x_wconf 86' lang='lat' dir='ltr'>ser-</span> 
     </span>
    </p>
   </div>
   <div class='ocr_carea' id='block_1_14' title="bbox 156 1422 1733 1495">
    <p class='ocr_par' dir='ltr' id='par_1_14' title="bbox 156 1422 1733 1495">
     <span class='ocr_line' id='line_1_14' title="bbox 156 1422 1733 1495; baseline -0.005 -14"><span class='ocrx_word' id='word_1_89' title='bbox 156 1429 374 1483; x_wconf 85' lang='lat' dir='ltr'>vitorum</span> <span class='ocrx_word' id='word_1_90' title='bbox 401 1427 694 1489; x_wconf 86' lang='lat' dir='ltr'>interesse,</span> <span class='ocrx_word' id='word_1_91' title='bbox 730 1440 832 1477; x_wconf 88' lang='lat' dir='ltr'>nee</span> <span class='ocrx_word' id='word_1_92' title='bbox 854 1430 1046 1495; x_wconf 91' lang='lat' dir='ltr'>postea</span> <span class='ocrx_word' id='word_1_93' title='bbox 1071 1429 1201 1476; x_wconf 83' lang='lat' dir='ltr'>ante</span> <span class='ocrx_word' id='word_1_94' title='bbox 1225 1422 1577 1476; x_wconf 82' lang='lat' dir='ltr'>collationem</span> <span class='ocrx_word' id='word_1_95' title='bbox 1608 1437 1733 1491; x_wconf 91' lang='lat' dir='ltr'>pos-</span> 
     </span>
    </p>
   </div>
   <div class='ocr_carea' id='block_1_15' title="bbox 152 1508 1731 1574">
    <p class='ocr_par' dir='ltr' id='par_1_15' title="bbox 152 1508 1731 1574">
     <span class='ocr_line' id='line_1_15' title="bbox 152 1508 1731 1574; baseline -0.006 -3"><span class='ocrx_word' id='word_1_96' title='bbox 152 1519 248 1571; x_wconf 82' lang='lat' dir='ltr'>sint</span> <span class='ocrx_word' id='word_1_97' title='bbox 271 1515 595 1574; x_wconf 79' lang='lat' dir='ltr'>reticere,ad</span> <span class='ocrx_word' id='word_1_98' title='bbox 617 1513 973 1568; x_wconf 83' lang='lat' dir='ltr'>collationem</span> <span class='ocrx_word' id='word_1_99' title='bbox 1004 1511 1211 1566; x_wconf 85' lang='lat' dir='ltr'>debent</span> <span class='ocrx_word' id='word_1_100' title='bbox 1241 1511 1535 1573; x_wconf 87' lang='lat' dir='ltr'>interesse,</span> <span class='ocrx_word' id='word_1_101' title='bbox 1564 1516 1622 1563; x_wconf 93' lang='lat' dir='ltr'>et</span> <span class='ocrx_word' id='word_1_102' title='bbox 1651 1508 1731 1563; x_wconf 92' lang='lat' dir='ltr'>sic</span> 
     </span>
    </p>
   </div>
   <div class='ocr_carea' id='block_1_16' title="bbox 153 1599 1730 1677">
    <p class='ocr_par' dir='ltr' id='par_1_16' title="bbox 153 1599 1730 1677">
     <span class='ocr_line' id='line_1_16' title="bbox 153 1599 1730 1677; baseline -0.006 -17"><span class='ocrx_word' id='word_1_103' title='bbox 153 1612 262 1677; x_wconf 87' lang='lat' dir='ltr'>post</span> <span class='ocrx_word' id='word_1_104' title='bbox 284 1604 707 1677; x_wconf 90' lang='lat' dir='ltr'>completorium</span> <span class='ocrx_word' id='word_1_105' title='bbox 734 1606 961 1671; x_wconf 86' lang='lat' dir='ltr'>accepta</span> <span class='ocrx_word' id='word_1_106' title='bbox 984 1599 1366 1654; x_wconf 87' lang='lat' dir='ltr'>benedictione</span> <span class='ocrx_word' id='word_1_107' title='bbox 1384 1603 1617 1669; x_wconf 88' lang='lat' dir='ltr'>possunt</span> <span class='ocrx_word' id='word_1_108' title='bbox 1645 1612 1730 1652; x_wconf 90' lang='lat' dir='ltr'>re-</span> 
     </span>
    </p>
   </div>
   <div class='ocr_carea' id='block_1_17' title="bbox 155 1688 1728 1760">
    <p class='ocr_par' dir='ltr' id='par_1_17' title="bbox 155 1688 1728 1760">
     <span class='ocr_line' id='line_1_17' title="bbox 155 1688 1728 1760; baseline -0.005 -12"><span class='ocrx_word' id='word_1_109' title='bbox 155 1694 381 1748; x_wconf 85' lang='lat' dir='ltr'>ﬁcere.Si</span> <span class='ocrx_word' id='word_1_110' title='bbox 391 1709 523 1747; x_wconf 90' lang='lat' dir='ltr'>vero</span> <span class='ocrx_word' id='word_1_111' title='bbox 538 1692 685 1746; x_wconf 88' lang='lat' dir='ltr'>infra</span> <span class='ocrx_word' id='word_1_112' title='bbox 707 1689 1130 1760; x_wconf 90' lang='lat' dir='ltr'>completorium</span> <span class='ocrx_word' id='word_1_113' title='bbox 1143 1688 1331 1741; x_wconf 89' lang='lat' dir='ltr'>venire</span> <span class='ocrx_word' id='word_1_114' title='bbox 1347 1704 1454 1741; x_wconf 91' lang='lat' dir='ltr'>non</span> <span class='ocrx_word' id='word_1_115' title='bbox 1476 1691 1728 1757; x_wconf 89' lang='lat' dir='ltr'>possunt,</span> 
     </span>
    </p>
   </div>
   <div class='ocr_carea' id='block_1_18' title="bbox 155 1775 1731 1853">
    <p class='ocr_par' dir='ltr' id='par_1_18' title="bbox 155 1775 1731 1853">
     <span class='ocr_line' id='line_1_18' title="bbox 155 1775 1731 1853; baseline -0.005 -16"><span class='ocrx_word' id='word_1_116' title='bbox 155 1782 485 1853; x_wconf 83' lang='lat' dir='ltr'>postmodum</span> <span class='ocrx_word' id='word_1_117' title='bbox 533 1781 732 1835; x_wconf 83' lang='lat' dir='ltr'>cellam</span> <span class='ocrx_word' id='word_1_118' title='bbox 766 1779 979 1833; x_wconf 87' lang='lat' dir='ltr'>intrare</span> <span class='ocrx_word' id='word_1_119' title='bbox 1005 1793 1118 1830; x_wconf 91' lang='lat' dir='ltr'>non</span> <span class='ocrx_word' id='word_1_120' title='bbox 1146 1780 1512 1847; x_wconf 69' lang='lat' dir='ltr'>praesumunt,</span> <span class='ocrx_word' id='word_1_121' title='bbox 1544 1775 1642 1829; x_wconf 89' lang='lat' dir='ltr'>sed</span> <span class='ocrx_word' id='word_1_122' title='bbox 1670 1775 1731 1829; x_wconf 89' lang='lat' dir='ltr'>in</span> 
     </span>
    </p>
   </div>
   <div class='ocr_carea' id='block_1_19' title="bbox 1795 625 3396 699">
    <p class='ocr_par' dir='ltr' id='par_1_19' title="bbox 1795 625 3396 699">
     <span class='ocr_line' id='line_1_19' title="bbox 1795 625 3396 699; baseline 0.003 -21"><span class='ocrx_word' id='word_1_123' title='bbox 1795 628 1987 679; x_wconf 90' lang='lat' dir='ltr'>venire</span> <span class='ocrx_word' id='word_1_124' title='bbox 2029 641 2142 679; x_wconf 90' lang='lat' dir='ltr'>non</span> <span class='ocrx_word' id='word_1_125' title='bbox 2169 625 2423 696; x_wconf 85' lang='lat' dir='ltr'>negligit.</span> <span class='ocrx_word' id='word_1_126' title='bbox 2454 632 2511 680; x_wconf 90' lang='lat' dir='ltr'>et</span> <span class='ocrx_word' id='word_1_127' title='bbox 2536 625 2772 695; x_wconf 85' lang='lat' dir='ltr'>singulis</span> <span class='ocrx_word' id='word_1_128' title='bbox 2814 642 2914 697; x_wconf 92' lang='lat' dir='ltr'>pro</span> <span class='ocrx_word' id='word_1_129' title='bbox 2939 628 3210 699; x_wconf 89' lang='lat' dir='ltr'>temporis</span> <span class='ocrx_word' id='word_1_130' title='bbox 3239 644 3396 684; x_wconf 90' lang='lat' dir='ltr'>com-</span> 
     </span>
    </p>
   </div>
   <div class='ocr_carea' id='block_1_20' title="bbox 1796 710 3394 785">
    <p class='ocr_par' dir='ltr' id='par_1_20' title="bbox 1796 710 3394 785">
     <span class='ocr_line' id='line_1_20' title="bbox 1796 710 3394 785; baseline 0.003 -19"><span class='ocrx_word' id='word_1_131' title='bbox 1796 713 2045 783; x_wconf 82' lang='lat' dir='ltr'>petentia</span> <span class='ocrx_word' id='word_1_132' title='bbox 2076 713 2427 781; x_wconf 88' lang='lat' dir='ltr'>charitative,</span> <span class='ocrx_word' id='word_1_133' title='bbox 2454 710 2699 767; x_wconf 85' lang='lat' dir='ltr'>breviter</span> <span class='ocrx_word' id='word_1_134' title='bbox 2726 720 2937 779; x_wconf 88' lang='lat' dir='ltr'>tamen,</span> <span class='ocrx_word' id='word_1_135' title='bbox 2969 715 3236 785; x_wconf 88' lang='lat' dir='ltr'>loquitur.</span> <span class='ocrx_word' id='word_1_136' title='bbox 3251 717 3394 771; x_wconf 91' lang='lat' dir='ltr'>Cum</span> 
     </span>
    </p>
   </div>
   <div class='ocr_carea' id='block_1_21' title="bbox 1798 800 3396 875">
    <p class='ocr_par' dir='ltr' id='par_1_21' title="bbox 1798 800 3396 875">
     <span class='ocr_line' id='line_1_21' title="bbox 1798 800 3396 875; baseline 0.003 -21"><span class='ocrx_word' id='word_1_137' title='bbox 1798 800 2073 855; x_wconf 89' lang='lat' dir='ltr'>ministris</span> <span class='ocrx_word' id='word_1_138' title='bbox 2115 801 2370 855; x_wconf 82' lang='lat' dir='ltr'>reﬁciens</span> <span class='ocrx_word' id='word_1_139' title='bbox 2416 802 2486 855; x_wconf 92' lang='lat' dir='ltr'>ad</span> <span class='ocrx_word' id='word_1_140' title='bbox 2537 803 2749 855; x_wconf 79' lang='lat' dir='ltr'>scillam</span> <span class='ocrx_word' id='word_1_141' title='bbox 2781 804 2955 857; x_wconf 84' lang='lat' dir='ltr'>sedet.</span> <span class='ocrx_word' id='word_1_142' title='bbox 2995 804 3098 858; x_wconf 88' lang='lat' dir='ltr'>Hic</span> <span class='ocrx_word' id='word_1_143' title='bbox 3125 809 3229 871; x_wconf 91' lang='lat' dir='ltr'>est,</span> <span class='ocrx_word' id='word_1_144' title='bbox 3255 820 3396 875; x_wconf 91' lang='lat' dir='ltr'>quo-</span> 
     </span>
    </p>
   </div>
   <div class='ocr_carea' id='block_1_22' title="bbox 1798 889 3396 964">
    <p class='ocr_par' dir='ltr' id='par_1_22' title="bbox 1798 889 3396 964">
     <span class='ocr_line' id='line_1_22' title="bbox 1798 889 3396 964; baseline 0.003 -21"><span class='ocrx_word' id='word_1_145' title='bbox 1798 906 2017 960; x_wconf 90' lang='lat' dir='ltr'>cunque</span> <span class='ocrx_word' id='word_1_146' title='bbox 2056 890 2295 943; x_wconf 90' lang='lat' dir='ltr'>domnus</span> <span class='ocrx_word' id='word_1_147' title='bbox 2324 889 2495 943; x_wconf 89' lang='lat' dir='ltr'>abbas</span> <span class='ocrx_word' id='word_1_148' title='bbox 2538 892 2621 944; x_wconf 85' lang='lat' dir='ltr'>vel</span> <span class='ocrx_word' id='word_1_149' title='bbox 2661 895 2815 961; x_wconf 90' lang='lat' dir='ltr'>prior</span> <span class='ocrx_word' id='word_1_150' title='bbox 2858 893 3267 962; x_wconf 82' lang='lat' dir='ltr'>proﬁciscatur,</span> <span class='ocrx_word' id='word_1_151' title='bbox 3300 895 3396 964; x_wconf 87' lang='lat' dir='ltr'>qui</span> 
     </span>
    </p>
   </div>
   <div class='ocr_carea' id='block_1_23' title="bbox 1800 978 3402 1054">
    <p class='ocr_par' dir='ltr' id='par_1_23' title="bbox 1800 978 3402 1054">
     <span class='ocr_line' id='line_1_23' title="bbox 1800 978 3402 1054; baseline 0.004 -23"><span class='ocrx_word' id='word_1_152' title='bbox 1800 978 1856 1031; x_wconf 91' lang='lat' dir='ltr'>in</span> <span class='ocrx_word' id='word_1_153' title='bbox 1879 979 2122 1032; x_wconf 85' lang='lat' dir='ltr'>claustro</span> <span class='ocrx_word' id='word_1_154' title='bbox 2145 979 2360 1048; x_wconf 83' lang='lat' dir='ltr'>jugiter</span> <span class='ocrx_word' id='word_1_155' title='bbox 2377 984 2647 1045; x_wconf 89' lang='lat' dir='ltr'>moratur,</span> <span class='ocrx_word' id='word_1_156' title='bbox 2680 984 2738 1034; x_wconf 91' lang='lat' dir='ltr'>et</span> <span class='ocrx_word' id='word_1_157' title='bbox 2757 980 2852 1050; x_wconf 89' lang='lat' dir='ltr'>qui</span> <span class='ocrx_word' id='word_1_158' title='bbox 2878 982 3154 1053; x_wconf 72' lang='lat' dir='ltr'>przecipue</span> <span class='ocrx_word' id='word_1_159' title='bbox 3182 984 3402 1054; x_wconf 86' lang='lat' dir='ltr'>pondus</span> 
     </span>
    </p>
   </div>
   <div class='ocr_carea' id='block_1_24' title="bbox 1801 1066 3399 1139">
    <p class='ocr_par' dir='ltr' id='par_1_24' title="bbox 1801 1066 3399 1139">
     <span class='ocr_line' id='line_1_24' title="bbox 1801 1066 3399 1139; baseline 0.005 -21"><span class='ocrx_word' id='word_1_160' title='bbox 1801 1066 1975 1119; x_wconf 88' lang='lat' dir='ltr'>totius</span> <span class='ocrx_word' id='word_1_161' title='bbox 2008 1066 2221 1120; x_wconf 87' lang='lat' dir='ltr'>ordinis</span> <span class='ocrx_word' id='word_1_162' title='bbox 2253 1073 2457 1137; x_wconf 83' lang='lat' dir='ltr'>portat.</span> <span class='ocrx_word' id='word_1_163' title='bbox 2482 1068 2718 1138; x_wconf 81' lang='lat' dir='ltr'>Propter</span> <span class='ocrx_word' id='word_1_164' title='bbox 2744 1071 2892 1139; x_wconf 89' lang='lat' dir='ltr'>quod</span> <span class='ocrx_word' id='word_1_165' title='bbox 2922 1075 3112 1125; x_wconf 86' lang='lat' dir='ltr'>tamen</span> <span class='ocrx_word' id='word_1_166' title='bbox 3141 1071 3399 1127; x_wconf 90' lang='lat' dir='ltr'>altiorem</span> 
     </span>
    </p>
   </div>
   <div class='ocr_carea' id='block_1_25' title="bbox 1802 1152 3151 1211">
    <p class='ocr_par' dir='ltr' id='par_1_25' title="bbox 1802 1152 3151 1211">
     <span class='ocr_line' id='line_1_25' title="bbox 1802 1152 3151 1211; baseline 0.001 -2"><span class='ocrx_word' id='word_1_167' title='bbox 1802 1155 1951 1209; x_wconf 89' lang='lat' dir='ltr'>inter</span> <span class='ocrx_word' id='word_1_168' title='bbox 1978 1156 2179 1209; x_wconf 81' lang='lat' dir='ltr'>fratres</span> <span class='ocrx_word' id='word_1_169' title='bbox 2201 1172 2311 1210; x_wconf 93' lang='lat' dir='ltr'>non</span> <span class='ocrx_word' id='word_1_170' title='bbox 2341 1156 2511 1210; x_wconf 87' lang='lat' dir='ltr'>habet</span> <span class='ocrx_word' id='word_1_171' title='bbox 2534 1157 2807 1211; x_wconf 89' lang='lat' dir='ltr'>ordinem.</span> <span class='ocrx_word' id='word_1_172' title='bbox 3148 1152 3151 1155; x_wconf 71' lang='grc'><em>’</em></span> 
     </span>
    </p>
   </div>
   <div class='ocr_carea' id='block_1_26' title="bbox 1874 1243 3401 1317">
    <p class='ocr_par' dir='ltr' id='par_1_26' title="bbox 1874 1243 3401 1317">
     <span class='ocr_line' id='line_1_26' title="bbox 1874 1243 3401 1317; baseline 0.005 -21"><span class='ocrx_word' id='word_1_173' title='bbox 1874 1243 1951 1296; x_wconf 89' lang='lat' dir='ltr'>Ut</span> <span class='ocrx_word' id='word_1_174' title='bbox 2000 1249 2187 1297; x_wconf 84' lang='lat' dir='ltr'>autem</span> <span class='ocrx_word' id='word_1_175' title='bbox 2236 1260 2302 1297; x_wconf 90' lang='lat' dir='ltr'>eo</span> <span class='ocrx_word' id='word_1_176' title='bbox 2347 1243 2655 1314; x_wconf 84' lang='lat' dir='ltr'>expeditior</span> <span class='ocrx_word' id='word_1_177' title='bbox 2700 1245 2772 1299; x_wconf 88' lang='lat' dir='ltr'>ad</span> <span class='ocrx_word' id='word_1_178' title='bbox 2811 1245 2958 1299; x_wconf 90' lang='lat' dir='ltr'>idem</span> <span class='ocrx_word' id='word_1_179' title='bbox 3016 1247 3261 1302; x_wconf 81' lang='lat' dir='ltr'>ofﬁcium</span> <span class='ocrx_word' id='word_1_180' title='bbox 3306 1248 3401 1317; x_wconf 88' lang='lat' dir='ltr'>sit,</span> 
     </span>
    </p>
   </div>
   <div class='ocr_carea' id='block_1_27' title="bbox 1812 1331 3403 1405">
    <p class='ocr_par' dir='ltr' id='par_1_27' title="bbox 1812 1331 3403 1405">
     <span class='ocr_line' id='line_1_27' title="bbox 1812 1331 3403 1405; baseline 0.007 -23"><span class='ocrx_word' id='word_1_181' title='bbox 1812 1331 2093 1385; x_wconf 88' lang='lat' dir='ltr'>armarius</span> <span class='ocrx_word' id='word_1_182' title='bbox 2122 1346 2411 1402; x_wconf 86' lang='lat' dir='ltr'>nunquam</span> <span class='ocrx_word' id='word_1_183' title='bbox 2442 1332 2523 1386; x_wconf 89' lang='lat' dir='ltr'>illi</span> <span class='ocrx_word' id='word_1_184' title='bbox 2558 1333 2771 1404; x_wconf 88' lang='lat' dir='ltr'>aliquid</span> <span class='ocrx_word' id='word_1_185' title='bbox 2802 1340 3054 1405; x_wconf 88' lang='lat' dir='ltr'>tempore</span> <span class='ocrx_word' id='word_1_186' title='bbox 3085 1337 3403 1393; x_wconf 86' lang='lat' dir='ltr'>refectionis</span> 
     </span>
    </p>
   </div>
   <div class='ocr_carea' id='block_1_28' title="bbox 1814 1419 3406 1497">
    <p class='ocr_par' dir='ltr' id='par_1_28' title="bbox 1814 1419 3406 1497">
     <span class='ocr_line' id='line_1_28' title="bbox 1814 1419 3406 1497; baseline 0.007 -26"><span class='ocrx_word' id='word_1_187' title='bbox 1814 1419 1895 1473; x_wconf 92' lang='lat' dir='ltr'>vel</span> <span class='ocrx_word' id='word_1_188' title='bbox 1935 1419 2249 1473; x_wconf 86' lang='lat' dir='ltr'>collationis</span> <span class='ocrx_word' id='word_1_189' title='bbox 2304 1419 2566 1490; x_wconf 86' lang='lat' dir='ltr'>injungit.</span> <span class='ocrx_word' id='word_1_190' title='bbox 2604 1435 2696 1474; x_wconf 86' lang='lat' dir='ltr'>Un.</span> <span class='ocrx_word' id='word_1_191' title='bbox 2744 1421 2859 1475; x_wconf 86' lang='lat' dir='ltr'>Hoc</span> <span class='ocrx_word' id='word_1_192' title='bbox 2907 1429 2993 1477; x_wconf 90' lang='lat' dir='ltr'>est</span> <span class='ocrx_word' id='word_1_193' title='bbox 3036 1430 3225 1480; x_wconf 88' lang='lat' dir='ltr'>autem</span> <span class='ocrx_word' id='word_1_194' title='bbox 3254 1427 3406 1497; x_wconf 92' lang='lat' dir='ltr'>quod</span> 
     </span>
    </p>
   </div>
   <div class='ocr_carea' id='block_1_29' title="bbox 1811 1507 3408 1588">
    <p class='ocr_par' dir='ltr' id='par_1_29' title="bbox 1811 1507 3408 1588">
     <span class='ocr_line' id='line_1_29' title="bbox 1811 1507 3408 1588; baseline 0.007 -28"><span class='ocrx_word' id='word_1_195' title='bbox 1811 1508 1967 1561; x_wconf 92' lang='lat' dir='ltr'>nullo</span> <span class='ocrx_word' id='word_1_196' title='bbox 1991 1507 2081 1561; x_wconf 91' lang='lat' dir='ltr'>die</span> <span class='ocrx_word' id='word_1_197' title='bbox 2102 1507 2312 1562; x_wconf 88' lang='lat' dir='ltr'>omittit</span> <span class='ocrx_word' id='word_1_198' title='bbox 2334 1527 2344 1561; x_wconf 93' lang='lat'>:</span> <span class='ocrx_word' id='word_1_199' title='bbox 2380 1515 2508 1579; x_wconf 88' lang='lat' dir='ltr'>post</span> <span class='ocrx_word' id='word_1_200' title='bbox 2535 1511 2958 1581; x_wconf 90' lang='lat' dir='ltr'>completorium</span> <span class='ocrx_word' id='word_1_201' title='bbox 2979 1529 3240 1585; x_wconf 89' lang='lat' dir='ltr'>aspersus</span> <span class='ocrx_word' id='word_1_202' title='bbox 3259 1533 3408 1588; x_wconf 84' lang='lat' dir='ltr'>aqua</span> 
     </span>
    </p>
   </div>
   <div class='ocr_carea' id='block_1_30' title="bbox 1813 1594 3405 1677">
    <p class='ocr_par' dir='ltr' id='par_1_30' title="bbox 1813 1594 3405 1677">
     <span class='ocr_line' id='line_1_30' title="bbox 1813 1594 3405 1677; baseline 0.008 -29"><span class='ocrx_word' id='word_1_203' title='bbox 1813 1594 2107 1651; x_wconf 88' lang='lat' dir='ltr'>benedicta</span> <span class='ocrx_word' id='word_1_204' title='bbox 2136 1597 2347 1662; x_wconf 89' lang='lat' dir='ltr'>statim,</span> <span class='ocrx_word' id='word_1_205' title='bbox 2396 1598 2505 1651; x_wconf 77' lang='lat' dir='ltr'>nisi</span> <span class='ocrx_word' id='word_1_206' title='bbox 2536 1597 2653 1669; x_wconf 89' lang='lat' dir='ltr'>ipse</span> <span class='ocrx_word' id='word_1_207' title='bbox 2679 1601 3001 1669; x_wconf 86' lang='lat' dir='ltr'>asperserit,</span> <span class='ocrx_word' id='word_1_208' title='bbox 3035 1608 3186 1658; x_wconf 86' lang='lat' dir='ltr'>stare</span> <span class='ocrx_word' id='word_1_209' title='bbox 3232 1621 3405 1677; x_wconf 88' lang='lat' dir='ltr'>prope</span> 
     </span>
    </p>
   </div>
   <div class='ocr_carea' id='block_1_31' title="bbox 1813 1685 3409 1765">
    <p class='ocr_par' dir='ltr' id='par_1_31' title="bbox 1813 1685 3409 1765">
     <span class='ocr_line' id='line_1_31' title="bbox 1813 1685 3409 1765; baseline 0.007 -27"><span class='ocrx_word' id='word_1_210' title='bbox 1813 1685 2018 1739; x_wconf 90' lang='lat' dir='ltr'>ostium</span> <span class='ocrx_word' id='word_1_211' title='bbox 2050 1685 2295 1739; x_wconf 66' lang='lat' dir='ltr'>ecclesia:</span> <span class='ocrx_word' id='word_1_212' title='bbox 2315 1687 2545 1749; x_wconf 89' lang='lat' dir='ltr'>secedit,</span> <span class='ocrx_word' id='word_1_213' title='bbox 2574 1693 2638 1741; x_wconf 93' lang='lat' dir='ltr'>ut</span> <span class='ocrx_word' id='word_1_214' title='bbox 2662 1688 2914 1758; x_wconf 84' lang='lat' dir='ltr'>singulos</span> <span class='ocrx_word' id='word_1_215' title='bbox 2934 1689 3239 1759; x_wconf 88' lang='lat' dir='ltr'>intueatur,</span> <span class='ocrx_word' id='word_1_216' title='bbox 3273 1711 3409 1765; x_wconf 88' lang='lat' dir='ltr'>quo-</span> 
     </span>
    </p>
   </div>
   <div class='ocr_carea' id='block_1_32' title="bbox 1814 1773 3411 1854">
    <p class='ocr_par' dir='ltr' id='par_1_32' title="bbox 1814 1773 3411 1854">
     <span class='ocr_line' id='line_1_32' title="bbox 1814 1773 3411 1854; baseline 0.008 -28"><span class='ocrx_word' id='word_1_217' title='bbox 1814 1774 1980 1827; x_wconf 89' lang='lat' dir='ltr'>modo</span> <span class='ocrx_word' id='word_1_218' title='bbox 2028 1773 2295 1828; x_wconf 84' lang='lat' dir='ltr'>inclinent</span> <span class='ocrx_word' id='word_1_219' title='bbox 2338 1774 2409 1828; x_wconf 91' lang='lat' dir='ltr'>ad</span> <span class='ocrx_word' id='word_1_220' title='bbox 2452 1775 2650 1829; x_wconf 89' lang='lat' dir='ltr'>altaria</span> <span class='ocrx_word' id='word_1_221' title='bbox 2695 1781 2753 1830; x_wconf 90' lang='lat' dir='ltr'>et</span> <span class='ocrx_word' id='word_1_222' title='bbox 2792 1777 2865 1831; x_wconf 90' lang='lat' dir='ltr'>ad</span> <span class='ocrx_word' id='word_1_223' title='bbox 2908 1780 3275 1849; x_wconf 87' lang='lat' dir='ltr'>sacerdotem,</span> <span class='ocrx_word' id='word_1_224' title='bbox 3309 1800 3411 1854; x_wconf 90' lang='lat' dir='ltr'>per</span> 
     </span>
    </p>
   </div>
   <div class='ocr_carea' id='block_1_33' title="bbox 155 1846 3413 1938">
    <p class='ocr_par' dir='ltr' id='par_1_33' title="bbox 155 1846 3413 1938">
     <span class='ocr_line' id='line_1_33' title="bbox 155 1846 3413 1938; baseline 0.001 -13"><span class='ocrx_word' id='word_1_225' title='bbox 155 1871 374 1925; x_wconf 89' lang='lat' dir='ltr'>crastino</span> <span class='ocrx_word' id='word_1_226' title='bbox 393 1871 472 1923; x_wconf 86' lang='lat' dir='ltr'>ita</span> <span class='ocrx_word' id='word_1_227' title='bbox 498 1870 738 1930; x_wconf 88' lang='lat' dir='ltr'>intrant,</span> <span class='ocrx_word' id='word_1_228' title='bbox 769 1874 834 1921; x_wconf 92' lang='lat' dir='ltr'>ut</span> <span class='ocrx_word' id='word_1_229' title='bbox 860 1872 987 1937; x_wconf 91' lang='lat' dir='ltr'>post</span> <span class='ocrx_word' id='word_1_230' title='bbox 1006 1846 1256 1935; x_wconf 84' lang='lat' dir='ltr'>singulas</span> <span class='ocrx_word' id='word_1_231' title='bbox 1282 1865 1452 1918; x_wconf 89' lang='lat' dir='ltr'>horas</span> <span class='ocrx_word' id='word_1_232' title='bbox 1480 1864 1728 1935; x_wconf 76' lang='lat' dir='ltr'>praescri-</span> <span class='ocrx_word' id='word_1_233' title='bbox 1748 1846 1794 1906; x_wconf 88' lang='grc' dir='ltr'><strong>Β</strong></span> <span class='ocrx_word' id='word_1_234' title='bbox 1812 1879 1978 1932; x_wconf 88' lang='lat' dir='ltr'>quem</span> <span class='ocrx_word' id='word_1_235' title='bbox 2007 1869 2400 1933; x_wconf 86' lang='lat' dir='ltr'>asperguntur.</span> <span class='ocrx_word' id='word_1_236' title='bbox 2449 1864 2755 1935; x_wconf 88' lang='lat' dir='ltr'>Postquam</span> <span class='ocrx_word' id='word_1_237' title='bbox 2784 1882 2978 1921; x_wconf 88' lang='lat' dir='ltr'>omnes</span> <span class='ocrx_word' id='word_1_238' title='bbox 3006 1846 3271 1938; x_wconf 77' lang='lat' dir='ltr'>exierint,</span> <span class='ocrx_word' id='word_1_239' title='bbox 3295 1846 3413 1928; x_wconf 75' lang='lat' dir='ltr'>sive</span> 
     </span>
    </p>
   </div>
   <div class='ocr_carea' id='block_1_34' title="bbox 150 1954 1728 2028">
    <p class='ocr_par' dir='ltr' id='par_1_34' title="bbox 150 1954 1728 2028">
     <span class='ocr_line' id='line_1_34' title="bbox 150 1954 1728 2028; baseline -0.004 -16"><span class='ocrx_word' id='word_1_240' title='bbox 150 1963 283 2028; x_wconf 88' lang='lat' dir='ltr'>ptam</span> <span class='ocrx_word' id='word_1_241' title='bbox 309 1957 758 2012; x_wconf 86' lang='lat' dir='ltr'>benedictionem</span> <span class='ocrx_word' id='word_1_242' title='bbox 789 1954 1087 2025; x_wconf 86' lang='lat' dir='ltr'>accipiant.</span> <span class='ocrx_word' id='word_1_243' title='bbox 1132 1954 1238 2017; x_wconf 88' lang='lat' dir='ltr'>Qui</span> <span class='ocrx_word' id='word_1_244' title='bbox 1268 1970 1369 2023; x_wconf 91' lang='lat' dir='ltr'>per</span> <span class='ocrx_word' id='word_1_245' title='bbox 1399 1968 1570 2006; x_wconf 86' lang='lat' dir='ltr'>unam</span> <span class='ocrx_word' id='word_1_246' title='bbox 1599 1958 1728 2006; x_wconf 86' lang='lat' dir='ltr'>tan-</span> 
     </span>
    </p>
   </div>
   <div class='ocr_carea' id='block_1_35' title="bbox 148 2041 1725 2113">
    <p class='ocr_par' dir='ltr' id='par_1_35' title="bbox 148 2041 1725 2113">
     <span class='ocr_line' id='line_1_35' title="bbox 148 2041 1725 2113; baseline -0.003 -12"><span class='ocrx_word' id='word_1_247' title='bbox 148 2054 252 2101; x_wconf 89' lang='lat' dir='ltr'>tum</span> <span class='ocrx_word' id='word_1_248' title='bbox 279 2052 496 2102; x_wconf 91' lang='lat' dir='ltr'>noctem</span> <span class='ocrx_word' id='word_1_249' title='bbox 519 2044 659 2099; x_wconf 87' lang='lat' dir='ltr'>foris</span> <span class='ocrx_word' id='word_1_250' title='bbox 689 2050 999 2105; x_wconf 87' lang='lat' dir='ltr'>morantur,</span> <span class='ocrx_word' id='word_1_251' title='bbox 1027 2043 1084 2095; x_wconf 92' lang='lat' dir='ltr'>hi</span> <span class='ocrx_word' id='word_1_252' title='bbox 1113 2059 1294 2113; x_wconf 91' lang='lat' dir='ltr'>neque</span> <span class='ocrx_word' id='word_1_253' title='bbox 1323 2058 1448 2096; x_wconf 91' lang='lat' dir='ltr'>cum</span> <span class='ocrx_word' id='word_1_254' title='bbox 1470 2041 1725 2096; x_wconf 89' lang='lat' dir='ltr'>exierint.</span> 
     </span>
    </p>
   </div>
   <div class='ocr_carea' id='block_1_36' title="bbox 152 2129 1731 2206">
    <p class='ocr_par' dir='ltr' id='par_1_36' title="bbox 152 2129 1731 2206">
     <span class='ocr_line' id='line_1_36' title="bbox 152 2129 1731 2206; baseline -0.004 -16"><span class='ocrx_word' id='word_1_255' title='bbox 152 2152 314 2206; x_wconf 89' lang='lat' dir='ltr'>neque</span> <span class='ocrx_word' id='word_1_256' title='bbox 331 2152 456 2190; x_wconf 92' lang='lat' dir='ltr'>cum</span> <span class='ocrx_word' id='word_1_257' title='bbox 488 2133 782 2196; x_wconf 89' lang='lat' dir='ltr'>redierint,</span> <span class='ocrx_word' id='word_1_258' title='bbox 816 2131 1260 2185; x_wconf 85' lang='lat' dir='ltr'>benedictionem</span> <span class='ocrx_word' id='word_1_259' title='bbox 1293 2130 1593 2200; x_wconf 87' lang='lat' dir='ltr'>accipiunt,</span> <span class='ocrx_word' id='word_1_260' title='bbox 1619 2129 1731 2183; x_wconf 91' lang='lat' dir='ltr'>nisi</span> 
     </span>
    </p>
   </div>
   <div class='ocr_carea' id='block_1_37' title="bbox 149 2218 1733 2291">
    <p class='ocr_par' dir='ltr' id='par_1_37' title="bbox 149 2218 1733 2291">
     <span class='ocr_line' id='line_1_37' title="bbox 149 2218 1733 2291; baseline -0.005 -12"><span class='ocrx_word' id='word_1_261' title='bbox 149 2225 274 2279; x_wconf 77' lang='lat' dir='ltr'>forte</span> <span class='ocrx_word' id='word_1_262' title='bbox 304 2224 574 2286; x_wconf 84' lang='lat' dir='ltr'>evenerit,</span> <span class='ocrx_word' id='word_1_263' title='bbox 601 2226 666 2276; x_wconf 89' lang='lat' dir='ltr'>ut</span> <span class='ocrx_word' id='word_1_264' title='bbox 692 2221 994 2291; x_wconf 84' lang='lat' dir='ltr'>aliquis‘de</span> <span class='ocrx_word' id='word_1_265' title='bbox 1024 2220 1109 2273; x_wconf 89' lang='lat' dir='ltr'>via</span> <span class='ocrx_word' id='word_1_266' title='bbox 1157 2220 1385 2274; x_wconf 84' lang='lat' dir='ltr'>veniens</span> <span class='ocrx_word' id='word_1_267' title='bbox 1424 2225 1482 2273; x_wconf 90' lang='lat' dir='ltr'>et</span> <span class='ocrx_word' id='word_1_268' title='bbox 1512 2218 1733 2271; x_wconf 84' lang='lat' dir='ltr'>benedi-</span> 
     </span>
    </p>
   </div>
   <div class='ocr_carea' id='block_1_38' title="bbox 150 2308 1729 2380">
    <p class='ocr_par' dir='ltr' id='par_1_38' title="bbox 150 2308 1729 2380">
     <span class='ocr_line' id='line_1_38' title="bbox 150 2308 1729 2380; baseline -0.004 -13"><span class='ocrx_word' id='word_1_269' title='bbox 150 2312 371 2367; x_wconf 89' lang='lat' dir='ltr'>ctionem</span> <span class='ocrx_word' id='word_1_270' title='bbox 402 2310 766 2366; x_wconf 87' lang='lat' dir='ltr'>redeuntium</span> <span class='ocrx_word' id='word_1_271' title='bbox 799 2314 1149 2380; x_wconf 88' lang='lat' dir='ltr'>accepturus,</span> <span class='ocrx_word' id='word_1_272' title='bbox 1188 2309 1383 2362; x_wconf 90' lang='lat' dir='ltr'>eadem</span> <span class='ocrx_word' id='word_1_273' title='bbox 1414 2308 1505 2361; x_wconf 89' lang='lat' dir='ltr'>die</span> <span class='ocrx_word' id='word_1_274' title='bbox 1532 2323 1729 2361; x_wconf 87' lang='lat' dir='ltr'>rursus</span> 
     </span>
    </p>
   </div>
   <div class='ocr_carea' id='block_1_39' title="bbox 150 2395 1734 2466">
    <p class='ocr_par' dir='ltr' id='par_1_39' title="bbox 150 2395 1734 2466">
     <span class='ocr_line' id='line_1_39' title="bbox 150 2395 1734 2466; baseline -0.004 -11"><span class='ocrx_word' id='word_1_275' title='bbox 150 2406 378 2466; x_wconf 87' lang='lat' dir='ltr'>exeat,et</span> <span class='ocrx_word' id='word_1_276' title='bbox 396 2401 652 2456; x_wconf 89' lang='lat' dir='ltr'>crastina</span> <span class='ocrx_word' id='word_1_277' title='bbox 666 2399 881 2464; x_wconf 89' lang='lat' dir='ltr'>redeat,</span> <span class='ocrx_word' id='word_1_278' title='bbox 910 2398 1039 2451; x_wconf 83' lang='lat' dir='ltr'>huic</span> <span class='ocrx_word' id='word_1_279' title='bbox 1062 2403 1196 2451; x_wconf 90' lang='lat' dir='ltr'>tunc</span> <span class='ocrx_word' id='word_1_280' title='bbox 1218 2414 1330 2451; x_wconf 91' lang='lat' dir='ltr'>non</span> <span class='ocrx_word' id='word_1_281' title='bbox 1352 2395 1734 2451; x_wconf 89' lang='lat' dir='ltr'>substrahitur</span> 
     </span>
    </p>
   </div>
   <div class='ocr_carea' id='block_1_40' title="bbox 154 2485 1723 2560">
    <p class='ocr_par' dir='ltr' id='par_1_40' title="bbox 154 2485 1723 2560">
     <span class='ocr_line' id='line_1_40' title="bbox 154 2485 1723 2560; baseline -0.003 -18"><span class='ocrx_word' id='word_1_282' title='bbox 154 2489 470 2554; x_wconf 83' lang='lat' dir='ltr'>benedictio,</span> <span class='ocrx_word' id='word_1_283' title='bbox 492 2504 666 2560; x_wconf 88' lang='lat' dir='ltr'>quam</span> <span class='ocrx_word' id='word_1_284' title='bbox 690 2487 978 2543; x_wconf 86' lang='lat' dir='ltr'>habuisset</span> <span class='ocrx_word' id='word_1_285' title='bbox 1001 2486 1058 2539; x_wconf 92' lang='lat' dir='ltr'>in</span> <span class='ocrx_word' id='word_1_286' title='bbox 1091 2485 1265 2557; x_wconf 84' lang='lat' dir='ltr'>priori</span> <span class='ocrx_word' id='word_1_287' title='bbox 1292 2486 1401 2548; x_wconf 87' lang='lat' dir='ltr'>die,</span> <span class='ocrx_word' id='word_1_288' title='bbox 1435 2486 1479 2539; x_wconf 92' lang='lat' dir='ltr'>si</span> <span class='ocrx_word' id='word_1_289' title='bbox 1508 2501 1723 2539; x_wconf 39' lang='lat' dir='ltr'>reman‘</span> 
     </span>
    </p>
   </div>
   <div class='ocr_carea' id='block_1_41' title="bbox 152 2574 1736 2647">
    <p class='ocr_par' dir='ltr' id='par_1_41' title="bbox 152 2574 1736 2647">
     <span class='ocr_line' id='line_1_41' title="bbox 152 2574 1736 2647; baseline -0.003 -16"><span class='ocrx_word' id='word_1_290' title='bbox 152 2579 315 2633; x_wconf 85' lang='lat' dir='ltr'>sisset.</span> <span class='ocrx_word' id='word_1_291' title='bbox 342 2579 555 2633; x_wconf 82' lang='lat' dir='ltr'>Verum</span> <span class='ocrx_word' id='word_1_292' title='bbox 583 2577 629 2631; x_wconf 90' lang='lat' dir='ltr'>si</span> <span class='ocrx_word' id='word_1_293' title='bbox 660 2576 784 2647; x_wconf 89' lang='lat' dir='ltr'>quis</span> <span class='ocrx_word' id='word_1_294' title='bbox 813 2576 901 2629; x_wconf 86' lang='lat' dir='ltr'>ad.</span> <span class='ocrx_word' id='word_1_295' title='bbox 924 2575 1177 2629; x_wconf 91' lang='lat' dir='ltr'>eamdem</span> <span class='ocrx_word' id='word_1_296' title='bbox 1209 2575 1408 2627; x_wconf 89' lang='lat' dir='ltr'>horam</span> <span class='ocrx_word' id='word_1_297' title='bbox 1447 2574 1736 2627; x_wconf 86' lang='lat' dir='ltr'>redeuntis</span> 
     </span>
    </p>
   </div>
   <div class='ocr_carea' id='block_1_42' title="bbox 153 2663 1736 2732">
    <p class='ocr_par' dir='ltr' id='par_1_42' title="bbox 153 2663 1736 2732">
     <span class='ocr_line' id='line_1_42' title="bbox 153 2663 1736 2732; baseline -0.003 -12"><span class='ocrx_word' id='word_1_298' title='bbox 153 2668 303 2722; x_wconf 85' lang='lat' dir='ltr'>simul</span> <span class='ocrx_word' id='word_1_299' title='bbox 329 2674 386 2722; x_wconf 91' lang='lat' dir='ltr'>et</span> <span class='ocrx_word' id='word_1_300' title='bbox 415 2666 673 2721; x_wconf 87' lang='lat' dir='ltr'>exeuntis</span> <span class='ocrx_word' id='word_1_301' title='bbox 710 2664 1157 2719; x_wconf 86' lang='lat' dir='ltr'>benedictionem</span> <span class='ocrx_word' id='word_1_302' title='bbox 1187 2667 1273 2717; x_wconf 92' lang='lat' dir='ltr'>est</span> <span class='ocrx_word' id='word_1_303' title='bbox 1314 2670 1666 2732; x_wconf 88' lang='lat' dir='ltr'>accepturus,</span> <span class='ocrx_word' id='word_1_304' title='bbox 1688 2663 1736 2715; x_wconf 89' lang='lat' dir='ltr'>is</span> 
     </span>
    </p>
   </div>
   <div class='ocr_carea' id='block_1_43' title="bbox 152 2751 1733 2823">
    <p class='ocr_par' dir='ltr' id='par_1_43' title="bbox 152 2751 1733 2823">
     <span class='ocr_line' id='line_1_43' title="bbox 152 2751 1733 2823; baseline -0.004 -14"><span class='ocrx_word' id='word_1_305' title='bbox 152 2771 265 2809; x_wconf 89' lang='lat' dir='ltr'>cum</span> <span class='ocrx_word' id='word_1_306' title='bbox 305 2756 606 2810; x_wconf 83' lang='lat' dir='ltr'>accesserit</span> <span class='ocrx_word' id='word_1_307' title='bbox 654 2754 723 2807; x_wconf 92' lang='lat' dir='ltr'>ad</span> <span class='ocrx_word' id='word_1_308' title='bbox 760 2754 971 2823; x_wconf 89' lang='lat' dir='ltr'>gradus</span> <span class='ocrx_word' id='word_1_309' title='bbox 1017 2751 1086 2805; x_wconf 91' lang='lat' dir='ltr'>ab</span> <span class='ocrx_word' id='word_1_310' title='bbox 1119 2751 1331 2805; x_wconf 89' lang='lat' dir='ltr'>ordinis</span> <span class='ocrx_word' id='word_1_311' title='bbox 1368 2756 1582 2804; x_wconf 82' lang='lat' dir='ltr'>rectore</span> <span class='ocrx_word' id='word_1_312' title='bbox 1608 2766 1733 2804; x_wconf 90' lang='lat' dir='ltr'>cum</span> 
     </span>
    </p>
   </div>
   <div class='ocr_carea' id='block_1_44' title="bbox 150 2839 1736 2914">
    <p class='ocr_par' dir='ltr' id='par_1_44' title="bbox 150 2839 1736 2914">
     <span class='ocr_line' id='line_1_44' title="bbox 150 2839 1736 2914; baseline -0.004 -18"><span class='ocrx_word' id='word_1_313' title='bbox 150 2844 292 2914; x_wconf 88' lang='lat' dir='ltr'>signo</span> <span class='ocrx_word' id='word_1_314' title='bbox 314 2844 496 2899; x_wconf 88' lang='lat' dir='ltr'>crucis</span> <span class='ocrx_word' id='word_1_315' title='bbox 526 2842 810 2897; x_wconf 89' lang='lat' dir='ltr'>licentiam</span> <span class='ocrx_word' id='word_1_316' title='bbox 842 2842 1042 2911; x_wconf 64' lang='lat' dir='ltr'>quaerit</span> <span class='ocrx_word' id='word_1_317' title='bbox 1070 2839 1331 2903; x_wconf 88' lang='lat' dir='ltr'>abeundi,</span> <span class='ocrx_word' id='word_1_318' title='bbox 1367 2844 1424 2892; x_wconf 88' lang='lat' dir='ltr'>et</span> <span class='ocrx_word' id='word_1_319' title='bbox 1441 2839 1585 2891; x_wconf 83' lang='lat' dir='ltr'>facto</span> <span class='ocrx_word' id='word_1_320' title='bbox 1605 2844 1736 2891; x_wconf 83' lang='lat' dir='ltr'>ante</span> 
     </span>
    </p>
   </div>
   <div class='ocr_carea' id='block_1_45' title="bbox 153 2929 1731 2997">
    <p class='ocr_par' dir='ltr' id='par_1_45' title="bbox 153 2929 1731 2997">
     <span class='ocr_line' id='line_1_45' title="bbox 153 2929 1731 2997; baseline -0.003 -12"><span class='ocrx_word' id='word_1_321' title='bbox 153 2938 204 2986; x_wconf 89' lang='lat' dir='ltr'>et</span> <span class='ocrx_word' id='word_1_322' title='bbox 242 2940 403 2997; x_wconf 87' lang='lat' dir='ltr'>retro,</span> <span class='ocrx_word' id='word_1_323' title='bbox 438 2948 572 2987; x_wconf 87' lang='lat' dir='ltr'>cum</span> <span class='ocrx_word' id='word_1_324' title='bbox 607 2931 800 2985; x_wconf 86' lang='lat' dir='ltr'>eadem</span> <span class='ocrx_word' id='word_1_325' title='bbox 848 2929 1212 2984; x_wconf 79' lang='lat' dir='ltr'>inclinatione</span> <span class='ocrx_word' id='word_1_326' title='bbox 1251 2929 1365 2981; x_wconf 87' lang='lat' dir='ltr'>sive</span> <span class='ocrx_word' id='word_1_327' title='bbox 1400 2932 1731 2997; x_wconf 85' lang='lat' dir='ltr'>prostratus,</span> 
     </span>
    </p>
   </div>
   <div class='ocr_carea' id='block_1_46' title="bbox 154 3014 1742 3091">
    <p class='ocr_par' dir='ltr' id='par_1_46' title="bbox 154 3014 1742 3091">
     <span class='ocr_line' id='line_1_46' title="bbox 154 3014 1742 3091; baseline -0.004 -18"><span class='ocrx_word' id='word_1_328' title='bbox 154 3020 258 3074; x_wconf 84' lang='lat' dir='ltr'>sive</span> <span class='ocrx_word' id='word_1_329' title='bbox 284 3028 462 3084; x_wconf 89' lang='lat' dir='ltr'>stans,</span> <span class='ocrx_word' id='word_1_330' title='bbox 494 3020 744 3091; x_wconf 89' lang='lat' dir='ltr'>primum</span> <span class='ocrx_word' id='word_1_331' title='bbox 770 3015 1285 3079; x_wconf 84' lang='lat' dir='ltr'>redeuntis,deinde</span> <span class='ocrx_word' id='word_1_332' title='bbox 1307 3015 1563 3069; x_wconf 81' lang='lat' dir='ltr'>exeuntis</span> <span class='ocrx_word' id='word_1_333' title='bbox 1578 3014 1742 3068; x_wconf 86' lang='lat' dir='ltr'>bene-</span> 
     </span>
    </p>
   </div>
   <div class='ocr_carea' id='block_1_47' title="bbox 149 3104 1730 3179">
    <p class='ocr_par' dir='ltr' id='par_1_47' title="bbox 149 3104 1730 3179">
     <span class='ocr_line' id='line_1_47' title="bbox 149 3104 1730 3179; baseline -0.003 -17"><span class='ocrx_word' id='word_1_334' title='bbox 149 3110 434 3165; x_wconf 89' lang='lat' dir='ltr'>dictionem</span> <span class='ocrx_word' id='word_1_335' title='bbox 487 3108 740 3179; x_wconf 88' lang='lat' dir='ltr'>accipere</span> <span class='ocrx_word' id='word_1_336' title='bbox 770 3113 972 3179; x_wconf 88' lang='lat' dir='ltr'>potest.</span> <span class='ocrx_word' id='word_1_337' title='bbox 1006 3108 1185 3170; x_wconf 86' lang='lat' dir='ltr'>Quem</span> <span class='ocrx_word' id='word_1_338' title='bbox 1214 3105 1262 3158; x_wconf 90' lang='lat' dir='ltr'>si</span> <span class='ocrx_word' id='word_1_339' title='bbox 1291 3105 1523 3158; x_wconf 89' lang='lat' dir='ltr'>rediisse</span> <span class='ocrx_word' id='word_1_340' title='bbox 1551 3105 1621 3158; x_wconf 91' lang='lat' dir='ltr'>de</span> <span class='ocrx_word' id='word_1_341' title='bbox 1641 3104 1730 3158; x_wconf 89' lang='lat' dir='ltr'>via</span> 
     </span>
    </p>
   </div>
   <div class='ocr_carea' id='block_1_48' title="bbox 153 3193 1741 3267">
    <p class='ocr_par' dir='ltr' id='par_1_48' title="bbox 153 3193 1741 3267">
     <span class='ocr_line' id='line_1_48' title="bbox 153 3193 1741 3267; baseline -0.004 -15"><span class='ocrx_word' id='word_1_342' title='bbox 153 3199 398 3254; x_wconf 86' lang='lat' dir='ltr'>sacerdos</span> <span class='ocrx_word' id='word_1_343' title='bbox 418 3197 702 3261; x_wconf 86' lang='lat' dir='ltr'>nescierit,</span> <span class='ocrx_word' id='word_1_344' title='bbox 734 3196 939 3267; x_wconf 87' lang='lat' dir='ltr'>aliquis</span> <span class='ocrx_word' id='word_1_345' title='bbox 955 3195 1258 3250; x_wconf 88' lang='lat' dir='ltr'>astantium</span> <span class='ocrx_word' id='word_1_346' title='bbox 1291 3193 1555 3258; x_wconf 90' lang='lat' dir='ltr'>sciens,ei</span> <span class='ocrx_word' id='word_1_347' title='bbox 1583 3194 1741 3246; x_wconf 89' lang='lat' dir='ltr'>inno-</span> 
     </span>
    </p>
   </div>
   <div class='ocr_carea' id='block_1_49' title="bbox 147 3282 1738 3342">
    <p class='ocr_par' dir='ltr' id='par_1_49' title="bbox 147 3282 1738 3342">
     <span class='ocr_line' id='line_1_49' title="bbox 147 3282 1738 3342; baseline -0.004 -1"><span class='ocrx_word' id='word_1_348' title='bbox 147 3288 313 3342; x_wconf 90' lang='lat' dir='ltr'>tescit.</span> <span class='ocrx_word' id='word_1_349' title='bbox 348 3288 575 3342; x_wconf 85' lang='lat' dir='ltr'>Debent</span> <span class='ocrx_word' id='word_1_350' title='bbox 603 3291 793 3341; x_wconf 90' lang='lat' dir='ltr'>autem</span> <span class='ocrx_word' id='word_1_351' title='bbox 823 3286 892 3339; x_wconf 90' lang='lat' dir='ltr'>de</span> <span class='ocrx_word' id='word_1_352' title='bbox 923 3285 1125 3338; x_wconf 85' lang='lat' dir='ltr'>itinere</span> <span class='ocrx_word' id='word_1_353' title='bbox 1154 3283 1452 3337; x_wconf 90' lang='lat' dir='ltr'>redeuntes</span> <span class='ocrx_word' id='word_1_354' title='bbox 1482 3282 1540 3336; x_wconf 92' lang='lat' dir='ltr'>in</span> <span class='ocrx_word' id='word_1_355' title='bbox 1571 3283 1738 3336; x_wconf 93' lang='lat' dir='ltr'>choro</span> 
     </span>
    </p>
   </div>
   <div class='ocr_carea' id='block_1_50' title="bbox 148 3372 1737 3442">
    <p class='ocr_par' dir='ltr' id='par_1_50' title="bbox 148 3372 1737 3442">
     <span class='ocr_line' id='line_1_50' title="bbox 148 3372 1737 3442; baseline -0.004 -12"><span class='ocrx_word' id='word_1_356' title='bbox 148 3376 410 3432; x_wconf 88' lang='lat' dir='ltr'>interesse</span> <span class='ocrx_word' id='word_1_357' title='bbox 441 3374 774 3441; x_wconf 83' lang='lat' dir='ltr'>matutinis;</span> <span class='ocrx_word' id='word_1_358' title='bbox 824 3374 932 3428; x_wconf 89' lang='lat' dir='ltr'>nisi</span> <span class='ocrx_word' id='word_1_359' title='bbox 970 3374 1046 3427; x_wconf 93' lang='lat' dir='ltr'>sit</span> <span class='ocrx_word' id='word_1_360' title='bbox 1085 3372 1289 3442; x_wconf 88' lang='lat' dir='ltr'>aliquis</span> <span class='ocrx_word' id='word_1_361' title='bbox 1331 3372 1400 3425; x_wconf 91' lang='lat' dir='ltr'>de</span> <span class='ocrx_word' id='word_1_362' title='bbox 1432 3372 1737 3442; x_wconf 90' lang='lat' dir='ltr'>longinquo</span> 
     </span>
    </p>
   </div>
   <div class='ocr_carea' id='block_1_51' title="bbox 146 3459 1741 3532">
    <p class='ocr_par' dir='ltr' id='par_1_51' title="bbox 146 3459 1741 3532">
     <span class='ocr_line' id='line_1_51' title="bbox 146 3459 1741 3532; baseline -0.003 -15"><span class='ocrx_word' id='word_1_363' title='bbox 146 3466 378 3523; x_wconf 86' lang='lat' dir='ltr'>veniens.</span> <span class='ocrx_word' id='word_1_364' title='bbox 411 3470 477 3520; x_wconf 88' lang='lat' dir='ltr'>et</span> <span class='ocrx_word' id='word_1_365' title='bbox 502 3464 603 3518; x_wconf 85' lang='lat' dir='ltr'>tali</span> <span class='ocrx_word' id='word_1_366' title='bbox 624 3463 954 3517; x_wconf 76' lang='lat' dir='ltr'>infirmitate</span> <span class='ocrx_word' id='word_1_367' title='bbox 979 3468 1243 3532; x_wconf 86' lang='lat' dir='ltr'>gravatus</span> <span class='ocrx_word' id='word_1_368' title='bbox 1268 3480 1281 3526; x_wconf 88' lang='lat'>;</span> <span class='ocrx_word' id='word_1_369' title='bbox 1306 3459 1390 3513; x_wconf 89' lang='lat' dir='ltr'>illi</span> <span class='ocrx_word' id='word_1_370' title='bbox 1419 3460 1741 3514; x_wconf 87' lang='lat' dir='ltr'>conceditur</span> 
     </span>
    </p>
   </div>
   <div class='ocr_carea' id='block_1_52' title="bbox 147 3548 1739 3621">
    <p class='ocr_par' dir='ltr' id='par_1_52' title="bbox 147 3548 1739 3621">
     <span class='ocr_line' id='line_1_52' title="bbox 147 3548 1739 3621; baseline -0.004 -12"><span class='ocrx_word' id='word_1_371' title='bbox 147 3561 291 3610; x_wconf 84' lang='lat' dir='ltr'>extra</span> <span class='ocrx_word' id='word_1_372' title='bbox 321 3556 585 3621; x_wconf 83' lang='lat' dir='ltr'>chorum,</span> <span class='ocrx_word' id='word_1_373' title='bbox 624 3552 708 3606; x_wconf 88' lang='lat' dir='ltr'>vel</span> <span class='ocrx_word' id='word_1_374' title='bbox 739 3553 810 3607; x_wconf 93' lang='lat' dir='ltr'>ad</span> <span class='ocrx_word' id='word_1_375' title='bbox 847 3554 904 3607; x_wconf 92' lang='lat' dir='ltr'>S.</span> <span class='ocrx_word' id='word_1_376' title='bbox 938 3551 1172 3606; x_wconf 86' lang='lat' dir='ltr'>Mariam</span> <span class='ocrx_word' id='word_1_377' title='bbox 1205 3549 1498 3604; x_wconf 87' lang='lat' dir='ltr'>matutinis</span> <span class='ocrx_word' id='word_1_378' title='bbox 1529 3548 1739 3603; x_wconf 88' lang='lat' dir='ltr'>eisdem</span> 
     </span>
    </p>
   </div>
   <div class='ocr_carea' id='block_1_53' title="bbox 146 3642 424 3699">
    <p class='ocr_par' dir='ltr' id='par_1_53' title="bbox 146 3642 424 3699">
     <span class='ocr_line' id='line_1_53' title="bbox 146 3642 424 3699; baseline 0.011 -3"><span class='ocrx_word' id='word_1_379' title='bbox 146 3642 424 3699; x_wconf 87' lang='lat' dir='ltr'>interesse.</span> 
     </span>
    </p>
   </div>
   <div class='ocr_carea' id='block_1_54' title="bbox 745 3711 1134 3767">
    <p class='ocr_par' dir='ltr' id='par_1_54' title="bbox 745 3711 1134 3767">
     <span class='ocr_line' id='line_1_54' title="bbox 745 3711 1134 3767; baseline -0.01 0"><span class='ocrx_word' id='word_1_380' title='bbox 745 3711 979 3767; x_wconf 86' lang='lat' dir='ltr'>CAPUT</span> <span class='ocrx_word' id='word_1_381' title='bbox 1014 3712 1134 3765; x_wconf 81' lang='lat' dir='ltr'>XX.</span> 
     </span>
    </p>
   </div>
   <div class='ocr_carea' id='block_1_55' title="bbox 356 3801 1504 3870">
    <p class='ocr_par' dir='ltr' id='par_1_55' title="bbox 356 3801 1504 3870">
     <span class='ocr_line' id='line_1_55' title="bbox 356 3801 1504 3870; baseline -0.009 -9"><span class='ocrx_word' id='word_1_382' title='bbox 356 3807 431 3861; x_wconf 84' lang='lat' dir='ltr'>De</span> <span class='ocrx_word' id='word_1_383' title='bbox 455 3804 750 3858; x_wconf 78' lang='lat' dir='ltr'>claustrali</span> <span class='ocrx_word' id='word_1_384' title='bbox 773 3804 981 3870; x_wconf 80' lang='lat' dir='ltr'>priore,</span> <span class='ocrx_word' id='word_1_385' title='bbox 1009 3806 1056 3854; x_wconf 77' lang='lat' dir='ltr'>et</span> <span class='ocrx_word' id='word_1_386' title='bbox 1086 3804 1203 3870; x_wconf 81' lang='lat' dir='ltr'>ejus</span> <span class='ocrx_word' id='word_1_387' title='bbox 1233 3801 1504 3869; x_wconf 75' lang='lat' dir='ltr'>adjutore.</span> 
     </span>
    </p>
   </div>
   <div class='ocr_carea' id='block_1_56' title="bbox 210 3903 1739 3982">
    <p class='ocr_par' dir='ltr' id='par_1_56' title="bbox 210 3903 1739 3982">
     <span class='ocr_line' id='line_1_56' title="bbox 210 3903 1739 3982; baseline -0.008 -15"><span class='ocrx_word' id='word_1_388' title='bbox 210 3913 342 3982; x_wconf 73' lang='lat'>(110.)</span> <span class='ocrx_word' id='word_1_389' title='bbox 376 3909 710 3966; x_wconf 88' lang='lat' dir='ltr'>Claustralis</span> <span class='ocrx_word' id='word_1_390' title='bbox 758 3907 913 3978; x_wconf 88' lang='lat' dir='ltr'>prior</span> <span class='ocrx_word' id='word_1_391' title='bbox 959 3906 1198 3960; x_wconf 86' lang='lat' dir='ltr'>vicarius</span> <span class='ocrx_word' id='word_1_392' title='bbox 1232 3911 1318 3959; x_wconf 86' lang='lat' dir='ltr'>est</span> <span class='ocrx_word' id='word_1_393' title='bbox 1356 3903 1587 3974; x_wconf 87' lang='lat' dir='ltr'>majoris</span> <span class='ocrx_word' id='word_1_394' title='bbox 1639 3918 1739 3973; x_wconf 89' lang='lat' dir='ltr'>per</span> 
     </span>
    </p>
   </div>
   <div class='ocr_carea' id='block_1_57' title="bbox 149 3993 1738 4072">
    <p class='ocr_par' dir='ltr' id='par_1_57' title="bbox 149 3993 1738 4072">
     <span class='ocr_line' id='line_1_57' title="bbox 149 3993 1738 4072; baseline -0.007 -17"><span class='ocrx_word' id='word_1_395' title='bbox 149 4001 323 4055; x_wconf 89' lang='lat' dir='ltr'>omnia</span> <span class='ocrx_word' id='word_1_396' title='bbox 352 3999 581 4072; x_wconf 87' lang='lat' dir='ltr'>prioris,</span> <span class='ocrx_word' id='word_1_397' title='bbox 618 4012 792 4069; x_wconf 86' lang='lat' dir='ltr'>quare</span> <span class='ocrx_word' id='word_1_398' title='bbox 837 4012 949 4050; x_wconf 91' lang='lat' dir='ltr'>non</span> <span class='ocrx_word' id='word_1_399' title='bbox 989 3996 1169 4049; x_wconf 88' lang='lat' dir='ltr'>solum</span> <span class='ocrx_word' id='word_1_400' title='bbox 1202 3994 1500 4048; x_wconf 88' lang='lat' dir='ltr'>debiliores</span> <span class='ocrx_word' id='word_1_401' title='bbox 1530 3993 1738 4046; x_wconf 87' lang='lat' dir='ltr'>fratres</span> 
     </span>
    </p>
   </div>
   <div class='ocr_carea' id='block_1_58' title="bbox 149 4083 1737 4161">
    <p class='ocr_par' dir='ltr' id='par_1_58' title="bbox 149 4083 1737 4161">
     <span class='ocr_line' id='line_1_58' title="bbox 149 4083 1737 4161; baseline -0.005 -20"><span class='ocrx_word' id='word_1_402' title='bbox 149 4090 209 4143; x_wconf 89' lang='lat' dir='ltr'>ad</span> <span class='ocrx_word' id='word_1_403' title='bbox 237 4089 557 4161; x_wconf 89' lang='lat' dir='ltr'>propinqua</span> <span class='ocrx_word' id='word_1_404' title='bbox 584 4088 708 4141; x_wconf 89' lang='lat' dir='ltr'>loca</span> <span class='ocrx_word' id='word_1_405' title='bbox 736 4086 805 4140; x_wconf 87' lang='lat' dir='ltr'>ad</span> <span class='ocrx_word' id='word_1_406' title='bbox 837 4083 1253 4156; x_wconf 88' lang='lat' dir='ltr'>repausandum</span> <span class='ocrx_word' id='word_1_407' title='bbox 1286 4083 1459 4136; x_wconf 91' lang='lat' dir='ltr'>mittit</span> <span class='ocrx_word' id='word_1_408' title='bbox 1485 4101 1496 4148; x_wconf 92' lang='lat'>;</span> <span class='ocrx_word' id='word_1_409' title='bbox 1545 4097 1737 4135; x_wconf 86' lang='lat' dir='ltr'>verum</span> 
     </span>
    </p>
   </div>
   <div class='ocr_carea' id='block_1_59' title="bbox 148 4170 1739 4233">
    <p class='ocr_par' dir='ltr' id='par_1_59' title="bbox 148 4170 1739 4233">
     <span class='ocr_line' id='line_1_59' title="bbox 148 4170 1739 4233; baseline -0.006 -2"><span class='ocrx_word' id='word_1_410' title='bbox 148 4179 305 4232; x_wconf 85' lang='lat' dir='ltr'>etiam</span> <span class='ocrx_word' id='word_1_411' title='bbox 325 4177 630 4233; x_wconf 87' lang='lat' dir='ltr'>validiores</span> <span class='ocrx_word' id='word_1_412' title='bbox 649 4174 721 4229; x_wconf 78' lang='lat' dir='ltr'>ad</span> <span class='ocrx_word' id='word_1_413' title='bbox 750 4174 918 4228; x_wconf 89' lang='lat' dir='ltr'>cellas</span> <span class='ocrx_word' id='word_1_414' title='bbox 940 4173 1096 4226; x_wconf 90' lang='lat' dir='ltr'>valde</span> <span class='ocrx_word' id='word_1_415' title='bbox 1109 4178 1354 4226; x_wconf 87' lang='lat' dir='ltr'>remotas</span> <span class='ocrx_word' id='word_1_416' title='bbox 1386 4171 1440 4224; x_wconf 91' lang='lat' dir='ltr'>in</span> <span class='ocrx_word' id='word_1_417' title='bbox 1470 4170 1739 4224; x_wconf 82' lang='lat' dir='ltr'>auxilium</span> 
     </span>
    </p>
   </div>
   <div class='ocr_carea' id='block_1_60' title="bbox 150 4258 1740 4327">
    <p class='ocr_par' dir='ltr' id='par_1_60' title="bbox 150 4258 1740 4327">
     <span class='ocr_line' id='line_1_60' title="bbox 150 4258 1740 4327; baseline -0.006 -9"><span class='ocrx_word' id='word_1_418' title='bbox 150 4266 376 4322; x_wconf 86' lang='lat' dir='ltr'>fratrum</span> <span class='ocrx_word' id='word_1_419' title='bbox 435 4265 553 4319; x_wconf 92' lang='lat' dir='ltr'>illic</span> <span class='ocrx_word' id='word_1_420' title='bbox 600 4262 1089 4327; x_wconf 89' lang='lat' dir='ltr'>commorantium,</span> <span class='ocrx_word' id='word_1_421' title='bbox 1148 4262 1353 4314; x_wconf 91' lang='lat' dir='ltr'>domno</span> <span class='ocrx_word' id='word_1_422' title='bbox 1410 4259 1610 4312; x_wconf 86' lang='lat' dir='ltr'>abbate</span> <span class='ocrx_word' id='word_1_423' title='bbox 1655 4258 1740 4310; x_wconf 88' lang='lat' dir='ltr'>vel</span> 
     </span>
    </p>
   </div>
   <div class='ocr_carea' id='block_1_61' title="bbox 147 4346 1741 4426">
    <p class='ocr_par' dir='ltr' id='par_1_61' title="bbox 147 4346 1741 4426">
     <span class='ocr_line' id='line_1_61' title="bbox 147 4346 1741 4426; baseline -0.006 -17"><span class='ocrx_word' id='word_1_424' title='bbox 147 4357 324 4425; x_wconf 88' lang='lat' dir='ltr'>priore</span> <span class='ocrx_word' id='word_1_425' title='bbox 344 4357 514 4426; x_wconf 83' lang='lat' dir='ltr'>longe</span> <span class='ocrx_word' id='word_1_426' title='bbox 538 4353 789 4409; x_wconf 78' lang='lat' dir='ltr'>remotis.</span> <span class='ocrx_word' id='word_1_427' title='bbox 807 4352 1209 4405; x_wconf 82' lang='lat' dir='ltr'>Verumtamen</span> <span class='ocrx_word' id='word_1_428' title='bbox 1231 4365 1520 4419; x_wconf 88' lang='lat' dir='ltr'>nunquam</span> <span class='ocrx_word' id='word_1_429' title='bbox 1552 4348 1606 4401; x_wconf 91' lang='lat' dir='ltr'>in</span> <span class='ocrx_word' id='word_1_430' title='bbox 1634 4346 1741 4417; x_wconf 86' lang='lat' dir='ltr'>pri-</span> 
     </span>
    </p>
   </div>
   <div class='ocr_carea' id='block_1_62' title="bbox 148 4437 1739 4499">
    <p class='ocr_par' dir='ltr' id='par_1_62' title="bbox 148 4437 1739 4499">
     <span class='ocr_line' id='line_1_62' title="bbox 148 4437 1739 4499; baseline -0.006 -1"><span class='ocrx_word' id='word_1_431' title='bbox 148 4445 281 4499; x_wconf 82' lang='lat' dir='ltr'>vatis</span> <span class='ocrx_word' id='word_1_432' title='bbox 318 4444 522 4499; x_wconf 89' lang='lat' dir='ltr'>diebus</span> <span class='ocrx_word' id='word_1_433' title='bbox 559 4448 660 4497; x_wconf 89' lang='lat' dir='ltr'>aut</span> <span class='ocrx_word' id='word_1_434' title='bbox 697 4440 993 4495; x_wconf 91' lang='lat' dir='ltr'>duodecim</span> <span class='ocrx_word' id='word_1_435' title='bbox 1041 4439 1374 4493; x_wconf 87' lang='lat' dir='ltr'>lectionibus</span> <span class='ocrx_word' id='word_1_436' title='bbox 1397 4437 1467 4491; x_wconf 88' lang='lat' dir='ltr'>ad</span> <span class='ocrx_word' id='word_1_437' title='bbox 1499 4437 1739 4490; x_wconf 77' lang='lat' dir='ltr'>offeren-</span> 
     </span>
    </p>
   </div>
   <div class='ocr_carea' id='block_1_63' title="bbox 1809 1950 3408 2024">
    <p class='ocr_par' dir='ltr' id='par_1_63' title="bbox 1809 1950 3408 2024">
     <span class='ocr_line' id='line_1_63' title="bbox 1809 1950 3408 2024; baseline 0.008 -21"><span class='ocrx_word' id='word_1_438' title='bbox 1809 1950 1904 2004; x_wconf 89' lang='lat' dir='ltr'>ille</span> <span class='ocrx_word' id='word_1_439' title='bbox 1942 1951 2246 2021; x_wconf 88' lang='lat' dir='ltr'>asperserit</span> <span class='ocrx_word' id='word_1_440' title='bbox 2274 1951 2389 2005; x_wconf 88' lang='lat' dir='ltr'>sive</span> <span class='ocrx_word' id='word_1_441' title='bbox 2418 1969 2551 2018; x_wconf 87' lang='lat' dir='ltr'>non,</span> <span class='ocrx_word' id='word_1_442' title='bbox 2585 1953 2788 2024; x_wconf 90' lang='lat' dir='ltr'>accipit</span> <span class='ocrx_word' id='word_1_443' title='bbox 2811 1954 3138 2011; x_wconf 91' lang='lat' dir='ltr'>absconsam</span> <span class='ocrx_word' id='word_1_444' title='bbox 3169 1960 3240 2013; x_wconf 92' lang='lat' dir='ltr'>ab</span> <span class='ocrx_word' id='word_1_445' title='bbox 3268 1961 3408 2015; x_wconf 85' lang='lat' dir='ltr'>heb-</span> 
     </span>
    </p>
   </div>
   <div class='ocr_carea' id='block_1_64' title="bbox 1811 2039 3409 2113">
    <p class='ocr_par' dir='ltr' id='par_1_64' title="bbox 1811 2039 3409 2113">
     <span class='ocr_line' id='line_1_64' title="bbox 1811 2039 3409 2113; baseline 0.008 -21"><span class='ocrx_word' id='word_1_446' title='bbox 1811 2039 2137 2093; x_wconf 88' lang='lat' dir='ltr'>domadario</span> <span class='ocrx_word' id='word_1_447' title='bbox 2194 2039 2592 2105; x_wconf 84' lang='lat' dir='ltr'>illuminatam,</span> <span class='ocrx_word' id='word_1_448' title='bbox 2631 2047 2689 2096; x_wconf 90' lang='lat' dir='ltr'>et</span> <span class='ocrx_word' id='word_1_449' title='bbox 2738 2043 2950 2113; x_wconf 80' lang='lat' dir='ltr'>capello</span> <span class='ocrx_word' id='word_1_450' title='bbox 2992 2045 3191 2102; x_wconf 90' lang='lat' dir='ltr'>induto</span> <span class='ocrx_word' id='word_1_451' title='bbox 3225 2053 3409 2105; x_wconf 90' lang='lat' dir='ltr'>totum</span> 
     </span>
    </p>
   </div>
   <div class='ocr_carea' id='block_1_65' title="bbox 1812 2127 3412 2198">
    <p class='ocr_par' dir='ltr' id='par_1_65' title="bbox 1812 2127 3412 2198">
     <span class='ocr_line' id='line_1_65' title="bbox 1812 2127 3412 2198; baseline 0.008 -19"><span class='ocrx_word' id='word_1_452' title='bbox 1812 2127 2120 2181; x_wconf 88' lang='lat' dir='ltr'>claustrum</span> <span class='ocrx_word' id='word_1_453' title='bbox 2161 2128 2485 2198; x_wconf 91' lang='lat' dir='ltr'>perlustrat.</span> <span class='ocrx_word' id='word_1_454' title='bbox 2538 2129 2727 2183; x_wconf 90' lang='lat' dir='ltr'>Primo</span> <span class='ocrx_word' id='word_1_455' title='bbox 2772 2132 2942 2196; x_wconf 86' lang='lat' dir='ltr'>videt,</span> <span class='ocrx_word' id='word_1_456' title='bbox 2993 2133 3040 2188; x_wconf 89' lang='lat' dir='ltr'>si</span> <span class='ocrx_word' id='word_1_457' title='bbox 3089 2135 3280 2190; x_wconf 90' lang='lat' dir='ltr'>clausa</span> <span class='ocrx_word' id='word_1_458' title='bbox 3335 2138 3412 2192; x_wconf 92' lang='lat' dir='ltr'>sit</span> 
     </span>
    </p>
   </div>
   <div class='ocr_carea' id='block_1_66' title="bbox 1808 2216 3407 2296">
    <p class='ocr_par' dir='ltr' id='par_1_66' title="bbox 1808 2216 3407 2296">
     <span class='ocr_line' id='line_1_66' title="bbox 1808 2216 3407 2296; baseline 0.009 -29"><span class='ocrx_word' id='word_1_459' title='bbox 1808 2217 1982 2286; x_wconf 88' lang='lat' dir='ltr'>janua</span> <span class='ocrx_word' id='word_1_460' title='bbox 2020 2216 2285 2270; x_wconf 81' lang='lat' dir='ltr'>auditorii</span> <span class='ocrx_word' id='word_1_461' title='bbox 2315 2217 2597 2288; x_wconf 86' lang='lat' dir='ltr'>hospitum</span> <span class='ocrx_word' id='word_1_462' title='bbox 2627 2237 2639 2285; x_wconf 92' lang='lat'>;</span> <span class='ocrx_word' id='word_1_463' title='bbox 2693 2220 2893 2275; x_wconf 89' lang='lat' dir='ltr'>domus</span> <span class='ocrx_word' id='word_1_464' title='bbox 2924 2222 3407 2296; x_wconf 80' lang='lat' dir='ltr'>eleemosynaria;</span> 
     </span>
    </p>
   </div>
   <div class='ocr_carea' id='block_1_67' title="bbox 1814 2304 3410 2382">
    <p class='ocr_par' dir='ltr' id='par_1_67' title="bbox 1814 2304 3410 2382">
     <span class='ocr_line' id='line_1_67' title="bbox 1814 2304 3410 2382; baseline 0.008 -25"><span class='ocrx_word' id='word_1_465' title='bbox 1814 2304 1859 2357; x_wconf 92' lang='lat' dir='ltr'>si</span> <span class='ocrx_word' id='word_1_466' title='bbox 1892 2305 2015 2375; x_wconf 90' lang='lat' dir='ltr'>quis</span> <span class='ocrx_word' id='word_1_467' title='bbox 2036 2305 2217 2358; x_wconf 89' lang='lat' dir='ltr'>adhuc</span> <span class='ocrx_word' id='word_1_468' title='bbox 2249 2306 2323 2359; x_wconf 89' lang='lat' dir='ltr'>sit</span> <span class='ocrx_word' id='word_1_469' title='bbox 2343 2311 2400 2359; x_wconf 89' lang='lat' dir='ltr'>et</span> <span class='ocrx_word' id='word_1_470' title='bbox 2424 2312 2653 2378; x_wconf 81' lang='lat' dir='ltr'>propter</span> <span class='ocrx_word' id='word_1_471' title='bbox 2675 2308 2808 2379; x_wconf 91' lang='lat' dir='ltr'>quid</span> <span class='ocrx_word' id='word_1_472' title='bbox 2833 2310 2908 2363; x_wconf 91' lang='lat' dir='ltr'>sit</span> <span class='ocrx_word' id='word_1_473' title='bbox 2928 2316 3059 2365; x_wconf 89' lang='lat' dir='ltr'>ante</span> <span class='ocrx_word' id='word_1_474' title='bbox 3088 2314 3410 2382; x_wconf 83' lang='lat' dir='ltr'>cellarium;</span> 
     </span>
    </p>
   </div>
   <div class='ocr_carea' id='block_1_68' title="bbox 1814 2392 3410 2470">
    <p class='ocr_par' dir='ltr' id='par_1_68' title="bbox 1814 2392 3410 2470">
     <span class='ocr_line' id='line_1_68' title="bbox 1814 2392 3410 2470; baseline 0.008 -25"><span class='ocrx_word' id='word_1_475' title='bbox 1814 2392 1862 2445; x_wconf 92' lang='lat' dir='ltr'>si</span> <span class='ocrx_word' id='word_1_476' title='bbox 1919 2392 2156 2463; x_wconf 86' lang='lat' dir='ltr'>coquina</span> <span class='ocrx_word' id='word_1_477' title='bbox 2217 2394 2492 2464; x_wconf 83' lang='lat' dir='ltr'>regularis</span> <span class='ocrx_word' id='word_1_478' title='bbox 2541 2395 2616 2449; x_wconf 91' lang='lat' dir='ltr'>sit</span> <span class='ocrx_word' id='word_1_479' title='bbox 2673 2397 2968 2465; x_wconf 85' lang='lat' dir='ltr'>obserata;</span> <span class='ocrx_word' id='word_1_480' title='bbox 3030 2401 3410 2470; x_wconf 67' lang='lat' dir='ltr'>refectorium,</span> 
     </span>
    </p>
   </div>
   <div class='ocr_carea' id='block_1_69' title="bbox 1817 2480 3416 2551">
    <p class='ocr_par' dir='ltr' id='par_1_69' title="bbox 1817 2480 3416 2551">
     <span class='ocr_line' id='line_1_69' title="bbox 1817 2480 3416 2551; baseline 0.009 -18"><span class='ocrx_word' id='word_1_481' title='bbox 1817 2480 2021 2535; x_wconf 90' lang='lat' dir='ltr'>deinde</span> <span class='ocrx_word' id='word_1_482' title='bbox 2073 2482 2269 2536; x_wconf 86' lang='lat' dir='ltr'>cellam</span> <span class='ocrx_word' id='word_1_483' title='bbox 2330 2484 2664 2539; x_wconf 85' lang='lat' dir='ltr'>novitiorum</span> <span class='ocrx_word' id='word_1_484' title='bbox 2701 2525 2715 2551; x_wconf 94' lang='lat'>,</span> <span class='ocrx_word' id='word_1_485' title='bbox 2778 2487 3007 2543; x_wconf 90' lang='lat' dir='ltr'>domum</span> <span class='ocrx_word' id='word_1_486' title='bbox 3060 2489 3416 2548; x_wconf 86' lang='lat' dir='ltr'>infirmorum</span> 
     </span>
    </p>
   </div>
   <div class='ocr_carea' id='block_1_70' title="bbox 1818 2569 3420 2649">
    <p class='ocr_par' dir='ltr' id='par_1_70' title="bbox 1818 2569 3420 2649">
     <span class='ocr_line' id='line_1_70' title="bbox 1818 2569 3420 2649; baseline 0.009 -27"><span class='ocrx_word' id='word_1_487' title='bbox 1818 2569 2033 2635; x_wconf 89' lang='lat' dir='ltr'>videns,</span> <span class='ocrx_word' id='word_1_488' title='bbox 2068 2570 2114 2624; x_wconf 93' lang='lat' dir='ltr'>si</span> <span class='ocrx_word' id='word_1_489' title='bbox 2149 2571 2256 2641; x_wconf 90' lang='lat' dir='ltr'>ipsi</span> <span class='ocrx_word' id='word_1_490' title='bbox 2282 2572 2401 2640; x_wconf 86' lang='lat' dir='ltr'>jam</span> <span class='ocrx_word' id='word_1_491' title='bbox 2439 2588 2499 2625; x_wconf 91' lang='lat' dir='ltr'>se</span> <span class='ocrx_word' id='word_1_492' title='bbox 2526 2573 2939 2639; x_wconf 60' lang='lat' dir='ltr'>collocat-crint,</span> <span class='ocrx_word' id='word_1_493' title='bbox 2968 2584 3024 2632; x_wconf 93' lang='lat' dir='ltr'>et</span> <span class='ocrx_word' id='word_1_494' title='bbox 3052 2582 3331 2649; x_wconf 90' lang='lat' dir='ltr'>quomodo</span> <span class='ocrx_word' id='word_1_495' title='bbox 3358 2599 3420 2637; x_wconf 90' lang='lat' dir='ltr'>se</span> 
     </span>
    </p>
   </div>
   <div class='ocr_carea' id='block_1_71' title="bbox 1818 2657 3421 2729">
    <p class='ocr_par' dir='ltr' id='par_1_71' title="bbox 1818 2657 3421 2729">
     <span class='ocr_line' id='line_1_71' title="bbox 1818 2657 3421 2729; baseline 0.01 -18"><span class='ocrx_word' id='word_1_496' title='bbox 1818 2657 2082 2723; x_wconf 84' lang='lat' dir='ltr'>habeant,</span> <span class='ocrx_word' id='word_1_497' title='bbox 2118 2660 2165 2712; x_wconf 91' lang='lat' dir='ltr'>si</span> <span class='ocrx_word' id='word_1_498' title='bbox 2196 2660 2320 2729; x_wconf 92' lang='lat' dir='ltr'>quis</span> <span class='ocrx_word' id='word_1_499' title='bbox 2350 2677 2544 2715; x_wconf 90' lang='lat' dir='ltr'>eorum</span> <span class='ocrx_word' id='word_1_500' title='bbox 2577 2662 2760 2717; x_wconf 85' lang='lat' dir='ltr'>adhuc</span> <span class='ocrx_word' id='word_1_501' title='bbox 2786 2668 3124 2721; x_wconf 89' lang='lat' dir='ltr'>remanserit</span> <span class='ocrx_word' id='word_1_502' title='bbox 3154 2670 3212 2725; x_wconf 89' lang='lat' dir='ltr'>in</span> <span class='ocrx_word' id='word_1_503' title='bbox 3246 2673 3421 2727; x_wconf 83' lang='lat' dir='ltr'>eccle-</span> 
     </span>
    </p>
   </div>
   <div class='ocr_carea' id='block_1_72' title="bbox 1820 2746 3422 2829">
    <p class='ocr_par' dir='ltr' id='par_1_72' title="bbox 1820 2746 3422 2829">
     <span class='ocr_line' id='line_1_72' title="bbox 1820 2746 3422 2829; baseline 0.01 -29"><span class='ocrx_word' id='word_1_504' title='bbox 1820 2746 1903 2800; x_wconf 85' lang='lat' dir='ltr'>sia</span> <span class='ocrx_word' id='word_1_505' title='bbox 1929 2747 1985 2801; x_wconf 91' lang='lat' dir='ltr'>S.</span> <span class='ocrx_word' id='word_1_506' title='bbox 2019 2746 2213 2800; x_wconf 74' lang='lat' dir='ltr'>Mariae</span> <span class='ocrx_word' id='word_1_507' title='bbox 2237 2766 2247 2800; x_wconf 91' lang='lat'><strong>:</strong></span> <span class='ocrx_word' id='word_1_508' title='bbox 2287 2748 2725 2820; x_wconf 85' lang='lat' dir='ltr'>(rar.)ascendit</span> <span class='ocrx_word' id='word_1_509' title='bbox 2744 2752 3158 2821; x_wconf 85' lang='lat' dir='ltr'>dormitorium,</span> <span class='ocrx_word' id='word_1_510' title='bbox 3189 2765 3422 2829; x_wconf 81' lang='lat' dir='ltr'>portans</span> 
     </span>
    </p>
   </div>
   <div class='ocr_carea' id='block_1_73' title="bbox 1818 2836 3417 2917">
    <p class='ocr_par' dir='ltr' id='par_1_73' title="bbox 1818 2836 3417 2917">
     <span class='ocr_line' id='line_1_73' title="bbox 1818 2836 3417 2917; baseline 0.011 -31"><span class='ocrx_word' id='word_1_511' title='bbox 1818 2851 2027 2887; x_wconf 89' lang='lat' dir='ltr'>secum.</span> <span class='ocrx_word' id='word_1_512' title='bbox 2063 2836 2108 2889; x_wconf 91' lang='lat' dir='ltr'>si</span> <span class='ocrx_word' id='word_1_513' title='bbox 2134 2836 2267 2906; x_wconf 89' lang='lat' dir='ltr'>quid</span> <span class='ocrx_word' id='word_1_514' title='bbox 2296 2837 2439 2890; x_wconf 90' lang='lat' dir='ltr'>forte</span> <span class='ocrx_word' id='word_1_515' title='bbox 2467 2837 2522 2890; x_wconf 90' lang='lat' dir='ltr'>in</span> <span class='ocrx_word' id='word_1_516' title='bbox 2540 2838 2783 2893; x_wconf 83' lang='lat' dir='ltr'>claustro</span> <span class='ocrx_word' id='word_1_517' title='bbox 2814 2842 3127 2911; x_wconf 81' lang='lat' dir='ltr'>neglectum</span> <span class='ocrx_word' id='word_1_518' title='bbox 3150 2846 3417 2917; x_wconf 76' lang='lat' dir='ltr'>offendit;</span> 
     </span>
    </p>
   </div>
   <div class='ocr_carea' id='block_1_74' title="bbox 1816 2924 3419 2995">
    <p class='ocr_par' dir='ltr' id='par_1_74' title="bbox 1816 2924 3419 2995">
     <span class='ocr_line' id='line_1_74' title="bbox 1816 2924 3419 2995; baseline 0.009 -19"><span class='ocrx_word' id='word_1_519' title='bbox 1816 2924 2085 2994; x_wconf 88' lang='lat' dir='ltr'>prospicit</span> <span class='ocrx_word' id='word_1_520' title='bbox 2113 2941 2335 2995; x_wconf 90' lang='lat' dir='ltr'>quoque</span> <span class='ocrx_word' id='word_1_521' title='bbox 2357 2942 2552 2979; x_wconf 89' lang='lat' dir='ltr'>omnes</span> <span class='ocrx_word' id='word_1_522' title='bbox 2574 2929 3016 2984; x_wconf 78' lang='lat' dir='ltr'>necessariarum</span> <span class='ocrx_word' id='word_1_523' title='bbox 3047 2933 3227 2987; x_wconf 91' lang='lat' dir='ltr'>sedes.</span> <span class='ocrx_word' id='word_1_524' title='bbox 3249 2936 3419 2990; x_wconf 88' lang='lat' dir='ltr'>Tem-</span> 
     </span>
    </p>
   </div>
   <div class='ocr_carea' id='block_1_75' title="bbox 1824 3012 3424 3087">
    <p class='ocr_par' dir='ltr' id='par_1_75' title="bbox 1824 3012 3424 3087">
     <span class='ocr_line' id='line_1_75' title="bbox 1824 3012 3424 3087; baseline 0.009 -23"><span class='ocrx_word' id='word_1_525' title='bbox 1824 3028 1958 3081; x_wconf 90' lang='lat' dir='ltr'>pore</span> <span class='ocrx_word' id='word_1_526' title='bbox 1989 3012 2231 3083; x_wconf 87' lang='lat' dir='ltr'>hyemali</span> <span class='ocrx_word' id='word_1_527' title='bbox 2260 3014 2482 3082; x_wconf 87' lang='lat' dir='ltr'>quando</span> <span class='ocrx_word' id='word_1_528' title='bbox 2516 3014 2718 3069; x_wconf 87' lang='lat' dir='ltr'>fratres</span> <span class='ocrx_word' id='word_1_529' title='bbox 2767 3024 2892 3087; x_wconf 84' lang='lat' dir='ltr'>post</span> <span class='ocrx_word' id='word_1_530' title='bbox 2933 3036 3144 3075; x_wconf 86' lang='lat' dir='ltr'>coenam</span> <span class='ocrx_word' id='word_1_531' title='bbox 3177 3023 3424 3080; x_wconf 89' lang='lat' dir='ltr'>collatio-</span> 
     </span>
    </p>
   </div>
   <div class='ocr_carea' id='block_1_76' title="bbox 1828 3100 3423 3185">
    <p class='ocr_par' dir='ltr' id='par_1_76' title="bbox 1828 3100 3423 3185">
     <span class='ocr_line' id='line_1_76' title="bbox 1828 3100 3423 3185; baseline 0.009 -32"><span class='ocrx_word' id='word_1_532' title='bbox 1828 3117 1953 3153; x_wconf 91' lang='lat' dir='ltr'>nem</span> <span class='ocrx_word' id='word_1_533' title='bbox 1985 3100 2044 3154; x_wconf 90' lang='lat' dir='ltr'>in</span> <span class='ocrx_word' id='word_1_534' title='bbox 2075 3102 2320 3172; x_wconf 89' lang='lat' dir='ltr'>capitulo</span> <span class='ocrx_word' id='word_1_535' title='bbox 2348 3109 2691 3173; x_wconf 82' lang='lat' dir='ltr'>exspectant,</span> <span class='ocrx_word' id='word_1_536' title='bbox 2724 3105 2858 3160; x_wconf 83' lang='lat' dir='ltr'>facit</span> <span class='ocrx_word' id='word_1_537' title='bbox 2886 3124 3056 3162; x_wconf 88' lang='lat' dir='ltr'>unam</span> <span class='ocrx_word' id='word_1_538' title='bbox 3085 3110 3290 3166; x_wconf 88' lang='lat' dir='ltr'>circam</span> <span class='ocrx_word' id='word_1_539' title='bbox 3321 3130 3423 3185; x_wconf 92' lang='lat' dir='ltr'>per</span> 
     </span>
    </p>
   </div>
   <div class='ocr_carea' id='block_1_77' title="bbox 1823 3190 3420 3274">
    <p class='ocr_par' dir='ltr' id='par_1_77' title="bbox 1823 3190 3420 3274">
     <span class='ocr_line' id='line_1_77' title="bbox 1823 3190 3420 3274; baseline 0.01 -32"><span class='ocrx_word' id='word_1_540' title='bbox 1823 3205 2017 3243; x_wconf 92' lang='lat' dir='ltr'>omnes</span> <span class='ocrx_word' id='word_1_541' title='bbox 2048 3190 2299 3244; x_wconf 79' lang='lat' dir='ltr'>officinas</span> <span class='ocrx_word' id='word_1_542' title='bbox 2342 3191 2593 3254; x_wconf 88' lang='lat' dir='ltr'>claustri,</span> <span class='ocrx_word' id='word_1_543' title='bbox 2638 3192 2938 3250; x_wconf 77' lang='lat' dir='ltr'>observans</span> <span class='ocrx_word' id='word_1_544' title='bbox 2977 3214 3047 3252; x_wconf 91' lang='lat' dir='ltr'>ne</span> <span class='ocrx_word' id='word_1_545' title='bbox 3089 3200 3312 3271; x_wconf 89' lang='lat' dir='ltr'>aliquis,</span> <span class='ocrx_word' id='word_1_546' title='bbox 3349 3203 3420 3274; x_wconf 86' lang='lat' dir='ltr'>si,</span> 
     </span>
    </p>
   </div>
   <div class='ocr_carea' id='block_1_78' title="bbox 1822 3278 3418 3349">
    <p class='ocr_par' dir='ltr' id='par_1_78' title="bbox 1822 3278 3418 3349">
     <span class='ocr_line' id='line_1_78' title="bbox 1822 3278 3418 3349; baseline 0.011 -18"><span class='ocrx_word' id='word_1_547' title='bbox 1822 3278 1916 3348; x_wconf 89' lang='lat' dir='ltr'>qui</span> <span class='ocrx_word' id='word_1_548' title='bbox 1934 3283 2069 3332; x_wconf 90' lang='lat' dir='ltr'>tunc</span> <span class='ocrx_word' id='word_1_549' title='bbox 2088 3278 2144 3333; x_wconf 93' lang='lat' dir='ltr'>in</span> <span class='ocrx_word' id='word_1_550' title='bbox 2162 3280 2408 3349; x_wconf 88' lang='lat' dir='ltr'>capitulo</span> <span class='ocrx_word' id='word_1_551' title='bbox 2432 3281 2626 3335; x_wconf 91' lang='lat' dir='ltr'>sedere</span> <span class='ocrx_word' id='word_1_552' title='bbox 2651 3282 2899 3347; x_wconf 87' lang='lat' dir='ltr'>deberet,</span> <span class='ocrx_word' id='word_1_553' title='bbox 2929 3285 3222 3344; x_wconf 89' lang='lat' dir='ltr'>inutilitati</span> <span class='ocrx_word' id='word_1_554' title='bbox 3241 3297 3418 3348; x_wconf 84' lang='lat' dir='ltr'>vacet.</span> 
     </span>
    </p>
   </div>
   <div class='ocr_carea' id='block_1_79' title="bbox 1819 3366 3423 3451">
    <p class='ocr_par' dir='ltr' id='par_1_79' title="bbox 1819 3366 3423 3451">
     <span class='ocr_line' id='line_1_79' title="bbox 1819 3366 3423 3451; baseline 0.011 -32"><span class='ocrx_word' id='word_1_555' title='bbox 1819 3366 1976 3421; x_wconf 89' lang='lat' dir='ltr'>Facit</span> <span class='ocrx_word' id='word_1_556' title='bbox 2027 3384 2249 3439; x_wconf 90' lang='lat' dir='ltr'>quoque</span> <span class='ocrx_word' id='word_1_557' title='bbox 2305 3368 2472 3422; x_wconf 90' lang='lat' dir='ltr'>aliam</span> <span class='ocrx_word' id='word_1_558' title='bbox 2506 3369 2711 3424; x_wconf 88' lang='lat' dir='ltr'>circam</span> <span class='ocrx_word' id='word_1_559' title='bbox 2760 3372 2829 3425; x_wconf 86' lang='lat' dir='ltr'>ad</span> <span class='ocrx_word' id='word_1_560' title='bbox 2871 3373 3227 3432; x_wconf 89' lang='lat' dir='ltr'>intervallum</span> <span class='ocrx_word' id='word_1_561' title='bbox 3273 3381 3423 3451; x_wconf 89' lang='lat' dir='ltr'>quod</span> 
     </span>
    </p>
   </div>
   <div class='ocr_carea' id='block_1_80' title="bbox 1822 3456 3425 3527">
    <p class='ocr_par' dir='ltr' id='par_1_80' title="bbox 1822 3456 3425 3527">
     <span class='ocr_line' id='line_1_80' title="bbox 1822 3456 3425 3527; baseline 0.01 -20"><span class='ocrx_word' id='word_1_562' title='bbox 1822 3456 1966 3509; x_wconf 90' lang='lat' dir='ltr'>solet</span> <span class='ocrx_word' id='word_1_563' title='bbox 1994 3472 2115 3509; x_wconf 91' lang='lat' dir='ltr'>esse</span> <span class='ocrx_word' id='word_1_564' title='bbox 2163 3458 2310 3510; x_wconf 89' lang='lat' dir='ltr'>inter</span> <span class='ocrx_word' id='word_1_565' title='bbox 2337 3462 2640 3511; x_wconf 87' lang='lat' dir='ltr'>nocturnos</span> <span class='ocrx_word' id='word_1_566' title='bbox 2670 3465 2727 3513; x_wconf 91' lang='lat' dir='ltr'>et</span> <span class='ocrx_word' id='word_1_567' title='bbox 2758 3461 3119 3527; x_wconf 89' lang='lat' dir='ltr'>matutinum,</span> <span class='ocrx_word' id='word_1_568' title='bbox 3153 3471 3211 3519; x_wconf 89' lang='lat' dir='ltr'>et</span> <span class='ocrx_word' id='word_1_569' title='bbox 3237 3466 3295 3521; x_wconf 92' lang='lat' dir='ltr'>in</span> <span class='ocrx_word' id='word_1_570' title='bbox 3326 3468 3425 3523; x_wconf 88' lang='lat' dir='ltr'>illa</span> 
     </span>
    </p>
   </div>
   <div class='ocr_carea' id='block_1_81' title="bbox 1822 3545 3424 3615">
    <p class='ocr_par' dir='ltr' id='par_1_81' title="bbox 1822 3545 3424 3615">
     <span class='ocr_line' id='line_1_81' title="bbox 1822 3545 3424 3615; baseline 0.009 -18"><span class='ocrx_word' id='word_1_571' title='bbox 1822 3545 2023 3600; x_wconf 89' lang='lat' dir='ltr'>circuit</span> <span class='ocrx_word' id='word_1_572' title='bbox 2047 3562 2241 3599; x_wconf 89' lang='lat' dir='ltr'>omnes</span> <span class='ocrx_word' id='word_1_573' title='bbox 2271 3546 2442 3600; x_wconf 86' lang='lat' dir='ltr'>lectos</span> <span class='ocrx_word' id='word_1_574' title='bbox 2463 3547 2520 3600; x_wconf 91' lang='lat' dir='ltr'>in</span> <span class='ocrx_word' id='word_1_575' title='bbox 2550 3547 2896 3615; x_wconf 87' lang='lat' dir='ltr'>dormitorio,</span> <span class='ocrx_word' id='word_1_576' title='bbox 2918 3551 2978 3605; x_wconf 92' lang='lat' dir='ltr'>in</span> <span class='ocrx_word' id='word_1_577' title='bbox 3005 3553 3145 3607; x_wconf 90' lang='lat' dir='ltr'>cella</span> <span class='ocrx_word' id='word_1_578' title='bbox 3191 3555 3424 3611; x_wconf 89' lang='lat' dir='ltr'>novitio-</span> 
     </span>
    </p>
   </div>
   <div class='ocr_carea' id='block_1_82' title="bbox 1827 3635 3421 3715">
    <p class='ocr_par' dir='ltr' id='par_1_82' title="bbox 1827 3635 3421 3715">
     <span class='ocr_line' id='line_1_82' title="bbox 1827 3635 3421 3715; baseline 0.009 -28"><span class='ocrx_word' id='word_1_579' title='bbox 1827 3651 1973 3699; x_wconf 92' lang='lat' dir='ltr'>rum,</span> <span class='ocrx_word' id='word_1_580' title='bbox 2025 3635 2156 3689; x_wconf 90' lang='lat' dir='ltr'>inde</span> <span class='ocrx_word' id='word_1_581' title='bbox 2193 3636 2395 3689; x_wconf 87' lang='lat' dir='ltr'>transit</span> <span class='ocrx_word' id='word_1_582' title='bbox 2449 3635 2519 3689; x_wconf 86' lang='lat' dir='ltr'>ad</span> <span class='ocrx_word' id='word_1_583' title='bbox 2565 3637 2773 3691; x_wconf 89' lang='lat' dir='ltr'>ostium</span> <span class='ocrx_word' id='word_1_584' title='bbox 2821 3640 3122 3702; x_wconf 86' lang='lat' dir='ltr'>refectorii,</span> <span class='ocrx_word' id='word_1_585' title='bbox 3171 3645 3421 3715; x_wconf 63' lang='lat' dir='ltr'>coquinae</span> 
     </span>
    </p>
   </div>
   <div class='ocr_carea' id='block_1_83' title="bbox 1824 3723 3424 3796">
    <p class='ocr_par' dir='ltr' id='par_1_83' title="bbox 1824 3723 3424 3796">
     <span class='ocr_line' id='line_1_83' title="bbox 1824 3723 3424 3796; baseline 0.008 -20"><span class='ocrx_word' id='word_1_586' title='bbox 1824 3723 2118 3793; x_wconf 81' lang='lat' dir='ltr'>regularis,</span> <span class='ocrx_word' id='word_1_587' title='bbox 2151 3724 2381 3783; x_wconf 84' lang='lat' dir='ltr'>cellarii,</span> <span class='ocrx_word' id='word_1_588' title='bbox 2414 3724 2887 3796; x_wconf 70' lang='lat' dir='ltr'>eleemosynarize,</span> <span class='ocrx_word' id='word_1_589' title='bbox 2919 3730 2940 3752; x_wconf 65' lang='grc' dir='ltr'>θ</span> <span class='ocrx_word' id='word_1_590' title='bbox 2970 3730 3097 3783; x_wconf 90' lang='lat' dir='ltr'>ostii</span> <span class='ocrx_word' id='word_1_591' title='bbox 3147 3732 3424 3788; x_wconf 88' lang='lat' dir='ltr'>claustra-</span> 
     </span>
    </p>
   </div>
   <div class='ocr_carea' id='block_1_84' title="bbox 1822 3811 3417 3890">
    <p class='ocr_par' dir='ltr' id='par_1_84' title="bbox 1822 3811 3417 3890">
     <span class='ocr_line' id='line_1_84' title="bbox 1822 3811 3417 3890; baseline 0.009 -27"><span class='ocrx_word' id='word_1_592' title='bbox 1822 3811 1909 3867; x_wconf 90' lang='lat' dir='ltr'>lis.</span> <span class='ocrx_word' id='word_1_593' title='bbox 1944 3812 2144 3866; x_wconf 88' lang='lat' dir='ltr'>deinde</span> <span class='ocrx_word' id='word_1_594' title='bbox 2182 3814 2252 3866; x_wconf 89' lang='lat' dir='ltr'>ad</span> <span class='ocrx_word' id='word_1_595' title='bbox 2300 3812 2666 3867; x_wconf 78' lang='lat' dir='ltr'>intirmariam</span> <span class='ocrx_word' id='word_1_596' title='bbox 2702 3832 2802 3885; x_wconf 87' lang='lat' dir='ltr'>per</span> <span class='ocrx_word' id='word_1_597' title='bbox 2842 3816 3150 3887; x_wconf 89' lang='lat' dir='ltr'>capitulum</span> <span class='ocrx_word' id='word_1_598' title='bbox 3195 3823 3417 3890; x_wconf 88' lang='lat' dir='ltr'>transit,</span> 
     </span>
    </p>
   </div>
   <div class='ocr_carea' id='block_1_85' title="bbox 1822 3901 3420 3982">
    <p class='ocr_par' dir='ltr' id='par_1_85' title="bbox 1822 3901 3420 3982">
     <span class='ocr_line' id='line_1_85' title="bbox 1822 3901 3420 3982; baseline 0.008 -29"><span class='ocrx_word' id='word_1_599' title='bbox 1822 3901 1918 3954; x_wconf 83' lang='lat' dir='ltr'>sed</span> <span class='ocrx_word' id='word_1_600' title='bbox 1951 3917 2050 3971; x_wconf 87' lang='lat' dir='ltr'>per</span> <span class='ocrx_word' id='word_1_601' title='bbox 2077 3901 2421 3957; x_wconf 85' lang='lat' dir='ltr'>auditorium</span> <span class='ocrx_word' id='word_1_602' title='bbox 2470 3902 2526 3956; x_wconf 91' lang='lat' dir='ltr'>in</span> <span class='ocrx_word' id='word_1_603' title='bbox 2584 3903 2874 3958; x_wconf 89' lang='lat' dir='ltr'>ecclesiam</span> <span class='ocrx_word' id='word_1_604' title='bbox 2924 3908 3196 3976; x_wconf 74' lang='lat' dir='ltr'>majorem</span> <span class='ocrx_word' id='word_1_605' title='bbox 3250 3911 3420 3982; x_wconf 81' lang='lat' dir='ltr'>redit,</span> 
     </span>
    </p>
   </div>
   <div class='ocr_carea' id='block_1_86' title="bbox 1821 3989 3419 4063">
    <p class='ocr_par' dir='ltr' id='par_1_86' title="bbox 1821 3989 3419 4063">
     <span class='ocr_line' id='line_1_86' title="bbox 1821 3989 3419 4063; baseline 0.009 -21"><span class='ocrx_word' id='word_1_606' title='bbox 1821 3989 2093 4044; x_wconf 76' lang='lat' dir='ltr'>circuiens</span> <span class='ocrx_word' id='word_1_607' title='bbox 2122 3991 2313 4046; x_wconf 82' lang='lat' dir='ltr'>omnia</span> <span class='ocrx_word' id='word_1_608' title='bbox 2341 3991 2561 4057; x_wconf 85' lang='lat' dir='ltr'>altaria,</span> <span class='ocrx_word' id='word_1_609' title='bbox 2596 3998 2653 4045; x_wconf 93' lang='lat' dir='ltr'>et</span> <span class='ocrx_word' id='word_1_610' title='bbox 2681 3994 2914 4063; x_wconf 89' lang='lat' dir='ltr'>angulos</span> <span class='ocrx_word' id='word_1_611' title='bbox 2957 3996 3203 4053; x_wconf 66' lang='lat' dir='ltr'>ecclesiae</span> <span class='ocrx_word' id='word_1_612' title='bbox 3231 4015 3297 4053; x_wconf 88' lang='lat' dir='ltr'>ac</span> <span class='ocrx_word' id='word_1_613' title='bbox 3324 4016 3419 4055; x_wconf 87' lang='lat' dir='ltr'>sa-</span> 
     </span>
    </p>
   </div>
   <div class='ocr_carea' id='block_1_87' title="bbox 1821 4078 3419 4158">
    <p class='ocr_par' dir='ltr' id='par_1_87' title="bbox 1821 4078 3419 4158">
     <span class='ocr_line' id='line_1_87' title="bbox 1821 4078 3419 4158; baseline 0.008 -26"><span class='ocrx_word' id='word_1_614' title='bbox 1821 4079 2060 4140; x_wconf 70' lang='lat' dir='ltr'>cristiae;</span> <span class='ocrx_word' id='word_1_615' title='bbox 2096 4078 2224 4132; x_wconf 87' lang='lat' dir='ltr'>inde</span> <span class='ocrx_word' id='word_1_616' title='bbox 2261 4081 2559 4134; x_wconf 82' lang='lat' dir='ltr'>revertitur</span> <span class='ocrx_word' id='word_1_617' title='bbox 2594 4098 2691 4152; x_wconf 87' lang='lat' dir='ltr'>per</span> <span class='ocrx_word' id='word_1_618' title='bbox 2728 4083 2982 4149; x_wconf 90' lang='lat' dir='ltr'>chorum,</span> <span class='ocrx_word' id='word_1_619' title='bbox 3023 4085 3212 4158; x_wconf 91' lang='lat' dir='ltr'>sicque</span> <span class='ocrx_word' id='word_1_620' title='bbox 3259 4106 3419 4144; x_wconf 88' lang='lat' dir='ltr'>verso</span> 
     </span>
    </p>
   </div>
   <div class='ocr_carea' id='block_1_88' title="bbox 1821 4170 3420 4242">
    <p class='ocr_par' dir='ltr' id='par_1_88' title="bbox 1821 4170 3420 4242">
     <span class='ocr_line' id='line_1_88' title="bbox 1821 4170 3420 4242; baseline 0.008 -21"><span class='ocrx_word' id='word_1_621' title='bbox 1821 4172 2041 4222; x_wconf 86' lang='lat' dir='ltr'>tantum</span> <span class='ocrx_word' id='word_1_622' title='bbox 2090 4174 2284 4222; x_wconf 88' lang='lat' dir='ltr'>contra</span> <span class='ocrx_word' id='word_1_623' title='bbox 2308 4170 2545 4237; x_wconf 78' lang='lat' dir='ltr'>juvenes</span> <span class='ocrx_word' id='word_1_624' title='bbox 2587 4171 2797 4225; x_wconf 88' lang='lat' dir='ltr'>lumine</span> <span class='ocrx_word' id='word_1_625' title='bbox 2845 4174 3164 4242; x_wconf 86' lang='lat' dir='ltr'>pertransit,</span> <span class='ocrx_word' id='word_1_626' title='bbox 3202 4183 3258 4231; x_wconf 91' lang='lat' dir='ltr'>et</span> <span class='ocrx_word' id='word_1_627' title='bbox 3287 4178 3420 4232; x_wconf 85' lang='lat' dir='ltr'>abs--</span> 
     </span>
    </p>
   </div>
   <div class='ocr_carea' id='block_1_89' title="bbox 1821 4257 3418 4333">
    <p class='ocr_par' dir='ltr' id='par_1_89' title="bbox 1821 4257 3418 4333">
     <span class='ocr_line' id='line_1_89' title="bbox 1821 4257 3418 4333; baseline 0.008 -23"><span class='ocrx_word' id='word_1_628' title='bbox 1821 4273 2045 4311; x_wconf 86' lang='lat' dir='ltr'>consam</span> <span class='ocrx_word' id='word_1_629' title='bbox 2079 4257 2134 4309; x_wconf 91' lang='lat' dir='ltr'>in</span> <span class='ocrx_word' id='word_1_630' title='bbox 2168 4257 2351 4310; x_wconf 87' lang='lat' dir='ltr'>locum</span> <span class='ocrx_word' id='word_1_631' title='bbox 2382 4274 2546 4312; x_wconf 90' lang='lat' dir='ltr'>suum</span> <span class='ocrx_word' id='word_1_632' title='bbox 2583 4266 2825 4330; x_wconf 80' lang='lat' dir='ltr'>reponit.</span> <span class='ocrx_word' id='word_1_633' title='bbox 2855 4262 2917 4315; x_wconf 93' lang='lat' dir='ltr'>In</span> <span class='ocrx_word' id='word_1_634' title='bbox 2945 4262 3032 4316; x_wconf 90' lang='lat' dir='ltr'>his</span> <span class='ocrx_word' id='word_1_635' title='bbox 3057 4265 3336 4333; x_wconf 90' lang='lat' dir='ltr'>omnibus,</span> <span class='ocrx_word' id='word_1_636' title='bbox 3370 4268 3418 4323; x_wconf 90' lang='lat' dir='ltr'>si</span> 
     </span>
    </p>
   </div>
   <div class='ocr_carea' id='block_1_90' title="bbox 1823 4345 3417 4417">
    <p class='ocr_par' dir='ltr' id='par_1_90' title="bbox 1823 4345 3417 4417">
     <span class='ocr_line' id='line_1_90' title="bbox 1823 4345 3417 4417; baseline 0.008 -18"><span class='ocrx_word' id='word_1_637' title='bbox 1823 4346 1956 4417; x_wconf 91' lang='lat' dir='ltr'>quid</span> <span class='ocrx_word' id='word_1_638' title='bbox 1983 4345 2331 4416; x_wconf 75' lang='lat' dir='ltr'>negligentia:</span> <span class='ocrx_word' id='word_1_639' title='bbox 2377 4348 2718 4416; x_wconf 78' lang='lat' dir='ltr'>cognoverit,</span> <span class='ocrx_word' id='word_1_640' title='bbox 2749 4350 2854 4404; x_wconf 93' lang='lat' dir='ltr'>hoc</span> <span class='ocrx_word' id='word_1_641' title='bbox 2886 4351 2943 4405; x_wconf 89' lang='lat' dir='ltr'>in</span> <span class='ocrx_word' id='word_1_642' title='bbox 2968 4355 3214 4409; x_wconf 90' lang='lat' dir='ltr'>crastino</span> <span class='ocrx_word' id='word_1_643' title='bbox 3239 4357 3417 4412; x_wconf 88' lang='lat' dir='ltr'>recla-</span> 
     </span>
    </p>
   </div>
   <div class='ocr_carea' id='block_1_91' title="bbox 1823 4434 3419 4509">
    <p class='ocr_par' dir='ltr' id='par_1_91' title="bbox 1823 4434 3419 4509">
     <span class='ocr_line' id='line_1_91' title="bbox 1823 4434 3419 4509; baseline 0.009 -22"><span class='ocrx_word' id='word_1_644' title='bbox 1823 4434 2017 4488; x_wconf 85' lang='lat' dir='ltr'>mabit.</span> <span class='ocrx_word' id='word_1_645' title='bbox 2043 4452 2131 4488; x_wconf 83' lang='lat' dir='ltr'>un.</span> <span class='ocrx_word' id='word_1_646' title='bbox 2164 4435 2277 4487; x_wconf 85' lang='lat' dir='ltr'>Has</span> <span class='ocrx_word' id='word_1_647' title='bbox 2294 4434 2469 4488; x_wconf 88' lang='lat' dir='ltr'>circas</span> <span class='ocrx_word' id='word_1_648' title='bbox 2490 4437 2659 4490; x_wconf 82' lang='lat' dir='ltr'>etiam</span> <span class='ocrx_word' id='word_1_649' title='bbox 2683 4438 2925 4509; x_wconf 91' lang='lat' dir='ltr'>pleniter</span> <span class='ocrx_word' id='word_1_650' title='bbox 2946 4441 3198 4497; x_wconf 87' lang='lat' dir='ltr'>ordinem</span> <span class='ocrx_word' id='word_1_651' title='bbox 3221 4451 3419 4501; x_wconf 87' lang='lat' dir='ltr'>tenens</span> 
     </span>
    </p>
   </div>
   <div class='ocr_carea' id='block_1_92' title="bbox 147 4518 3421 4603">
    <p class='ocr_par' dir='ltr' id='par_1_92' title="bbox 147 4518 3421 4603">
     <span class='ocr_line' id='line_1_92' title="bbox 147 4518 3421 4603; baseline 0.002 -18"><span class='ocrx_word' id='word_1_652' title='bbox 147 4532 292 4595; x_wconf 87' lang='lat' dir='ltr'>dum,</span> <span class='ocrx_word' id='word_1_653' title='bbox 324 4533 417 4587; x_wconf 87' lang='lat' dir='ltr'>vel</span> <span class='ocrx_word' id='word_1_654' title='bbox 453 4532 525 4585; x_wconf 89' lang='lat' dir='ltr'>ad</span> <span class='ocrx_word' id='word_1_655' title='bbox 567 4546 761 4602; x_wconf 89' lang='lat' dir='ltr'>pacem</span> <span class='ocrx_word' id='word_1_656' title='bbox 801 4535 929 4601; x_wconf 89' lang='lat' dir='ltr'>post</span> <span class='ocrx_word' id='word_1_657' title='bbox 956 4528 1199 4598; x_wconf 89' lang='lat' dir='ltr'>aliquem</span> <span class='ocrx_word' id='word_1_658' title='bbox 1238 4527 1507 4588; x_wconf 90' lang='lat' dir='ltr'>albatum,</span> <span class='ocrx_word' id='word_1_659' title='bbox 1541 4524 1648 4577; x_wconf 88' lang='lat' dir='ltr'>nisi</span> <span class='ocrx_word' id='word_1_660' title='bbox 1679 4518 1885 4576; x_wconf 81' lang='lat' dir='ltr'>inDex</span> <span class='ocrx_word' id='word_1_661' title='bbox 1915 4539 2020 4576; x_wconf 91' lang='lat' dir='ltr'>usu</span> <span class='ocrx_word' id='word_1_662' title='bbox 2070 4523 2219 4576; x_wconf 85' lang='lat' dir='ltr'>facit.</span> <span class='ocrx_word' id='word_1_663' title='bbox 2255 4524 2411 4587; x_wconf 87' lang='lat' dir='ltr'>Quod</span> <span class='ocrx_word' id='word_1_664' title='bbox 2447 4524 2494 4577; x_wconf 90' lang='lat' dir='ltr'>si</span> <span class='ocrx_word' id='word_1_665' title='bbox 2526 4525 2777 4580; x_wconf 89' lang='lat' dir='ltr'>minutus</span> <span class='ocrx_word' id='word_1_666' title='bbox 2803 4534 2906 4593; x_wconf 89' lang='lat' dir='ltr'>est,</span> <span class='ocrx_word' id='word_1_667' title='bbox 2949 4531 3032 4584; x_wconf 90' lang='lat' dir='ltr'>vel</span> <span class='ocrx_word' id='word_1_668' title='bbox 3062 4532 3251 4603; x_wconf 88' lang='lat' dir='ltr'>aliqua</span> <span class='ocrx_word' id='word_1_669' title='bbox 3270 4535 3421 4590; x_wconf 83' lang='lat' dir='ltr'>inﬁr-</span> 
     </span>
    </p>
   </div>
   <div class='ocr_carea' id='block_1_93' title="bbox 148 4612 1738 4684">
    <p class='ocr_par' dir='ltr' id='par_1_93' title="bbox 148 4612 1738 4684">
     <span class='ocr_line' id='line_1_93' title="bbox 148 4612 1738 4684; baseline -0.005 -11"><span class='ocrx_word' id='word_1_670' title='bbox 148 4622 334 4676; x_wconf 88' lang='lat' dir='ltr'>ordine</span> <span class='ocrx_word' id='word_1_671' title='bbox 365 4638 471 4677; x_wconf 89' lang='lat' dir='ltr'>suo</span> <span class='ocrx_word' id='word_1_672' title='bbox 505 4619 736 4674; x_wconf 87' lang='lat' dir='ltr'>accedit.</span> <span class='ocrx_word' id='word_1_673' title='bbox 787 4620 852 4674; x_wconf 86' lang='lat' dir='ltr'>In</span> <span class='ocrx_word' id='word_1_674' title='bbox 898 4617 1055 4671; x_wconf 83' lang='lat' dir='ltr'>festis</span> <span class='ocrx_word' id='word_1_675' title='bbox 1095 4622 1304 4681; x_wconf 86' lang='lat' dir='ltr'>autem,</span> <span class='ocrx_word' id='word_1_676' title='bbox 1337 4631 1459 4684; x_wconf 77' lang='lat' dir='ltr'>quae</span> <span class='ocrx_word' id='word_1_677' title='bbox 1503 4614 1559 4667; x_wconf 85' lang='lat' dir='ltr'>in</span> <span class='ocrx_word' id='word_1_678' title='bbox 1598 4612 1738 4666; x_wconf 91' lang='lat' dir='ltr'>albis</span> 
     </span>
    </p>
   </div>
   <div class='ocr_carea' id='block_1_94' title="bbox 146 4701 1740 4780">
    <p class='ocr_par' dir='ltr' id='par_1_94' title="bbox 146 4701 1740 4780">
     <span class='ocr_line' id='line_1_94' title="bbox 146 4701 1740 4780; baseline -0.008 -15"><span class='ocrx_word' id='word_1_679' title='bbox 146 4716 413 4780; x_wconf 81' lang='lat' dir='ltr'>aguntur,</span> <span class='ocrx_word' id='word_1_680' title='bbox 445 4708 675 4763; x_wconf 89' lang='lat' dir='ltr'>absente</span> <span class='ocrx_word' id='word_1_681' title='bbox 712 4706 917 4779; x_wconf 89' lang='lat' dir='ltr'>priore,</span> <span class='ocrx_word' id='word_1_682' title='bbox 950 4706 1165 4775; x_wconf 87' lang='lat' dir='ltr'>primus</span> <span class='ocrx_word' id='word_1_683' title='bbox 1194 4705 1362 4758; x_wconf 89' lang='lat' dir='ltr'>etiam</span> <span class='ocrx_word' id='word_1_684' title='bbox 1417 4704 1486 4756; x_wconf 87' lang='lat' dir='ltr'>ad</span> <span class='ocrx_word' id='word_1_685' title='bbox 1517 4701 1740 4771; x_wconf 88' lang='lat' dir='ltr'>singula</span> 
     </span>
    </p>
   </div>
   <div class='ocr_carea' id='block_1_95' title="bbox 146 4789 1739 4868">
    <p class='ocr_par' dir='ltr' id='par_1_95' title="bbox 146 4789 1739 4868">
     <span class='ocr_line' id='line_1_95' title="bbox 146 4789 1739 4868; baseline -0.005 -18"><span class='ocrx_word' id='word_1_686' title='bbox 146 4797 464 4868; x_wconf 85' lang='lat' dir='ltr'>hujusmodi</span> <span class='ocrx_word' id='word_1_687' title='bbox 495 4796 763 4868; x_wconf 89' lang='lat' dir='ltr'>procedit,</span> <span class='ocrx_word' id='word_1_688' title='bbox 812 4800 1040 4866; x_wconf 85' lang='lat' dir='ltr'>excepto</span> <span class='ocrx_word' id='word_1_689' title='bbox 1077 4794 1124 4847; x_wconf 92' lang='lat' dir='ltr'>si</span> <span class='ocrx_word' id='word_1_690' title='bbox 1168 4794 1409 4847; x_wconf 87' lang='lat' dir='ltr'>domnus</span> <span class='ocrx_word' id='word_1_691' title='bbox 1437 4791 1608 4845; x_wconf 86' lang='lat' dir='ltr'>abbas</span> <span class='ocrx_word' id='word_1_692' title='bbox 1655 4789 1739 4842; x_wconf 88' lang='lat' dir='ltr'>vel</span> 
     </span>
    </p>
   </div>
   <div class='ocr_carea' id='block_1_96' title="bbox 144 4878 1736 4956">
    <p class='ocr_par' dir='ltr' id='par_1_96' title="bbox 144 4878 1736 4956">
     <span class='ocr_line' id='line_1_96' title="bbox 144 4878 1736 4956; baseline -0.004 -17"><span class='ocrx_word' id='word_1_693' title='bbox 144 4886 291 4956; x_wconf 88' lang='lat' dir='ltr'>prior</span> <span class='ocrx_word' id='word_1_694' title='bbox 331 4887 562 4941; x_wconf 88' lang='lat' dir='ltr'>missam</span> <span class='ocrx_word' id='word_1_695' title='bbox 613 4890 803 4939; x_wconf 84' lang='lat' dir='ltr'>cantat</span> <span class='ocrx_word' id='word_1_696' title='bbox 834 4884 894 4937; x_wconf 90' lang='lat' dir='ltr'>in</span> <span class='ocrx_word' id='word_1_697' title='bbox 937 4888 1213 4937; x_wconf 91' lang='lat' dir='ltr'>conventu</span> <span class='ocrx_word' id='word_1_698' title='bbox 1265 4900 1277 4935; x_wconf 90' lang='lat'><strong>:</strong></span> <span class='ocrx_word' id='word_1_699' title='bbox 1334 4884 1355 4905; x_wconf 63' lang='grc' dir='ltr'><strong>θ</strong></span> <span class='ocrx_word' id='word_1_700' title='bbox 1398 4886 1533 4934; x_wconf 91' lang='lat' dir='ltr'>tunc</span> <span class='ocrx_word' id='word_1_701' title='bbox 1586 4878 1736 4933; x_wconf 90' lang='lat' dir='ltr'>enim</span> 
     </span>
    </p>
   </div>
   <div class='ocr_carea' id='block_1_97' title="bbox 143 4968 1735 5043">
    <p class='ocr_par' dir='ltr' id='par_1_97' title="bbox 143 4968 1735 5043">
     <span class='ocr_line' id='line_1_97' title="bbox 143 4968 1735 5043; baseline -0.004 -16"><span class='ocrx_word' id='word_1_702' title='bbox 143 4976 290 5030; x_wconf 90' lang='lat' dir='ltr'>nullo</span> <span class='ocrx_word' id='word_1_703' title='bbox 314 4975 485 5030; x_wconf 88' lang='lat' dir='ltr'>modo</span> <span class='ocrx_word' id='word_1_704' title='bbox 514 4991 574 5028; x_wconf 88' lang='lat' dir='ltr'>se</span> <span class='ocrx_word' id='word_1_705' title='bbox 603 4973 850 5043; x_wconf 87' lang='lat' dir='ltr'>primum</span> <span class='ocrx_word' id='word_1_706' title='bbox 902 4972 991 5026; x_wconf 90' lang='lat' dir='ltr'>his</span> <span class='ocrx_word' id='word_1_707' title='bbox 1044 4971 1310 5035; x_wconf 88' lang='lat' dir='ltr'>admittit,</span> <span class='ocrx_word' id='word_1_708' title='bbox 1339 4969 1449 5023; x_wconf 89' lang='lat' dir='ltr'>nisi</span> <span class='ocrx_word' id='word_1_709' title='bbox 1483 4968 1735 5023; x_wconf 82' lang='lat' dir='ltr'>omnium</span> 
     </span>
    </p>
   </div>
   <div class='ocr_carea' id='block_1_98' title="bbox 143 5058 1739 5133">
    <p class='ocr_par' dir='ltr' id='par_1_98' title="bbox 143 5058 1739 5133">
     <span class='ocr_line' id='line_1_98' title="bbox 143 5058 1739 5133; baseline -0.005 -15"><span class='ocrx_word' id='word_1_710' title='bbox 143 5063 290 5133; x_wconf 84' lang='lat' dir='ltr'>prior</span> <span class='ocrx_word' id='word_1_711' title='bbox 327 5064 389 5117; x_wconf 91' lang='lat' dir='ltr'>in</span> <span class='ocrx_word' id='word_1_712' title='bbox 430 5062 626 5117; x_wconf 89' lang='lat' dir='ltr'>ordine</span> <span class='ocrx_word' id='word_1_713' title='bbox 672 5061 765 5115; x_wconf 88' lang='lat' dir='ltr'>sit.</span> <span class='ocrx_word' id='word_1_714' title='bbox 827 5059 1099 5124; x_wconf 85' lang='lat' dir='ltr'>Quotiens</span> <span class='ocrx_word' id='word_1_715' title='bbox 1130 5059 1249 5129; x_wconf 90' lang='lat' dir='ltr'>ipse</span> <span class='ocrx_word' id='word_1_716' title='bbox 1294 5058 1547 5112; x_wconf 91' lang='lat' dir='ltr'>ordinem</span> <span class='ocrx_word' id='word_1_717' title='bbox 1580 5062 1739 5110; x_wconf 81' lang='lat' dir='ltr'>tenet</span> 
     </span>
    </p>
   </div>
   <div class='ocr_carea' id='block_1_99' title="bbox 142 5146 1736 5222">
    <p class='ocr_par' dir='ltr' id='par_1_99' title="bbox 142 5146 1736 5222">
     <span class='ocr_line' id='line_1_99' title="bbox 142 5146 1736 5222; baseline -0.004 -17"><span class='ocrx_word' id='word_1_718' title='bbox 142 5150 232 5217; x_wconf 88' lang='lat' dir='ltr'>ita,</span> <span class='ocrx_word' id='word_1_719' title='bbox 286 5157 357 5207; x_wconf 89' lang='lat' dir='ltr'>ut</span> <span class='ocrx_word' id='word_1_720' title='bbox 398 5168 582 5222; x_wconf 90' lang='lat' dir='ltr'>neque</span> <span class='ocrx_word' id='word_1_721' title='bbox 633 5150 905 5204; x_wconf 88' lang='lat' dir='ltr'>domnum</span> <span class='ocrx_word' id='word_1_722' title='bbox 960 5148 1221 5203; x_wconf 84' lang='lat' dir='ltr'>abbatem</span> <span class='ocrx_word' id='word_1_723' title='bbox 1269 5164 1452 5218; x_wconf 89' lang='lat' dir='ltr'>neque</span> <span class='ocrx_word' id='word_1_724' title='bbox 1496 5146 1736 5217; x_wconf 90' lang='lat' dir='ltr'>priorem</span> 
     </span>
    </p>
   </div>
   <div class='ocr_carea' id='block_1_100' title="bbox 142 5236 1728 5309">
    <p class='ocr_par' dir='ltr' id='par_1_100' title="bbox 142 5236 1728 5309">
     <span class='ocr_line' id='line_1_100' title="bbox 142 5236 1728 5309; baseline -0.004 -16"><span class='ocrx_word' id='word_1_725' title='bbox 142 5240 363 5295; x_wconf 88' lang='lat' dir='ltr'>interim</span> <span class='ocrx_word' id='word_1_726' title='bbox 409 5240 671 5295; x_wconf 87' lang='lat' dir='ltr'>advenire</span> <span class='ocrx_word' id='word_1_727' title='bbox 722 5242 929 5309; x_wconf 88' lang='lat' dir='ltr'>speret,</span> <span class='ocrx_word' id='word_1_728' title='bbox 983 5244 1120 5291; x_wconf 90' lang='lat' dir='ltr'>tunc</span> <span class='ocrx_word' id='word_1_729' title='bbox 1170 5237 1240 5290; x_wconf 89' lang='lat' dir='ltr'>ad</span> <span class='ocrx_word' id='word_1_730' title='bbox 1298 5236 1728 5306; x_wconf 83' lang='lat' dir='ltr'>processionem,</span> 
     </span>
    </p>
   </div>
   <div class='ocr_carea' id='block_1_101' title="bbox 145 5325 1730 5401">
    <p class='ocr_par' dir='ltr' id='par_1_101' title="bbox 145 5325 1730 5401">
     <span class='ocr_line' id='line_1_101' title="bbox 145 5325 1730 5401; baseline -0.004 -18"><span class='ocrx_word' id='word_1_731' title='bbox 145 5346 260 5400; x_wconf 68' lang='lat' dir='ltr'>qua:</span> <span class='ocrx_word' id='word_1_732' title='bbox 282 5330 513 5401; x_wconf 87' lang='lat' dir='ltr'>privatis</span> <span class='ocrx_word' id='word_1_733' title='bbox 541 5328 737 5382; x_wconf 88' lang='lat' dir='ltr'>diebus</span> <span class='ocrx_word' id='word_1_734' title='bbox 765 5327 972 5397; x_wconf 84' lang='lat' dir='ltr'>agitur,</span> <span class='ocrx_word' id='word_1_735' title='bbox 994 5326 1227 5380; x_wconf 87' lang='lat' dir='ltr'>ultimus</span> <span class='ocrx_word' id='word_1_736' title='bbox 1259 5325 1483 5387; x_wconf 80' lang='lat' dir='ltr'>incedit,</span> <span class='ocrx_word' id='word_1_737' title='bbox 1518 5330 1575 5377; x_wconf 90' lang='lat' dir='ltr'>et</span> <span class='ocrx_word' id='word_1_738' title='bbox 1604 5341 1730 5377; x_wconf 86' lang='lat' dir='ltr'>cum</span> 
     </span>
    </p>
   </div>
   <div class='ocr_carea' id='block_1_102' title="bbox 145 5413 1732 5481">
    <p class='ocr_par' dir='ltr' id='par_1_102' title="bbox 145 5413 1732 5481">
     <span class='ocr_line' id='line_1_102' title="bbox 145 5413 1732 5481; baseline -0.002 -13"><span class='ocrx_word' id='word_1_739' title='bbox 145 5419 358 5473; x_wconf 85' lang='lat' dir='ltr'>venerit</span> <span class='ocrx_word' id='word_1_740' title='bbox 378 5419 447 5473; x_wconf 88' lang='lat' dir='ltr'>ad</span> <span class='ocrx_word' id='word_1_741' title='bbox 474 5420 530 5473; x_wconf 91' lang='lat' dir='ltr'>S.</span> <span class='ocrx_word' id='word_1_742' title='bbox 565 5417 821 5481; x_wconf 88' lang='lat' dir='ltr'>Mariam,</span> <span class='ocrx_word' id='word_1_743' title='bbox 877 5416 935 5469; x_wconf 91' lang='lat' dir='ltr'>in</span> <span class='ocrx_word' id='word_1_744' title='bbox 989 5416 1158 5468; x_wconf 86' lang='lat' dir='ltr'>choro</span> <span class='ocrx_word' id='word_1_745' title='bbox 1201 5415 1428 5467; x_wconf 86' lang='lat' dir='ltr'>sinistro</span> <span class='ocrx_word' id='word_1_746' title='bbox 1458 5413 1732 5476; x_wconf 83' lang='lat' dir='ltr'>consistit,</span> 
     </span>
    </p>
   </div>
   <div class='ocr_carea' id='block_1_103' title="bbox 148 5502 1736 5576">
    <p class='ocr_par' dir='ltr' id='par_1_103' title="bbox 148 5502 1736 5576">
     <span class='ocr_line' id='line_1_103' title="bbox 148 5502 1736 5576; baseline -0.005 -14"><span class='ocrx_word' id='word_1_747' title='bbox 148 5509 368 5562; x_wconf 89' lang='lat' dir='ltr'>etiamsi</span> <span class='ocrx_word' id='word_1_748' title='bbox 400 5508 460 5562; x_wconf 91' lang='lat' dir='ltr'>in</span> <span class='ocrx_word' id='word_1_749' title='bbox 512 5508 707 5561; x_wconf 87' lang='lat' dir='ltr'>dextro</span> <span class='ocrx_word' id='word_1_750' title='bbox 736 5506 860 5576; x_wconf 89' lang='lat' dir='ltr'>ejus</span> <span class='ocrx_word' id='word_1_751' title='bbox 912 5505 1081 5559; x_wconf 87' lang='lat' dir='ltr'>statio</span> <span class='ocrx_word' id='word_1_752' title='bbox 1128 5504 1318 5557; x_wconf 89' lang='lat' dir='ltr'>fuerit.</span> <span class='ocrx_word' id='word_1_753' title='bbox 1363 5503 1419 5557; x_wconf 89' lang='lat' dir='ltr'>Si</span> <span class='ocrx_word' id='word_1_754' title='bbox 1458 5502 1548 5555; x_wconf 87' lang='lat' dir='ltr'>cui</span> <span class='ocrx_word' id='word_1_755' title='bbox 1597 5518 1736 5572; x_wconf 83' lang='lat' dir='ltr'>Opus</span> 
     </span>
    </p>
   </div>
   <div class='ocr_carea' id='block_1_104' title="bbox 147 5590 1735 5666">
    <p class='ocr_par' dir='ltr' id='par_1_104' title="bbox 147 5590 1735 5666">
     <span class='ocr_line' id='line_1_104' title="bbox 147 5590 1735 5666; baseline -0.005 -16"><span class='ocrx_word' id='word_1_756' title='bbox 147 5595 317 5650; x_wconf 86' lang='lat' dir='ltr'>fuerit</span> <span class='ocrx_word' id='word_1_757' title='bbox 347 5595 576 5651; x_wconf 88' lang='lat' dir='ltr'>absente</span> <span class='ocrx_word' id='word_1_758' title='bbox 599 5595 786 5666; x_wconf 90' lang='lat' dir='ltr'>priore</span> <span class='ocrx_word' id='word_1_759' title='bbox 814 5593 885 5647; x_wconf 91' lang='lat' dir='ltr'>ad</span> <span class='ocrx_word' id='word_1_760' title='bbox 917 5591 1288 5646; x_wconf 81' lang='lat' dir='ltr'>inﬁrmariam</span> <span class='ocrx_word' id='word_1_761' title='bbox 1313 5590 1497 5662; x_wconf 89' lang='lat' dir='ltr'>gratia</span> <span class='ocrx_word' id='word_1_762' title='bbox 1530 5606 1735 5660; x_wconf 87' lang='lat' dir='ltr'>repau-</span> 
     </span>
    </p>
   </div>
   <div class='ocr_carea' id='block_1_105' title="bbox 148 5677 1733 5752">
    <p class='ocr_par' dir='ltr' id='par_1_105' title="bbox 148 5677 1733 5752">
     <span class='ocr_line' id='line_1_105' title="bbox 148 5677 1733 5752; baseline -0.003 -15"><span class='ocrx_word' id='word_1_763' title='bbox 148 5683 382 5740; x_wconf 87' lang='lat' dir='ltr'>sationis</span> <span class='ocrx_word' id='word_1_764' title='bbox 435 5684 520 5739; x_wconf 89' lang='lat' dir='ltr'>ire</span> <span class='ocrx_word' id='word_1_765' title='bbox 572 5681 846 5750; x_wconf 88' lang='lat' dir='ltr'>concedit,</span> <span class='ocrx_word' id='word_1_766' title='bbox 894 5680 1127 5752; x_wconf 89' lang='lat' dir='ltr'>ipseque</span> <span class='ocrx_word' id='word_1_767' title='bbox 1169 5679 1316 5734; x_wconf 88' lang='lat' dir='ltr'>infra</span> <span class='ocrx_word' id='word_1_768' title='bbox 1375 5677 1733 5733; x_wconf 88' lang='lat' dir='ltr'>refectionem</span> 
     </span>
    </p>
   </div>
   <div class='ocr_carea' id='block_1_106' title="bbox 382 5784 807 5846">
    <p class='ocr_par' dir='ltr' id='par_1_106' title="bbox 382 5784 807 5846">
     <span class='ocr_line' id='line_1_106' title="bbox 382 5784 807 5846; baseline 0.002 -2"><span class='ocrx_word' id='word_1_769' title='bbox 382 5784 644 5846; x_wconf 73' lang='lat' dir='ltr'>PATROL.</span> <span class='ocrx_word' id='word_1_770' title='bbox 690 5784 807 5845; x_wconf 87' lang='lat' dir='ltr'>CL.</span> 
     </span>
    </p>
   </div>
   <div class='ocr_carea' id='block_1_107' title="bbox 1821 4611 3137 4687">
    <p class='ocr_par' dir='ltr' id='par_1_107' title="bbox 1821 4611 3137 4687">
     <span class='ocr_line' id='line_1_107' title="bbox 1821 4611 3137 4687; baseline 0.007 -24"><span class='ocrx_word' id='word_1_771' title='bbox 1821 4611 2016 4664; x_wconf 89' lang='lat' dir='ltr'>mitate</span> <span class='ocrx_word' id='word_1_772' title='bbox 2034 4618 2317 4680; x_wconf 89' lang='lat' dir='ltr'>gravatus,</span> <span class='ocrx_word' id='word_1_773' title='bbox 2352 4611 2446 4664; x_wconf 87' lang='lat' dir='ltr'>alii</span> <span class='ocrx_word' id='word_1_774' title='bbox 2477 4611 2546 4664; x_wconf 88' lang='lat' dir='ltr'>ab</span> <span class='ocrx_word' id='word_1_775' title='bbox 2577 4629 2642 4665; x_wconf 91' lang='lat' dir='ltr'>eo</span> <span class='ocrx_word' id='word_1_776' title='bbox 2670 4614 2775 4668; x_wconf 92' lang='lat' dir='ltr'>hoc</span> <span class='ocrx_word' id='word_1_777' title='bbox 2802 4615 3137 4687; x_wconf 84' lang='lat' dir='ltr'>injungitur.</span> 
     </span>
    </p>
   </div>
   <div class='ocr_carea' id='block_1_108' title="bbox 1892 4698 3416 4778">
    <p class='ocr_par' dir='ltr' id='par_1_108' title="bbox 1892 4698 3416 4778">
     <span class='ocr_line' id='line_1_108' title="bbox 1892 4698 3416 4778; baseline 0.007 -25"><span class='ocrx_word' id='word_1_778' title='bbox 1892 4700 1965 4754; x_wconf 92' lang='lat' dir='ltr'>Ut</span> <span class='ocrx_word' id='word_1_779' title='bbox 1993 4705 2179 4753; x_wconf 87' lang='lat' dir='ltr'>autem</span> <span class='ocrx_word' id='word_1_780' title='bbox 2206 4698 2446 4752; x_wconf 81' lang='lat' dir='ltr'>breviter</span> <span class='ocrx_word' id='word_1_781' title='bbox 2469 4700 2539 4753; x_wconf 91' lang='lat' dir='ltr'>de</span> <span class='ocrx_word' id='word_1_782' title='bbox 2579 4702 2703 4771; x_wconf 87' lang='lat' dir='ltr'>ejus</span> <span class='ocrx_word' id='word_1_783' title='bbox 2754 4702 2934 4757; x_wconf 86' lang='lat' dir='ltr'>ofﬁcio</span> <span class='ocrx_word' id='word_1_784' title='bbox 2977 4708 3332 4778; x_wconf 87' lang='lat' dir='ltr'>concludam;</span> <span class='ocrx_word' id='word_1_785' title='bbox 3368 4713 3416 4767; x_wconf 87' lang='lat' dir='ltr'>si</span> 
     </span>
    </p>
   </div>
   <div class='ocr_carea' id='block_1_109' title="bbox 1821 4786 3414 4862">
    <p class='ocr_par' dir='ltr' id='par_1_109' title="bbox 1821 4786 3414 4862">
     <span class='ocr_line' id='line_1_109' title="bbox 1821 4786 3414 4862; baseline 0.003 -21"><span class='ocrx_word' id='word_1_786' title='bbox 1821 4788 2060 4841; x_wconf 89' lang='lat' dir='ltr'>domnus</span> <span class='ocrx_word' id='word_1_787' title='bbox 2097 4786 2267 4841; x_wconf 87' lang='lat' dir='ltr'>abbas</span> <span class='ocrx_word' id='word_1_788' title='bbox 2294 4803 2402 4841; x_wconf 89' lang='lat' dir='ltr'>non</span> <span class='ocrx_word' id='word_1_789' title='bbox 2436 4788 2614 4853; x_wconf 82' lang='lat' dir='ltr'>adest,</span> <span class='ocrx_word' id='word_1_790' title='bbox 2656 4806 2839 4860; x_wconf 90' lang='lat' dir='ltr'>neque</span> <span class='ocrx_word' id='word_1_791' title='bbox 2863 4793 3035 4862; x_wconf 87' lang='lat' dir='ltr'>prior,</span> <span class='ocrx_word' id='word_1_792' title='bbox 3070 4812 3180 4851; x_wconf 88' lang='lat' dir='ltr'>non</span> <span class='ocrx_word' id='word_1_793' title='bbox 3231 4801 3414 4856; x_wconf 80' lang='lat' dir='ltr'>solum</span> 
     </span>
    </p>
   </div>
   <div class='ocr_carea' id='block_1_110' title="bbox 1821 4874 3413 4960">
    <p class='ocr_par' dir='ltr' id='par_1_110' title="bbox 1821 4874 3413 4960">
     <span class='ocr_line' id='line_1_110' title="bbox 1821 4874 3413 4960; baseline 0.009 -31"><span class='ocrx_word' id='word_1_794' title='bbox 1821 4893 2015 4930; x_wconf 91' lang='lat' dir='ltr'>omnes</span> <span class='ocrx_word' id='word_1_795' title='bbox 2071 4874 2480 4941; x_wconf 86' lang='lat' dir='ltr'>obedientiarii,</span> <span class='ocrx_word' id='word_1_796' title='bbox 2540 4876 2636 4947; x_wconf 89' lang='lat' dir='ltr'>qui</span> <span class='ocrx_word' id='word_1_797' title='bbox 2686 4878 2744 4931; x_wconf 92' lang='lat' dir='ltr'>in</span> <span class='ocrx_word' id='word_1_798' title='bbox 2802 4880 3046 4937; x_wconf 86' lang='lat' dir='ltr'>claustro</span> <span class='ocrx_word' id='word_1_799' title='bbox 3092 4893 3243 4952; x_wconf 90' lang='lat' dir='ltr'>sunt,</span> <span class='ocrx_word' id='word_1_800' title='bbox 3290 4891 3413 4960; x_wconf 82' lang='lat' dir='ltr'>ejus</span> 
     </span>
    </p>
   </div>
   <div class='ocr_carea' id='block_1_111' title="bbox 1821 4964 3414 5049">
    <p class='ocr_par' dir='ltr' id='par_1_111' title="bbox 1821 4964 3414 5049">
     <span class='ocr_line' id='line_1_111' title="bbox 1821 4964 3414 5049; baseline 0.01 -31"><span class='ocrx_word' id='word_1_801' title='bbox 1821 4971 2096 5037; x_wconf 69' lang='lat' dir='ltr'>praecepto</span> <span class='ocrx_word' id='word_1_802' title='bbox 2128 4964 2414 5027; x_wconf 87' lang='lat' dir='ltr'>obediunt,</span> <span class='ocrx_word' id='word_1_803' title='bbox 2457 4965 2556 5019; x_wconf 76' lang='lat' dir='ltr'>sed</span> <span class='ocrx_word' id='word_1_804' title='bbox 2604 4965 2772 5020; x_wconf 84' lang='lat' dir='ltr'>etiam</span> <span class='ocrx_word' id='word_1_805' title='bbox 2811 4967 2915 5038; x_wconf 89' lang='lat' dir='ltr'>ipsi</span> <span class='ocrx_word' id='word_1_806' title='bbox 2941 4971 3137 5027; x_wconf 88' lang='lat' dir='ltr'>decani</span> <span class='ocrx_word' id='word_1_807' title='bbox 3163 4977 3235 5031; x_wconf 86' lang='lat' dir='ltr'>ad</span> <span class='ocrx_word' id='word_1_808' title='bbox 3267 4995 3414 5049; x_wconf 73' lang='lat' dir='ltr'>quae-</span> 
     </span>
    </p>
   </div>
   <div class='ocr_carea' id='block_1_112' title="bbox 1818 5052 3407 5131">
    <p class='ocr_par' dir='ltr' id='par_1_112' title="bbox 1818 5052 3407 5131">
     <span class='ocr_line' id='line_1_112' title="bbox 1818 5052 3407 5131; baseline 0.01 -23"><span class='ocrx_word' id='word_1_809' title='bbox 1818 5071 2039 5125; x_wconf 90' lang='lat' dir='ltr'>cunque</span> <span class='ocrx_word' id='word_1_810' title='bbox 2063 5071 2203 5125; x_wconf 88' lang='lat' dir='ltr'>opus</span> <span class='ocrx_word' id='word_1_811' title='bbox 2230 5053 2416 5107; x_wconf 86' lang='lat' dir='ltr'>fuerit.</span> <span class='ocrx_word' id='word_1_812' title='bbox 2449 5052 2696 5124; x_wconf 88' lang='lat' dir='ltr'>Ideoque</span> <span class='ocrx_word' id='word_1_813' title='bbox 2715 5056 2872 5110; x_wconf 88' lang='lat' dir='ltr'>valde</span> <span class='ocrx_word' id='word_1_814' title='bbox 2893 5064 3270 5120; x_wconf 88' lang='lat' dir='ltr'>necessarium</span> <span class='ocrx_word' id='word_1_815' title='bbox 3303 5076 3407 5131; x_wconf 89' lang='lat' dir='ltr'>est,</span> 
     </span>
    </p>
   </div>
   <div class='ocr_carea' id='block_1_113' title="bbox 1818 5143 3415 5226">
    <p class='ocr_par' dir='ltr' id='par_1_113' title="bbox 1818 5143 3415 5226">
     <span class='ocr_line' id='line_1_113' title="bbox 1818 5143 3415 5226; baseline 0.006 -28"><span class='ocrx_word' id='word_1_816' title='bbox 1818 5150 1882 5198; x_wconf 88' lang='lat' dir='ltr'>ut</span> <span class='ocrx_word' id='word_1_817' title='bbox 1906 5144 2037 5197; x_wconf 85' lang='lat' dir='ltr'>talis</span> <span class='ocrx_word' id='word_1_818' title='bbox 2066 5143 2459 5205; x_wconf 91' lang='lat' dir='ltr'>constituatur,</span> <span class='ocrx_word' id='word_1_819' title='bbox 2505 5143 2601 5212; x_wconf 87' lang='lat' dir='ltr'>qui</span> <span class='ocrx_word' id='word_1_820' title='bbox 2648 5143 2717 5196; x_wconf 92' lang='lat' dir='ltr'>ad</span> <span class='ocrx_word' id='word_1_821' title='bbox 2758 5149 2844 5197; x_wconf 92' lang='lat' dir='ltr'>tot</span> <span class='ocrx_word' id='word_1_822' title='bbox 2872 5150 3141 5219; x_wconf 89' lang='lat' dir='ltr'>tantaque</span> <span class='ocrx_word' id='word_1_823' title='bbox 3186 5159 3415 5226; x_wconf 80' lang='lat' dir='ltr'>negotia</span> 
     </span>
    </p>
   </div>
   <div class='ocr_carea' id='block_1_114' title="bbox 1816 5229 3409 5303">
    <p class='ocr_par' dir='ltr' id='par_1_114' title="bbox 1816 5229 3409 5303">
     <span class='ocr_line' id='line_1_114' title="bbox 1816 5229 3409 5303; baseline 0.001 -17"><span class='ocrx_word' id='word_1_824' title='bbox 1816 5232 2167 5303; x_wconf 84' lang='lat' dir='ltr'>procuranda</span> <span class='ocrx_word' id='word_1_825' title='bbox 2190 5231 2421 5284; x_wconf 89' lang='lat' dir='ltr'>idoneus</span> <span class='ocrx_word' id='word_1_826' title='bbox 2450 5229 2740 5287; x_wconf 89' lang='lat' dir='ltr'>habeatur.</span> <span class='ocrx_word' id='word_1_827' title='bbox 2772 5234 2798 5258; x_wconf 86' lang='lat'>*</span> <span class='ocrx_word' id='word_1_828' title='bbox 2828 5233 2930 5287; x_wconf 85' lang='lat' dir='ltr'>Hic</span> <span class='ocrx_word' id='word_1_829' title='bbox 2960 5237 3088 5291; x_wconf 86' lang='lat' dir='ltr'>talis</span> <span class='ocrx_word' id='word_1_830' title='bbox 3116 5240 3231 5296; x_wconf 87' lang='lat' dir='ltr'>sive</span> <span class='ocrx_word' id='word_1_831' title='bbox 3257 5249 3409 5302; x_wconf 88' lang='lat' dir='ltr'>ordi-</span> 
     </span>
    </p>
   </div>
   <div class='ocr_carea' id='block_1_115' title="bbox 1815 5320 3413 5394">
    <p class='ocr_par' dir='ltr' id='par_1_115' title="bbox 1815 5320 3413 5394">
     <span class='ocr_line' id='line_1_115' title="bbox 1815 5320 3413 5394; baseline 0.008 -20"><span class='ocrx_word' id='word_1_832' title='bbox 1815 5338 1944 5374; x_wconf 87' lang='lat' dir='ltr'>nem</span> <span class='ocrx_word' id='word_1_833' title='bbox 1968 5328 2183 5380; x_wconf 84' lang='lat' dir='ltr'>tenens,</span> <span class='ocrx_word' id='word_1_834' title='bbox 2218 5337 2345 5373; x_wconf 80' lang='lat' dir='ltr'>mox</span> <span class='ocrx_word' id='word_1_835' title='bbox 2373 5324 2437 5374; x_wconf 91' lang='lat' dir='ltr'>ut</span> <span class='ocrx_word' id='word_1_836' title='bbox 2464 5320 2622 5373; x_wconf 90' lang='lat' dir='ltr'>audit</span> <span class='ocrx_word' id='word_1_837' title='bbox 2643 5322 2865 5390; x_wconf 85' lang='lat' dir='ltr'>signum</span> <span class='ocrx_word' id='word_1_838' title='bbox 2897 5324 3229 5394; x_wconf 89' lang='lat' dir='ltr'>collationis,</span> <span class='ocrx_word' id='word_1_839' title='bbox 3245 5333 3413 5392; x_wconf 81' lang='lat' dir='ltr'>debet</span> 
     </span>
    </p>
   </div>
   <div class='ocr_carea' id='block_1_116' title="bbox 1818 5409 3407 5481">
    <p class='ocr_par' dir='ltr' id='par_1_116' title="bbox 1818 5409 3407 5481">
     <span class='ocr_line' id='line_1_116' title="bbox 1818 5409 3407 5481; baseline 0.008 -18"><span class='ocrx_word' id='word_1_840' title='bbox 1818 5410 2124 5480; x_wconf 89' lang='lat' dir='ltr'>capitulum</span> <span class='ocrx_word' id='word_1_841' title='bbox 2180 5409 2413 5475; x_wconf 85' lang='lat' dir='ltr'>intrare,</span> <span class='ocrx_word' id='word_1_842' title='bbox 2451 5426 2520 5463; x_wconf 90' lang='lat' dir='ltr'>ne</span> <span class='ocrx_word' id='word_1_843' title='bbox 2563 5418 2758 5481; x_wconf 86' lang='lat' dir='ltr'>postea</span> <span class='ocrx_word' id='word_1_844' title='bbox 2810 5410 3028 5467; x_wconf 86' lang='lat' dir='ltr'>intrans</span> <span class='ocrx_word' id='word_1_845' title='bbox 3072 5429 3407 5480; x_wconf 85' lang='lat' dir='ltr'>conventum</span> 
     </span>
    </p>
   </div>
   <div class='ocr_carea' id='block_1_117' title="bbox 1818 5498 3406 5579">
    <p class='ocr_par' dir='ltr' id='par_1_117' title="bbox 1818 5498 3406 5579">
     <span class='ocr_line' id='line_1_117' title="bbox 1818 5498 3406 5579; baseline 0.006 -28"><span class='ocrx_word' id='word_1_846' title='bbox 1818 5498 1986 5552; x_wconf 86' lang='lat' dir='ltr'>faciat</span> <span class='ocrx_word' id='word_1_847' title='bbox 2029 5499 2373 5569; x_wconf 87' lang='lat' dir='ltr'>assurgendo</span> <span class='ocrx_word' id='word_1_848' title='bbox 2425 5498 2698 5553; x_wconf 85' lang='lat' dir='ltr'>laborare.</span> <span class='ocrx_word' id='word_1_849' title='bbox 2751 5499 3028 5556; x_wconf 83' lang='lat' dir='ltr'>Caeterum</span> <span class='ocrx_word' id='word_1_850' title='bbox 3083 5521 3406 5579; x_wconf 86' lang='lat' dir='ltr'>quanquam</span> 
     </span>
    </p>
   </div>
   <div class='ocr_carea' id='block_1_118' title="bbox 1817 5587 3405 5670">
    <p class='ocr_par' dir='ltr' id='par_1_118' title="bbox 1817 5587 3405 5670">
     <span class='ocr_line' id='line_1_118' title="bbox 1817 5587 3405 5670; baseline 0.01 -29"><span class='ocrx_word' id='word_1_851' title='bbox 1817 5588 1935 5642; x_wconf 66' lang='lat' dir='ltr'>haec</span> <span class='ocrx_word' id='word_1_852' title='bbox 1962 5587 2169 5653; x_wconf 87' lang='lat' dir='ltr'>omnia,</span> <span class='ocrx_word' id='word_1_853' title='bbox 2203 5605 2325 5659; x_wconf 72' lang='lat' dir='ltr'>qua:</span> <span class='ocrx_word' id='word_1_854' title='bbox 2353 5605 2520 5659; x_wconf 89' lang='lat' dir='ltr'>supra</span> <span class='ocrx_word' id='word_1_855' title='bbox 2564 5589 2713 5643; x_wconf 88' lang='lat' dir='ltr'>dicta</span> <span class='ocrx_word' id='word_1_856' title='bbox 2749 5597 2900 5653; x_wconf 89' lang='lat' dir='ltr'>sunt,</span> <span class='ocrx_word' id='word_1_857' title='bbox 2944 5592 3176 5650; x_wconf 91' lang='lat' dir='ltr'>licenter</span> <span class='ocrx_word' id='word_1_858' title='bbox 3216 5598 3405 5670; x_wconf 70' lang='lat' dir='ltr'>faciat,</span> 
     </span>
    </p>
   </div>
   <div class='ocr_carea' id='block_1_119' title="bbox 1817 5676 3412 5761">
    <p class='ocr_par' dir='ltr' id='par_1_119' title="bbox 1817 5676 3412 5761">
     <span class='ocr_line' id='line_1_119' title="bbox 1817 5676 3412 5761; baseline 0.011 -30"><span class='ocrx_word' id='word_1_859' title='bbox 1817 5676 2003 5750; x_wconf 88' lang='lat' dir='ltr'>priore</span> <span class='ocrx_word' id='word_1_860' title='bbox 2028 5682 2231 5731; x_wconf 74' lang='lat' dir='ltr'>tamen&#39;</span> <span class='ocrx_word' id='word_1_861' title='bbox 2249 5676 2307 5731; x_wconf 91' lang='lat' dir='ltr'>in</span> <span class='ocrx_word' id='word_1_862' title='bbox 2355 5682 2630 5734; x_wconf 83' lang='lat' dir='ltr'>conventu</span> <span class='ocrx_word' id='word_1_863' title='bbox 2672 5685 2956 5749; x_wconf 87' lang='lat' dir='ltr'>manente,</span> <span class='ocrx_word' id='word_1_864' title='bbox 2996 5684 3137 5739; x_wconf 87' lang='lat' dir='ltr'>nulli</span> <span class='ocrx_word' id='word_1_865' title='bbox 3165 5687 3302 5761; x_wconf 88' lang='lat' dir='ltr'>quid</span> <span class='ocrx_word' id='word_1_866' title='bbox 3330 5689 3412 5748; x_wconf 85' lang='lat' dir='ltr'>fa-</span> 
     </span>
    </p>
   </div>
   <div class='ocr_carea' id='block_1_120' title="bbox 3092 5788 3171 5847">
    <p class='ocr_par' dir='ltr' id='par_1_120' title="bbox 3092 5788 3171 5847">
     <span class='ocr_line' id='line_1_120' title="bbox 3092 5788 3171 5847; baseline -0.013 0"><span class='ocrx_word' id='word_1_867' title='bbox 3092 5788 3171 5847; x_wconf 75' lang='grc'>44</span> 
     </span>
    </p>
   </div>
  </div>
