3934 6380
542 357 687 426 1067

1586 356 1643 417 6..
1686 353 2081 415 GUILLELMI
2114 352 2423 425 ΑωΑΤιε
2456 350 2801 417 amemus.

3682 349 3851 411 $068

554 480 740 555 piandi
769 481 857 541 vel
884 479 1154 552 loquendi
1200 479 1486 547 licentiam
1516 481 1651 549 dat;
1686 480 1791 535 sed
1821 480 1881 535 in
1908 481 2015 534 hoc
2038 484 2219 541 nonA
2236 494 2409 534 causa
2431 477 2582 547 ierit,
2613 494 2742 535 eum
2768 476 2947 533 latere
2969 478 3229 546 nequeat.
3262 472 3375 530 Sed
3402 475 3728 543 antequam
3761 474 3853 541 ηἰξιι

549 575 801 637 notatur,
843 569 892 637 si
919 574 1056 624 tunc
1084 570 1354 642 temporis
1402 571 1460 626 in
1498 570 1638 624 cella
1664 569 2025 637 novitiorum,
2059 569 2147 623 vel
2229 572 2436 631 autem,
2468 566 2707 629 dicatur,
2740 564 3064 635 regrediens
3111 567 3289 628 notat,
3330 561 3379 619 si
3427 562 3663 625 fratres,
3693 578 3853 632 .quos

548 658 613 731 in
636 658 762 715 aliis
780 658 1186 714 .claustralibus
1235 658 1490 723 ofﬁcinis,
1520 658 1605 713 vel
1654 675 1757 713 sua
1802 664 2019 728 sponte,
2062 658 2148 712 vel
2221 656 2454 719 ,transit,
2504 654 2838 709 combinatis
2870 652 3112 723 pedibus
3141 651 3395 720 sedeant,
3414 650 3478 710 .si
3505 666 3622 721 per
3649 650 3856 707 omnia

552 746 624 815 ab
652 748 842 818 aliquo
870 752 1123 817 rogatus,
1142 747 1286 817 quod
1308 764 1530 805 necesse
1552 752 1655 811 est,
1669 747 1939 817 loquitur.
1964 746 2150 801 Habet
2233 760 2292 798 se
2344 743 2681 813 regulariter
2736 742 3080 806 contineant,
3127 740 3274 797 sicut
3327 743 3386 793 et
3423 738 3622 801 exiens
3660 738 3850 805 fecit;

552 839 746 889 autem
784 840 841 888 et
868 835 989 905 ipse
1026 835 1443 905 suﬁ'raganeum
1471 851 1668 899 unum,
1702 834 1798 905 qui
1826 834 1883 887 in
1914 833 2149 904 singulis
2232 832 2373 887 nulli
2403 839 2596 885 tamen
2642 831 2849 885 ibidem
2897 830 3119 900 signum
3157 828 3400 896 faciens;
3457 827 3560 882 sed
3587 827 3657 883 .si
3692 827 3852 897 quid

556 934 680 990 quae
709 918 780 971 ad
806 934 1037 971 manum
1085 922 1219 971 sunt
1262 917 1479 987 agenda
1513 918 1774 987 suppleat
1822 917 1998 971 vicem
2028 919 2149 987 ejus
2232 920 2416 977 ordini
2454 920 2799 975 contrarium
2846 918 3210 990 perspexerit,
3249 917 3356 975 hoc
3372 932 3565 986 usque
3589 915 3668 971 ad
3693 922 3847 971 tem—

553 1006 825 1073 absentis,
858 1006 1150 1079 praesentis
1181 1023 1309 1060 vero
1352 1022 1458 1077 per
1504 1007 1709 1073 omnia,
1745 1006 1969 1081 quando
1995 1005 2149 1076 prior
2222 1025 2335 1079 pus
2367 1008 2710 1062 reclamandi
2746 1024 2781 1062 a
2810 1006 3084 1062 memoria
3110 1008 3234 1077 ejus
3254 1021 3373 1063 .non
3403 1004 3643 1063 recedit.
3679 1004 3849 1067 Quod

550 1095 740 1166 aliquo
760 1095 1150 1166 proﬁciscitur,
1173 1095 1257 1148 vel
1286 1095 1344 1148 in
1359 1096 1525 1149 domo
1546 1094 1897 1149 inﬁrmorum
1919 1099 2149 1165 propter
2232 1102 2423 1151 tamen
2451 1098 2511 1150 in
2540 1098 2785 1151 claustro
2810 1113 2925 1150 non
2955 1096 3185 1161 devitat,
3235 1094 3334 1148 sed
3361 1092 3439 1153 ibi
3457 1092 3844 1161 circumiens,

543 1184 940 1253 inﬁrmitatem
971 1189 1370 1239 commoratur.
1394 1182 1575 1237 Habet
1596 1200 1817 1253 quoque
1837 1183 2144 1253 adjutores.

2231 1185 2481 1247 cuilibet,
2513 1203 2678 1256 quem
2706 1185 3044 1255 dependenti
3069 1184 3402 1240 vestimento
3444 1181 3655 1241 sedere
3682 1181 3847 1243 vide-

532 1274 818 1352 juvenum
872 1272 1153 1339 custodes,
1215 1279 1272 1327 et
1316 1272 1635 1327 circatores.
1688 1289 1779 1326 UD.
1815 1272 2146 1325 Claustralis
2232 1273 2323 1338 rit,
2356 1275 2609 1329 modeste
2632 1274 2836 1339 innuit,
2859 1278 2935 1327 .ut
2962 1272 3105 1327 illud
3132 1276 3447 1342 componat.

538 1360 707 1451 prior
735 1360 1025 1451 absolutus
1052 1362 1121 1415 de
1147 1360 1342 1451 eadem
1365 1360 1700 1425 obedientia,
1727 1359 1750 1380 *
1770 1361 1988 1451 veniam
2008 1359 2149 1451 petit

2303 1362 2458 1418 Scire
2510 1371 2702 1419 autem
2748 1362 2916 1417 debet
2952 1362 3226 1431 juvenum
3267 1376 3527 1419 excessus
3583 1361 3842 1425 maxime

540 1448 655 1525 pro
683 1449 1053 1520 indulgentia,
1088 1450 1236 1521 quod
1266 1455 1458 1507 tamen
1506 1466 1572 1503 ex
1618 1449 2023 1505 consuetudine
2050 1448 2147 1507 alii
2229 1450 2505 1504 notandos
2535 1458 2594 1504 et
2617 1450 3020 1511 inclamandos,
3054 1449 3261 1520 quippe
3298 1448 3395 1518 qui
3426 1448 3621 1509 minus
3650 1449 3843 1504 delin—

557 1539 848 1609 adjutores
878 1538 1322 1593 obedientiarum
1350 1555 1463 1592 non
1489 1537 1695 1599 debent
1719 1538 1921 1593 facere.

1132 1626 1365 1681 CAPUT
1408 1626 1556 1682 XXI.

1012 1698 1085 1753 De
1115 1700 1475 1751 circatoribus
1500 1694 1676 1768 (19.6).

2229 1545 2484 1609 quentes,
2516 1538 2731 1593 caeteris
2763 1538 2934 1592 etiam
2962 1537 3146 1592 acrius
3174 1536 3577 1607 corripiuntur.
3604 1538 3684 1597 .ln
3715 1554 3844 1595 me-

2226 1627 2370 1683 ridie
2399 1627 2599 1685 circuit
2624 1628 2953 1692 claustrum,
2985 1632 3041 1680 et
3073 1626 3121 1679 si
3149 1625 3349 1679 domus
3378 1626 3843 1697 eleemosynaria

2222 1716 2301 1770 sit
2330 1721 2536 1783 serata,
2561 1716 2865 1787 prospicit;
2888 1716 3021 1770 inde
3051 1715 3110 1771 in
3140 1715 3338 1773 cellam
3365 1715 3740 1781 novitiorum,
3776 1720 3841 1768 et

630 1786 1119 1857 (UD.)Circatorum
1139 1802 1343 1841 munus
1364 1791 1539 1852 est,ut
1557 1802 1752 1839 omnes
1772 1784 2143 1875 negligentias
2158 1853 2204 1875 ᾗ
2223 1804 2283 1859 in
2313 1784 2915 1875 inﬁrmariam—Pergit,
2964 1809 3133 1875 atque
3162 1819 3230 1856 ea
3257 1803 3400 1863 hora
3425 1803 3838 1867 dormitorium

556 1894 679 1952 quae
700 1878 816 1933 ιῙῙῙο
847 1876 1013 1931 Πιοδο
1049 1880 1245 1930 contra
1261 1875 1513 1928 Ordinem
1535 1880 1773 1945 Possunt
1792 1873 2137 1943 contingere,
2158 1853 2205 1912 Β
2228 1894 2560 1963 quantocius
2591 1853 2775 1963 potest
2790 1853 3366 1949 a20<inde§elnﬁrmis
3395 1853 3835 1953 comedentibus

546 1971 768 2035 notent,
797 1971 856 2019 et
896 1966 956 2019 in
1002 1964 1245 2035 capitulo
1292 1964 1603 2017 reclament
1635 1983 1647 2017 :
1679 1963 1917 2033 ideoque
1957 1967 2139 2015 totum

545 2057 855 2111 claustrum
881 2070 995 2108 non
1014 2053 1209 2117 semel,
1236 2053 1334 2106 sed
1352 2053 1677 2107 multotiens
1708 2052 1766 2105 in
1797 2052 1887 2104 die
1908 2051 2141 2104 circum-

546 2150 701 2209 eunt,
756 2149 820 2197 ut
871 2159 974 2199 nec
1018 2143 1175 2195 locus
1226 2141 1301 2195 sit
1336 2158 1439 2195 nec
1492 2142 1652 2205 hora,
1702 2140 1759 2193 in
1809 2156 1920 2210 qua
1967 2140 2139 2192 frater

545 2234 697 2297 ullus
726 2247 955 2287 securus
978 2231 1069 2296 sit,
1112 2230 1160 2285 si
1181 2231 1295 2283 tale
1323 2229 1458 2300 quid
1496 2229 1857 2295 commiserit,
1891 2244 2004 2282 non
2040 2228 2139 2281 de-

542 2320 837 2393 prehendi,
890 2324 947 2373 et
999 2335 1111 2372 non
1158 2317 1459 2389 publicari;
1502 2317 1598 2370 sed
1639 2316 1881 2370 maxime
1914 2316 2137 2386 quando

542 2409 747 2464 fratres
773 2407 1001 2463 lectioni
1022 2412 1238 2472 vacant,
1265 2423 1335 2460 ne
1359 2406 1504 2460 forte
1534 2405 1737 2475 aliquis
1766 2405 1836 2458 ad
1868 2422 1993 2458 eam
2025 2420 2138 2457 non

532 2501 619 2552 sit
645 2499 913 2564 intentus,
947 2496 1241 2568 explorant
1269 2497 1290 2517 θ
1314 2495 1460 2564 Ergo
1492 2495 1742 2565 quotidie
1775 2493 1979 2565 aliquis
2009 2493 2136 2546 illo-

524 2604 670 2642 Tum
701 2592 833 2641 ante
870 2586 1114 2657 primam
1158 2585 1244 2637 vel
1289 2584 1400 2637 alio
1446 2589 1700 2653 tempore
1731 2589 1863 2636 ante
1908 2582 2134 2635 tertiam

543 2675 766 2745 singula
798 2674 1001 2728 altaria
1048 2672 1442 2743 circumspicit,
1477 2676 1534 2725 et
1562 2671 1609 2723 si
1642 2671 1793 2724 ultra
1834 2671 1975 2724 duos
2005 2669 2136 2723 obe-

518 2765 867 2818 dientiarios
905 2779 1034 2817 cum
1074 2752 1329 2831 adjutore
1377 2761 1447 2813 ad
1494 2760 1722 2830 aliquod
1763 2759 1913 2813 aliud
1960 2760 2137 2812 altare

518 2851 887 2923 =perspexerlt
929 2853 1175 2921 (excepto
1202 2848 1259 2901 in
1293 2847 1528 2901 summis
1567 2847 1742 2916 festis)
1776 2848 1859 2900 vel
1889 2846 1937 2900 si
1966 2863 2132 2917 quam

537 2938 944 3010 negligentiam
973 2935 1176 2989 viderit
1221 2936 1528 2989 reclamare
1575 2952 1689 2989 non
1738 2934 1965 2989 omittit.
2014 2934 2134 2989 Cae-

526 3033 690 3083 teras
717 3043 849 3082 vero
878 3024 1210 3078 circationes
1238 3041 1367 3079 mox
1395 3029 1521 3096 post
1550 3025 1738 3078 ﬁnitas
1758 3024 2007 3094 singulas
2038 3024 2138 3077 ho-

2223 1982 2413 2039 nullus
2444 1998 2641 2041 eorum
2667 1982 2739 2036 ad
2770 1999 2863 2035 cos
2894 1981 3088 2048 intrat,
3119 1980 3344 2049 sedper
3375 1980 3607 2047 ostium,
3644 1997 3836 2051 quan-

2223 2074 2342 2124 tum
2372 2071 2537 2136 valet,
2583 2070 2864 2140 quomodo
2908 2086 2967 2123 se
3019 2068 3283 2136 habeant,
3318 2070 3605 2139 eXplorat.
3645 2069 3835 2127 Simili

2221 2159 2389 2212 modo
2418 2158 2570 2213 intra
2599 2158 2868 2225 ofﬁcinas,
2902 2175 3024 2228 quae
3044 2158 3290 2213 claustro
3296 2160 3648 2228 junguntur,
3670 2163 3835 2213 stans

2219 2252 2407 2317 potest
2442 2248 2592 2301 foras
2639 2247 2975 2317 prospicere,
3005 2246 3055 2300 si
3100 2246 3235 2315 quid
3270 2246 3349 2301 ibi
3387 2246 3458 2300 ab
3487 2246 3684 2316 aliquo
3712 2246 3833 2303 fra-

2221 2340 2373 2391 trum
2422 2337 2523 2390 ﬁat
2566 2334 3027 2405 reprehensibile.
3061 2336 3126 2390 In
3155 2335 3309 2389 omni
3340 2351 3565 2406 quoque
3597 2335 3745 2393 festo
3772 2335 3834 2393 in

2221 2426 2413 2496 cappis
2442 2430 2541 2478 aut
2577 2423 2718 2478 albis
2761 2423 2984 2489 celebri,
3016 2422 3220 2494 aliquis
3246 2423 3471 2482 illorum
3494 2430 3830 2495 post-evan-

2218 2515 2430 2585 gelium
2478 2513 2730 2583 deposito
2769 2512 2998 2567 interim
3046 2513 3248 2567 fanone
3288 2512 3348 2567 in
3397 2513 3665 2573 stationis
3708 2529 3829 2575 suae

2218 2604 2357 2668 loco,
2385 2620 2561 2674 cappa
2582 2620 2709 2657 vero
2738 2603 2797 2657 in
2827 2602 3108 2665 vestiario,
3139 2602 3364 2661 solitam
3390 2601 3526 2657 facit
3553 2603 3825 2663 circatio~

2220 2710 2372 2746 nem.
2409 2693 2532 2756 Qua
2571 2694 2719 2749 facta
2748 2693 3005 2771 eamdem
3048 2691 3256 2756 induit,
3285 2698 3343 2745 et
3375 2691 3434 2745 in
3462 2692 3707 2751 chorum
3741 2708 3827 2747 re-

2222 2782 2323 2835 dit.
2368 2782 2573 2835 Verum
2618 2781 2872 2852 quamvis
2913 2780 3067 2834 omni
3114 2780 3300 2835 studio
3344 2781 3599 2850 singulas
3638 2780 3830 2849 negli-

2216 2870 2439 2940 gentias
2468 2870 2711 2925 debeant
2738 2875 3033 2937 annotare,
3063 2869 3247 2923 verbis
3267 2876 3458 2927 tamen
3479 2886 3596 2927 non
3618 2869 3831 2927 debent

2218 2958 2560 3028 ampliﬁcare
2586 2977 2598 3025 ;
2630 2959 2728 3013 sed
2755 2958 3088 3029 simpliciter
3101 2958 3449 3013 reclamare:
3473 2958 3586 3013 nisi
3620 2957 3830 3027 aliquis

2220 3046 2483 3103 incautus
2513 3065 2573 3102 se
2594 3048 2737 3101 velit
2765 3047 2992 3102 incaute
3021 3046 3338 3112 defendere,
3371 3046 3458 3100 cui
3489 3047 3673 3107 donec
3702 3047 3825 3116 ipsa

525 3133 632 3187 ras
663 3116 799 3206 (nisi
823 3119 951 3185 post
987 3129 1195 3167 nonam
1226 3114 1449 3206 quando
1491 3114 1694 3169 fratres
1724 3112 1955 3206 bibituri
1984 3117 2422 3206 sunt)cveritas
2473 3137 2806 3203 excutiatur,
2869 3136 2930 3189 in
2976 3134 3331 3190 reclamando
3373 3151 3486 3190 non
3530 3112 3819 3206 ‘pamit'ur.

518 3207 724 3260 ~solent
774 3205 979 3269 facere,
1031 3208 1158 3273 post
1204 3203 1543 3256 offerendam
1603 3202 1895 3255 matutinae
1928 3200 2129 3267 missae,

522 3298 668 3371 Lpost
694 3291 1042 3361 evangelium
1073 3291 1321 3361 majoris,
1345 3292 1417 3346 ad
1445 3290 1690 3345 ofﬁcium
1718 3290 2129 3356 defunctorum,

520 3387 669 3454 ‘post
719 3386 837 3434 tres
881 3379 1184 3446 lectiones;
1235 3379 1468 3450 insuper
1506 3379 1674 3433 etiam
1728 3384 1897 3450 prout
1953 3385 2134 3432 status

518 3466 815 3539 5cujusque
838 3467 944 3521 loci
974 3467 1164 3538 exigit.
1214 3467 1313 3520 Hae
1352 3466 1526 3537 igitur
1568 3467 1900 3522 circationes
1930 3466 2137 3520 debent

524 3558 663 3612 'ﬁeri
720 3557 781 3610 in
821 3556 1051 3610 domum
1098 3555 1615 3628 eleemosynariam,
1684 3562 1815 3610 ante
1874 3561 1930 3610 et
1991 3556 2138 3609 infra

524 3646 834 3701 cellarium
860 3661 1038 3716 usque
1062 3644 1132 3698 ad
1162 3645 1335 3698 limen
1365 3645 1657 3699 exterioris
1688 3644 1816 3699 ostii
1841 3644 2038 3715 ipsius,
2080 3651 2137 3699 et

530 3746 719 3806 usque
749 3734 821 3788 ad
864 3734 1039 3788 limen
1065 3733 1355 3787 exterioris
1393 3734 1663 3804 coquinae,
1711 3735 1766 3786 in
1816 3734 2135 3804 regularem

526 3823 858 3895 'coquinam,
886 3822 943 3876 in
975 3822 1353 3887 refectorium,
1374 3821 1430 3875 in
1460 3822 1656 3877 cellam
1683 3822 2046 3887 novitiorum,
2078 3822 2137 3877 in

536 3929 844 3975 cameram,
898 3910 958 3965 in
1006 3911 1397 3977 inﬁrmariam,
1429 3911 1500 3965 ad
1540 3912 1742 3979 locum,
1774 3910 1870 3967 ubi
1899 3917 2135 3966 cocturae

536 4002 905 4073 liguriuntur,
937 4005 995 4054 et
1039 4000 1269 4070 sanguis
1316 3999 1608 4066 minuitur,
1654 4001 1713 4053 in
1752 4000 2025 4071 capellam
2074 4001 2131 4056 S.

527 4090 749 4161 Mariae,
780 4089 838 4142 in
867 4088 1270 4155 coemeterium,
1302 4089 1373 4142 ad
1394 4088 1680 4155 fabricam,
1716 4089 1784 4142 ad
1814 4089 2133 4160 scriptores,

536 4180 597 4235 in
627 4178 959 4245 sacristiam,
983 4183 1042 4232 et
1076 4178 1135 4231 in
1167 4177 1474 4249 quemlibet
1501 4178 1706 4245 locum,
1742 4176 1836 4232 ubi
1860 4179 1973 4232 tale
2002 4180 2135 4250 quid

530 4268 723 4341 operis
753 4267 970 4338 agitur;
1004 4273 1062 4321 et
1083 4267 1354 4338 quidquid
1379 4265 1613 4337 dignum
1634 4267 2032 4322 reclamatione
2062 4268 2131 4322 ab

537 4357 749 4413 eisdem
783 4355 1147 4410 circatoribus
1190 4354 1548 4426 conspicitur,
1595 4354 1671 4409 ibi
1718 4357 2131 4427 quidemreve-

2218 3224 2336 3278 Hoc
2364 3230 2553 3279 autem
2583 3241 2809 3295 semper
2836 3240 2958 3278 esse
2977 3223 3401 3294 praecavendum
3420 3224 3711 3293 noverint,
3725 3223 3822 3285 ubi

2216 3312 2421 3367 fratres
2449 3313 2666 3383 aliquos
2714 3314 2855 3367 hora
2890 3312 3293 3382 incompetenti
3320 3312 3710 3383 colloquentes
3727 3311 3819 3364 .vi-

2216 3402 2424 3468 derint,
2456 3419 2527 3457 ne
2578 3403 2724 3461 clam
2773 3403 2907 3473 quid
2956 3403 3278 3473 loquantur,
3325 3402 3685 3468 auscultent;
3717 3416 3817 3457 nec

2206 3508 2320 3562 per
2349 3492 2571 3561 signum
2601 3492 2829 3562 aliquod
2848 3491 3197 3561 perturbent.
3227 3491 3286 3547 Si
3321 3508 3448 3545 vero
3477 3490 3585 3561 ipsi
3615 3491 3818 3551 fratres

2222 3580 2507 3633 licentiam
2530 3580 2885 3651 colloquendi
2913 3580 3383 3652 acceperunt,hoc
3410 3579 3516 3633 sibi
3544 3578 3731 3641 verbis
3748 3583 3815 3641 et

2219 3668 2395 3739 signis
2421 3687 2548 3722 mox
2576 3669 2840 3725 innuunt.

2292 3758 2699 3813 Obedientiarii
2728 3764 2936 3823 autem,
2970 3758 3067 3829 qui
3097 3774 3210 3818 non
3245 3763 3486 3830 possunt
3533 3758 3812 3822 omittere,

2204 3852 2284 3901 .ut
2311 3863 2423 3901 non
2444 3847 2748 3918 aliquando
2771 3847 2896 3901 aliis
2915 3847 3211 3903 silentibus
3232 3848 3300 3902 de
3321 3847 3653 3907 obedientiis
3677 3845 3813 3908 suis,

2217 3934 2277 3989 in
2303 3941 2555 4006 tempore
2578 3941 2768 3990 tamen
2790 3941 2847 3989 et
2870 3936 2989 3990 loco
3009 3936 3379 4006 competenti,
3410 3935 3671 3991 videlicet
3682 3938 3816 3993 ante

2219 4024 2531 4091 cellarium,
2560 4024 2883 4094 loquantur,
2914 4024 2963 4078 si
2985 4040 3153 4094 quem
3185 4024 3814 4094 circatorumsuperve-

2218 4112 2343 4166 nire
2371 4112 2630 4179 viderint,
2683 4118 2914 4183 propter
2960 4113 3067 4167 hoc
3114 4129 3228 4167 non
3277 4112 3681 4177 conticescunt,
3700 4125 3814 4167 .nec

2218 4218 2343 4271 quae
2362 4202 2436 4255 sit
2463 4202 2689 4272 loquela
2717 4219 2914 4257 eorum
2939 4202 3020 4256 illi
3047 4202 3277 4256 dicunt:
3313 4202 3520 4272 quippe
3551 4201 3649 4273 qui
3674 4197 3812 4257 nihil

2215 4290 2369 4345 aliud
2400 4306 2570 4361 quam
2590 4292 2660 4345 de
2690 4290 3023 4347 obedientiis
3052 4291 3112 4346 in
3163 4290 3263 4345 tali
3292 4291 3414 4345 loco
3441 4289 3685 4361 colloqui
3714 4288 3812 4341 de-

2214 4377 2368 4433 bent.
2414 4380 2498 4437 Ad
2540 4397 2634 4433 eos
2683 4380 2855 4435 etiam
2878 4379 3139 4451 pertinet
3185 4378 3397 4434 ordinis
3434 4373 3809 4439 rectoremad

530 4452 726 4539 τετιΐβτ
746 4445 1144 4539 -ἀίδείηξωεηυγ
1172 4463 1185 4512 Ξ
1219 4444 1317 4497 sed
1342 4442 1489 4497 ἀίοίο
1516 4444 1587 4539 a_d
1617 4444 1922 4539 capitum}!
1954 4449 2128 4539 ζοςιῖιξ-
2148 4448 2194 4505 D
2213 4467 2571 4522 refectorium
2608 4486 2823 4534 vocare,
2855 4442 2912 4524 si
2929 4485 3062 4523 eum
3111 4469 3295 4539 primo
3338 4468 3548 4523 ferculo
3573 4462 3811 4525 admini-

534 4537 683 4589 mini
724 4536 786 4588 de
834 4535 1049 4599 ordine,
1084 4532 1204 4587 sine
1246 4548 1407 4585 mora
1452 4533 1811 4588 reclamatur.
1846 4535 1914 4587 Et
1955 4536 2013 4590 in
2044 4535 2130 4590 his

532 4621 1049 4685 reclamationibus,
1087 4620 1230 4674 sicut
1260 4626 1317 4673 et
1347 4619 1407 4673 in
1432 4620 1710 4689 omnibus,
1744 4623 1973 4677 omnino
1997 4641 2127 4695 per-

529 4727 799 4767 sonarum
827 4709 1076 4780 acceptio
1104 4714 1191 4762 est
1218 4708 1534 4764 devitanda.

604 4800 827 4871 Aliquis
856 4798 1024 4852 etiam
1060 4797 1311 4873 quotidie
1351 4798 1605 4869 cymbalo
1633 4817 1897 4871 percusso
1928 4802 1997 4855 ad
2033 4802 2130 4856 ho-

528 4904 655 4944 ram
720 4886 1040 4942 refectionis
1093 4893 1225 4942 ante
1279 4887 1486 4941 ostium
1536 4888 1815 4944 refectorii
1874 4890 2132 4945 consistit

531 4993 826 5051 quousque
880 4982 1186 5039 conventus
1226 4975 1531 5047 introierit,
1579 4978 1880 5049 diligenter
1926 4987 2129 5034 notans

529 5084 642 5140 qua
670 5063 970 5137 disciplina
1002 5080 1062 5117 se
1084 5062 1285 5120 fratres
1315 5065 1384 5119 ad
1414 5066 1747 5121 lavatorium
1774 5069 2130 5135 habeant,vel

527 5155 577 5210 si
607 5155 736 5225 quis
760 5151 1067 5222 negligens
1108 5168 1349 5223 usquam
1380 5153 1825 5225 incompetenter
1865 5157 2124 5223 divertat,

524 5244 612 5298 vel
632 5243 704 5296 ad
730 5241 977 5295 sonitum
1000 5240 1168 5294 scillae
1187 5241 1459 5296 festinans
1480 5244 1895 5314 indisciplinate
1918 5246 2119 5301 veniat.

524 5332 681 5387 Idem
715 5346 938 5402 quoque
983 5345 1157 5400 prope
1204 5331 1372 5384 ﬁnem
1402 5332 1721 5386 refectionis
1755 5334 1908 5386 vadit
1934 5335 1993 5390 in
2029 5353 2124 5389 co-

525 5422 757 5492 quinam
805 5419 1144 5489 regularem,
1190 5419 1250 5473 in
1302 5420 1589 5474 cellarium
1628 5421 1686 5474 in
1727 5422 1923 5477 cellam
1965 5425 2123 5479 novi-

522 5510 752 5576 tiorum,
780 5514 846 5563 ut
874 5507 921 5561 si
958 5508 1102 5561 forte
1132 5508 1334 5578 aliquis
1376 5509 1509 5563 illuc
1549 5509 1760 5580 absque
1803 5512 2123 5571 rationabili

584 5614 740 5697 ’(ῐῖςὶ)
766 5612 910 5687 ζνὶἀθ
939 5613 1133 5670 Ordin.
1170 5620 1197 5669 ι
1212 5614 1420 5681 lunias.
1436 5674 1442 5680 ,
1453 5632 1576 5687 par.
1592 5631 1654 5685 ιι,
1680 5634 1805 5691 cap.
1818 5619 1885 5681 .4.

2212 4562 2390 4612 strato
2428 4558 2670 4611 viderint
2714 4559 2928 4613 diutius
2977 4557 3222 4611 tardare.
3266 4556 3331 4611 In
3374 4556 3513 4615 feria
3564 4553 3810 4612 secunda

2209 4646 2404 4716 primae
2434 4646 2795 4701 hebdomadas
2838 4646 3354 4716 Quadragesimalis
3376 4651 3517 4716 post
3548 4642 3809 4703 distribu-

2210 4734 2421 4789 tionem
2454 4735 2720 4790 librorum
2753 4753 2950 4793 omnes
2987 4736 3209 4791 veniam
3239 4739 3443 4805 petunt
3469 4734 3683 4805 seipsos
3711 4747 3805 4787 ae-

2213 4830 2496 4893 cusantes,
2542 4826 2693 4896 quod
2730 4826 2975 4880 ofﬁcium
3013 4823 3333 4879 circationis
3386 4829 3555 4894 prout
3593 4821 3807 4879 habue-

2212 4918 2365 4979 runt,
2396 4930 2509 4967 non
2539 4913 2913 4984 impleverint.
2947 4913 3108 4977 Quod
3137 4912 3185 4968 si
3225 4911 3351 4982 quis
3393 4928 3588 4969 eorum
3618 4911 3805 4980 aliqua

2212 5001 2282 5055 de
2311 5018 2482 5056 causa
2511 5003 2850 5073 praepeditus
2874 5001 3129 5058 eamdem
3159 4999 3537 5059 obedientiam
3571 4999 3804 5070 iuiplere

2211 5106 2324 5144 non
2353 5091 2577 5161 poterit,
2613 5092 2743 5146 inde
2772 5090 3099 5157 absolvitur,
3116 5094 3180 5146 et
3205 5089 3549 5160 adpraesens
3575 5088 3727 5149 alius
3744 5085 3801 5143 in

2208 5180 2394 5235 locum
2425 5198 2590 5235 suum
2613 5181 2970 5251 subrogatur.
3010 5184 3017 5191 “

2794 5271 3026 5325 CAPUT
3054 5267 3237 5327 XXII.

2467 5344 2541 5396 De
2560 5344 2881 5411 juvenibus,
2906 5348 2951 5395 et
2983 5359 3173 5397 eorum
3203 5340 3539 5395 custodibus.

2278 5431 2299 5452 ⁶
2330 5429 2546 5495 Frater,
2577 5430 2674 5500 qui
2696 5440 2782 5485 est
2816 5431 2985 5500 hujus
3013 5430 3215 5495 aetatis,
3242 5433 3307 5483 ut
3330 5428 3517 5484 adhuc
3546 5425 3796 5485 custodia

2206 5518 2480 5592 indigeat,
2504 5520 2620 5576 etsi
2650 5521 2797 5577 ultro
2818 5519 3558 5595 saeculo,renuntiaverit,.et
3575 5519 3792 5594 eptimw
