3934 6360
51 361 291 429 ἐω9’

1111 365 1530 428 ΟΟΝδΤιῙΤΟΤ.
1565 365 1912 429 HLRSAUG.
1958 397 2022 406 —
2054 367 2197 429 LIB.
2238 365 2311 427 Η.

3203 369 3351 442 10αο

52 487 136 549 sit
156 486 481 557 .qpinionis,
502 486 749 561 minime
764 489 956 551 tamen
988 489 1473 567 custodiacarebit
1501 506 1512 542 :
1536 492 1662 558 .(UD-
1687 495 1733 559 A
1751 505 1921 559 suam
1938 505 2046 555 sua
2060 492 2274 569 sponte
2300 486 2467 555 debet
2492 486 2783 559 ﬂagellum
2796 491 3348 571 .secrst9.sl.ls<ziper9a

55 592 183 628 var.
190 576 217 643 )
242 581 305 629 et
320 575 528 629 idcirco
551 576 746 640 laicus,
777 576 885 630 nisi
922 582 1037 640 tam
1072 586 1343 655 provectae
1371 579 1553 643 aetatis
1598 578 1670 637 sit

54 669 121 717 ut
150 664 284 718 sine
324 664 580 718 custodia
611 680 732 727 esse
773 665 967 735 possit,
1000 683 1183 737 neque
1210 669 1482 722 scholaris
1528 684 1670 738 puer

56 752 117 805 in
147 752 469 807 claustrum
498 753 831 824 suscipitur;
863 755 962 815 sed
1007 756 1056 809 si
1105 773 1195 810 res
1245 757 1327 810 ita
1367 756 1561 826 exigit,
1605 761 1671 810 ut

44 841 222 904 nullo
244 842 419 903 modo
471 842 578 903 sibi
616 842 1207 915 ingressusdenegari
1228 846 1437 910 valeat,
1469 846 1542 907 ad
1572 846 1673 899 ali-

50 930 474 999 quarumnam
505 930 768 997 mittitur,
792 948 1094 1003 quousque
1144 935 1215 991 ad
1260 933 1668 1004 intelligibilem

44 1022 294 1081 mtuum
314 1018 631 1096 perveniat.
654 1020 775 1082 ,Sed
805 1026 864 1079 et
888 1021 971 1075 illi
990 1022 1262 1087 maxime,
1300 1024 1411 1093 .qui
1460 1023 1670 1084 nutriti

42 1107 282 1169 sunt-in
310 1108 670 1172 monasterio,
714 1109 761 1161 si
809 1109 888 1180 in.
906 1110 1161 1187 moribus
1189 1112 1292 1166 viri
1322 1129 1444 1167 esse
1473 1112 1672 1172 nolue-

44 1194 199 1260 xiut,
228 1195 416 1259 ,virilis
448 1202 593 1257 mtas
620 1197 761 1257 nihil
810 1198 893 1252 eis
935 1200 1227 1269 profuerit,
1260 1206 1324 1261 ut
1353 1218 1388 1254 a
1415 1201 1672 1262 custodia

44 1284 363 1347 solvantur
393 1285 487 1349 :_in
515 1301 645 1356 qua,
678 1287 772 1357 qui
810 1288 1036 1357 positus
1093 1289 1283 1355 fuerit,
1335 1290 1581 1360 primum
1600 1290 1668 1351 in

58 1372 402 1437 dormitorio
421 1374 608 1437 lectus
647 1376 772 1445 ejus
796 1382 898 1437 est
936 1393 1117 1447 prope
1164 1379 1372 1440 lectum
1421 1379 1668 1435 custodis

56 1460 169 1526 sui,
191 1461 461 1532 adquem
481 1463 693 1533 absque
717 1464 813 1525 illo
842 1481 946 1527 nec
996 1466 1213 1535 accedit
1260 1483 1532 1537 unquam,
1566 1484 1670 1522 nec

48 1550 298 1616 recedit.
347 1549 417 1615 In
444 1557 607 1609 nocte
662 1569 789 1617 vero
840 1570 1175 1625 quocunque
1208 1555 1530 1633 incesserit,
1584 1557 1670 1617 vel

60 1639 241 1693 etiam
264 1645 398 1694 ante
424 1642 873 1711 completorium,
922 1643 985 1715 (si
1034 1643 1197 1699 solito
1246 1645 1429 1707 serius
1462 1645 1662 1707 fuerit,

59 1728 304 1799 vel-post
330 1730 599 1796 sonitum,
631 1730 680 1787 si
699 1731 838 1789 adeo
868 1748 1036 1791 mane
1074 1733 1199 1798 erit,
1233 1733 1305 1786 ad
1336 1734 1668 1793 mandatum

1748 580 2086 650 Inqualibet
2125 579 2500 650 processione,
2543 596 2665 660 quae
2691 579 2840 644 circa
2882 582 3158 649 vel‘extra
3180 585 3350 653 ,διευς

1750 673 1930 729 strum
1958 669 2166 738 agitur,
2186 684 2232 727 ,a
2259 668 2490 727 custode
2508 684 2621 729 .suo
2638 666 2697 729 si
2717 674 2806 722 est
2827 685 3149 738 conversus,
3180 672 3351 753 alicui

1749 755 1998 813 litterato
2012 756 2261 819 maxime
2286 762 2516 827 propter
2529 763 2757 823 cantum
2774 759 3183 826 commodatur,
3196 760 3353 827 sicut

1752 852 1809 899 et
1837 846 1950 912 ille,
1992 846 2089 916 qui
2117 845 2405 899 custodem
2438 844 2610 899 habet
2635 846 2704 899 de
2735 846 3118 916 superioribus
3147 864 3345 917 unum,

1754 934 1850 1004 qui
1877 935 1953 991 sit
1972 934 2252 993 inferioris
2280 934 2512 1001 ordinis,
2531 936 3123 999 estcommendandus.
3150 938 3350 1005 ‘Po‘sito

1744 1022 1811 1083 in
1841 1024 2098 1080 custodia
2139 1023 2374 1087 diacono
2430 1023 2515 1077 vel
2561 1023 2925 1091 subdiacono,
2958 1026 3023 1089 si
3064 1026 3185 1091 tale
3214 1027 3351 1097 quid

1751 1112 2068 1182 contigerit,
2099 1112 2261 1171 utad
2295 1111 2524 1174 missam
2554 1112 3087 1183 legerenonpossit,
3120 1121 3351 1186 propter

1741 1203 1856 1261 .hoc
1878 1218 1982 1261 nec
1999 1200 2195 1266 verbo,
2227 1215 2330 1257 nec
2374 1201 2536 1270 signo
2566 1217 2909 1271 quemquam
2944 1203 3047 1269 sui
3093 1203 3349 1270 similem

1738 1290 2013 1367 appellat,
2041 1294 2106 1353 ut
2132 1306 2234 1359 pro
2267 1306 2326 1343 se
2348 1289 2542 1363 legat;
2576 1289 2672 1351 sed
2713 1290 2835 1360 ejus
2861 1292 3080 1367 custodi
3109 1309 3240 1355 cum
3257 1299 3351 1358 ,ω-

1751 1364 2014 1441 stimonio
2033 1378 2122 1433 sui
2143 1377 2390 1441 custodis
2420 1394 2537 1432 rem
2566 1377 2883 1444 innotescit,
2908 1385 2981 1447 rut
3007 1364 3169 1447 fratri
3186 1382 3349 1452 ejus-

1751 1468 1880 1526 dem
1896 1466 2122 1528 .ordinis
2166 1468 2431 1537 loquatur
2456 1483 2569 1537 pro
2590 1466 2972 1533 vicissitudine
2990 1469 3244 1539 legendi.
3270 1471 3351 1539 At

1740 1557 1930 1615 .si.hoc
1957 1561 2212 1626 tempore
2243 1572 2355 1613 non
2380 1556 2646 1623 voluerit,
2679 1556 2956 1623 maturius
2978 1558 3247 1624 aqunet
3262 1548 3351 1627 at.

1752 1645 2017 1708 marium,
2049 1650 2113 1698 ut
2140 1645 2260 1714 ipse
2272 1645 2614 1714 tempestive
2645 1645 2937 1715 provideat
2992 1646 3083 1713 cui
3116 1647 3349 1727 legendi

1751 1749 1958 1805 munus
1989 1733 2268 1802 injungat.
2301 1732 2575 1811 Lecturus
2604 1739 2794 1798 autem
2825 1750 2861 1786 a
2881 1750 2984 1797 suo
3012 1734 3245 1802 custode
3279 1736 3351 1805 ad

59 1818 373 1887 quoque,si
382 1834 455 1877 eo
475 1818 706 1889 indiget,
732 1819 877 1879 sicut
896 1837 1041 1890 saepe
1066 1821 1127 1874 in
1147 1822 1347 1891 hyeme
1368 1822 1664 1891 contingit.
1682 1820 2077 1904 B.vestiarium
2101 1825 2187 1881 est
2214 1820 2522 1884 ducendus,
2553 1826 2611 1881 et
2631 1836 2730 1890 per
2750 1820 3084 1890 adjuvamen
3118 1823 3353 1889 servitq-

48 1911 258 1975 portat
281 1912 413 1966 ante
435 1923 498 1961 se
525 1908 1067 1985 laternam,custode
1092 1910 1449 1979 praevidente,
1466 1916 1529 1969 ut
1540 1927 1668 1965 can-

59 1992 252 2057 delam
270 1994 488 2071 habeat
514 2011 736 2065 semper
759 1996 860 2059 :,in
889 1996 1180 2057 refectorio
1207 2014 1332 2057 eam
1362 1998 1669 2067 exstinguit

47 2088 121 2147 et
144 2099 328 2153 super
364 2083 906 2154 scabellumpedum
927 2102 1159 2149 suorum
1190 2086 1368 2156 ponit.
1395 2086 1478 2143 Ibi
1517 2104 1666 2141 sem-

50 2186 167 2247 ρῳ*
194 2170 277 2237 ita
302 2171 610 2237 intermixti
638 2190 761 2227 esse
780 2173 985 2238 debent
998 2175 1251 2244 juvenes,
1287 2176 1515 2253 utinter
1528 2176 1670 2230 duos

58 2260 319 2328 juvenes,
344 2260 443 2322 alii
470 2261 580 2323 duo
597 2261 1082 2327 fratressedeant,
1106 2280 1187 2327 ,ea
1237 2263 1664 2341 scilicet,cau$a,

64 2353 130 2401 ut
158 2349 207 2402 si
230 2348 377 2403 forte
406 2366 552 2404 unus
572 2350 841 2416 discedat,
873 2352 1019 2404 alter
1049 2357 1355 2406 remaneat.

119 2427 343 2501 ,Custos
366 2438 430 2499 si
466 2455 596 2501 eum
617 2439 843 2503 duxerit
871 2440 943 2501 ad
963 2442 1326 2505 necessarias,
1369 2446 1668 2512 postquam

53 2526 187 2596 ipse
204 2528 783 2598 surrexeritjugiter
811 2528 1057 2599 quidem,
1100 2531 1198 2585 sed
1248 2530 1498 2591 modeste
1538 2547 1667 2597 eum

55 2614 342 2687 intuetur,
366 2622 949 2687 quantumcunqueet
975 2619 1195 2679 laterna
1214 2626 1322 2675 stet
1350 2626 1482 2673 ante
1514 2636 1664 2677 eum.

54 2703 279 2769 ,είλετο
297 2704 358 2763 in
394 2711 556 2768 nocte
584 2722 724 2776 opus
753 2705 1014 2779 habuerit
1032 2724 1303 2777 surgere.
1348 2709 1552 2769 excitat
1568 2725 1670 2762 cu-

54 2792 639 2863 stadem,,capitalem
666 2794 749 2855 vel
777 2794 992 2864 aliquid
1020 2795 1090 2853 de
1137 2796 1498 2867 operimentis
1548 2797 1668 2866 ejus

56 2881 387 2951 tangendo;
421 2883 673 2944 accendit
723 2884 843 2955 ipsc
871 2887 1149 2943 laternam
1178 2890 1235 2938 et
1258 2886 1439 2955 pergit
1468 2885 1538 2941 ad
1562 2902 1666 2939 ne-

1749 1925 1877 1963 rum
1904 1908 2244 1965 vestiendus.
2270 1908 2450 1988 Quem
2482 1914 2547 1971 et
2580 1908 2749 1989 alicui
2793 1908 2870 1962 ibi
2907 1910 3351 1978 ministrantium

1736 1997 2073 2074 committit,
2107 1997 2441 2068 usquedum
2473 2002 2826 2068 peractosuo
2852 1998 3352 2067 ofﬁcioitemmﬁe

1749 2085 2060 2141 disvestiat.

1825 2174 2044 2244 Singuli
2075 2179 2264 2231 autem
2294 2174 2456 2237 tales,
2480 2173 2529 2237 si
2550 2176 2636 2242 (ut
2655 2174 2876 2247 dicitur)
2892 2175 3219 2246 ,tergqx'ibus
3233 2176 3350 2241 suis

1751 2263 2029 2320 voluerint
2056 2280 2178 2317 esse
2209 2264 2545 2329 consultum,
2577 2268 2727 2323 ,tunc
2756 2280 3113 2335 summopere
3131 2269 3346 2332 cavent,

1748 2350 1809 2408 in
1840 2351 1994 2409 omni
2018 2352 2159 2417 loco,
2184 2368 2268 2411 .ne
2289 2351 2502 2422 absque
2524 2351 2832 2417 mediatore
2861 2358 3012 2419 stent
3026 2353 3215 2421 simul,
3236 2360 3352 2437 aut

1749 2441 2001 2506 sedeant,
2027 2442 2113 2500 vel
2132 2459 2191 2495 se
2211 2443 2282 2499 ad
2298 2442 2534 2497 invicem
2554 2442 2928 2512 pingant,,aut
2948 2444 3351 2526 vestimentum

1735 2530 1939 2599 .aliquo
1990 2530 2156 2589 modo
2186 2536 2444 2600 tangant,
2479 2538 2538 2585 et
2565 2537 2629 2591 ut
2654 2547 2944 2601 nunquam
2993 2532 3140 2595 alter
3185 2532 3351 2613 alteri

1745 2618 1942 2687 juveni
1970 2618 2084 2677 sive
2114 2618 2172 2678 in
2196 2620 2452 2677 custodia
2482 2620 2805 2690 positosive
2832 2622 3352 2693 non,,aliqupd,sig-

1739 2722 1890 2764 .num
1918 2707 2004 2761 vel
2056 2707 2229 2767 etiam
2266 2708 2498 2767 nutibus
2548 2709 2837 2771 oculorum
2886 2707 3085 2773 facere,
3122 2712 3225 2771 .vel
3260 2712 3351 2776 ad

1752 2812 1883 2851 eum
1907 2795 2216 2861 subridere,
2249 2797 2335 2850 vel
2353 2796 3059 2867 aliquamfamiliaritatem
3080 2799 3350 2882 simulare

1740 2890 2070 2955 praesumat,
2094 2890 2195 2941 aut
2214 2885 2383 2943 etiam
2432 2885 2511 2939 sic
2540 2885 2757 2951 sedeat,
2812 2891 2875 2941 ut
2902 2886 3061 2947 alter
3104 2888 3349 2953 alterum

65 2971 493 3036 cessarias,.nec
519 2978 650 3033 ante
678 2990 713 3029 a
741 2975 969 3031 custode
985 2974 1665 3049 exstinguitur,guam,ille
1750 2973 2023 3031 versisad
2048 2974 2284 3031 invicem
2313 2973 2558 3029 vultibus
2590 2974 2796 3036 intueri
2824 2975 3023 3035 valeat.
3050 2977 3196 3035 Nam
3222 2977 3348 3041 haec

67 3061 391 3123 collocetur.
423 3061 549 3121 Alio
596 3063 767 3138 etiam
814 3069 1071 3134 tempore
1101 3063 1236 3138 ipse
1270 3064 1493 3133 juvenis
1540 3082 1664 3121 eam
1690 3122 1728 3138 η
1748 3066 1807 3117 et
1832 3062 1945 3115 alia
1972 3062 2295 3130 huiusmodi
2322 3062 2708 3133 unusquisque
2740 3063 2816 3125 .in
2836 3064 3098 3129 alterum
3117 3082 3350 3131 ἥκωμ-

65 3165 290 3220 semper
308 3150 565 3210 accendit
585 3122 643 3210 et
664 3122 986 3223 exstinguit,
1014 3122 1311 3223 .nisi‘pos't
1355 3122 1731 3224 completo-‘C
1747 3122 2357 3209 suetudinevreclamat.
2388 3122 2681 3229 Reclamat

57 3238 462 3313 ιὴηωριῳοδι
488 3242 833 3311 matutinum
862 3259 871 3297 :
904 3249 1041 3299 tunc
1059 3260 1094 3297 a
1118 3243 1347 3315 custode
1364 3248 1450 3297 est
1473 3260 1665 3299 accen-
1746 3237 1841 3294 bet
1856 3238 2315 3311 familiaritatem
2341 3239 2604 3311 aliquam
2642 3240 2713 3317 ad
2761 3257 2821 3295 se
2870 3242 3195 3307 habentem,
3238 3245 3342 3307 vel

58 3326 272 3390 dende.
302 3334 364 3385 et
382 3328 606 3398 quando
656 3347 716 3385 se
762 3331 1062 3388 recollocat
1109 3332 1179 3389 ad
1245 3331 1661 3397 dormiendum,
1747 3326 2055 3401 Quidquam
2083 3343 2211 3383 cum
2237 3327 2909 3403 e0,loquentem.custode
2935 3347 3193 3397 suonon
3222 3350 3343 3394 au-

69 3416 273 3477 iteruln
303 3418 821 3488 eutinguenda..Si
847 3437 978 3476 eum
1022 3421 1083 3475 in
1130 3420 1421 3486 ecclesiam
1473 3421 1559 3474 vel
1604 3421 1664 3475 in
1746 3414 2279 3471 diente..Custodem
2301 3432 2431 3475 vero
2461 3415 2531 3471 de
2570 3416 2675 3476 hac
2712 3422 2937 3478 tantum
2962 3420 3350 3489 .inclamat,.si

66 3505 690 3572 refectoriumduxerit,
726 3526 850 3564 ,non
888 3527 1018 3565 eum
1050 3509 1279 3581 deserit,
1321 3526 1499 3579 usque
1528 3510 1663 3564 dum
1746 3518 1873 3559 eum
1904 3504 2028 3559 sine
2056 3504 2310 3565 custOdia
2338 3504 2590 3569 dimittit,
2622 3505 2707 3585 vel
2727 3506 2776 3573 si
2806 3523 2975 3576 quam
3002 3508 3062 3569 in
3092 3526 3341 3587 eumau-

64 3595 217 3653 sit.in
243 3596 896 3666 praesentiaconventus.
918 3599 1246 3670 .Sinotatus
1274 3598 1446 3652 fuerit
1465 3598 1532 3651 ad
1568 3616 1661 3652 co-
1745 3593 2060 3648 steritatem
2091 3599 2327 3657 exercet,
2380 3593 2477 3669 ubi
2529 3593 2942 3655 humanitatem
2962 3597 3032 3659 .ﬁi
3062 3600 3346 3661 exhibere

66 3684 318 3754 quinam,
348 3690 486 3759 gnte
513 3687 760 3741 sonitum
790 3704 903 3742 non
932 3687 1083 3743 venit
1110 3689 1167 3743 in
1195 3704 1339 3741 eam.
1366 3688 1507 3741 Cum
1533 3687 1663 3741 nul-
1744 3680 1992 3736 deberet.
2036 3684 2243 3736 Cavere
2276 3681 2445 3735 habet
2464 3682 2850 3753 unusquisque
2869 3700 3084 3752 eorum,
3117 3688 3345 3758 quinin

60 3774 256 3833 110.3110
275 3773 385 3829 nisi
413 3791 542 3830 cum
577 3777 807 3831 custode
834 3778 979 3831 hanc
1027 3777 1193 3831 debet
1220 3777 1422 3841 facere,
1471 3776 1566 3846 qui
1607 3781 1661 3830 et
1743 3770 1990 3825 claustro
2010 3787 2135 3824 cum
2162 3771 2391 3835 tabulis,
2424 3770 2506 3829 illi
2535 3771 2719 3840 gratia
2747 3771 3023 3833 scribendi
3039 3778 3337 3852 concessis,

68 3862 524 3932 cumdiligenter
552 3864 630 3918 ibi
648 3870 711 3918 et
728 3865 1130 3936 ubiquedebet
1158 3865 1459 3928 custodire,
1494 3882 1559 3918 ac
1590 3865 1658 3919 de
1742 3877 1777 3914 a
1806 3861 2077 3915 circatore
2107 3860 2524 3926 obambulante,
2558 3861 2895 3932 easdemque
2919 3863 3141 3923 tabulas
3169 3866 3344 3938 inspi-

66 3952 426 4022 negligentiis
458 3954 575 4008 suis
606 3954 822 4025 jugiter
848 3956 1233 4025 proclamare;
1282 3955 1433 4025 quia,
1494 3954 1658 4024 quid-

68 4041 199 4110 quid
218 4057 295 4097 eo
316 4048 590 4111 praesente
632 4044 1173 4114 deliquerit,.totum
1203 4043 1654 4113 illiimputatur,

68 4126 211 4187 siab
237 4144 495 4201 eosuper
520 4131 628 4186 hoc
648 4132 1160 4187 .noninclamatur.
1193 4133 1279 4186 Ad
1308 4137 1424 4186 tres
1446 4132 1657 4185 oratio-

62 4232 183 4291 nes,
226 4233 350 4288 qua
367 4219 481 4275 rite
494 4220 639 4275 ﬁunt
667 4228 799 4276 ante
825 4228 1148 4288 nocturnos,
1180 4227 1237 4274 et
1264 4222 1335 4275 ad
1365 4221 1510 4285 illas,
1536 4238 1657 4291 qua:

66 4307 476 4376 anteprimam
531 4310 610 4364 vel
655 4311 1154 4379 ante.tertiam,_et
1199 4316 1326 4381 post
1351 4311 1658 4381 completo-

67 4394 498 4464 rium.ﬁunt,vad
527 4399 783 4469 litaniam
804 4416 1027 4470 quoque
1060 4406 1189 4471 post
1219 4400 1480 4471 primam,
1508 4415 1658 4452 nun-

1741 3949 1941 4009 ciente,
1966 3950 2178 4019 aliquid
2200 3950 2313 4005 tale
2329 3949 2665 4020 inscriptum
2682 3951 3143 4021 possitinveniri,
3165 3971 3200 4009 a
3224 3972 3341 4027 quo

1740 4038 1945 4111 dignus
1973 4037 2526 4095 sit.inclamari..Sed
2547 4044 2635 4097 est
2651 4038 2939 4118 sciendum
2972 4043 3121 4111 quod
3148 4045 3340 4103 nullus

1741 4144 1935 4182 eorum
1966 4142 2212 4192 carnem,
2252 4126 2362 4180 nisi
2396 4127 2536 4183 adeo
2578 4127 2855 4195 inﬁrmus,
2904 4129 3341 4191 debetmandn.

1740 4232 1885 4280 care,
1938 4232 2121 4285 neque
2169 4214 2446 4280 balneare,
2512 4215 2626 4269 sive
2671 4218 3008 4294 sanguinem
3056 4220 3337 4279 minuere.

1742 4303 1903 4367 Quod
1922 4303 1968 4358 si
1988 4303 2157 4357 alicui
2177 4320 2277 4373 pro
2298 4303 2629 4363 inﬁrmitate
2653 4307 2977 4366 conceditur
3004 4311 3338 4380 sanguinem

1740 4393 2015 4457 minuere,
2038 4393 2110 4446 ad
2140 4392 2450 4462 proximam
2479 4393 2691 4451 .horam
2727 4401 2952 4466 accepta
2997 4414 3125 4456 cum
3158 4401 3338 4472 signo

70 4499 234 4553 quam
256 4484 336 4541 ab
364 4485 617 4557 .invicem
650 4494 1034 4559 separantur;
1064 4489 1168 4543 sed
1194 4489 1299 4543 sub
1330 4489 1527 4542 litania
1556 4504 1658 4541 cu-
1676 4479 1725 4537 D
1745 4482 2034 4539 minuendi
2057 4480 2365 4555 licentiain
2392 4480 2667 4539 minorem
2704 4484 2939 4544 chorum
2976 4488 3205 4556 secedit,
3239 4490 3341 4545 ibi-

69 4572 305 4630 stoditus
333 4574 488 4647 jacet
499 4576 572 4629 ad
592 4577 1267 4633 sinistramcustodis..81
1290 4578 1511 4647 juvenis
1542 4582 1657 4632 stat

70 4660 125 4716 in
150 4678 264 4717 uno
280 4663 476 4730 choro,
504 4670 562 4720 et
588 4671 778 4731 custos
804 4667 864 4720 in
888 4667 1090 4733 altero,
1132 4666 1357 4737 juvenis
1402 4665 1656 4720 debetin

69 4750 766 4825 custodisvigiliavigilare,
791 4756 1351 4826 quandodefunctum
1362 4754 1654 4809 habemus.

116 4839 371 4902 .Quando
424 4843 746 4911 proceditur
774 4844 866 4897 .ad
900 4861 1120 4915 .aquam
1177 4844 1550 4909 benedictam,
1585 4843 1655 4897 ad

70 4928 516 4986 wmmnnionem
537 4936 611 5001 ,εῖτ
622 4932 695 4986 ad
724 4933 1157 5003 processionem,
1204 4933 1255 4987 si
1293 4933 1497 4988 diversi
1522 4937 1658 4986 sunt

71 5014 368 5089 inordipe,
379 5062 388 5071 .
399 5020 808 5087 custodiendus.
818 5022 1078 5076 ascendit
1102 5023 1205 5077 .vel
1218 5068 1223 5073 ι
1236 5022 1543 5089 descendit,
1564 5038 1660 5075 cu-

72 5110 680 5164 stos,vemnon.mutat
714 5111 988 5165 ordinem
1045 5128 1229 5175 suum,
1272 5112 1381 5165 nisi
1424 5116 1660 5182 propter

74 5192 350 5266 illuqu
374 5196 641 5269 fortepro
670 5199 861 5272 aliquo
886 5218 1118 5256 excessu
1149 5202 1207 5256 in
1239 5202 1440 5256 ultimo
1462 5206 1550 5254 est
1566 5217 1658 5271 po-

75 5284 424 5353 sints.,Quod
444 5286 497 5340 si
518 5288 647 5357 quis
683 5297 1056 5359 promeretur,
1103 5292 1357 5361 quamvis
1398 5290 1657 5343 eumdem

75 5373 441 5444 ordinemper
458 5376 657 5442 omnia
672 5378 895 5442 habent,
928 5380 1024 5450 qui
1055 5380 1123 5433 de
1153 5380 1352 5434 ultimo
1383 5377 1660 5448 supradi-

76 5466 189 5515 ctus
218 5468 344 5528 .est,
374 5463 650 5534 gravioris
680 5468 1079 5538 culpatamen
1103 5469 1321 5532 vinculo
1369 5483 1660 5537 nunquam

76 5551 514 5621 constringitur;
532 5555 657 5609 .sed
673 5557 867 5611 statim
894 5563 963 5612 ut
984 5558 1097 5617 tale
1123 5558 1257 5629 quid
1295 5555 1655 5620 commiserit,

75 5639 937 5703 nribusatnimiisvetheribus
962 5643 1281 5719 corripitur.
1324 5644 1463 5701 Ideo
1488 5660 1661 5699 .nun-

1740 4588 1847 4642 que
1873 4587 2051 4640 usque
2078 4570 2139 4623 in
2167 4570 2316 4623 diem
2344 4570 2590 4643 .tertium
2638 4572 2905 4641 persistit.
2952 4576 3219 4633 Attamen
3258 4580 3335 4635 ad

1737 4666 1853 4716 tres
1873 4661 2154 4714 orationes
2193 4664 2321 4729 post
2339 4659 2767 4729 completorium
2792 4667 2849 4715 et
2876 4663 3335 4725 ad.intervallum

1740 4749 2070 4803 nocturnale
2100 4748 2156 4801 in
2186 4746 2388 4817 majori
2442 4748 2613 4801 choro
2663 4765 2729 4801 ex
2766 4755 3170 4811 consuetudine
3216 4774 3334 4814 non

1738 4836 2620 4906 deerit,adS..Mariam,quoque
2652 4839 2854 4895 sedens
2899 4839 2959 4896 in
3003 4860 3105 4901 suo
3130 4847 3333 4903 ordine

1737 4944 1852 4983 non
1878 4926 2109 4981 indutus
2137 4924 2369 4997 capello,
2401 4923 2499 4983 sed
2520 4918 2791 5001 quantum
2808 4933 2994 4997 potest
3004 4934 3203 4990 oculos
3213 4940 3334 4992 tan-

1739 5023 1861 5086 tum
1889 5012 2397 5071 tueturalumine.
2426 5013 2492 5071 Si
2506 5020 2701 5071 autem
2730 5016 2841 5074 alio
2862 5022 3123 5091 tempore
3138 5023 3219 5079 ita
3240 5027 3330 5082 in-

1740 5110 2019 5176 ﬁrmatur,
2056 5110 2120 5159 ut
2150 5103 2243 5159 ad
2290 5103 2632 5160 matutinum
2688 5105 2996 5174 perdurare
3049 5123 3323 5183 nequeat,

1741 5197 1996 5266 itemper
2014 5193 2379 5263 semetipsum
2416 5192 2694 5247 licentiam
2724 5194 2940 5263 quierit,
2964 5199 3111 5253 etin
3124 5206 3327 5271 ρι-τεάί-

1741 5292 1892 5339 ctum
1923 5286 2154 5353 chorum
2171 5282 2340 5346 vadit,
2352 5286 2413 5338 et
2435 5281 2492 5335 in
2503 5286 2762 5351 sequenti
2780 5289 2979 5341 tamen
2991 5287 3023 5341 d
3034 5288 3333 5363 iepropter

1741 5376 1849 5428 hoc
1866 5374 2081 5442 veniam
2110 5387 2231 5426 non
2247 5372 2405 5442 petit.
2436 5371 2505 5425 .Si
2546 5388 2672 5425 vero
2724 5372 2782 5427 in
2825 5390 2892 5427 ea
2932 5383 3093 5430 nocte
3123 5381 3192 5447 ad
3232 5385 3333 5438 an-

1746 5464 1894 5535 qupd
1923 5461 2351 5533 responsorium
2370 5465 2730 5521 estnon-itus,
2763 5461 2822 5515 in
2848 5464 3047 5533 majori
3069 5467 3239 5524 choro
3268 5473 3334 5526 il-

1741 5552 1841 5606 lud
1862 5550 2025 5605 canit.
2042 5555 2100 5603 et
2132 5547 2424 5622 confestim
2470 5547 2633 5609 redit,
2675 5549 3105 5623 .sednunquam
3140 5562 3331 5616 tamen

1742 5643 2137 5713 quartanam
2154 5642 2429 5695 octavum
2436 5638 2863 5708 responsorinm
2870 5646 3337 5734 cantatath
