3934 6368
583 372 718 431 1071

1611 368 1667 421 S.
1710 365 2101 421 GUlLLELMI
2139 366 2444 422 ABBATIS
2481 367 2820 422 IIIRSAUG.

3722 364 3872 424 1072

576 498 788 553 brevia.
821 496 984 561 Quod
1012 495 1060 549 si
1091 493 1220 548 talis
1242 510 1371 549 eum
1396 494 1695 549 inﬁrmitas
1714 494 2089 565 occupaverit,
2109 495 2304 556 utAsi
2337 513 2459 566 quae
2483 496 2627 550 forte
2666 496 2736 549 ab
2785 493 2974 563 aliquo
3025 507 3219 546 eorum
3261 491 3588 562 negligitur,
3634 507 3766 546 mox
3793 490 3874 544 ab

583 586 884 642 conventui
907 584 1181 638 interesse
1207 599 1318 636 non
1342 583 1535 653 possit,
1567 588 1700 637 tunc
1720 584 1787 637 ad
1810 583 2177 638 inﬁrmariam
2258 584 2495 639 istorum
2528 584 2715 654 aliquo
2748 581 3074 653 imponitur.

580 674 666 728 ire
680 673 933 744 jubetur,
960 677 1016 725 et
1045 672 1159 724 illic
1180 688 1290 724 non
1323 670 1523 724 minori
1554 670 1866 739 diligentia,
1890 686 1954 723 ac
1974 670 2019 724 si
2033 678 2181 725 esset

582 762 643 816 in
675 766 971 826 conventu,
1003 760 1425 829 custoditusque
1455 759 1626 812 etiam
1648 758 1723 810 ibi
1748 759 2023 812 laternam
2048 776 2179 830 por-

578 855 684 906 tat.

654 938 850 993 Adhuc
893 942 1081 992 autem
1116 937 1344 1008 quidam
1378 937 1632 1006 juvenes,
1666 936 1761 1007 qui
1791 952 1822 989 a
1853 935 2054 1006 majori
2082 950 2182 988 cu-

583 1027 771 1081 stodia
795 1036 931 1081 sunt
956 1026 1159 1092 soluti;
1199 1026 1425 1096 quidam
1455 1040 1608 1087 vero,
1670 1024 1765 1095 qui
1807 1041 2093 1095 nunquam
2124 1024 2183 1076 in

583 1116 897 1170 custodiam
919 1122 1053 1169 sunt
1068 1114 1256 1185 positi,
1276 1114 1371 1167 sed
1388 1119 1580 1167 tamen
1592 1113 1911 1183 suspicione
1921 1114 2188 1182 juventu~

580 1204 655 1259 tis
683 1205 791 1274 (cui
812 1205 1097 1258 interdum
1123 1219 1254 1257 rara
1285 1203 1421 1256 ﬁdes
1471 1207 1559 1256 est
1610 1202 1947 1269 adhibenda)
1982 1200 2185 1254 minori

581 1294 867 1360 custodiae,
913 1310 982 1347 ea
1027 1293 1347 1347 conditione
1376 1290 1771 1361 subjiciuntur,
1816 1296 1881 1344 ut
1906 1306 2187 1361 nusquam

581 1389 739 1437 extra
757 1388 1094 1437 conventum
1121 1381 1332 1451 absque
1360 1380 1590 1434 custode
1615 1381 1697 1433 ire
1718 1384 2185 1450 prmsumantmc—

588 1487 697 1543 que
758 1471 1151 1525 dormitorium
1205 1469 1352 1522 infra
1400 1468 1739 1522 matutinum
1794 1468 1925 1521 sine
1955 1468 2187 1521 laternis

586 1562 887 1615 ascendere
918 1560 1181 1614 audeant.
1207 1558 1291 1611 Ad
1331 1558 1437 1610 hoc
1464 1557 1643 1610 solum
1666 1561 1797 1609 ante
1834 1556 2010 1609 altare
2039 1557 2187 1626 quod

591 1654 679 1703 est
707 1664 882 1719 prope
909 1647 1115 1700 ostium
1148 1645 1412 1708 ecclesiae,
1444 1650 1530 1698 tot
1557 1645 1785 1697 laterme
1807 1659 1841 1696 a
1877 1645 2184 1698 camerario

2829 670 3062 725 CAPUT
3099 666 3309 725 XXIII.

2901 760 2970 812 De
2998 761 3271 811 armario.

2330 849 2830 918 (UD.)Prteccntor,
2851 849 2947 919 qui
2986 852 3043 901 et
3073 846 3371 909 armarius,
3396 845 3627 899 armarii
3659 860 3885 899 nomen

2264 935 2526 1001 obtinuit,
2561 954 2625 991 eo
2648 938 2793 1008 quod
2826 938 2880 991 in
2906 938 3028 1007 ejus
3058 952 3229 989 manu
3262 935 3404 988 solet
3423 951 3546 988 esse
3574 934 3888 988 bibliothe-

2267 1041 2353 1089 ca,
2378 1042 2500 1095 quae
2530 1031 2587 1079 et
2614 1026 2723 1079 alio
2744 1026 2973 1080 nomine
3003 1025 3309 1079 armarium
3332 1024 3668 1094 appellatur.
3696 1026 3716 1044 '
3740 1023 3887 1077 Haec

2267 1118 2351 1166 est
2382 1114 2720 1180 obedientia,
2754 1131 2922 1185 quam
2959 1131 3025 1167 ex
3046 1129 3203 1167 more
3230 1113 3421 1166 nullus
3457 1118 3730 1177 meretur,
3766 1111 3883 1164 nisi

2267 1202 2515 1256 nutritus
2570 1204 2660 1267 sit,
2709 1204 2791 1257 vel
2821 1204 3024 1274 aliquis
3063 1201 3299 1273 quilibet
3348 1202 3417 1254 ad
3460 1202 3565 1255 hoc
3620 1200 3886 1255 ofﬁcium

2269 1290 2526 1358 idoneus,
2549 1293 2695 1345 sicut
2721 1309 2751 1346 e
2769 1293 3049 1346 contrario
3078 1291 3204 1344 illas
3234 1289 3596 1354 obedientias,
3625 1305 3887 1360 quarum

2276 1396 2443 1450 supra
2476 1381 2705 1434 memini
2733 1388 2790 1435 et
2819 1382 3002 1435 adhuc
3038 1387 3125 1435 est
3153 1380 3376 1433 animus
3392 1379 3735 1441 meminisse,
3754 1394 3883 1432 non

2269 1479 2575 1537 merentur,
2591 1470 2697 1523 nisi
2717 1470 2808 1540 qui
2823 1471 2940 1540 jam
2958 1475 3121 1523 aetate
3136 1467 3444 1538 majuscula
3464 1473 3564 1521 aut
3577 1468 3764 1521 clerici
3783 1485 3886 1522 ex-

2271 1559 2557 1621 stiterunt,
2582 1566 2638 1613 et
2659 1576 2758 1630 per
2785 1560 2949 1624 vices,
2981 1559 3026 1613 si
3054 1559 3149 1629 qui
3179 1558 3247 1611 de
3277 1557 3387 1611 alio
3409 1557 3755 1611 monasterio
3776 1558 3884 1610 ad-

2269 1648 2573 1712 venientes,
2603 1648 2924 1718 iterumque
2949 1648 3097 1719 apud
3120 1664 3222 1700 nos
3243 1646 3589 1716 profitentes,
3605 1651 3725 1698 tam
3744 1664 3885 1717 pro-

588 1743 646 1791 et
667 1736 913 1790 candelae
945 1752 977 1789 a
1003 1735 1237 1789 sacrista
1274 1738 1407 1787 sunt
1436 1732 1725 1803 ponendae,
1750 1732 1965 1802 quotad
1986 1731 2185 1800 hujus-
2208 1727 2252 1786 B
2274 1733 2441 1788 babili
2482 1736 2904 1789 conversatione
2944 1734 3277 1805 aliquandiu
3306 1734 3452 1786 inter
3481 1749 3582 1786 nos
3610 1734 3877 1790 fuerunt.

586 1823 740 1877 modi
771 1822 1165 1876 necessitatem
1196 1820 1413 1892 possint
1440 1821 1714 1874 sufﬁcere.
1776 1819 1847 1873 Hi
1887 1820 2028 1873 tales
2074 1834 2185 1871 non

585 1911 834 1966 habeant
853 1912 1129 1976 custodes,
1158 1910 1251 1963 sed
1283 1910 1543 1980 quotiens
1566 1909 1692 1979 quis
1722 1924 1916 1961 eorum
1961 1908 2033 1960 de
2061 1922 2190 1960 con-

584 2006 755 2055 ventu
784 2000 954 2055 habet
980 2000 1082 2065 ire,
1139 1999 1305 2052 alicui
1353 1998 1422 2051 ad
1471 1999 1577 2051 hoc
1618 1998 1819 2051 idoneo
1851 2004 1907 2050 et
1930 1996 2188 2066 expedito

586 2089 809 2159 signum
832 2089 1019 2153 faciat,
1052 2088 1147 2159 qui
1169 2093 1226 2141 et
1254 2104 1382 2141 eum
1408 2086 1597 2140 statim
1640 2086 1799 2156 sequi
1838 2102 1949 2139 non
1979 2084 2183 2138 renuit.

587 2177 892 2232 Sciendum
913 2182 1104 2230 autem
1136 2175 1283 2245 quod
1307 2174 1443 2228 nulli
1462 2175 1753 2243 juve‘num,
1788 2173 1903 2226 sive
1923 2174 1982 2226 in
2006 2177 2188 2225 custo-

583 2265 679 2320 dia
698 2266 791 2331 sit,
822 2266 936 2319 sive
958 2282 1092 2327 non,
1124 2264 1192 2317 ad
1217 2264 1462 2334 aliquam
1498 2263 1696 2316 cellam
1727 2261 1879 2314 solus
1914 2261 2035 2313 sine
2070 2259 2181 2312 alio

540 2378 541 2381 η
585 2354 949 2425 provectioris
971 2353 1152 2407 aetatis
1164 2352 1336 2405 fratre
1364 2351 1447 2404 ire
1484 2352 1573 2404 vel
1601 2350 1783 2403 redire
1814 2348 2177 2419 permittitur,

585 2443 720 2513 quia
776 2442 942 2495 nimis
995 2440 1242 2495 notabile
1272 2446 1436 2503 esset,
1472 2440 1518 2493 si
1550 2440 1703 2492 solus
1737 2437 2179 2491 benedictionem

584 2530 893 2601 accepisset
919 2549 931 2596 ;
967 2529 1061 2600 qui
1092 2529 1259 2583 etiam
1287 2529 1431 2581 scire
1460 2527 1643 2593 debet,
1667 2527 1714 2581 si
1744 2527 1926 2580 adhuc
1952 2527 2084 2579 dum
2106 2524 2185 2578 sic

590 2620 872 2674 emittitur
895 2620 964 2674 de
997 2619 1250 2673 custodia
1277 2618 1361 2671 vel
1386 2618 1454 2671 de
1484 2618 1682 2677 forma.
1713 2633 1823 2670 non
1854 2620 1941 2669 est
1968 2614 2186 2669 absolu-

582 2713 676 2763 tus
698 2709 754 2762 in
785 2709 971 2763 reditu
999 2725 1122 2774 suo,
1168 2706 1387 2761 etiamsi
1415 2722 1515 2777 per
1544 2707 1737 2759 decem
1772 2721 1952 2758 annos
1981 2703 2184 2757 alicubi

584 2797 983 2869 permanserit,
1006 2797 1101 2850 sed
1131 2796 1338 2850 iterum
1366 2794 1481 2848 sive
1518 2793 1587 2847 .in
1630 2793 1942 2847 custodiam
1970 2792 2085 2845 sive
2113 2791 2183 2845 ad

584 2886 824 2941 formam
855 2886 1019 2939 redit.
1072 2884 1180 2948 Qui
1210 2900 1338 2937 vero
1364 2888 1590 2953 propter
1620 2881 1863 2952 aliquem
1896 2896 2181 2934 excessum

583 2975 642 3030 in
668 2976 999 3029 alterutram
1029 2973 1339 3028 custodiam
1377 2971 1640 3034 mittitur,
1675 2988 1801 3024 mox
1829 2970 1899 3023 ab
1932 2987 1999 3024 ea
2022 2968 2183 3023 abso-

589 3064 743 3119 lutus
765 3065 833 3119 ad
848 3064 1144 3135 parietem.
1170 3062 1215 3115 si
1231 3061 1530 3115 stationem
1555 3065 1723 3113 antea
1743 3058 1946 3112 ibidem
1966 3058 2178 3125 habuit,

585 3153 923 3224 regreditur.
969 3151 1203 3206 Juvenis
1232 3166 1331 3221 per
1367 3165 1531 3219 quem
1586 3148 1741 3218 prior
1779 3147 1837 3201 in
1886 3147 2180 3200 refectorio

582 3240 918 3294 charilatem
954 3256 1115 3294 suam
1166 3237 1459 3309 impendit,
1493 3252 1694 3306 panem
1749 3250 1915 3289 suum
1944 3241 2001 3288 et
2020 3234 2182 3304 justi-

579 3327 719 3382 tiam
750 3345 875 3382 cum
899 3326 1175 3382 cochleari
1206 3326 1274 3380 ad
1310 3341 1560 3378 mensam
1586 3329 1777 3394 portat
1813 3329 1870 3377 et
1899 3331 2172 3394 reportat.

581 3416 641 3472 Si
668 3417 740 3469 ad
756 3416 1162 3470 confessionem
1181 3415 1300 3468 vult
1329 3413 1537 3477 venire,
1587 3429 1623 3466 a
1668 3413 1900 3467 custode
1932 3430 2033 3466 suo
2054 3428 2182 3466 con-

577 3504 779 3558 fessori
810 3504 1176 3575 permittitur,
1232 3519 1336 3573 per
1390 3518 1553 3572 quem
1586 3501 1755 3555 etiam
1797 3500 1940 3554 facta
1975 3501 2183 3555 confes-

576 3592 755 3661 sione,
779 3593 860 3647 illi
893 3593 1054 3662 juxta
1086 3592 1378 3646 introitum
1397 3589 1625 3660 capituli
1648 3589 1989 3661 exspectanti
2016 3590 2178 3644 redu-

574 3681 747 3739 citur.

650 3770 727 3836 Si,
763 3770 911 3842 quod
937 3768 1100 3833 absit,
1129 3768 1361 3823 ofﬁcinae
1407 3767 1634 3823 claustri
1664 3767 2062 3836 incenduntur,
2088 3769 2177 3838 ju-

574 3875 743 3914 venes
762 3876 889 3913 cum
919 3859 1041 3912 aliis
1070 3858 1139 3912 ad
1173 3856 1640 3926 exstinguendum
1664 3872 1775 3909 non
1801 3862 2056 3921 currunt,
2078 3856 2176 3909 sed

574 3948 803 4002 interim
832 3964 961 4002 cum
983 3945 1309 4001 custodibus
1337 3946 1455 3998 suis
1487 3945 1544 3997 in
1573 3945 1741 3998 choro
1784 3945 1855 3997 ad
1918 3944 2175 3998 litaniam

576 4038 888 4092 canendam
913 4053 974 4090 se
1011 4039 1395 4106 prosternunt.
1429 4033 1751 4087 Notandum
1783 4038 1996 4096 autem,
2027 4033 2177 4103 quod

574 4125 764 4180 nullus
792 4142 990 4179 eorum
1038 4123 1209 4177 sedile
1239 4140 1273 4176 a
1310 4122 1501 4176 domni
1548 4121 1765 4175 abbatis
1790 4122 1949 4175 sedili
1978 4122 2169 4187 situm,

575 4214 684 4269 nisi
705 4231 770 4267 eo
789 4220 1062 4283 tempore,
1090 4212 1312 4283 quando
1330 4211 1544 4282 priores
1566 4215 1720 4264 stant
1750 4216 1942 4263 contra
1974 4210 2170 4275 altare,

574 4302 805 4356 intrabit
832 4319 845 4368 ;
885 4302 983 4355 sed
1015 4305 1073 4354 et
1098 4306 1230 4354 tunc
1260 4300 1400 4354 nulli
1435 4315 1630 4353 eorum
1658 4300 1713 4352 in
1752 4300 1883 4352 sede
1916 4299 1984 4352 de
2009 4298 2174 4353 altari

576 4395 762 4444 astare
790 4389 995 4450 licebit.
1022 4389 1128 4443 nisi
1157 4389 1283 4443 alba
1302 4389 1534 4442 indutus
1562 4387 1655 4441 sit.
1703 4387 1787 4440 Ad
1833 4404 2093 4458 vesperos
2119 4393 2177 4442 et

2270 1836 2361 1876 UD.
2390 1823 2716 1892 Igituriste.
2744 1824 2814 1876 de
2846 1840 2956 1893 quo
2988 1823 3174 1893 agitur
3202 1821 3467 1885 ofﬁcialis,
3523 1819 3630 1874 rite
3685 1837 3878 1876 unum

2268 1910 2439 1964 habet
2463 1912 2900 1981 suifraganeum,
2925 1913 3017 1981 qui
3050 1917 3107 1965 et
3136 1911 3321 1982 pueris
3343 1914 3548 1971 cantet,
3582 1910 3629 1963 si
3656 1910 3713 1964 in
3746 1912 3884 1965 loco

2270 2004 2421 2063 sunt,
2482 2005 2539 2054 et
2574 2000 2797 2055 brevem
2832 2002 2999 2055 faciat
3023 2001 3093 2055 de
3120 2000 3317 2053 litania
3346 2006 3402 2052 et
3427 2000 3789 2069 responsorio
3825 2007 3893 2055 et

2271 2088 2397 2141 aliis
2427 2088 2724 2159 obsequiis.
2755 2091 3032 2143 Cmterum
3062 2090 3297 2142 fratrum
3328 2087 3558 2141 nomina
3584 2103 3696 2141 non
3721 2089 3887 2145 alius

2270 2192 2438 2246 quam
2470 2178 2588 2248 ipse
2610 2178 2784 2249 ponit,
2817 2178 2923 2231 nisi
2955 2179 3096 2231 forte
3121 2184 3180 2231 et
3205 2178 3323 2248 ipse
3352 2177 3433 2230 ita
3458 2177 3718 2244 voluerit,
3752 2178 3887 2248 eju-

2263 2281 2402 2335 sque
2444 2266 2722 2321 secundus
2758 2267 2928 2337 hujus
2959 2267 3033 2321 sit
3062 2266 3373 2332 industriae,
3418 2265 3701 2335 hujusque
3746 2281 3887 2319 sen-

2264 2370 2377 2406 SUS.

2338 2442 2419 2495 De
2450 2443 2574 2511 ejus
2603 2448 2791 2497 autem
2817 2448 2934 2497 tam
2962 2443 3229 2497 continua
3251 2442 3631 2513 occupatione,
3662 2447 3732 2497 ut
3770 2444 3884 2499 ali.-

2271 2546 2379 2599 qua
2405 2531 2801 2601 perstringam,
2833 2537 2954 2585 tota
2976 2531 3174 2585 divinae
3195 2532 3481 2585 servitutis
3495 2531 3781 2585 ordinatio
3816 2532 3883 2587 in

2266 2619 2501 2672 ecclesia
2528 2636 2698 2690 super
2718 2620 2936 2673 nullum
2955 2621 3179 2691 pendet,
3200 2625 3474 2691 quantum
3492 2635 3661 2689 super
3677 2620 3879 2689 illum,

2266 2722 2369 2761 nec
2391 2707 2459 2760 de
2490 2708 2594 2762 hoc
2622 2709 2790 2762 habet
2820 2708 2990 2762 alium
3022 2710 3263 2779 aliquem
3294 2708 3648 2778 magistrum,
3693 2725 3882 2780 quam

2266 2802 2422 2849 extra
2451 2798 2762 2862 ecclesiam,
2796 2802 2852 2851 et
2879 2797 2949 2851 ad
2980 2797 3301 2859 huiusmodi
3336 2814 3531 2850 omnes
3579 2796 3796 2852 debent
3821 2800 3882 2853 ei

2265 2901 2487 2955 semper
2501 2884 2824 2939 obedientes
2846 2903 2987 2939 esse.
3014 2886 3071 2940 Si
3093 2885 3223 2956 quid
3259 2891 3449 2939 tamen
3480 2891 3678 2939 contra
3696 2902 3880 2942 usum

2265 2974 2703 3044 praesumpserit,
2736 2975 2821 3027 vel
2841 2975 3166 3042 neglexerit,
3202 2974 3306 3027 hoc
3353 2974 3580 3028 interim
3631 2976 3881 3031 omnino

2265 3061 2687 3130 dissimulatur;
2718 3079 2897 3133 usque
2942 3064 3075 3117 dum
3120 3063 3178 3116 in
3226 3063 3472 3133 capitulo
3502 3062 3876 3124 reclametur.

2270 3110 2641 3117 _____-___-_-__
2675 3110 2687 3130 ,
2724 3110 2889 3133 --.ιη
2946 3110 3075 3117 __---
3231 3110 3288 3116 η
3337 3110 3469 3117 --ην
3503 3110 3876 3124 ---των-υ-.

2196 3110 2245 3173 C
2263 3150 2430 3220 (υαν.)
2456 3151 2538 3204 Ad
2566 3162 2791 3204 cantum
2815 3152 3120 3221 Evangelii,
3166 3152 3234 3204 ad
3256 3110 3517 3223 V';speros
3559 3157 3618 3205 et
3643 3153 3714 3207 ad
3748 3170 3879 3208 ma-

2264 3240 2511 3293 tutinum
2536 3240 2901 3309 antiphonam
2923 3240 3189 3310 imponit;
3211 3246 3436 3310 excepto
3458 3241 3605 3310 quod
3619 3240 3881 3298 domnus

2263 3326 2453 3393 abbas,
2487 3344 2551 3381 eo
2586 3327 2837 3393 absente,
2880 3329 2936 3382 in
2966 3329 3260 3382 duodecim
3292 3327 3619 3383 lectionibus
3644 3336 3734 3384 est
3760 3332 3882 3385 im-

2262 3416 2578 3485 positurus.
2617 3418 2640 3439 '
2668 3416 2819 3479 Quas
2852 3416 2899 3470 si
2928 3433 3040 3470 non
3067 3423 3216 3470 recte
3244 3416 3596 3488 imposuerit,
3626 3418 3712 3471 vel
3730 3424 3877 3474 tan-

2261 3508 2381 3557 tum
2414 3520 2526 3557 non
2551 3504 2794 3574 proprie,
2822 3504 2877 3557 id
2909 3510 3012 3571 est,
3041 3504 3433 3566 modulaverit.
3460 3506 3736 3561 alteruter
3753 3510 3880 3563 col-

2262 3592 2510 3645 lateralis
2541 3594 2684 3662 ejus,
2715 3599 2779 3646 ut
2798 3594 3063 3663 corrigat,
3095 3594 3398 3648 summissa
3415 3611 3547 3649 voce
3585 3595 3876 3652 admone-

2258 3697 2319 3733 re
2359 3681 2588 3751 poterit.
2645 3684 2807 3750 (υαν.)
2856 3682 2920 3735 In
2973 3681 3172 3752 psalmi
3210 3698 3343 3736 vero
3393 3684 3773 3754 susceptione,
3820 3688 3874 3741 si

2258 3768 2492 3834 fallitur,
2552 3786 2587 3823 a
2617 3769 2865 3840 quolibet
2891 3771 3061 3824 sciolo
3090 3777 3147 3824 et
3170 3771 3227 3824 in
3257 3771 3451 3825 eodem
3474 3772 3642 3827 choro
3669 3778 3877 3830 stante

2259 3857 2577 3927 adjuvatur.
2616 3858 2773 3921 Quod
2795 3858 2843 3912 si
2873 3858 2930 3912 in
2962 3859 3148 3929 aliquo
3195 3865 3330 3913 tono
3360 3866 3601 3926 erratur,
3642 3862 3874 3918 nullius

2259 3946 2491 4000 scientia
2512 3947 2837 4017 przejudicat
2853 3947 2955 4009 illi,
2981 3964 3109 4001 cum
3133 3964 3261 4001 eum
3283 3948 3635 4019 potissimum
3662 3966 3877 4007 omnes

2260 4034 2577 4099 attendant,
2602 4040 2659 4089 et
2687 4042 3016 4106 sequantur.
3032 4049 3127 4089 un.
3147 4036 3399 4091 Domnus
3417 4036 3589 4091 abbas
3606 4040 3877 4108 quandiu

2256 4130 2341 4177 est
2360 4124 2416 4176 in
2443 4130 2737 4189 conventu,
2769 4124 3049 4179 armarius
3076 4141 3189 4178 non
3216 4142 3278 4179 se
3304 4130 3466 4180 notat
3488 4127 3559 4180 ad
3579 4128 3756 4181 ullam
3779 4130 3877 4184 le-

2256 4212 2497 4266 ctionem
2536 4215 2619 4267 vel
2650 4214 3088 4284 responsorium,
3121 4219 3185 4268 ut
3214 4214 3262 4268 si
3290 4214 3386 4268 ille
3410 4215 3550 4269 forte
3570 4232 3683 4269 non
3712 4216 3877 4288 lege-

2256 4299 2349 4365 rit,
2383 4302 2503 4371 ipse
2534 4319 2634 4373 pro
2663 4319 2727 4356 eo
2758 4303 2925 4373 legat.
2960 4305 2981 4326 '
3012 4302 3247 4367 Quando
3266 4320 3396 4358 vero
3416 4303 3657 4359 domnus
3683 4305 3877 4363 abbas

2258 4389 2436 4456 abest,
2469 4390 2588 4461 ipse
2616 4392 2687 4445 ad
2718 4391 3013 4445 lectionem
3029 4392 3115 4445 vel
3140 4392 3209 4446 ad
3234 4392 3649 4462 responsorium
3670 4397 3875 4451 notari

577 4479 918 4534 matutinum
951 4479 1034 4532 vel
1061 4479 1139 4532 de
1160 4477 1420 4532 omnibus
1447 4475 1677 4539 sanctis,
1721 4475 2042 4546 antiphonae
2083 4466 2237 4531 su-D
2258 4483 2459 4548 potest.
2493 4480 2577 4533 Ad
2615 4479 2769 4533 aliud
2803 4486 2992 4534 autem
3027 4480 3270 4534 ofﬁcium
3300 4497 3608 4552 nunquam,
3643 4482 3757 4536 nisi
3788 4486 3870 4539 ad

576 4583 677 4638 per
705 4568 949 4639 psalmos
974 4573 1027 4621 et
1070 4566 1287 4638 hymni,
1324 4565 1642 4635 antiphonse
1690 4562 1760 4616 ad
1809 4564 2051 4643 ofﬁcium
2082 4565 2176 4618 de-

573 4656 894 4711 functorum
924 4656 995 4710 ab
1026 4656 1096 4710 iis
1115 4657 1502 4726 imponuntur,
1536 4656 1592 4705 et
1620 4650 2173 4724 breviaresponsoria

572 4752 888 4802 cantantur.

643 4833 900 4899 Interim,
931 4833 1066 4888 dum
1098 4848 1317 4886 coronae
1346 4830 1570 4885 novitiis
1598 4830 1656 4884 in
1677 4831 1845 4886 choro
1875 4830 2173 4902 designan-

570 4930 684 4988 tur,
706 4923 777 4977 ab
805 4921 1243 4977 hcbdomadario
1285 4921 1510 4991 juvene,
1562 4920 1778 4991 antiph.
1834 4922 1910 4974 Tu
1951 4937 2003 4974 es
2031 4922 2170 4975 Deus

570 5016 687 5082 qui,
725 5010 1201 5081 etc.,imponitur.
1246 5015 1304 5062 et
1330 5009 1529 5062 litania
1563 5014 1693 5063 ante
1712 5009 1940 5063 missam
1961 5008 2169 5078 abipso

569 5101 916 5173 praecinitur.
949 5099 1157 5151 Versus
1185 5097 1413 5151 omnino
1431 5096 1501 5151 ab
1530 5097 1636 5162 his,
1668 5097 1717 5150 si
1751 5102 1835 5150 tot
1863 5104 2012 5161 sunt,
2036 5114 2169 5167 pro-

569 5190 952 5255 nuntiantur;
995 5186 1082 5240 sin
1139 5192 1348 5253 autem,
1414 5191 1533 5239 tam
1588 5185 1658 5238 ab
1696 5184 1820 5238 aliis
1869 5185 2168 5253 juvenibus

571 5295 740 5349 quam
793 5278 865 5332 ab
904 5276 1028 5330 istis
1068 5274 1348 5329 dicuntur.
1368 5276 1509 5329 item
1531 5274 1601 5327 ab
1622 5274 1829 5327 eisdem
1848 5273 2063 5344 antiph.
2095 5274 2167 5328 ad

570 5367 838 5437 suifragia
869 5372 1191 5420 sanctorum
1234 5363 1599 5434 incipiuntur,
1642 5368 1699 5416 et
1726 5366 1861 5415 tunc
1904 5362 2168 5433 imposita

571 5456 820 5527 qualibet
850 5455 1066 5525 antiph.
1119 5454 1336 5507 tamdiu
1387 5451 1593 5506 debent
1647 5458 1819 5526 stare,
1877 5467 2167 5521 quousque

570 5546 791 5599 dicatur
803 5560 1021 5599 oremus
1042 5560 1077 5597 a
1095 5543 1401 5597 sacerdote.
1455 5540 1694 5611 Insuper
1741 5539 1999 5610 quotiens
2027 5540 2170 5594 anti-

573 5632 773 5701 phona:
802 5649 838 5686 a
865 5631 1179 5687 senioribus
1202 5633 1272 5685 ad
1295 5630 1637 5686 matutinum
1658 5634 1792 5684 sunt
1816 5627 2170 5700 imponendae

2255 4569 2549 4636 coquinam
2582 4574 2638 4622 et
2690 4568 2761 4622 ad
2821 4569 3149 4623 mandatum
3194 4568 3367 4623 trium
3418 4586 3754 4641 pauperum,
3787 4574 3873 4628 ad

2254 4657 2612 4710 collationem
2631 4674 2872 4728 quoque,
2909 4657 2957 4711 si
2984 4658 3123 4723 vult,
3156 4659 3342 4728 legere
3372 4665 3573 4729 potest.
3593 4659 3740 4729 (111).)
3761 4661 3875 4717 So-

2253 4745 2342 4799 lus
2366 4745 2460 4799 ille
2482 4763 2595 4800 non
2614 4746 3069 4817 reprehenditur,
3109 4747 3157 4800 si
3179 4764 3346 4817 quam
3370 4748 3739 4819 antiphonam
3769 4754 3871 4806 vel

2252 4835 2668 4905 responsorium
2700 4835 3075 4889 nominaverit
3129 4834 3340 4907 absque
3392 4836 3555 4902 libro,
3600 4837 3867 4895 indicens

2253 4923 2417 4977 alicui
2445 4923 2627 4989 fratri,
2653 4929 2718 4978 ut
2747 4929 2951 4979 cantet.
2987 4926 3008 4948 ⁶
3040 4924 3250 4978 Omnes
3278 4939 3501 4995 quoque
3517 4940 3711 4979 versus
3723 4927 3867 4981 oﬂ‘e-

2250 5012 2438 5065 rendae
2483 5013 2555 5066 ad
2606 5012 2879 5082 majorem
2925 5011 3158 5066 missam
3201 5012 3461 5082 imponit.
3492 5012 3579 5067 Ad
3611 5028 3866 5083 quorum

2249 5099 2601 5170 singulorum
2657 5099 3075 5170 impositionem
3104 5100 3162 5153 in
3188 5099 3479 5154 duodecim
3518 5100 3867 5158 lectionibus

2250 5194 2379 5242 ante
2413 5195 2470 5242 et
2522 5195 2673 5243 retro
2705 5189 2857 5253 facit,
2919 5189 3029 5242 nisi
3065 5189 3133 5242 ad
3176 5188 3466 5243 Orientem
3519 5205 3715 5243 versus
3752 5193 3862 5259 sit,

2249 5278 2383 5328 tunc
2410 5280 2631 5329 tantum
2659 5274 2908 5340 inclinat,
2933 5274 3078 5329 sicut
3114 5280 3172 5329 et
3196 5276 3429 5346 privatis
3455 5275 3671 5342 diebus,
3707 5292 3862 5347 qua-

2248 5379 2468 5434 cunque
2517 5369 2677 5433 parte
2723 5363 2877 5417 chori
2906 5364 3091 5418 locum
3120 5364 3341 5419 habeat.
3375 5366 3500 5435 Ipse
3537 5365 3707 5418 etiam
3739 5366 3862 5421 Pa-

2249 5452 2423 5505 schali
2453 5458 2704 5522 tempore
2734 5452 2967 5522 privatis
3008 5452 3204 5507 diebus
3239 5459 3462 5507 tantum
3497 5455 3741 5507 Alleluia
3777 5458 3857 5511 ad

2250 5540 2482 5594 missam
2504 5541 2765 5610 imponit.
2811 5541 3098 5611 liymnum
3147 5558 3279 5596 vero
3323 5558 3632 5612 nunquam,
3655 5542 3767 5597 nisi
3792 5546 3858 5601 in

2250 5628 2547 5684 duodecim
2574 5629 2928 5699 lectionibus,
2961 5631 3009 5685 si
3037 5636 3096 5687 et
3120 5635 3258 5687 tunc
3282 5630 3761 5688 hebdomadarius
3790 5633 3855 5690 in
