3934 6362
82 368 225 426 4073
1129 373 1548 430 CONSTITUT.
1591 374 1647 429 HI

1733 374 1934 429 SAUG.
1973 403 2045 417 —
2081 376 2219 432 LIB.
2261 379 2333 434 II.
3224 376 3367 434 1074

81 494 282 548 eodem
303 494 731 549 chorosteterit.
757 495 1221 566 (UD.)Quemlibet
1249 504 1479 553 cantum
1509 515 1684 570 quan-
1704 498 1875 558 Ahoc
1902 499 2121 555 idoneis
2167 502 2415 567 intimat,
2471 501 2675 572 quibus
2724 503 2782 554 et
2829 500 3022 567 libros,
3061 500 3122 556 in
3163 500 3364 573 quibus

81 584 351 638 tumlibet
378 584 658 639 submissa
687 601 820 639 voce
847 592 1122 651 cantetur,
1156 602 1320 640 nemo
1344 587 1488 641 alius
1517 588 1690 641 audet
1769 587 1976 641 eaedem
1998 589 2321 660 antiphonze
2340 590 2562 661 scriptae
2578 596 2730 655 sunt,
2747 589 3054 644 distribuit.
3084 591 3365 658 (ναν.)Ρο-

81 672 153 725 ad
183 673 449 727 altiorem
488 673 674 727 levare
729 690 935 727 vocem.
969 676 990 698 *
1019 673 1147 745 Ipse
1177 682 1364 729 autem
1397 692 1684 746 nunquam
1767 682 1976 730 stremo
1996 678 2395 748 quidquidtale
2418 679 2578 749 quasi
2598 694 2803 732 novum
2841 679 3229 749 supervenerit
3253 695 3365 749 ge-

80 761 252 815 debet
292 762 596 832 negligere,
628 763 850 832 quando
894 762 1063 831 nimis
1105 763 1379 819 submisse
1404 771 1679 829 cantatur,
1765 764 2024 827 rendum,
2049 766 2118 819 de
2137 767 2242 820 hoc
2253 767 2347 820 ille
2369 768 2645 838 praecipue
2667 783 2882 821 memor
2901 772 2958 821 et
2976 767 3214 838 diligens
3244 783 3365 823 esse

79 849 310 920 quando
346 850 434 904 vel
461 850 625 905 solito
651 850 1010 906 festinantius
1059 853 1139 907 vel
1157 853 1497 922 protractius
1544 870 1683 923 quo-
1765 851 1950 918 debet,
2000 855 2224 924 quando
2272 854 2413 909 faba:
2459 855 2710 918 novellae,
2754 855 2840 909 vel
2879 855 3132 909 novellus
3179 855 3361 926 panis,

77 954 303 1009 cunque
340 939 484 1007 loco,
523 939 611 993 vel
656 944 932 1011 tempore,
981 940 1117 1010 quin
1166 940 1357 994 statim
1414 940 1682 996 fratribus
1764 941 1878 994 sive
1901 948 2151 996 mustum
2182 948 2268 997 est
2294 943 2353 997 in
2383 943 2678 998 refectorio
2704 942 3167 1006 benedicendum,
3198 944 3287 998 vel
3313 944 3363 999 si

76 1027 285 1081 innuat
310 1044 485 1082 manu
535 1028 809 1099 quidquid
843 1029 1256 1082 emendandum
1287 1036 1374 1082 est
1400 1030 1460 1084 in
1488 1036 1676 1085 cantu.

78 1115 241 1178 Quod
272 1116 527 1187 quamvis
557 1117 792 1171 licenter
817 1116 942 1171 fieri
967 1117 1456 1188 possit,nunquam
1485 1124 1677 1175 tamen

74 1202 184 1257 nisi
209 1220 339 1258 cum
372 1221 580 1275 magna
596 1205 929 1271 reverentia,
943 1221 1124 1285 neque
1148 1206 1218 1258 de
1246 1207 1416 1260 choro
1443 1206 1501 1260 in
1526 1209 1673 1262 alte-

75 1308 202 1346 rum
249 1294 485 1347 chorum
533 1294 713 1348 facere
763 1294 1090 1365 praesumit;
1123 1294 1240 1360 sed,
1283 1295 1330 1348 si
1378 1312 1518 1365 opus
1565 1302 1669 1364 est,

73 1382 336 1453 proprius
367 1383 612 1437 accedat.

144 1474 285 1537 (συ.)
314 1470 508 1543 Ipsum
541 1488 763 1543 quoque
791 1472 933 1526 scire
961 1474 1237 1539 convenit,
1287 1476 1418 1546 quia
1453 1478 1673 1532 nullum

70 1562 324 1617 divinum
354 1564 600 1619 ofﬁcium
626 1565 779 1618 intra
812 1565 900 1619 vel
941 1572 1098 1619 extra
1141 1567 1430 1622 ecclesiam
1461 1570 1667 1640 agitur,

72 1651 160 1705 cui
190 1652 316 1723 ipse
346 1654 432 1707 vel
469 1655 856 1723 suﬂ'raganeus
898 1655 1021 1725 ejus
1058 1671 1171 1708 non
1212 1655 1451 1712 intersit.
1505 1660 1671 1714 Omni

70 1740 178 1805 die,
211 1744 555 1814 competenti
576 1743 731 1808 liora,
751 1744 909 1797 audit
927 1745 1086 1815 pueri
1121 1746 1203 1798 vel
1228 1747 1448 1815 juvenis
1479 1749 1670 1803 lectio-

66 1843 213 1894 nem,
230 1846 402 1899 quam
430 1830 490 1884 in
517 1831 775 1901 sequenti
799 1832 890 1885 die
910 1832 1158 1886 lecturus
1177 1838 1263 1885 est
1286 1834 1345 1887 in
1361 1834 1622 1906 Capitulo
1649 1855 1660 1891 :

63 1918 239 1989 (υαν.)
264 1919 534 1973 lectiones
554 1937 774 1990 quoque
787 1938 909 1991 qum
930 1922 1177 1990 legendae
1197 1929 1330 1977 sunt
1350 1924 1417 1977 ad
1442 1932 1667 1979 noctur-

64 2022 164 2060 nos
194 2007 255 2061 in
283 2008 729 2079 Quadragesima
775 2016 902 2080 post
936 2016 1173 2079 sextam,
1201 2012 1263 2065 in
1293 2018 1488 2067 aestate
1534 2032 1665 2069 vero

61 2100 188 2166 post
207 2112 415 2151 nonam
442 2116 455 2164 ;
482 2099 568 2152 vel
596 2098 644 2152 si
669 2099 843 2153 semel
876 2100 1188 2155 comeditur
1216 2108 1341 2171 post
1365 2104 1662 2173 prandium

62 2186 237 2240 audit.
273 2189 299 2212 *
329 2187 489 2250 Quod
526 2187 574 2240 si
609 2187 913 2258 aliquando
952 2189 1191 2244 brevitas
1234 2193 1502 2261 temporis
1551 2210 1665 2248 non

59 2275 295 2345 patitur,
326 2281 391 2329 ut
419 2282 549 2347 post
577 2292 805 2341 nonam,
852 2277 938 2331 vel
989 2283 1115 2349 post
1163 2280 1464 2349 prandium
1492 2283 1667 2351 possit

1761 1029 1892 1082 talis
1947 1046 2188 1100 persona
2233 1032 2541 1098 advenerit,
2600 1038 2907 1102 antequam
2955 1043 3013 1086 et
3058 1038 3359 1103 postquam

1759 1118 2080 1187 suscipitur,
2105 1119 2386 1190 imprimis
2415 1121 2580 1175 lectio
2620 1126 2706 1175 est
2731 1120 3041 1182 recitanda,
3074 1121 3160 1175 vel
3189 1137 3359 1192 opere

1759 1221 2030 1260 manuum
2060 1208 2226 1275 facto,
2276 1209 2361 1262 vel
2391 1210 2437 1263 si
2468 1210 2758 1279 cujusdam
2809 1209 3004 1264 novitii
3035 1225 3243 1263 corona
3269 1209 3357 1263 vel

1757 1293 1932 1349 barba
1959 1296 2208 1351 radenda
2229 1304 2333 1361 est,
2352 1298 2423 1351 ad
2439 1299 2555 1353 haec
2577 1299 2799 1368 singula
2817 1304 2873 1353 et
2890 1299 3093 1353 horum
3123 1298 3349 1365 similia,

1755 1382 2031 1452 providet,
2076 1401 2147 1438 ne
2193 1384 2294 1439 ﬁat
2321 1385 2664 1455 negligentia
2693 1386 2778 1439 vel
2805 1385 2876 1439 de
2904 1398 3144 1456 persona
3171 1386 3257 1439 vel
3280 1385 3351 1439 de

1756 1470 1881 1538 hoc,
1917 1472 2068 1542 quod
2096 1489 2339 1544 persona
2364 1479 2450 1527 est
2479 1474 2717 1529 dictura.

2328 1563 2561 1617 CAPUT
2581 1564 2778 1617 XXIV.

1896 1649 2124 1715 Quando
2154 1651 2371 1712 chorus,
2398 1657 2458 1705 ut
2478 1654 2662 1714 aiunt,
2696 1654 2766 1705 ab
2786 1655 2901 1720 ipso
2933 1657 3200 1707 teneatur.

1823 1738 1845 1759 ⁶
1875 1737 1941 1790 In
1971 1738 2232 1793 omnibus
2259 1739 2576 1810 festis,quae
2596 1740 2654 1794 in
2685 1740 2825 1794 albis
2845 1745 3111 1810 aguntur,
3133 1741 3192 1795 in
3215 1740 3348 1796 Sab-

1749 1824 1880 1879 bato
1907 1843 2129 1897 quoque
2140 1834 2353 1893 sancto,
2374 1829 2601 1883 Pascha:
2624 1834 2681 1883 et
2701 1830 3078 1896 Pentecostes,
3103 1835 3157 1884 et
3177 1830 3236 1884 in
3256 1831 3349 1885 die

1748 1914 2074 1968 Palmarum
2102 1916 2381 1970 armarius
2411 1933 2476 1971 ex
2516 1934 2622 1971 usu
2666 1918 2833 1971 debet
2869 1924 3062 1972 tenere
3089 1919 3343 1986 chorum,

1747 2003 1843 2055 sed
1867 2003 1922 2057 in
1937 2003 2077 2057 albis
2094 2005 2246 2058 solus
2269 2024 2281 2070 ;
2307 2011 2535 2076 excepto
2556 2005 2615 2058 in
2635 2006 3032 2060 Puriﬁcatione
3054 2008 3110 2062 S.
3127 2006 3341 2065 Mariae.

1748 2091 1812 2144 In
1832 2091 2043 2145 eisdem
2071 2110 2198 2147 vero
2228 2093 2471 2148 duorum
2518 2093 2889 2149 Sabbatorum
2917 2094 3133 2160 diebus,
3158 2096 3340 2163 illum,

1748 2180 1843 2249 qui
1869 2196 2059 2235 secum
2082 2182 2335 2236 litaniam
2365 2182 2637 2253 praecinit,
2667 2183 2772 2238 sibi
2804 2183 3080 2254 adjungit.
3106 2184 3171 2238 In
3191 2185 3343 2255 psal-

1746 2268 1853 2321 mis
1881 2275 2072 2324 autem
2102 2276 2380 2341 quotquot
2395 2273 2741 2326 necessarios
2770 2271 3122 2341 habuerit,in
3140 2272 3343 2344 quibus
3423 2296 3433 2309 θ

70 2363 280 2428 audire,
313 2363 463 2418 inter
490 2364 830 2435 pulsandum
869 2382 1145 2436 vesperos1
1178 2366 1226 2420 si
1262 2369 1399 2421 Deus
1426 2372 1661 2424 αιινίίηιε
1680 2370 1727 2429 Β
1746 2356 1983 2427 singulis
2005 2359 2125 2429 ipse
2144 2377 2351 2431 cappas
2379 2359 2763 2415 distribuit.In
2784 2361 3090 2416 Nativitate
3116 2362 3344 2418 Domini

69 2467 177 2505 non
198 2453 443 2518 canitur,
470 2457 528 2506 et
545 2458 681 2506 tune
699 2453 757 2506 in
778 2454 1038 2507 vestiario
1059 2455 1235 2509 audit.
1251 2457 1387 2510 Post
1406 2475 1663 2530 vesperos
1745 2448 1983 2501 ad'duas
2013 2448 2230 2518 P"iores
2257 2449 2457 2504 missas
2488 2450 2601 2504 duo
2632 2451 2853 2515 fratres,
2883 2450 2979 2521 qni
3001 2451 3171 2505 ChorO
3199 2468 3344 2523 Pm‘

62 2555 190 2593 vero
227 2556 541 2611 nunquam,
563 2540 673 2594 nisi
699 2541 840 2595 forte
859 2548 1090 2611 propter
1119 2543 1304 2597 minus
1333 2544 1565 2599 sciolum
1604 2548 1661 2601 id
1745 2537 1859 2590 sint
1873 2539 2037 2605 juxta
2064 2537 2281 2591 libitum
2306 2540 2429 2608 ejus
2453 2539 2687 2593 notandi
2706 2544 2855 2603 sunt,
2881 2540 3084 2611 quibus
3102 2540 3222 2611 ipse
3240 2558 3345 2597 sua

59 2645 284 2683 necesse
311 2629 584 2683 videatur.
642 2627 785 2699 (UD.)
831 2628 1156 2683 Lectionem
1203 2648 1443 2702 quoque,
1488 2651 1657 2704 quam

56 2718 296 2772 domnus
314 2717 489 2771 abbas
518 2722 604 2770 est
629 2718 898 2782 lecturus,
940 2717 1107 2772 debet
1134 2720 1363 2787 audire;
1411 2721 1509 2774 sed
1564 2721 1658 2776 ubi

59 2808 140 2860 vel
168 2807 417 2877 quando,
446 2807 505 2859 in
535 2806 712 2876 ipsius
737 2805 954 2860 abbatis
1000 2812 1087 2861 est
1128 2807 1380 2862 arbitrio.
1415 2810 1652 2874 Quando

54 2897 235 2965 major
262 2895 612 2948 matutinalis
634 2894 808 2948 missa
836 2901 921 2949 est
948 2897 1249 2964 cantanda,
1275 2897 1370 2951 ubi
1391 2901 1653 2954 sacerdos

1742 2632 1941 2695 sponte
1970 2626 2219 2680 medium
2240 2643 2300 2680 se
2316 2628 2593 2698 adjungit.
2620 2645 2706 2682 vn.
2730 2629 2794 2682 In
2822 2628 2944 2699 ipso
2983 2634 3172 2683 autem
3199 2635 3255 2684 et
3282 2631 3343 2685 in

1740 2715 1955 2768 Pascha
1985 2721 2041 2768 et
2069 2715 2128 2768 in
2157 2716 2488 2770 Pentecoste
2507 2717 2580 2769 ad
2601 2717 2846 2771 officium
2871 2718 3102 2788 majoris
3132 2719 3338 2777 missae.

1738 2808 1795 2856 et
1822 2803 1891 2856 ad
1923 2804 2227 2857 tenendum
2258 2805 2510 2870 chorum,
2530 2805 2648 2876 ipse
2661 2811 2719 2859 et
2732 2822 2862 2877 cum
2896 2822 2961 2860 eo
2995 2806 3106 2861 duo
3135 2807 3340 2862 fratres

1736 2891 1804 2944 de
1834 2891 2159 2945 melioribus
2194 2891 2538 2958 cantoribus,
2573 2893 2670 2963 qui
2695 2893 2766 2947 ad
2796 2894 2900 2947 hoc
2924 2893 3111 2948 idonei
3150 2895 3340 2950 viden-

54 3001 111 3038 se
132 3001 263 3038 cum
292 2984 509 3038 caeteris
538 2982 813 3037 ministris
834 2984 1102 3051 vestierit,
1137 2986 1294 3040 nulla
1316 2987 1434 3041 vice
1463 3005 1647 3043 arma-

1733 2986 1847 3033 tur.
1874 2980 1982 3043 Qui
2011 2985 2204 3034 tamen
2245 2996 2360 3035 non
2399 2986 2751 3051 praesumunt
2794 2998 2895 3052 per
2941 2998 3001 3036 se
3049 2983 3337 3053 accedere,

56 3074 170 3127 rius
192 3090 295 3144 per
314 3056 774 3127 consuetudinem
797 3073 1068 3140 defuerit;
1091 3075 1414 3145 primumut
1441 3077 1647 3144 videat,
1671 3128 1709 3145 η
1733 3066 1843 3121 Πίεί
1870 3066 1990 3138 ipse
2016 3083 2187 3120 manu
2216 3084 2320 3122 sua
2346 3084 2553 3139 cappas
2589 3068 2828 3135 ἀθάθνίῐν
2864 3071 2885 3093 ’⁸
2914 3086 3036 3140 (Ιαω
3064 3070 3124 3124 in
3153 3071 3338 3142 capite

53 3163 96 3214 si
115 3168 319 3232 pmsto
338 3163 453 3216 sint
470 3178 663 3215 omnes
681 3178 931 3232 personae
962 3179 1084 3232 quae
1114 3169 1248 3216 sunt
1277 3164 1646 3233 obsecuturae,
1669 3128 1711 3186 C
1731 3156 1924 3211 formae
1944 3173 2166 3227 semper
2185 3157 2254 3210 de
2277 3157 2601 3212 melioribus
2635 3175 2667 3212 a
2704 3158 2917 3228 majore
2945 3158 3179 3214 sacrista
3201 3165 3338 3215 ante

52 3258 106 3305 et
132 3251 400 3318 insinuet,
424 3251 471 3304 si
493 3250 626 3321 quid
650 3267 791 3321 opus
812 3257 915 3317 est,
950 3257 1015 3305 ut
1040 3251 1361 3306 insinuetur
1382 3255 1543 3322 (var.)
1571 3255 1652 3309 Si—
1732 3245 1981 3310 tertiam,
2015 3247 2102 3300 vel
2131 3245 2178 3300 si
2207 3246 2486 3317 processio
2516 3247 2723 3316 agitur.
2774 3252 2902 3317 post
2948 3264 3072 3301 eam
3114 3264 3338 3320 praepa-

50 3338 257 3392 ωίιίιετ
282 3338 415 3392 facit
442 3339 881 3409 quotiescunque
910 3345 1036 3409 post
1060 3344 1363 3394 nocturnos
1395 3342 1644 3412 Evange-
1734 3339 1952 3399 rantur,
1976 3350 2115 3404 quas
2136 3335 2293 3405 prius
2313 3340 2505 3389 tamen
2525 3351 2637 3388 non
2658 3335 2963 3403 distribuit,
2979 3336 3087 3390 nisi
3109 3338 3334 3408 quando

48 3428 204 3495 lium,
253 3428 343 3483 vel
392 3428 441 3482 si
496 3429 592 3499 qui
639 3427 1027 3482 invitatorium
1074 3429 1315 3482 canituri
1371 3429 1512 3484 albis
1561 3432 1646 3484 vel
1731 3424 2125 3475 Benedz'camus
2154 3424 2387 3477 Domino
2428 3423 2499 3477 ad
2548 3424 2856 3479 instantem
2886 3425 3085 3479 horam
3117 3426 3335 3481 dictum

48 3519 234 3589 cappis
256 3517 592 3572 vestiuntur.
622 3517 817 3572 Totius
847 3517 929 3570 rei
963 3522 1048 3571 est
1074 3517 1387 3589 praecipuus
1418 3520 1646 3573 ordina-
1728 3509 1902 3563 fuerit
1935 3528 1948 3563 ε
1980 3523 2036 3565 εἰ
2066 3527 2192 3565 cum
2239 3528 2334 3566 eas
2364 3513 2702 3584 acceperint,
2754 3529 2867 3567 Ποῐι
2909 3514 3063 3585 Prius
3101 3531 3197 3569 eas
3246 3515 3334 3569 ίῐὶ-

49 3613 148 3659 ter.
188 3606 247 3661 Si
279 3606 405 3676 quis
452 3606 630 3659 frater
678 3605 935 3659 infirmus
983 3605 1336 3660 inﬁrmorum
1385 3607 1506 3661 oleo
1557 3614 1643 3661 est
1729 3598 1912 3652 duunt
1961 3616 2132 3670 quam
2181 3600 2238 3654 in
2289 3601 2473 3654 locum
2520 3601 2780 3655 stationis
2810 3602 3059 3656 νθηίυηῐ-
3115 3603 3328 3668 QUibUS

46 3694 357 3764 ungendus,
382 3694 466 3747 vel
493 3694 541 3747 si
570 3693 791 3758 obierit,
824 3693 894 3746 ad
920 3694 1268 3764 sepulturam
1299 3695 1634 3762 efferendus,
1723 3687 1981 3758 ἱρεθωθι,
2011 3704 2136 3741 eam
2164 3689 2401 3755 “illam,
2432 3706 2599 3759 quam
2629 3690 2833 3760 Ρυιδᾶίν
2867 3690 2964 3744 alii
2995 3692 3331 3762 Pillsandam

46 3784 125 3837 vel
156 3784 205 3837 si
235 3782 361 3854 quis
380 3783 450 3836 de
474 3782 607 3836 foris
635 3782 843 3836 allatus
868 3788 955 3835 est
980 3782 1355 3853 recipiendus,
1372 3782 1478 3854 ipsi
1505 3800 1640 3837 cura
1722 3776 2086 3839 commiserit,
2119 3793 2279 3831 suam
2297 3794 2518 3849 quoque
2537 3794 2771 3848 cappam
2788 3778 3028 3832 induens
3049 3796 3110 3833 se
3131 3780 3333 3851 adjun-

49 3880 145 3935 est,
162 3873 291 3943 quis
310 3872 571 3926 sacerdos
588 3871 875 3938 induatur,
901 3872 1181 3942 quomodo
1215 3880 1479 3942 ungatur,
1505 3889 1640 3944 quo-

52 3962 212 4016 modo
234 3961 462 4016 Domini
491 3976 693 4032 corpus
723 3965 1073 4031 apportetur,
1098 3961 1377 4031 quomodo
1392 3978 1639 4016 commu-

47 4050 275 4121 nicatur,
329 4055 386 4103 et
429 4066 551 4120 quae
600 4050 864 4117 collectae,
905 4049 1041 4103 dum
1095 4049 1315 4110 obierit,
1366 4067 1400 4103 a
1448 4051 1636 4121 priore

46 4155 210 4210 super
229 4154 359 4192 eum
385 4137 663 4203 dicantur;
680 4142 737 4190 et
752 4137 887 4190 dum
909 4138 1148 4201 lavatur,
1165 4144 1221 4191 et
1239 4138 1374 4191 dum
1397 4139 1636 4192 vestitur

47 4234 94 4280 et
112 4233 422 4297 antequam
462 4226 522 4279 in
551 4226 843 4280 ecclesiam
881 4231 1229 4296 apportetur,
1261 4232 1320 4280 et
1344 4227 1478 4297 quid
1504 4244 1631 4280 can-

43 4322 204 4379 tetur,
237 4324 297 4370 et
323 4314 601 4386 quomodo
620 4314 874 4367 tumulus
893 4314 1257 4369 benedicatur
1294 4315 1441 4370 infra
1470 4333 1634 4371 cano-

44 4420 163 4458 nem
192 4404 379 4458 missae
418 4401 786 4467 matutinalis,
839 4407 897 4455 et
943 4403 1222 4472 quomodo
1272 4405 1577 4474 sepeliatur
1616 4422 1628 4458 :

43 4493 294 4549 omnibus
319 4492 406 4546 his
433 4491 693 4544 intererit
730 4491 1044 4561 prazcipuus
1084 4499 1449 4547 monstrator.

100 4582 227 4653 Ipse
261 4581 718 4653 supervenientes
751 4581 946 4635 breves
983 4582 1373 4637 defunctorum
1394 4584 1634 4638 fratrum

42 4679 355 4727 nostrarum
404 4687 439 4724 a
484 4671 668 4741 priore
710 4671 928 4741 accipit,
980 4678 1038 4726 et
1087 4672 1317 4726 nomina
1345 4690 1540 4727 eorum
1572 4674 1632 4728 in

41 4759 433 4832 martyrologio
482 4760 694 4825 scribit,
741 4760 1050 4831 descriptos
1087 4761 1226 4815 alios
1268 4748 1630 4832 pergentibus

40 4849 320 4915 fratribus,
363 4866 464 4919 per
508 4849 756 4902 diversas
805 4849 1117 4918 provincias
1165 4850 1482 4915 distribuit;
1526 4868 1631 4905 nec

42 4938 393 5003 obliviscitur,
418 4937 466 4991 si
493 4938 618 5008 quis
658 4938 830 4992 frater
866 4938 1087 5003 obierit,
1121 4939 1441 5003 missarum,
1479 4941 1627 5011 quod

41 5028 133 5081 rite
148 5028 222 5081 VI
244 5026 515 5080 fratribus
542 5026 777 5096 triginta
795 5027 1281 5081 commendantur.
1301 5029 1426 5098 Ipse
1457 5029 1628 5083 etiam

44 5115 354 5170 ostiario'et
386 5114 827 5186 eleemosynario
858 5115 1030 5170 libros
1070 5117 1431 5171 matutinales
1464 5117 1630 5172 debet

45 5205 406 5269 commodare,
430 5209 488 5258 et
509 5210 636 5274 post
670 5204 953 5275 hospitum
978 5210 1037 5259 et
1064 5206 1496 5276 peregrinorum
1531 5207 1630 5261 de-

45 5292 490 5363 cessum,quibus
508 5298 702 5346 tamen
730 5293 776 5346 si
806 5294 957 5364 apud
986 5310 1089 5348 nos
1118 5295 1499 5361 inﬁrmantur,
1516 5312 1631 5351 non

49 5382 156 5450 ipse
175 5383 274 5437 sed
288 5380 541 5453 plebeius
568 5383 827 5436 sacerdos
853 5384 1124 5453 providet.
1138 5390 1202 5437 ut
1218 5384 1629 5438 communicen-

50 5476 151 5552 ως.
201 5471 284 5525 Ad
330 5487 525 5525 omnes
553 5472 937 5542 processiones
989 5472 1131 5526 nihil
1173 5473 1281 5527 nisi
1323 5474 1471 5543 quod
1511 5473 1630 5544 ipse

50 5559 388 5630 imposuerit,
418 5560 648 5615 omnino
675 5566 956 5615 cantatur.
987 5560 1050 5614 In
1078 5561 1259 5615 tribus
1297 5561 1492 5616 diebus
1518 5563 1630 5616 Ro-

52 5649 328 5717 gationum
350 5650 422 5704 ad
452 5650 857 5721 imponendum
898 5650 1236 5721 antipbonas
1264 5650 1532 5705 fratribus
1560 5652 1631 5709 ad

1719 3863 1824 3933 git.
1860 3864 2112 3927 Quorum
2142 3866 2189 3918 si
2221 3866 2347 3936 quis
2375 3867 2496 3920 vult
2527 3866 2830 3932 discedere,
2863 3867 3156 3937 praemissa
3187 3885 3326 3924 can-

1719 3953 1893 4006 tanda
1920 3970 2047 4007 cum
2076 3953 2236 4023 signo
2270 3956 2474 4019 missae,
2509 3972 2609 4026 pro
2630 3955 2741 4009 alia
2778 3972 2965 4021 causa,
3003 3972 3131 4010 cum
3158 3957 3322 4029 signo

1720 4042 1955 4095 exeundi
1988 4043 2189 4112 quaerit
2215 4043 2500 4099 licentiam
2530 4062 2566 4098 a
2593 4050 2727 4098 tunc
2764 4044 3015 4099 ordinem
3045 4051 3273 4101 tenente
3302 4065 3317 4116 ;

1717 4131 1920 4184 deinde
1949 4131 2173 4184 rediens
2198 4131 2269 4184 ad
2304 4132 2548 4201 priorem
2582 4134 2787 4193 locum,
2827 4140 2882 4188 et
2912 4134 3156 4189 armario
3187 4152 3320 4191 cum

1717 4220 1877 4290 signo
1897 4220 2219 4273 discedendi
2246 4221 2488 4274 innuens
2518 4222 2664 4277 facto
2689 4223 2898 4277 ibidem
2927 4228 3058 4278 ante
3078 4229 3137 4278 et
3167 4230 3321 4280 retro

1717 4309 1971 4362 discedit.
2005 4308 2131 4374 Qui,
2157 4309 2204 4362 si
2219 4309 2450 4363 indutus
2481 4318 2568 4364 est
2595 4328 2831 4383 cappam
2874 4312 2944 4366 de
2968 4312 3323 4383 melioribus,

1717 4399 1862 4451 hanc
1877 4398 2081 4451 ibidem
2112 4404 2337 4451 exutam
2368 4400 2527 4469 ponit
2544 4417 2715 4471 super
2742 4402 3052 4456 cancellum
3075 4421 3088 4470 ;
3115 4403 3164 4457 si
3192 4419 3324 4458 vero

1650 4482 1785 4541 llde
1815 4486 2191 4541 mediocribus
2221 4487 2410 4541 exiens
2439 4488 2624 4542 adhuc
2649 4506 2717 4544 ea
2756 4490 3085 4546 indutus.in
3116 4493 3315 4547 vestia-

1716 4577 1799 4630 rio
1829 4576 1988 4632 exuit
2012 4592 2137 4629 eam
2171 4582 2227 4629 et
2263 4577 2583 4648 complicat.

1789 4668 1950 4735 (var.)
1982 4666 2041 4720 Si
2072 4682 2297 4720 necesse
2328 4673 2431 4732 est,
2478 4673 2664 4738 potest
2693 4674 2914 4723 mutare
2961 4670 3164 4726 fratres
3212 4671 3321 4726 sibi

1712 4756 2060 4810 collaterales
2090 4771 2124 4808 a
2152 4756 2348 4809 dextra
2374 4756 2433 4810 in
2459 4757 2771 4824 sinistram,
2824 4759 2907 4812 vel
2934 4776 2968 4813 a
2999 4760 3229 4815 sinistra
3252 4761 3313 4815 in

1712 4845 1984 4900 dextram.
2007 4845 2377 4899 Thuribulum
2406 4862 2440 4899 a
2467 4861 2733 4900 converso
2773 4846 2881 4901 sibi
2926 4848 3188 4919 primitus
3219 4866 3317 4921 ap-

1709 4942 1985 5007 portatur,
2010 4934 2118 4988 nisi
2141 4935 2293 5005 prior
2315 4935 2393 4988 vel
2416 4935 2609 5005 aliqua
2658 4937 2842 5006 major
2877 4954 3122 5007 persona
3147 4939 3319 4995 inter-

1709 5025 1894 5086 fuerit.
1916 5025 1996 5078 De
2014 5029 2212 5077 caetero
2242 5025 2626 5094 cujuscunque
2643 5024 2856 5079 ordinis
2880 5027 3218 5097 saepedictus
3242 5028 3319 5083 sit

1710 5104 1989 5167 armarius
2035 5128 2201 5166 suum
2246 5129 2359 5166 non
2413 5112 2627 5166 amittit
2673 5113 3071 5185 principatum.
3104 5117 3163 5171 Si
3194 5117 3315 5172 vult

1712 5203 2144 5267 communicare,
2168 5202 2401 5256 ultimus
2422 5206 2509 5256 est
2529 5203 2598 5256 ad
2638 5218 2854 5273 pacem,
2876 5204 3091 5274 primus
3115 5211 3308 5260 autem

1711 5297 1838 5364 post
1865 5291 2270 5346 subdiaconum
2306 5291 2377 5345 ad
2419 5291 2889 5345 communionem.
2926 5293 3007 5347 De
3043 5294 3312 5365 suifraga-

1710 5383 1831 5435 neis
1861 5398 1989 5436 vero
2019 5383 2155 5452 ejus,
2190 5383 2287 5453 qui
2314 5382 2432 5436 vult
2460 5382 2896 5449 communicare,
2919 5388 3059 5437 nutu
3084 5390 3311 5438 tantum

1712 5471 1835 5539 ejus
1864 5471 2079 5524 accedit
2125 5470 2185 5523 in
2231 5487 2332 5525 suo
2362 5470 2575 5538 ordine,
2606 5470 2652 5525 si
2681 5471 2913 5525 chorum
2962 5486 3029 5525 ea
3073 5469 3164 5524 die
3211 5472 3316 5525 scit

1713 5561 2162 5627 communicare;
2198 5561 2286 5615 sin
2315 5566 2505 5615 autem
2534 5560 2768 5632 quaesita
2797 5576 2832 5613 a
2859 5559 3045 5631 priore
3067 5559 3294 5614 licentia

1714 5652 1851 5716 item
1868 5667 1979 5715 non
2003 5651 2126 5705 sine
2147 5656 2289 5704 nutu
2324 5650 2558 5706 armarii
2583 5649 2819 5718 accedit,
2852 5649 3068 5707 ceteris
3097 5648 3194 5720 qui
3225 5665 3320 5703 re-
