3934 6358
121 346 271 418 τθη
1150 342 1571 418 conm.
1610 342 1714 412 an

1803 344 1963 412 sua.
1998 378 2077 398 -ί
2106 352 2243 413 LIB.
2283 358 2357 417 Ir.
3258 336 3404 412 ποτε

117 485 571 542 distribuendum
590 484 764 540 libros
792 472 988 555 d'efuit,
1015 488 1211 557 postea
1238 484 1601 539 ascribendus
1631 487 1717 537 est
1735 482 1914 541 Anon
1962 483 2305 552 conceditur,
2344 489 2409 539 ut
2434 496 2537 553 per
2572 482 2819 554 aliquam
2849 482 3171 551 regularem
3197 470 3398 534 liorem

119 576 285 641 libro,
311 584 479 647 quem
518 576 589 630 ab
621 576 869 631 armario
897 575 1192 647 acceperit.
1228 574 1332 638 Qui
1363 578 1554 628 autem
1581 573 1717 633 vult,
1804 572 1921 626 illic
1950 573 2201 640 sedeant;
2227 572 2326 627 sed
2348 588 2477 626 mox
2506 572 2700 626 audito
2724 571 2884 643 signo
2924 578 3050 626 cum
3080 569 3295 624 caeteris
3324 567 3396 623 ad

119 669 307 736 potest
327 665 649 719 aliumeu‘m'
676 674 778 719 Suo
800 664 1097 719 cambiare.
1126 663 1309 728 Q‘uem‘
1331 664 1378 715 si
1400 662 1718 733 perlegerit,
1805 679 1945 733 opus
1971 662 2195 718 Domini
2224 662 2511 717 festinant.

118 756 371 809 revoluto
398 764 548 809 anno
587 754 808 808 veniam
857 768 969 823 non
991 752 1149 825 petit;
1185 751 1319 823 quia
1345 766 1457 804 non
1486 749 1726 820 perlegit
2368 746 2600 809 CAPUT
2629 746 2824 808 XXVI.

118 841 327 898 librum
357 859 525 916 quem
549 842 623 897 ab
651 843 896 897 armario
926 843 1158 913 accepit.
1192 840 1387 895 Libros
1426 838 1637 909 absque
1657 837 1720 890 li-
2339 845 2413 899 De
2466 844 2849 912 scriptoribus.

120 934 305 987 ceﬂtia
349 935 539 1004 potest
583 924 723 987 foris
747 936 1035 1004 praestare,
1068 930 1163 985 sed
1186 946 1303 984 non
1335 930 1457 982 sine
1476 927 1720 981 vadimo-
1871 929 2016 986 Sunt
2042 937 2233 986 autem
2269 932 2366 987 alii
2410 930 2731 1003 scriptores,
2753 928 2957 1001 quibus
2993 926 3311 1000 injungitur'
3336 926 3398 981 in

120 1022 234 1077 nio.
267 1021 426 1093 (429‘).
1799 1021 2029 1091 capellis
2066 1021 2138 1075 ad
2166 1021 2521 1077 scribendum
2548 1021 2767 1092 jugiter
2794 1010 3013 1087 sedere,
3033 1022 3091 1072 et
3108 1017 3399 1088 regulares

190 1106 651 1182 Qhaudocunq'ue
682 1110 960 1166 bissextus
1009 1110 1273 1173 evenerit,
1309 1108 1607 1163 lectionem
1648 1106 1718 1160 de
1799 1109 1968 1164 horas
2007 1111 2215 1165 ibidem
2240 1127 2456 1179 canere,
2474 1110 2718 1182 exceptis
2747 1108 2922 1171 festis,
2965 1124 3089 1179 quae
3121 1100 3400 1160 feriantur

119 1198 521 1272 martyroiogio
542 1200 665 1271 ipse
684 1199 949 1273 partitur,
978 1199 1059 1253 ita
1074 1206 1138 1253 ut
1165 1199 1439 1252 medietas
1459 1198 1582 1267 ejus
1609 1211 1721 1249 uno
1804 1204 1857 1253 et
1890 1200 2064 1270 priori
2091 1217 2342 1271 vespera,
2376 1201 2546 1255 tertia
2600 1205 2658 1253 et
2703 1198 2877 1252 missa
2920 1197 3171 1260 illorum,
3194 1211 3317 1266 quae
3336 1192 3397 1247 in

120 1295 179 1344 et
202 1291 474 1344 medietas
494 1290 672 1344 altero
687 1289 777 1344 die
803 1291 1044 1359 legatur.
1073 1289 1139 1343 In
1161 1304 1319 1342 coena
1345 1286 1570 1341 Domini
1602 1285 1720 1355 ipse
1802 1284 1944 1343 albis
1968 1290 2088 1343 sine
2105 1290 2246 1344 feria
2263 1289 2635 1343 celebrantur.
2652 1280 2737 1341 Ad
2758 1286 3062 1358 capitulum
3090 1287 3147 1338 et
3180 1284 3249 1337 ad
3279 1282 3398 1336 col-

119 1385 347 1433 tan‘tum
371 1379 439 1433 de
467 1379 665 1433 hostiis
685 1377 819 1433 facit
838 1377 1238 1443 consecrari,et
1267 1375 1604 1446 insequenti
1625 1370 1716 1427 die
1801 1378 2072 1432 lationem
2104 1379 2295 1433 venire
2316 1396 2426 1433 non
2452 1378 2758 1449 negligent,
2801 1376 2859 1430 et
2884 1374 3067 1429 ofﬁcio
3102 1371 3397 1427 defuncto-

119 1468 239 1539 ipse
255 1468 584 1522 decristallo
611 1484 817 1522 novum
855 1466 1006 1521 elicit
1034 1467 1243 1537 ignem,
1267 1471 1325 1519 et
1354 1466 1412 1519 in
1456 1465 1717 1517 Parasce-
1796 1484 1944 1534 rum,
1971 1468 2117 1538 quod
2139 1466 2797 1538 celeberrimeagitur.Et
2821 1464 2869 1518 si
2895 1463 3120 1535 quando
3148 1472 3396 1534 praesen-

117 1566 187 1611 ve'
201 1557 334 1611 dum
369 1566 591 1611 crucem
618 1573 759 1628 pene
789 1556 1082 1610 adoratam
1111 1572 1232 1609 esse
1258 1554 1477 1617 viderit,
1512 1552 1717 1607 accele-
1798 1560 1884 1611 tes
1912 1554 1999 1610 vel
2015 1557 2293 1611 absentes
2320 1555 2529 1612 tabulae
2586 1556 2832 1610 sonitum
2886 1569 2988 1624 pro
3042 1550 3230 1621 aliquo
3268 1564 3398 1603 mox

119 1644 209 1700 rat
231 1644 292 1700 in
316 1644 580 1700 Vestiario
633 1646 1047 1716 processionem
1100 1643 1381 1708 ordinare,
1414 1647 1480 1697 ut
1515 1656 1715 1712 corpus
1798 1647 2086 1716 agendo...
2122 1646 2362 1700 audiunt
2385 1663 2563 1717 usque
2583 1646 2651 1699 ad
2680 1645 2848 1697 finem
2874 1642 3047 1696 trium
3069 1638 3393 1705 lectionum,

119 1733 425 1789 DO'miIiide
455 1734 643 1799 altari,
679 1730 775 1787 ubi
803 1730 979 1804 pridie
1005 1732 1352 1786 reconditum
1382 1729 1563 1793 estad
1594 1744 1714 1782 ωδε-
1798 1742 1855 1790 et
1873 1734 2213 1807 processioni
2244 1735 2302 1789 in
2350 1734 2585 1806 privatis
2614 1731 2812 1786 diebus
2865 1734 2923 1784 et
2970 1729 3156 1784 missae
3199 1726 3395 1782 subse-

114 1824 215 1893 jus
238 1819 417 1877 altare
448 1820 787 1894 reportetnr.
822 1820 982 1887 Quod
1011 1822 1109 1875 ﬁet
1147 1820 1256 1874 isto
1304 1820 1489 1873 modo.
1526 1816 1714 1871 Primo

1807 1824 2003 1896 quenti
2035 1840 2214 1893 usque
2244 1828 2373 1894 post
2402 1822 2764 1892 Evangelium
2786 1819 3085 1873 intersunt.
3122 1816 3399 1888 Tempore

119 1913 436 1967 sacerdotes
448 1912 560 1967 duo
580 1910 721 1965 albis
741 1919 798 1966 et
826 1910 1126 1965 fanonibus
1154 1910 1338 1964 induti
1363 1925 1489 1963 cum
1516 1907 1715 1961 cande-
1795 1912 2040 1983 hyemali
2069 1911 2230 1964 ﬁnita
2249 1910 2445 1964 litania
2470 1908 2827 1964 nocturnales
2842 1923 2954 1961 non
2975 1903 3401 1970 mutant,donec

118 2001 313 2070 labris,
342 2000 544 2055 tertius
576 2012 708 2055 vero
736 2016 864 2055 cum
892 1996 1186 2055 thuribulo
1231 1998 1541 2070 procedunt
1572 1996 1717 2064 (nul-
1800 2002 2047 2071 signum,
2077 2017 2180 2071 per
2210 2000 2357 2070 quod
2389 2000 2593 2053 fratres
2634 1990 2706 2051 ad
2760 1994 3060 2050 lavandum
3102 1996 3395 2063 vocantur,

118 2091 205 2145 lﬂs
228 2091 381 2144 enim
418 2101 720 2143 conversus
763 2086 892 2143 huic
948 2089 1129 2143 ofﬁCiO
1177 2102 1237 2142 se
1286 2087 1553 2148 admittit)
1582 2100 1721 2156 quos
1806 2090 2057 2144 audiant.
2092 2088 2306 2152 Quibus
2335 2094 2472 2143 tunc
2512 2086 2767 2150 mutatis,
2815 2101 2880 2139 ac
2903 2082 3121 2138 caeteris
3153 2100 3276 2154 quae
3314 2100 3399 2137 se-

120 2178 291 2232 etiam
315 2177 412 2231 alii
435 2178 549 2232 duo
578 2174 898 2232 sacerdotes
919 2177 1123 2232 casulis
1163 2174 1346 2230 induti
1377 2179 1709 2245 sequuntur,

119 2267 410 2322 sacerdote
462 2264 901 2321 hebdomadario
958 2271 1243 2337 sequente.
1280 2266 1533 2328 Quorum
1569 2276 1716 2317 unus

120 2355 349 2411 calicem
375 2368 503 2410 cum
556 2370 704 2426 aqua
753 2361 810 2410 et
837 2355 964 2410 vino
991 2371 1103 2409 non
1142 2358 1466 2408 consecrato
1499 2357 1705 2424 portat,

119 2445 265 2500 alter
290 2456 421 2500 vero
450 2443 591 2499 nihil
620 2449 825 2516 portat,
875 2444 972 2499 sed
1022 2461 1151 2498 mox
1204 2447 1268 2497 iit
1313 2443 1448 2496 illuc
1477 2442 1715 2506 venitur,

120 2546 327 2606 corpus
348 2535 575 2589 Domini
615 2532 952 2605 discooperit
978 2537 1035 2587 et
1063 2533 1133 2586 ab
1164 2530 1599 2586 bebdomadario
1629 2532 1717 2584 iti-

120 2629 408 2679 censatum
458 2625 516 2678 in
562 2624 816 2689 scutella,
854 2621 913 2677 in
966 2636 1078 2694 qua
1101 2627 1187 2675 est
1242 2621 1615 2684 reconditum,
1647 2620 1717 2673 ad

118 2714 305 2784 majus
329 2713 510 2767 altare
534 2717 801 2784 reportat.
838 2710 997 2776 Quod
1032 2710 1210 2764 altare
1239 2710 1405 2781 paulo
1426 2712 1556 2762 ante
1586 2724 1618 2761 a
1634 2724 1718 2762 sa-

117 2802 285 2857 crista
304 2801 387 2857 ita
408 2803 700 2873 plicatum,
742 2806 800 2855 et
827 2798 897 2855 ab
919 2797 1115 2854 eodem
1137 2816 1265 2853 mox
1296 2798 1713 2870 superponeba-

115 2898 226 2956 tur,
262 2904 621 2962 expansoque
650 2906 818 2961 super
840 2886 980 2943 illud
1036 2887 1311 2959 corporali
1341 2904 1375 2941 a
1406 2886 1714 2950 sacerdote,

116 2994 180 3033 ac
206 2978 453 3050 desuper
466 2984 673 3050 patena
691 2992 819 3032 cum
840 2993 1073 3048 corpore
1100 2976 1323 3031 Domini
1340 2974 1545 3046 posita,
1574 2974 1718 3028 calix

120 3080 362 3139 quoque,
394 3068 461 3122 ut
483 3084 605 3121 mos
632 3072 735 3133 est,
772 3065 1019 3137 ponitur.
1055 3066 1136 3120 De
1161 3064 1486 3135 hujusmodi
1520 3067 1711 3118 autem

1800 2184 2052 2250 quuntur
2082 2178 2342 2249 peractis,
2374 2180 2432 2231 et
2460 2194 2600 2247 opus
2655 2175 2881 2229 solitum
2921 2164 3178 2239 redeunt,
3216 2189 3397 2250 usque

1798 2247 1932 2323 dum
1962 2247 2124 2322 factis
2160 2267 2341 2321 tribus
2397 2264 2744 2321 orationibus
2781 2264 3003 2334 signum
3041 2260 3296 2334 pulsetur
3322 2247 3396 2315 ad

1799 2357 2058 2423 tertiam;
2100 2361 2235 2411 tunc
2273 2359 2329 2409 et
2364 2355 2471 2427 ipsi
2522 2353 2812 2425 praemissa
2840 2351 3093 2406 oratione
3124 2349 3387 2405 eamdem

1802 2446 1999 2500 horam
2030 2451 2257 2500 cantare
2312 2461 2424 2498 non
2456 2444 2740 2497 differunt.
2776 2442 2835 2497 Si
2868 2441 2994 2512 quis
3033 2442 3228 2495 eorum
3256 2438 3388 2493 vero

1799 2543 1927 2606 post
1942 2534 2305 2604 Evangelium
2329 2533 2513 2587 ωἰεειε
2531 2530 2758 2602 majoris
2793 2529 3053 2601 privatim
3081 2529 3201 2583 vult
3226 2544 3396 2583 cane-

1802 2641 1882 2689 re,
1907 2623 1977 2677 ab
1994 2623 2208 2678 ordinis
2236 2627 2452 2676 rectore
2473 2622 2530 2675 in
2560 2622 2729 2674 choro
2757 2619 2925 2673 debet
2941 2616 3225 2676 licentiam
3255 2616 3398 2672 acci-

1800 2729 1951 2784 pere.
1989 2713 2045 2766 Si
2079 2712 2204 2782 quis
2229 2711 2399 2765 etiam
2444 2710 2696 2781 ipsorum
2742 2708 3075 2778 sanguinem
3105 2704 3395 2775 minuerit,

1797 2802 1967 2856 tertia
1989 2801 2079 2855 die
2107 2799 2176 2853 ad
2204 2800 2466 2871 primam,
2498 2799 2584 2853 vel
2630 2798 2741 2852 alio
2766 2803 3022 2868 tempore
3066 2795 3137 2850 ad
3165 2790 3401 2850 tertiam

1798 2892 1967 2945 choro
1997 2906 2067 2943 ex
2093 2888 2498 2944 consuetudine
2518 2887 2791 2943 interesse
2818 2884 3003 2940 debet.

2357 2970 2597 3031 CAPUT
2622 2972 2847 3030 XXVII.

2294 3067 2367 3121 De
2396 3067 2609 3120 custode
2637 3066 2885 3119 ecclesiae.

119 3156 301 3213 olﬁcio
328 3173 443 3211 non
469 3156 857 3211 intromittunt
902 3169 963 3209 se
1001 3152 1271 3208 diaconus
1299 3170 1403 3207 nec
1432 3152 1707 3218 sacerdos,
1736 3148 1780 3213 G
1867 3153 2799 3228 (UD.)‘Apocrisiarius,quicustodit
2812 3144 3397 3207 eccleSisethesaurum

122 3246 253 3317 quia
270 3244 524 3317 praedicti
550 3244 866 3299 sacerdotes
912 3244 1089 3297 vicem
1132 3244 1359 3297 illorum
1406 3258 1505 3313 per
1529 3243 1719 3296 omnia

119 3336 402 3407 supplent.
440 3328 549 3389 Sed
570 3336 627 3388 et
649 3330 749 3398 illi,
783 3333 878 3404 qui
906 3330 1241 3387 candelabra
1266 3337 1324 3385 et
1367 3324 1717 3385 thuribulutii

119 3426 473 3486 tenent,ante
494 3423 670 3477 altare
682 3426 1035 3488 stantes,non
1056 3422 1370 3485 discedunt,
1389 3420 1718 3492 priusquam

120 3522 316 3567 omnes
345 3512 789 3567 communicasse
818 3511 1094 3565 noverint.
1152 3509 1217 3564 In
1264 3509 1524 3564 omnibus
1562 3525 1715 3579 ergo,

120 3598 591 3674 quaesaepedictus
620 3600 899 3655 armarius
921 3599 1040 3669 agit
1068 3603 1169 3653 aut
1196 3599 1439 3661 ordinat,
1463 3614 1717 3652 summo-

120 3706 251 3762 pere
271 3696 449 3757 cavet,
482 3707 553 3744 ne
578 3686 711 3761 quid
741 3694 937 3744 contra
984 3704 1153 3742 usum
1209 3688 1528 3759 praesumat.
1567 3688 1712 3741 Nam

120 3776 184 3834 ut
211 3778 405 3850 aliqua
433 3778 718 3833 evidenter
746 3778 1023 3842 dicantur,
1056 3793 1169 3831 non
1221 3776 1400 3846 magis
1430 3776 1511 3829 illi
1544 3790 1713 3847 quam

121 3870 244 3925 aliis
275 3872 436 3923 extra
462 3871 624 3938 septa
655 3865 885 3920 claustri
907 3882 1006 3937 pro
1036 3865 1227 3935 aliqua
1270 3865 1558 3918 occasione
1584 3865 1716 3917 licet

121 3955 408 4029 progredi,
439 3962 542 4009 nec
561 3954 815 4026 tempore
842 3953 1052 4008 silentii
1102 3954 1425 4025 aliquando,
1455 3952 1563 4007 nisi
1588 3965 1715 4007 cum

119 4045 346 4101 licentia
362 4042 659 4114 loqui.Nec
678 4043 737 4097 in
768 4050 1010 4109 camera,
1031 4040 1128 4097 ubi
1149 4040 1275 4096 libri
1308 4034 1710 4106 reconduntur,

121 4135 367 4205 aliquem
423 4130 557 4186 facit
597 4132 831 4196 intrare,
867 4128 977 4185 nisi
1019 4148 1120 4202 pro
1150 4129 1470 4185 rationabili
1501 4126 1713 4201 aliquid

120 4223 305 4278 adhuc
331 4218 688 4293 apportandi,
728 4220 814 4275 vel
843 4221 1186 4291 reportandi,
1234 4220 1317 4273 vel
1356 4219 1508 4273 aliud
1555 4218 1709 4291 quid,

122 4312 271 4385 quod
298 4311 371 4365 ad
402 4309 556 4365 illius
588 4308 967 4365 obedientiam
987 4308 1102 4363 illic
1119 4308 1360 4363 faciendi
1381 4308 1713 4363 necessitate

120 4400 388 4472 pertinet.
421 4398 573 4453 Nihil
628 4397 705 4453 ibi
742 4399 954 4462 scribit,
993 4415 1097 4453 nec
1146 4398 1303 4467 legit,
1344 4414 1446 4451 nec
1503 4403 1710 4452 cantat.

119 4488 441 4544 Nullumibi
459 4488 689 4543 verbum
705 4504 833 4542 cum
863 4486 1052 4559 aliquo
1078 4487 1310 4551 confert,
1342 4486 1451 4539 nisi
1481 4486 1555 4540 sit
1582 4486 1709 4541 ine-
1729 4494 1783 4556 1)

119 4576 367 4633 vitabilis
396 4592 582 4643 causa,
627 4582 685 4632 et
713 4593 836 4648 quae
855 4586 956 4647 per
987 4575 1150 4645 signa
1177 4573 1451 4629 insinuari
1473 4590 1584 4628 non
1610 4592 1712 4646 po-

117 4671 248 4721 test.
275 4666 675 4737 Suﬁraganeus
702 4681 832 4719 vero
862 4664 1003 4736 ejus,
1035 4664 1144 4718 nisi
1169 4663 1238 4717 ab
1271 4680 1337 4717 eo
1367 4662 1630 4728 monitus,
1661 4668 1718 4718 et

1801 3246 1859 3301 et
1879 3244 1934 3300 in
1964 3246 2125 3316 cujus
2144 3261 2314 3300 manu
2349 3248 2435 3298 est
2454 3242 2727 3315 quidquid
2755 3259 2790 3296 a
2821 3239 3185 3314 popularibus
3210 3230 3285 3295 ad
3311 3238 3395 3296 aI-

1801 3335 1948 3389 taria
1978 3334 2230 3400 offertur,
2262 3332 2521 3387 sacerdos
2551 3349 2674 3386 esse
2702 3330 2887 3387 debet.
2919 3326 3027 3396 Qui
3056 3324 3122 3385 ut
3149 3327 3396 3386 officium

1802 3441 1964 3480 suum
1981 3420 2147 3494 digne
2166 3423 2343 3495 possit
2360 3414 3031 3493 adimplere,adhibeatur
3050 3418 3101 3474 ei
3130 3418 3396 3475 solatium

1802 3514 2223 3584 aliquantorum
2251 3512 2509 3565 fratrum.
2531 3508 2721 3564 ‘Inter
2743 3525 2884 3579 quos
2911 3512 3105 3562 tamen
3135 3512 3221 3563 est
3247 3524 3395 3563 unus

1803 3602 2177 3674 praestantior,
2195 3600 2289 3671 qui
2310 3599 2485 3653 vicem
2508 3600 2630 3668 ejus
2646 3596 2896 3651 absentis
2914 3595 3050 3667 agit.
3083 3592 3239 3651 Idem
3261 3608 3396 3667 ergo

1804 3690 2201 3761 apocrisiarius
2218 3692 2404 3760 potest
2426 3685 2643 3758 loquiin
2676 3686 2930 3756 tempore
2948 3685 3160 3739 silentii
3179 3685 3248 3739 de
3268 3684 3397 3739 obe-

1798 3780 2013 3834 dientia
2040 3796 2141 3833 sua
2171 3776 2316 3850 quod
2349 3775 2724 3831 necessarium
2755 3780 2842 3828 est
2861 3790 2987 3828 cum
3019 3770 3270 3845 quolibet
3297 3791 3397 3829 eo-

1799 3868 2055 3923 rumdem
2085 3868 2344 3929 fratrum,
2383 3862 2637 3937 quamvis
2665 3878 3022 3934 nequaquam
3064 3858 3172 3916 sibi
3201 3879 3394 3918 conce-

1800 3959 1986 4022 datur,
2016 3962 2080 4011 ut
2102 3962 2237 4011 tunc
2268 3954 2539 4026 temporis
2568 3951 2940 4008 communiter
2975 3967 3103 4005 cum
3130 3950 3392 4006 omnibus

1796 4048 2081 4118 loquatur,
2106 4050 2334 4116 excepto
2391 4038 2656 4110 sabbato;
2705 4043 2753 4096 si
2804 4040 2949 4096 forte
2976 4045 3114 4095 tunc
3150 4039 3390 4095 brevitas

1797 4136 1985 4207 spatii,
2011 4141 2111 4189 aut
2138 4134 2248 4188 alia
2277 4131 2582 4187 necessitas
2601 4132 2707 4185 hoc
2729 4124 3135 4201 impedit.Nam
3165 4130 3392 4184 inomni

1796 4224 2028 4279 sabbato
2057 4241 2151 4277 eos
2195 4218 2364 4276 debet
2390 4221 2604 4292 pariter
2640 4218 2959 4285 convenire,
2993 4224 3051 4272 et
3092 4216 3162 4272 de
3192 4218 3387 4273 usibus

1797 4311 2040 4368 ecclesiae
2070 4311 2367 4378 instruere,
2401 4326 2464 4363 ac
2497 4309 2772 4381 praecipue
2801 4307 3235 4380 subsequentem
3260 4306 3393 4362 heb-

1798 4402 2096 4457 domadam
2120 4399 2219 4455 uni
2248 4416 2443 4454 eorum
2465 4397 2876 4453 commendare.

2332 4486 2571 4543 CAPUT
2598 4484 2859 4545 XXVIII.

2286 4579 2359 4632 De
2384 4579 2635 4645 portario
2664 4579 2908 4640 ecclesiae,

1873 4670 1894 4694 ⁴
1914 4668 2085 4724 Porta
2122 4672 2345 4738 quoque
2370 4663 2613 4721 ecclesiae
2667 4666 2764 4719 uni
2795 4663 3113 4737 specialiter
3141 4662 3398 4721 commit-

119 4763 255 4811 tunc
287 4753 512 4827 quando
531 4752 706 4810 vicem
736 4755 858 4823 ejus
889 4752 1137 4808 absentis
1164 4765 1267 4825 per
1296 4752 1487 4806 omnia
1538 4757 1713 4817 tenet,
1801 4756 1964 4826 titur,
1991 4754 2086 4828 qui
2116 4764 2240 4810 eam
2269 4772 2493 4825 semper
2520 4752 2747 4808 claudat
2787 4760 2843 4808 et
2870 4750 3090 4825 aperiat
3126 4756 3227 4810 suo
3257 4761 3399 4810 tem-

118 4851 479 4916 nequaquam
497 4843 631 4898 illuc
662 4841 849 4897 Venire
867 4841 1048 4896 debet.
1083 4841 1237 4896 Intra
1258 4846 1558 4911 utramque
1586 4843 1718 4896 mis-
1801 4862 1953 4920 pore.
1976 4843 2042 4900 Et
2058 4842 2149 4900 hic
2173 4844 2422 4897 studiose
2450 4843 2579 4897 talis
2600 4841 2848 4913 eligitur,
2870 4843 2967 4914 qui
2992 4840 3178 4914 gravis
3232 4844 3308 4902 sit
3341 4845 3403 4900 in

119 4946 267 5002 sam,
296 4937 345 4987 si
386 4928 599 5003 absque
622 4930 959 4986 detrimento
985 4930 1140 4984 chori
1182 4930 1377 4984 abesse
1407 4926 1631 5000 poterit,
1663 4936 1719 4984 et
1801 4936 2067 4998 moribus,
2111 4948 2213 4987 nec
2237 4932 2308 4986 ad
2337 4932 2514 4986 risum
2545 4931 2746 4999 facilis,
2777 4947 2849 4985 ne
2893 4948 3061 5003 quam
3091 4930 3151 4987 in
3181 4949 3247 4987 eo
3272 4934 3393 4988 loco

120 5027 247 5093 post
274 5020 593 5093 cymbalum
624 5028 972 5091 pBI‘CUSSlIIU,
1007 5020 1148 5073 hora
1188 5017 1526 5084 refectioniS,
1551 5018 1716 5074 dum-
1798 5022 2085 5081 levitatem
2112 5023 2389 5076 intrantes
2412 5022 2499 5074 vel
2523 5023 2788 5074 exeuntes
2809 5006 3252 5091 deprehendant.
3288 5040 3391 5080 un.

120 5110 287 5166 modo
314 5109 647 5181 tempestive
672 5106 743 5163 ad
770 5125 1027 5164 mensam
1071 5114 1342 5174 occurrat,
1382 5107 1441 5161 in
1471 5109 1717 5163 claustro
1801 5117 1871 5171 Et
1893 5120 1980 5169 est
2007 5115 2059 5168 ei
2087 5107 2191 5167 hoc
2219 5111 2446 5165 omnino
2476 5107 2859 5174 interdictum,
2892 5114 2958 5162 ut
2987 5109 3213 5180 quando
3236 5108 3394 5166 clau-

122 5199 383 5265 scribere,
425 5198 513 5254 vel
559 5199 674 5254 tale
703 5198 838 5270 quid
890 5192 1269 5252 necessarium
1299 5200 1482 5268 potest
1512 5196 1712 5253 facere.

1803 5204 1995 5259 dit-vel
2019 5200 2218 5273 aperit,
2253 5218 2353 5273 pro
2382 5196 2540 5254 nulla
2560 5197 2847 5253 occasione
2887 5186 2975 5250 vel
3006 5197 3205 5269 pedem
3238 5198 3397 5255 extra

126 5289 235 5344 Sed
265 5290 323 5345 et
352 5282 480 5343 aliis
500 5282 836 5359 quibusdam
869 5286 1195 5341 conceditur
1224 5293 1351 5357 post
1389 5298 1713 5357 percussum
1800 5297 2024 5366 portam
2054 5286 2372 5361 protendat.
2406 5286 2574 5342 Hunc
2626 5280 2675 5340 si
2721 5285 3024 5356 aliquando
3080 5282 3400 5357 contigerit,

128 5370 449 5450 cymbalum
486 5374 566 5432 ibi
583 5377 797 5443 sedere,
832 5370 1036 5447 siquid
1069 5374 1412 5447 scripserint,
1453 5369 1540 5429 vel
1570 5370 1722 5431 aliud
1811 5387 1833 5409 '
1862 5387 1928 5435 ut
1955 5380 2158 5450 hospes
2189 5377 2394 5449 aliquis
2435 5376 2586 5430 infra
2612 5374 2920 5446 capitulum
2970 5373 3030 5428 in
3059 5374 3295 5428 ecclesia
3321 5370 3408 5429 re-

131 5472 396 5543 quiddam
416 5469 794 5526 necessarium
815 5475 875 5525 et
887 5468 1512 5533 utilefecerint.Quibus
1530 5473 1723 5523 tamen
1809 5474 2059 5533 maneat,
2090 5468 2177 5521 vel
2200 5467 2248 5521 si
2277 5465 2407 5521 talis
2439 5471 2526 5520 est
2567 5462 2859 5528 festivitas,
2895 5461 2956 5517 in
2978 5476 3091 5536 qua
3118 5460 3405 5535 phylacte-

202 5646 357 5718 (129)
388 5648 797 5714 Vadimonium,
822 5645 1071 5713 vadium,
1101 5646 1369 5713 wadium,
1413 5642 1636 5716 pignus,
1667 5638 1971 5717 ﬁdejussio.
