3934 6400
455 352 476 410 1
487 353 592 412 079

1497 358 1554 411 S.
1597 357 1991 413 GUILLELMI
2028 358 2331 414 ABBATIS
2370 356 2709 413 HlRSAUG.

3593 351 3759 414 1080

453 478 695 551 ria(130)
719 481 868 538 circa
896 482 1073 536 altare
1102 481 1215 536 sint
1244 498 1533 552 suspensa,
1563 481 1675 536 illic
1704 488 1971 547 moratur,
1993 488 2050 536 et
2062 484 2117 544 Α
2208 500 2299 537 un.
2332 484 2516 538 Factis
2572 482 2754 536 tribus
2804 480 3175 546 orationibus,
3215 480 3404 551 pulsat
3462 496 3644 536 unum
3678 481 3762 535 de

454 572 681 624 interim
737 571 924 641 legere
985 587 1097 624 non
1143 570 1491 640 prohibetur.
1522 571 1722 624 Lectus
1768 573 1891 641 ejus
1916 578 2048 626 ante

459 659 784 713 Sacristiam
805 661 969 727 juxta
996 658 1200 712 ostium
1230 676 1330 728 per
1355 659 1498 728 quod
1530 660 1586 712 in
1614 660 1843 713 sinistra
1870 660 2062 715 abside

462 746 607 813 (I31)
640 748 696 800 in
728 748 998 801 inferiora
1025 748 1269 802 ecclesiae
1299 748 1790 818 intratur,positus
1821 758 1926 803 est.
1964 768 2055 805 [νυ.

460 835 674 889 Praeter
699 840 927 890 caeteros
956 845 1040 889 est
1067 837 1145 889 illi
1178 837 1280 889 soli
1300 836 1634 905 injunctum.
1665 844 1730 891 ut
1759 839 1911 892 omni
1937 839 2060 893 sab-

466 922 597 976 bato
627 923 866 976 conchas
896 929 953 976 et
981 923 1440 978 ca;:delabrorum
1479 930 1722 994 pateras,
1766 926 1822 978 in
1857 927 2059 996 quibus

470 1012 716 1065 candelae
747 1012 967 1077 ardent,
1001 1011 1302 1082 diligenter
1332 1012 1586 1076 abradat,
1637 1031 1708 1068 ne
1753 1015 1967 1085 aliquid
1996 1034 2061 1069 ex

468 1099 800 1153 decurrente
855 1116 984 1153 cera
1037 1106 1344 1154 remaneat.
1398 1100 1576 1155 Simili
1610 1118 1830 1173 quoque
1879 1105 2065 1158 studio

478 1193 661 1242 totum
692 1188 1092 1259 pavimentum,
1144 1188 1288 1259 quod
1340 1189 1486 1242 circa
1524 1191 1705 1259 majus
1742 1192 1921 1246 altare
1963 1199 2066 1259 est,

473 1277 631 1348 prius
659 1293 807 1348 aqua
834 1277 1020 1331 infusa
1076 1283 1297 1347 purgat,
1328 1283 1385 1330 et
1434 1284 1761 1333 czeterorum
1804 1281 2070 1351 altarium

466 1366 852 1436 pavimentum
884 1382 1052 1437 scopa
1080 1383 1165 1419 em
1176 1366 1369 1422 undat.

542 1458 707 1523 war.)
759 1455 987 1508 Claudit
1003 1455 1172 1508 etiam
1196 1459 1249 1508 et
1269 1455 1451 1525 aperit
1471 1456 1714 1510 ecclesia:
1734 1457 1879 1512 fores
1903 1460 2067 1514 variis

470 1543 654 1596 modis
673 1559 774 1610 per
802 1542 1023 1596 diversa
1043 1549 1319 1612 tempora.
1344 1543 1486 1596 Nam
1519 1560 1644 1598 cum
1675 1551 1806 1599 ante
1839 1554 2066 1602 noctur-

470 1647 574 1685 nos
593 1630 767 1685 ﬁnitis
793 1630 1110 1700 quindecim
1142 1632 1227 1684 vel
1286 1631 1518 1701 triginta
1561 1634 1809 1703 psalmis,
1851 1642 1964 1690 tam
2005 1638 2065 1691 in

470 1719 675 1790 hyeme
687 1734 856 1788 quam
869 1718 926 1771 in
943 1723 1136 1772 aestate
1151 1735 1245 1772 eas
1267 1737 1491 1790 semper
1510 1722 1729 1791 aperiat
1749 1742 1761 1789 ;
1778 1723 1835 1776 in
1865 1725 2066 1795 hyeme

2143 571 2449 640 majoribus
2479 571 2655 641 signis
2687 588 2862 641 usque
2900 570 2971 624 ad
3015 570 3293 641 psalmum
3325 573 3560 626 Ῑικιαιιιε
3587 588 3757 627 sum.

2146 662 2304 726 (ναν.)
2335 659 2609 722 Secundo,
2643 658 2867 728 signum
2896 657 3045 729 quod
3069 658 3261 717 minus
3283 664 3387 724 est,
3410 659 3762 730 aliquantu-

2142 748 2282 809 lum,
2312 748 2381 801 ad
2432 750 2685 816 chm’em
2745 752 3028 812 sternam,
3057 763 3235 817 usque
3286 747 3422 802 dum
3477 749 3645 802 ﬁnita
3678 748 3766 802 sit

2142 836 2321 890 oratio
2335 836 2629 891 Dominica
2644 852 2770 889 cum
2794 835 3302 899 collecta.Tertio,a
3320 836 3489 905 Kyrz'e
3516 838 3761 905 εἰθίσθη,

2144 941 2323 995 usque
2352 925 2485 978 dum
2513 924 2647 978 item
2694 923 2925 977 ﬁniatur
2953 923 3132 978 oratio
3163 923 3456 979 Dominica
3480 942 3607 978 cum
3639 926 3771 979 col-

2147 1014 2315 1070 lecta.
2374 1013 2603 1077 Quarto,
2637 1012 2797 1065 ﬁnita
2846 1012 3097 1079 collecta,
3132 1013 3204 1066 ad
3259 1015 3364 1067 Per
3417 1015 3757 1075 Dominum,

2148 1102 2443 1171 pulsantur
2469 1101 2655 1154 omnia
2690 1100 2872 1169 signa,
2915 1101 2998 1154 vel
3028 1100 3075 1155 si
3106 1105 3193 1155 est
3220 1086 3441 1172 privata
3463 1102 3604 1168 dies,
3631 1102 3761 1155 duo

2153 1191 2221 1244 ad
2236 1192 2404 1258 Kyrz'e
2432 1192 2651 1243 eleism.
2673 1188 2849 1261 (υαν.)
2870 1189 2953 1243 Ad
2976 1189 3236 1244 ultimam
3257 1190 3586 1246 incisionem
3617 1206 3767 1245 can-

2152 1281 2389 1334 ticorum
2417 1279 2695 1349 graduum
2724 1284 2853 1332 ante
2884 1279 3053 1332 ﬁnem
3086 1280 3287 1349 psalmi
3318 1282 3621 1343 Memento;
3667 1268 3764 1333 vel

2153 1369 2201 1423 si
2229 1369 2464 1439 triginta
2500 1367 2827 1431 recitantur,
2868 1369 3108 1422 Laudate
3149 1370 3449 1423 Dominum
3476 1370 3541 1423 de
3577 1370 3761 1432 caelis,

2148 1458 2402 1512 accendit
2430 1457 2577 1511 idem
2609 1457 2750 1511 duos
2779 1473 2968 1511 cereos
2994 1457 3347 1512 candelabris
3387 1458 3584 1513 afﬁxos
3613 1460 3765 1511 ante

2150 1546 2347 1611 altare,
2377 1551 2435 1598 et
2463 1543 2692 1597 tertium
2727 1551 2876 1598 retro
2906 1545 3104 1599 altare.
3140 1548 3167 1571 *
3202 1545 3362 1609 Quod
3410 1546 3456 1600 si
3504 1546 3629 1617 ipse
3669 1545 3765 1599 in-

2147 1634 2371 1688 terdum
2404 1632 2633 1702 privatis
2663 1631 2860 1686 diebus
2881 1638 3006 1702 post
3031 1649 3293 1688 accensos
3315 1649 3507 1688 cereos
3523 1633 3595 1687 ad
3624 1633 3764 1704 pul-

2149 1722 2387 1776 sandum
2407 1720 2736 1791 tempestive
2769 1736 2879 1774 non
2932 1722 3252 1789 revertitur,
3298 1722 3368 1778 ab
3397 1722 3587 1793 aliquo
3617 1738 3763 1776 con-

471 1812 665 1862 tanten
689 1806 865 1860 ﬁnitis
886 1807 1105 1861 duobus
1134 1808 1420 1861 nocturnis
1447 1815 1578 1863 ante
1608 1812 1850 1865 ofﬁcium
1873 1813 2069 1867 defun-
2087 1834 2136 1894 Β
2154 1811 2431 1866 sociorum
2489 1810 2608 1878 ejus
2659 1808 2936 1879 pulsatur.
2985 1811 3124 1865 Tres
3178 1816 3367 1865 autem
3414 1810 3562 1865 cerei
3590 1814 3759 1865 retro

473 1894 869 1965 ctorum,quod
899 1894 957 1948 in
986 1900 1149 1949 nocte
1169 1900 1680 1967 cantatur,semper
1711 1917 1806 1954 eas
1835 1902 2065 1969 claudit,

473 1989 643 2054 atque
672 1982 753 2036 ita
776 1988 1110 2052 permanent
1126 2001 1302 2055 usque
1332 1986 1465 2039 dum
1498 1987 1655 2040 scilla
1679 1994 1810 2042 ante
1839 1991 2067 2045 tertiam

474 2075 730 2146 pulsetur
760 2092 769 2128 :
795 2074 1065 2145 ﬁnitaque
1112 2075 1284 2130 missa
1332 2078 1651 2132 matutinali
1708 2080 1919 2135 claudit
1948 2099 2066 2150 eas,

474 2163 790 2234 clausaeque
809 2170 1143 2234 permanent
1171 2181 1351 2235 usque
1373 2172 1495 2237 post
1515 2174 1748 2235 sextam;
1783 2175 1919 2224 tunc
1947 2188 2074 2242 ape-

475 2252 702 2306 riuntur
731 2257 789 2306 et
813 2252 983 2306 missa
1009 2253 1165 2307 ﬁnita
1196 2271 1374 2324 usque
1404 2256 1473 2309 ad
1512 2273 1771 2327 vesperas
1800 2259 2070 2314 claudun-

474 2346 588 2397 tur.
620 2342 757 2395 Post
783 2342 1072 2411 regulares
1120 2359 1378 2413 vesperas
1418 2345 1760 2400 clauduntur
1788 2347 1863 2401 ita
1895 2365 2073 2419 usque

476 2430 548 2483 ad
578 2435 883 2483 nocturnos
944 2446 1346 2499 permansurae.
1384 2433 1446 2486 In
1501 2439 1695 2488 aestate
1722 2435 1913 2507 itaque
1944 2454 2069 2491 cum

476 2517 669 2572 statim
701 2524 828 2588 post
858 2518 1196 2572 matutinum
1243 2521 1557 2589 regularem
1590 2523 1961 2592 clauduntur;
2004 2527 2074 2580 ad

476 2606 717 2677 primam
742 2606 1092 2676 aperiuntur,
1125 2614 1181 2661 et
1211 2625 1386 2679 usque
1417 2609 1550 2662 dum
1580 2613 1927 2667 matutinalis
1947 2616 2074 2668 mis-

477 2710 543 2748 sa
571 2694 817 2756 ﬁniatur,
846 2701 1061 2765 patent.
1122 2696 1258 2760 Quae
1322 2704 1456 2750 tunc
1504 2699 1705 2754 clausae
1748 2702 1814 2754 ad
1847 2703 2070 2757 missam

476 2782 824 2854 aperiuntur,
852 2790 1043 2854 postea
1073 2801 1251 2856 usque
1280 2786 1352 2840 ad
1402 2804 1661 2858 vesperas
1716 2790 2066 2846 obserantur.

477 2871 689 2935 Quibus
703 2872 874 2926 ﬁnitis
902 2889 1081 2943 usque
1111 2874 1180 2927 ad
1212 2880 1516 2930 nocturnos
1538 2878 1767 2933 omnino
1797 2881 2071 2936 claudun-

475 2967 589 3015 tur.
622 2959 688 3015 In
718 2961 1163 3032 Quadragesima
1186 2964 1419 3033 privatis
1459 2966 1654 3021 diebus
1684 2974 1807 3038 post
1840 2972 2072 3024 matuti-

477 3049 663 3103 nalem
694 3049 923 3104 missam
956 3051 1319 3117 clauduntur,
1354 3070 1534 3125 usque
1589 3057 1724 3110 dum
1759 3060 1973 3129 vesperi
2014 3061 2073 3113 ﬁ-

477 3137 728 3193 niantur.
762 3136 831 3193 In
873 3138 1170 3199 duodecim
1222 3141 1556 3198 lectionibus
1604 3150 1721 3198 tam
1758 3146 1816 3200 in
1872 3147 2070 3218 hyeme

479 3242 650 3297 quam
680 3227 738 3281 in
767 3232 960 3282 aestate
985 3228 1051 3281 ad
1087 3230 1321 3295 scillam,
1356 3248 1477 3301 quae
1501 3240 1624 3304 post
1644 3236 2071 3305 completorium

478 3321 662 3382 sonat,
687 3317 1038 3385 aperiuntur.
1082 3317 1341 3372 Studiose
1382 3326 1573 3375 tamen
1601 3323 1734 3391 agit.
1760 3329 1823 3377 ut
1850 3325 1894 3378 si
1949 3328 2073 3397 quis

479 3418 575 3457 eas
597 3404 824 3474 aprimo
846 3421 1011 3459 mane
1040 3422 1217 3477 usque
1243 3412 1370 3478 post
1390 3411 1815 3480 completorium
1845 3431 2072 3483 percus-

480 3494 638 3559 serit,
672 3498 730 3546 et
758 3494 842 3547 vel
872 3494 991 3565 ipse
1021 3496 1265 3549 audierit
1302 3497 1387 3550 vel
1432 3498 1502 3551 ab
1532 3498 1641 3552 alio
1672 3503 1963 3572 comperit,
2006 3505 2077 3558 ad

481 3582 851 3651 aperiendum
885 3588 1115 3653 paratus
1145 3585 1237 3637 sit.
1274 3587 1292 3607 '
1324 3585 1474 3648 Quas
1528 3587 1699 3641 etiam
1737 3590 2075 3646 claudendas

482 3676 643 3724 tanto
666 3671 882 3741 impetu
912 3673 980 3724 ad
1002 3672 1233 3725 invicem
1260 3673 1541 3745 impingit,
1570 3683 1634 3729 ut
1662 3686 1986 3745 conventus,
2028 3682 2076 3735 si

481 3759 645 3813 estin
672 3759 861 3825 choro,
889 3760 1084 3814 audire
1115 3761 1310 3831 possit.
1345 3763 1416 3817 Ut
1465 3771 1654 3819 autem
1707 3772 1866 3821 tanto
1894 3770 2078 3840 aptior

481 3843 602 3905 esse
628 3851 808 3904 valeat
824 3851 952 3904 huic
966 3851 1450 3916 ofﬁcio,conventu
1470 3863 1734 3911 manente
1761 3857 1820 3912 in
1844 3861 2079 3916 ecclesia

481 3945 676 3993 manet
703 3945 760 3993 et
782 3939 903 4011 ipse
930 3940 990 3993 in
1014 3940 1218 3993 minori
1247 3942 1438 3996 choro.

1050 4029 1284 4084 CAPUT
1308 4032 1507 4086 XXIX.

878 4118 950 4171 De
981 4117 1408 4173 hebdomadario
1436 4125 1681 4177 ecclesia.

555 4208 688 4276 (uo).
710 4207 911 4263 Caeteri
931 4205 1274 4276 septimanas
1287 4224 1417 4262 suas
1433 4208 1489 4263 in
1521 4211 1769 4280 qualibet
1785 4212 2080 4271 Dominica

480 4295 1099 4366 nocturnosincipiente
1128 4296 1367 4351 vicissim
1411 4297 1640 4363 faciunt,
1681 4316 1746 4354 eo
1780 4303 1946 4355 modo
1967 4320 2076 4373 quo

481 4385 563 4440 eis
585 4389 672 4440 est
698 4385 1036 4455 praeﬁnitum
1066 4399 1101 4436 a
1147 4386 1404 4449 sacrista,
1438 4391 1495 4441 et
1523 4389 1908 4460 unusquisque
1936 4408 2075 4463 Opus

481 4473 653 4528 habet
680 4479 745 4528 ut
772 4475 901 4545 quid
953 4492 1054 4546 per
1106 4476 1513 4530 hebdomadam
1546 4478 1795 4533 facturus
1815 4481 1906 4548 sit,
1944 4482 2073 4536 dili-

2153 1901 2329 1955 altarc
2359 1900 2541 1968 majus
2570 1898 2834 1968 pendent,
2856 1916 3092 1969 quorum
3115 1900 3331 1955 medius
3357 1900 3443 1959 (de
3459 1917 3569 1970 quo
3600 1917 3759 1971 pras-

2151 1990 2361 2042 dictum
2393 1991 2497 2055 est)
2532 1986 2781 2057 quotidie
2831 1987 2900 2040 ad
2948 1993 3252 2042 nocturnos
3281 1993 3337 2043 et
3366 2004 3648 2059 vesperos,
3696 1988 3759 2041 in

2153 2076 2446 2131 duodecim
2466 2074 2799 2129 lectionibus
2819 2075 2888 2129 ad
2905 2075 3132 2131 missam
3145 2076 3565 2131 accenditur.In
3590 2076 3761 2133 festis

2155 2182 2285 2220 vero
2315 2164 2568 2218 albarum
2601 2164 2711 2217 duo
2734 2164 2803 2217 ad
2851 2174 3154 2219 nocturnos
3175 2173 3231 2220 et
3259 2171 3374 2220 tres
3406 2166 3477 2220 ad
3506 2182 3762 2236 evange-

2153 2255 2313 2320 lium,
2334 2253 2500 2307 simul
2530 2258 2717 2306 autem
2740 2253 2809 2305 ad
2833 2253 3061 2307 missam
3093 2261 3149 2308 et
3176 2255 3248 2308 ad
3275 2261 3545 2326 utrosque
3561 2270 3758 2326 vespe-

2153 2359 2247 2397 ros
2269 2342 2679 2396 illuminantur.
2716 2340 2783 2395 In
2812 2342 3156 2411 quibuslibet
3185 2350 3375 2398 autem
3419 2344 3759 2398 eminentio-

2155 2431 2311 2485 ribus
2340 2431 2407 2484 ad
2466 2438 2736 2501 utrosque
2772 2447 3034 2502 vesperos
3095 2439 3153 2487 et
3195 2439 3501 2487 nocturnos
3539 2433 3763 2504 pariter

2156 2526 2323 2574 erunt
2381 2519 2759 2580 accendendi;
2832 2520 2927 2573 sed
2985 2520 3056 2573 ad
3111 2522 3357 2575 Gloriam
3406 2521 3760 2592 responsorii

2156 2609 2335 2663 octavi
2363 2607 2781 2677 exstinguendi.
2828 2608 2983 2662 Tunc
3014 2625 3259 2680 namque
3288 2610 3485 2679 viginti
3515 2616 3768 2681 quatuor

2153 2697 2399 2751 candelae
2419 2713 2641 2751 sursum
2666 2696 2723 2749 in
2735 2697 2972 2751 circuitu
2994 2698 3190 2752 altaris
3221 2699 3414 2768 posita:
3447 2699 3764 2753 accendun-

2152 2794 2264 2845 tur.
2300 2786 2385 2839 Ad
2415 2786 2643 2839 missam
2668 2802 2797 2838 vero
2820 2786 2902 2839 illi
2924 2792 3038 2840 tres
3068 2787 3431 2843 accendendi.
3454 2789 3553 2842 sed
3581 2787 3753 2858 quin-

2154 2893 2262 2946 que
2276 2875 2342 2928 de
2361 2875 2447 2928 his
2467 2880 2600 2929 sunt
2620 2874 2767 2928 circa
2787 2875 2963 2928 altare
3008 2875 3067 2928 in
3098 2882 3258 2947 paite
3285 2876 3579 2931 Orientali.
3613 2877 3760 2931 Item

2155 2964 2224 3018 ad
2248 2964 2514 3018 lectiones
2544 2962 2806 3017 observat
2830 2969 2893 3017 ut
2926 2964 3117 3018 lumen
3148 2981 3277 3019 cum
3320 2982 3430 3036 quo
3452 2965 3757 3035 legendum

2155 3060 2258 3118 est,
2293 3069 2515 3123 semper
2537 3052 2606 3105 ad
2639 3052 2899 3106 ultimum
2942 3053 3219 3124 psalmum
3251 3059 3655 3109 nocturnorum
3689 3070 3756 3108 eo

2152 3150 2405 3213 tempore
2436 3142 2724 3205 all‘erat,ut
2746 3142 2938 3195 lectori
2958 3142 3028 3196 ad
3060 3142 3305 3197 Gloriam
3339 3142 3588 3212 ejusdem
3611 3142 3758 3213 psal-

2155 3229 2233 3283 mi
2262 3229 2332 3282 ad
2363 3228 2599 3299 gradum
2632 3234 2763 3282 ante
2815 3235 2869 3283 et
2916 3234 3068 3283 retro
3125 3228 3350 3283 facienti
3377 3233 3435 3282 et
3466 3229 3538 3283 ad
3567 3229 3758 3283 analo-

2154 3318 2314 3390 gium
2345 3322 2524 3382 eunti,
2559 3317 2677 3388 ipse
2706 3317 3042 3371 discedendo
3069 3334 3181 3371 non
3213 3323 3486 3372 occurrat.

2234 3411 2367 3476 (un).
2393 3408 2539 3477 Ergo
2561 3406 2632 3460 ad
2666 3423 2871 3460 nonam
2903 3406 3354 3478 lectionem,qua3
3379 3413 3466 3461 est
3484 3407 3554 3461 de
3583 3407 3757 3461 Evan-

2158 3496 2324 3566 gelio,
2350 3495 2407 3549 in
2438 3497 2578 3563 loco,
2611 3495 2708 3549 ubi
2742 3495 3023 3566 expositor
3044 3496 3287 3550 homiliae
3312 3496 3759 3562 nominatur,ad-

2162 3586 2270 3638 huc
2301 3589 2359 3638 et
2388 3584 2617 3638 tertium
2646 3590 2779 3638 ante
2831 3586 3009 3639 altare
3039 3602 3265 3639 cereum
3299 3586 3570 3640 accendit.
3612 3586 3754 3639 Cum

2159 3673 2420 3729 sacerdos
2433 3674 2684 3727 dicturus
2704 3680 2791 3728 est
2812 3674 3258 3739 collectam,huic
3272 3675 3441 3728 etiam
3458 3673 3757 3745 providens

2161 3763 2352 3816 lumen
2382 3769 2662 3833 apportat,
2691 3763 2747 3817 in
2778 3763 3072 3817 duodecim
3094 3764 3423 3817 lectionibus
3449 3763 3669 3834 quidem
3700 3769 3757 3818 et

2161 3855 2219 3906 in
2241 3852 2470 3913 octavis,
2503 3858 2559 3905 ct
2586 3851 2642 3904 in
2675 3868 2868 3905 eorum
2892 3851 3166 3906 similibus
3186 3851 3443 3923 precibus
3460 3868 3600 3923 pene
3626 3852 3754 3906 ﬁni-

2162 3941 2235 3994 tis
2269 3958 2280 3993 :
2316 3942 2336 3963 '
2367 3940 2423 3993 in
2453 3940 2541 3994 his
2568 3947 2756 3994 autem
2797 3940 3014 4007 diebus,
3061 3941 3285 4013 quando
3337 3941 3541 4013 psalmi
3564 3958 3754 4013 preces

2163 4034 2495 4099 sequuntur,
2541 4029 2689 4084 infra
2752 4030 3051 4101 psalmum,
3084 4033 3349 4085 lnclina:
3397 4031 3456 4084 in
3497 4031 3753 4089 Adventu

2159 4134 2291 4171 vero
2312 4117 2555 4180 Domini,
2589 4125 2645 4172 et
2674 4118 2729 4172 in
2751 4119 3190 4189 Quadragesima
3215 4125 3345 4174 ante
3375 4136 3587 4191 preces.
3621 4122 3751 4176 Ofﬁ-

2160 4207 2316 4261 cialis
2348 4213 2538 4262 autem
2568 4206 2711 4261 liber
2738 4208 2936 4263 subtus
2978 4209 3219 4263 formam
3249 4215 3379 4264 ante
3404 4210 3747 4266 sacerdotem

2162 4312 2197 4349 a
2220 4296 2484 4367 praedicto
2516 4297 2690 4351 fratre
2723 4298 2938 4368 positus
2963 4299 3116 4369 jacet
3144 4299 3388 4365 assidue,
3412 4304 3477 4354 ut
3502 4300 3750 4355 cominus

2162 4401 2295 4439 eum
2320 4386 2501 4455 possit
2536 4386 2767 4449 habere,
2794 4386 2901 4441 nisi
2932 4404 3060 4440 eum
3091 4387 3294 4459 aliquis
3330 4388 3401 4442 ad
3428 4404 3750 4445 monumen-

2159 4480 2283 4528 tum
2316 4474 2561 4528 aufer’at:
2587 4475 2945 4545 qumstionari
2966 4485 3264 4543 tamen,ne
3284 4476 3342 4531 in
3373 4493 3474 4531 suo
3502 4482 3750 4548 tempore

479 4568 681 4633 genter
699 4564 972 4618 attendat.
1009 4566 1032 4588 ‘
1062 4564 1250 4619 Primo
1308 4581 1553 4635 namque
1584 4569 1666 4633 (ut
1712 4568 1847 4635 dixi)
1874 4570 1943 4624 ad
1973 4554 2141 4625 κιο-Ι)
2161 4561 2324 4628 desit,
2350 4569 2647 4633 praacavet,
2683 4564 2932 4634 alioquin
2981 4564 3435 4619 inclamationem
3480 4582 3590 4619 non
3622 4566 3751 4621 cliu-

480 4658 708 4707 cturnos
729 4657 1021 4724 postquam
1044 4654 1394 4724 horologium
1414 4655 1762 4717 ceciderit,et
1781 4660 2079 4728 praedictus

479 4734 712 4795 sacrista
736 4742 961 4812 pulsare
981 4743 1193 4796 scillam
1215 4743 1507 4813 inceperit.
1526 4744 1646 4813 ipse
1658 4761 1780 4799 eam
1809 4748 1877 4801 de
1906 4766 2079 4805 manu

477 4828 631 4884 illius
660 4830 860 4901 accipit
875 4847 939 4884 ac
954 4832 1148 4886 tandiu
1174 4833 1377 4903 pulsat,
1396 4848 1576 4901 usque
1602 4834 1734 4888 dum
1763 4853 1964 4906 pueros
1993 4841 2077 4894 vel

472 4918 734 4988 juvenem
764 4920 833 4972 ad
878 4920 986 4975 hoc
1038 4921 1370 4991 deputatum
1420 4936 1544 4973 cum
1594 4922 1813 4978 laterna
1842 4925 2074 4981 chorum

475 5008 690 5061 intrare
712 5009 929 5062 viderit.
965 5009 1159 5063 Potest
1186 5014 1380 5062 tamen
1419 5007 1645 5063 interim
1677 5013 1788 5066 alio
1819 5016 1933 5069 vice
1955 5018 2076 5086 ejus

474 5096 689 5151 scillam
707 5099 986 5168 pulsante,
1018 5098 1065 5151 si
1091 5113 1315 5152 necesse
1338 5103 1441 5162 est,
1472 5098 1863 5157 dormitorium
1886 5121 2076 5159 ascen-

474 5186 627 5254 dere,
660 5187 792 5240 inde
825 5187 1112 5241 redeundo
1138 5187 1209 5240 ad
1242 5187 1573 5242 lavatorium
1605 5207 1805 5246 manus
1821 5192 2069 5262 abluere,

473 5274 621 5346 quod
668 5280 725 5328 et
774 5291 997 5346 semper
1023 5275 1082 5328 in
1112 5274 1405 5329 duodecim
1434 5274 1765 5333 lectionibus
1794 5279 1961 5334 debet
1986 5281 2069 5335 fa-

468 5380 616 5419 cere.

544 5487 693 5559 (130)
716 5489 1313 5561 iPhilacteriarmrculae,
1344 5490 1615 5556 thecae,in
1646 5490 1850 5561 quibus
1871 5506 2065 5547 recon-

467 5558 683 5632 duntur
703 5560 799 5632 S_S.
834 5560 1124 5632 Reliquiae.

535 5628 689 5698 (131)
716 5626 844 5701 ἁψὶς,
866 5626 1087 5699 Αὺεῗάα,
1116 5631 1316 5699 fornix,
1340 5648 1519 5688 arcus.

2159 4651 2295 4720 giet.
2320 4652 2395 4704 At
2415 4651 2461 4704 si
2488 4651 2748 4706 sarerdos
2766 4652 2914 4706 idem
2945 4654 3031 4707 vel
3060 4660 3290 4725 propter
3325 4654 3530 4708 festum
3558 4670 3666 4708 non
3692 4654 3750 4709 in

2160 4738 2281 4792 loco
2331 4756 2433 4793 suo
2479 4740 2548 4793 ad
2606 4740 2946 4794 matutinum
2982 4746 3038 4794 et
3079 4742 3149 4795 ad
3204 4758 3465 4813 vesperas
3502 4747 3631 4807 stat,
3666 4742 3749 4796 vel

2160 4826 2336 4881 alium
2362 4828 2536 4881 vicem
2559 4845 2718 4882 suam
2742 4830 3577 4900 agercrogat,hebdomadarius
3606 4847 3751 4885 eum-

2161 4916 2288 4970 dem
2319 4916 2526 4970 librum
2557 4934 2681 4971 cum
2716 4917 2927 4971 lumine
2970 4919 3265 4984 sacerdoti,
3308 4920 3624 4990 quicunque
3647 4931 3746 4988 est,

2160 5006 2231 5059 ad
2264 5005 2488 5059 easdem
2548 5005 2693 5059 vices
2740 5012 3002 5076 apportat
3039 5014 3096 5061 et
3131 5014 3400 5078 reportat.
3430 5009 3557 5061 Mox
3585 5008 3747 5064 etiam

2158 5099 2287 5164 post
2334 5096 2726 5148 Benedicamus
2776 5097 3029 5160 Domino,
3062 5096 3108 5149 si
3152 5097 3462 5167 antiphona
3516 5096 3744 5167 alicujus

2156 5182 2285 5236 festi
2307 5199 2416 5236 non
2448 5182 2722 5253 sequitur,
2744 5183 3057 5239 benedictio
3093 5184 3163 5238 ab
3189 5185 3376 5256 aliquo
3405 5201 3516 5239 non
3546 5186 3741 5256 accipi-

2154 5276 2266 5337 tur,
2292 5272 2577 5326 exstinctis
2601 5272 2862 5327 omnibus
2884 5274 3058 5328 cereis
3086 5275 3145 5328 in
3189 5274 3426 5329 circuitu
3465 5274 3656 5328 altaris
3681 5275 3741 5328 il-

2151 5360 2293 5432 lum,
2314 5362 2413 5431 qui
2437 5363 2595 5432 prius
2625 5362 2858 5416 ardebat
2885 5363 2942 5416 in
2972 5363 3185 5418 concha
3210 5364 3379 5434 (I32),
3411 5363 3735 5430 reaccendit,

2218 5493 2361 5560 (13'2)
2395 5495 2609 5549 Concha
2673 5500 2759 5549 est
2804 5495 3202 5549 candelabrum
3235 5512 3556 5561 concavum,
3600 5497 3737 5566 quod

2150 5565 2305 5632 fune,
2331 5566 2427 5647 vel.
2441 5565 2720 5647 catenulis
2746 5567 3013 5637 suspendi
3043 5567 3206 5622 solet.
3224 5568 3366 5623 Vide
3397 5565 3635 5624 indicem
3654 5584 3737 5622 vo-

2151 5653 2278 5700 cum
2308 5642 2676 5713 exoticarum.
