3934 6358
136 361 275 422 1081

130 494 254 544 tam
282 489 344 544 in
373 489 465 545 die
493 507 665 562 quam
710 492 769 546 in
809 498 973 548 nocte
1017 512 1278 554 arsurum

130 579 278 633 alios
306 596 571 634 accensos
600 582 1014 653 exstinguatur;
1048 588 1303 643 accendit
1338 596 1396 643 et
1418 590 1574 644 illum
1603 607 1736 644 can-

130 667 368 722 delabro
395 669 629 723 afﬁxum
658 675 715 723 et
743 687 912 741 super
923 674 1162 742 gradum
1190 677 1366 745 ponit,
1390 684 1455 732 ut
1483 684 1740 749 portetur

131 756 207 809 ad
235 757 670 827 processionem,
705 776 827 830 quae
856 760 977 815 ﬁeri
1007 762 1151 818 solet
1185 766 1256 819 ad
1297 766 1353 821 S.
1386 766 1627 823 Mariam
1652 769 1736 823 vel

133 844 194 898 S.
231 845 493 901 Crucem.

208 934 509 990 Sciendum
535 941 726 993 tamen
757 956 1070 1012 nunquam,
1095 943 1204 999 nisi
1233 945 1425 1001 formae
1454 948 1736 1018 tapetibus

134 1022 253 1077 sint
278 1032 572 1096 coopertae,
605 1026 736 1082 illuc
765 1029 1050 1086 afferenda
1077 1049 1203 1087 esse
1227 1034 1338 1088 duo
1359 1036 1729 1090 candelabra:

136 1127 263 1181 quae
288 1118 346 1166 et
364 1130 587 1185 semper
606 1121 736 1170 ante
758 1118 937 1172 altare
963 1119 1019 1173 S.
1046 1121 1234 1177 Maria
1255 1128 1388 1177 sunt
1410 1125 1683 1195 ponenda.
1712 1128 1734 1149 ¹

134 1200 227 1254 Ad
257 1200 315 1256 S.
349 1200 584 1257 Crucem
628 1206 893 1274 praevenit
921 1215 1276 1277 conventum,
1308 1218 1373 1267 ut
1396 1214 1467 1267 ad
1494 1213 1735 1269 basilicae

133 1288 429 1344 columnas
456 1292 733 1359 candelas,
778 1302 1055 1368 quotquot
1095 1300 1398 1366 sufﬁciant,
1434 1303 1548 1368 (cn.
1581 1301 1732 1371 var.)

131 1376 335 1447 aﬂigat
360 1380 641 1446 ardentes,
673 1382 755 1436 ita
781 1400 1025 1453 arsuras,
1057 1404 1236 1459 usque
1270 1389 1406 1443 dum
1435 1390 1737 1444 abcesserit

135 1472 464 1523 conventus.
502 1471 590 1525 Ad
619 1477 872 1527 sanctam
908 1475 1141 1530 Mariam
1171 1494 1318 1541 vero,
1350 1479 1574 1549 quando
1602 1480 1736 1534 illuc

134 1556 422 1624 processio
453 1559 662 1629 agitur,
697 1566 971 1633 quotquot
993 1565 1208 1619 lumina
1236 1572 1369 1621 sunt
1397 1568 1729 1633 necessaria,

137 1650 197 1698 et
217 1661 394 1700 unum
422 1647 492 1701 de
517 1648 606 1702 his
634 1649 833 1715 tribus,
868 1669 990 1722 quae
1008 1655 1253 1724 pendent
1280 1656 1336 1709 in
1367 1657 1736 1727 capitulosci-

134 1732 273 1788 licet
293 1736 545 1804 proxima
566 1739 818 1808 ejusdem
840 1742 1083 1797 ecclesiae
1104 1744 1317 1798 foribus
1340 1746 1618 1813 accendit;
1652 1763 1736 1801 ac-

1138 374 1555 432 CONSTITUT.
1596 375 1936 431 HIRSAUG.
1987 405 2057 416 —
2093 374 2231 429 LIB.
2268 374 2321 429 ΙΙ

3287 368 3419 429 1082

1313 519 1325 553 :
1368 501 1477 555 nisi
1505 505 1737 574 propter
1756 505 1802 562 A
1821 501 2018 555 Altera
2053 515 2183 554 vero
2207 500 2265 553 in
2285 514 2522 553 caverna
2551 513 2723 569 prope
2747 491 3071 561 armarium,
3098 496 3156 550 in
3186 512 3296 568 quo
3323 513 3418 552 ca-

1818 590 1949 643 lices
1977 596 2287 659 caeteraque
2337 587 2632 642 ustensilia
2680 586 2944 657 praedicta
2992 591 3304 651 servantur,
3336 588 3422 639 est
3460 588 3465 591 ⁷

1817 678 2018 749 posita.
2048 679 2111 732 In
2132 677 2388 731 eamdem
2408 691 2701 730 cavernam
2725 675 2972 729 minores
2992 674 3253 744 ampullas
3280 674 3422 727 dilu-

1818 767 1942 821 culo
1963 783 2110 837 aqua
2128 767 2372 837 impletae
2391 782 2425 819 a
2443 766 2619 818 fratre
2649 763 2912 834 przedicto
2939 769 3249 833 ponuntur,
3272 770 3329 816 et
3343 762 3424 817 sic

1818 855 1995 910 donec
2024 856 2208 909 missae
2237 855 2465 925 privatae
2498 870 2564 907 ex
2590 858 2710 907 toto
2738 852 2853 906 sint
2887 852 3199 912 celebratae,
3227 850 3303 904 ibi
3332 851 3420 905 di-

1819 944 2147 1012 mittuntur;
2197 949 2255 997 et
2286 960 2397 996 non
2422 936 2556 1006 nisi,
2608 946 2881 1011 quantum
2914 940 2985 994 ad
3018 957 3112 994 eas
3139 940 3422 994 canendas

1816 1038 2311 1104 transportantur;
2345 1031 2443 1086 sed
2473 1036 2609 1085 tunc
2632 1030 2702 1083 ad
2727 1030 3008 1101 ampullas
3035 1028 3311 1084 vinearias
3338 1044 3423 1083 re-

1819 1128 2123 1193 ponuntur.

1889 1214 2006 1278 (un.
2033 1215 2177 1280 var.)
2200 1211 2405 1265 Vinum
2431 1217 2620 1265 autem
2648 1212 2721 1266 de
2742 1227 2852 1283 quo
2874 1210 3211 1265 sumendum
3233 1213 3320 1263 est
3347 1207 3418 1263 ad

1815 1300 2149 1353 sacriﬁcium
2170 1300 2228 1353 in
2257 1300 2482 1353 cellario
2511 1300 2569 1353 in
2592 1301 2692 1354 tali
2722 1317 2921 1371 cuppa,
2948 1315 3070 1370 quia
3098 1304 3185 1352 est
3209 1302 3416 1364 serata,

1816 1394 2089 1442 servatur.
2118 1388 2201 1442 Ad
2233 1390 2375 1442 hanc
2398 1389 2656 1459 quotiens
2677 1388 3147 1443 hebdomadarius
3177 1403 3420 1441 accesse-

1816 1476 1910 1541 rit,
1943 1493 2054 1531 non
2085 1477 2251 1531 modo
2279 1494 2501 1541 manus,
2527 1478 2625 1532 sed
2654 1478 2823 1532 etiam
2855 1476 3171 1532 duciculum
3204 1480 3262 1529 et
3286 1476 3418 1529 fun-

1816 1564 1948 1619 dum
1999 1582 2190 1637 cuppae
2240 1566 2299 1619 in
2346 1566 2582 1621 circuitu
2625 1566 2865 1621 duciculi
2907 1566 3207 1635 diligenter
3248 1564 3419 1632 lavat,

1818 1670 1985 1723 quam
2007 1654 2218 1725 aliquid
2242 1654 2312 1708 de
2330 1655 2457 1708 vino
2479 1655 2734 1726 accipiat.
2749 1655 2954 1709 Vinum
2980 1654 3124 1725 quod
3143 1654 3201 1707 in
3217 1651 3418 1722 majori

1818 1743 2048 1796 ecclesia
2079 1743 2164 1796 vel
2192 1744 2263 1797 ad
2293 1744 2349 1799 S.
2384 1744 2625 1798 Mariam
2661 1749 2932 1809 remanet,
2966 1744 3020 1796 in
3052 1743 3297 1796 crastino
3328 1757 3420 1795 re-

132 1821 326 1876 cendit
353 1823 521 1878 etiam
557 1825 610 1880 in
651 1827 828 1890 festis,
876 1846 997 1900 qum
1044 1831 1102 1884 in
1140 1833 1331 1903 cappis
1360 1832 1733 1901 celebrantur,
1756 1814 2007 1923 Bportat
2037 1832 2094 1885 in
2128 1832 2440 1897 cellarium,
2472 1838 2537 1885 ut
2587 1832 2888 1886 misceatur
2937 1837 3095 1886 aceto
3124 1847 3225 1902 per
3259 1830 3420 1884 vina-

136 1915 254 1965 tres
282 1929 474 1968 cereos
503 1920 634 1969 ante
659 1918 843 1987 majus
871 1919 1049 1973 altare
1076 1919 1133 1974 in
1166 1922 1365 1991 majori
1395 1923 1628 1976 ecclesia
1665 1924 1735 1977 ad

136 2000 392 2071 singulas
412 2003 595 2065 horas,
615 2005 725 2060 n'si
749 2006 819 2060 ad
850 2008 1295 2079 completorium.
1315 2012 1536 2065 Aurora
1562 2028 1738 2082 appa-

136 2094 299 2144 rente
334 2093 653 2148 sacerdotes
681 2095 923 2165 privatas
954 2097 1153 2151 missas
1184 2098 1460 2170 incipiunt
1486 2107 1733 2155 cantare.

135 2179 222 2232 Ad
252 2195 393 2250 quas
418 2181 569 2236 idem
595 2183 1065 2240 hebdomadarius
1085 2188 1277 2241 statim
1305 2194 1432 2258 post
1456 2191 1739 2243 Ilenedz'ca-

136 2282 263 2320 mus
289 2269 545 2335 Domino,
573 2272 821 2326 accensis
844 2274 1085 2343 primum
1117 2276 1187 2329 ad
1215 2278 1267 2331 S.
1295 2276 1533 2331 Mariam
1556 2279 1640 2331 vel
1666 2278 1734 2331 ad

138 2354 375 2409 Crucem
406 2359 688 2428 praedictis
716 2361 1045 2427 luminibus,
1077 2366 1099 2387 *
1129 2364 1332 2418 deinde
1362 2382 1500 2436 pexo
1531 2367 1732 2437 capite,

137 2444 509 2517 manibusque
537 2448 761 2515 ablutis,
796 2450 983 2505 vinum
1016 2458 1073 2506 et
1114 2469 1318 2524 aquam
1358 2455 1630 2524 providet,
1665 2472 1735 2508 ne

136 2532 298 2587 fratri
339 2536 409 2588 ad
439 2537 772 2592 sacriﬁcium
802 2541 1230 2610 praeparandum
1261 2542 1549 2612 deputato,
1584 2550 1737 2613 post-

139 2639 307 2693 quam
331 2628 389 2677 et
417 2624 535 2695 ipse
563 2627 755 2680 eodem
778 2633 1030 2699 tempore
1050 2636 1219 2700 caput
1246 2631 1479 2700 pexerit,
1507 2647 1738 2684 manus-

140 2729 249 2783 que
275 2713 538 2781 abluerit,
562 2715 763 2771 desint.
790 2718 943 2772 Idem
967 2735 1211 2788 namque
1238 2719 1431 2784 frater,
1457 2719 1551 2790 qui
1573 2719 1738 2773 debet

135 2817 257 2856 esse
267 2803 530 2857 sacerdos
549 2809 648 2859 aut
667 2805 934 2861 diaconus
950 2808 1219 2877 quotidie,
1233 2808 1340 2862 nisi
1359 2809 1419 2862 in
1435 2809 1736 2863 Parasceve

135 2896 191 2944 et
218 2890 463 2946 Sabbato
482 2900 675 2947 sancto
704 2901 831 2965 post
852 2897 1212 2964 matutinum,
1240 2898 1323 2951 vel
1342 2898 1401 2951 in
1433 2898 1637 2968 hyeme
1655 2897 1737 2951 in-

133 2978 220 3032 fra
245 2980 505 3035 litaniam
535 2988 665 3037 ante
690 2984 1018 3056 capitulum,
1053 2991 1110 3039 et
1137 2990 1268 3040 ante
1301 2987 1525 3056 majoris
1550 2987 1733 3040 missae

1819 1919 1985 1973 rium.
2023 1921 2080 1974 Si
2110 1926 2194 1974 est
2238 1936 2302 1974 eo
2333 1925 2602 1991 tempore,
2635 1937 2746 1992 quo
2794 1921 2977 1991 prima
3016 1936 3141 1974 cum
3172 1919 3293 1990 ipsa
3327 1919 3419 1972 die

1818 2008 2120 2079 incipiente
2148 2002 2386 2074 canitur,
2415 2020 2550 2063 tunc
2591 2026 2650 2063 se
2685 2009 2793 2063 rite
2820 2010 2891 2063 ad
2935 2009 3238 2063 familiares
3267 2006 3419 2078 psal-

1819 2114 1939 2151 mos
1964 2098 2314 2151 diurnalibus
2355 2098 2571 2164 calciat,
2602 2114 2803 2152 manus
2831 2114 2896 2151 ac
2924 2098 3122 2152 faciem
3153 2098 3318 2161 lavat,
3351 2112 3417 2149 ac

1820 2202 2073 2240 reversus
2105 2186 2175 2239 ad
2226 2186 2477 2239 litaniam
2527 2203 2655 2240 cum
2704 2188 2974 2257 amphora
3008 2187 3223 2256 majore
3250 2185 3419 2256 plena

1819 2291 1985 2345 aqua,
2002 2280 2301 2345 antequam
2323 2279 2444 2328 tota
2464 2275 2713 2329 finiatur.
2751 2275 2904 2330 Idem
2925 2275 3173 2330 recitatis
3193 2279 3416 2328 tantum

1819 2371 2138 2419 sanctorum
2166 2364 2487 2419 nominibus
2513 2366 2658 2419 levat
2686 2382 2764 2426 se.
2802 2366 2950 2419 sicut
2977 2370 3033 2419 et
3062 2381 3207 2435 saepe
3234 2364 3418 2418 dictus

1819 2454 2010 2519 frater,
2061 2460 2117 2507 et
2163 2454 2439 2508 accelerat
2486 2453 2677 2507 vinum
2735 2459 2793 2508 et
2841 2471 3045 2525 aquam
3096 2459 3413 2524 apportare.

1820 2542 2030 2597 Altaris
2059 2542 2307 2597 tabulam
2337 2543 2438 2596 tali
2468 2543 2558 2596 die
2586 2560 2697 2597 non
2723 2543 3079 2614 discooperit,
3113 2547 3417 2612 antequam

1820 2632 2005 2701 pulset
2033 2631 2268 2695 scillam,
2304 2632 2372 2684 de
2419 2648 2530 2701 qua
2570 2632 2793 2701 signum
2842 2633 3011 2686 datur
3038 2631 3304 2685 fratribus
3345 2631 3417 2684 ad

1819 2720 2198 2786 calciandum;
2230 2721 2288 2773 in
2319 2726 2510 2775 {estate
2537 2737 2665 2774 vero
2693 2721 2778 2774 vel
2809 2721 3028 2791 quoties
3056 2719 3141 2773 bis
3169 2719 3415 2773 comedi-

1818 2814 1930 2873 tur,
1960 2815 2093 2862 ante
2122 2808 2380 2879 primam.
2413 2809 2520 2862 Sed
2553 2825 2583 2862 e
2611 2814 2803 2862 contra
2834 2809 2905 2862 ad
2938 2810 3187 2874 missam,
3217 2808 3416 2862 litania

1816 2898 2162 2968 praecedente
2183 2897 2237 2950 in
2263 2897 2402 2961 loco,
2418 2897 2506 2950 sin
2524 2903 2712 2951 autem
2732 2898 2802 2951 ad
2824 2897 3126 2951 familiares
3146 2896 3411 2967 psalmos,

1816 2986 2220 3056 qualiscunque
2251 2985 2324 3039 sit
2353 2985 2492 3049 dies,
2522 3002 2590 3039 ea
2608 2986 2881 3056 contegit;
2915 2986 3010 3039 sed
3032 2985 3089 3039 in
3110 2984 3415 3039 Dominicis

134 3068 486 3138 evangelium
516 3087 709 3126 omnes
730 3073 931 3127 calices
956 3074 1024 3128 ad
1054 3074 1251 3129 missas
1279 3076 1524 3145 privatas
1556 3076 1790 3159 perti-C
1813 3075 2011 3130 diebus
2039 3074 2257 3129 duobus
2303 3074 2525 3140 albatis,
2559 3082 2624 3129 ut
2670 3076 2848 3129 vicem
2882 3091 3043 3130 suam
3079 3075 3137 3128 in
3180 3074 3283 3128 hoc
3312 3074 3416 3127 im-

132 3163 333 3212 nentes
368 3157 614 3214 breviter
653 3161 818 3226 lavat,
859 3163 1059 3217 hostiis
1104 3164 1490 3235 superpositis,
1524 3165 1648 3219 vino
1678 3170 1736 3219 et

133 3261 281 3317 aqua
291 3247 495 3302 infusis
511 3250 582 3303 ad
597 3250 932 3306 sacriﬁcium
950 3259 1246 3323 praeparat,
1263 3259 1327 3307 ut
1342 3271 1469 3307 cum
1488 3254 1733 3325 primum

131 3336 452 3391 sacerdotes
475 3339 829 3406 accesserint,
862 3341 1051 3395 omnia
1079 3347 1278 3412 parata
1305 3343 1608 3398 inveniant.

199 3425 359 3479 Idem
388 3426 509 3497 ipse
545 3426 603 3480 in
632 3429 784 3483 omni
811 3435 1015 3498 quarta
1038 3431 1179 3485 feria
1209 3437 1267 3485 et
1296 3431 1557 3496 Sabbato,
1593 3450 1734 3505 qua-

130 3512 425 3585 liscunque
453 3515 527 3569 sit
558 3516 694 3581 dies,
741 3518 802 3572 in
842 3519 1053 3574 festivis
1085 3520 1310 3590 quidem
1340 3527 1468 3592 post
1497 3524 1730 3577 matuti-

130 3617 288 3669 num,
309 3603 368 3657 in
390 3605 622 3675 privatis
646 3624 774 3661 vero
793 3613 920 3678 post
947 3608 1151 3679 prioris
1173 3610 1353 3664 missae
1378 3612 1729 3680 evangelium

130 3707 301 3762 supra
339 3693 518 3747 dictos
545 3695 742 3749 calices
771 3696 960 3766 digitis
984 3698 1224 3752 interius
1254 3699 1437 3752 missis
1479 3699 1730 3754 studiose

129 3779 296 3835 lavat.
314 3781 580 3846 Quotidie
600 3800 821 3855 quoque
842 3790 973 3838 ante
993 3785 1189 3839 horam
1211 3787 1453 3857 prandii,
1468 3804 1592 3841 cum
1608 3789 1726 3857 jam

128 3870 375 3939 amplius
420 3872 578 3925 nulla
622 3872 697 3926 sit
740 3873 913 3927 missa
939 3875 1209 3939 canenda,
1243 3882 1498 3929 recenset
1525 3893 1639 3941 eos,
1673 3882 1730 3931 et

125 3966 288 4012 caute
307 3960 594 4030 perspicit,
616 3961 665 4014 si
688 3961 821 4032 quid
846 3962 903 4016 in
930 3963 1010 4016 eis
1033 3964 1101 4017 de
1129 3981 1362 4034 corpore
1380 3964 1603 4019 Domini
1628 3966 1728 4020 ad-

124 4046 352 4102 haereat.
377 4048 538 4112 Quod
564 4049 612 4103 si
642 4049 827 4115 fuerit,
857 4050 977 4121 ipse
1006 4053 1092 4106 vel
1121 4053 1265 4107 alius
1297 4059 1437 4108 nutu
1465 4055 1586 4123 ejus
1615 4061 1726 4109 sta-

120 4136 222 4190 tim
241 4136 512 4191 absumit.
540 4138 814 4193 Recenset
840 4140 1016 4194 etiam
1048 4141 1218 4196 libros
1248 4143 1519 4207 missales,
1544 4160 1609 4197 ac
1636 4161 1726 4198 ve-

123 4225 395 4279 stimenta
415 4226 804 4294 sacerdotalia,
829 4245 952 4299 quae
981 4229 1052 4282 ad
1082 4230 1307 4284 eosdem
1331 4231 1530 4284 calices
1559 4233 1727 4303 perti-

124 4318 278 4379 nent,
313 4318 374 4367 et
404 4313 590 4370 vinum
620 4331 746 4370 cum
774 4314 953 4387 aqua;
999 4318 1069 4371 de
1098 4319 1342 4389 praefatis
1373 4321 1635 4391 ampullis
1667 4321 1726 4375 in

1815 3165 2031 3235 pleant,
2078 3163 2282 3217 innuit.
2316 3164 2449 3217 Post
2479 3164 2708 3218 missam
2738 3181 2868 3218 vero
2900 3163 3324 3235 discooperitur,
3358 3167 3417 3216 et

1814 3252 1895 3306 sic
1917 3268 2091 3324 usque
2120 3254 2246 3323 post
2271 3269 2528 3323 vesperas
2555 3252 2878 3307 dimittitur.
2904 3254 2966 3307 In
2997 3252 3201 3322 vigiliis
3222 3257 3411 3306 autem
3436 3270 3441 3275 ·

1814 3342 2206 3413 principalium
2252 3342 2521 3396 festorum
2571 3343 2641 3396 ad
2676 3343 2903 3396 missam
2950 3359 3059 3396 non
3108 3341 3412 3410 detegitur,

1816 3448 2008 3485 verum
2037 3431 2096 3484 in
2129 3431 2389 3485 omnibus
2434 3431 2611 3497 festis,
2659 3448 2781 3502 quae
2811 3432 2871 3485 in
2913 3430 3101 3502 cappis
3145 3436 3411 3500 aguntur,

1814 3519 2000 3574 ablato
2031 3520 2283 3590 ejusdem
2314 3520 2508 3574 altaris
2535 3520 2831 3582 velamine,
2856 3537 2956 3591 pro
2982 3536 3048 3573 eo
3080 3519 3309 3591 pallium
3342 3519 3413 3573 ad

1812 3609 2042 3664 missam
2091 3609 2338 3680 ponitur,
2379 3625 2478 3680 per
2526 3609 2839 3674 sacristam,
2890 3608 2974 3663 sic
3015 3607 3413 3663 dimittendum

1814 3715 1993 3768 usque
2015 3706 2143 3769 post
2166 3698 2614 3769 completorium.

2399 3806 2632 3861 CAPUT
2670 3805 2837 3859 XXX.

1813 3894 2084 3960 Quomodo
2109 3894 2182 3947 ad
2209 3896 2461 3962 singulas
2502 3896 2665 3948 horas
2703 3897 2925 3962 pulsare
2953 3894 3154 3957 debeat,
3197 3899 3246 3947 et
3277 3894 3413 3962 quid

2292 3968 2454 4019 aliud
2483 3969 2655 4034 ofﬁcii
2681 3970 2847 4033 agatu
2856 3981 2926 4019 r..

1882 4055 2017 4121 tUD.)
2043 4053 2232 4123 Signa,
2257 4071 2379 4124 quae
2412 4054 2688 4124 pulsanda
2714 4060 2849 4108 sunt
2871 4054 2942 4108 ad
2965 4053 3215 4122 singulas
3241 4054 3410 4108 horas

1807 4142 2079 4196 sollicitus
2126 4150 2231 4205 est,
2266 4149 2329 4196 ut
2358 4143 2543 4213 pulset
2583 4144 2949 4214 tempestive;
2996 4142 3077 4196 ita
3103 4148 3314 4210 tamen,
3346 4148 3415 4197 ut

1808 4231 1951 4284 nihil
1980 4237 2300 4302 praesumat,
2334 4231 2442 4285 nisi
2467 4233 2660 4300 jussus
2685 4249 2720 4285 a
2749 4233 2981 4302 majore,
3014 4237 3072 4286 et
3100 4232 3409 4287 secundum

1808 4320 1954 4390 quod
1977 4337 2077 4390 per
2106 4337 2268 4374 usum
2292 4327 2377 4374 est
2397 4321 2783 4375 constitutum.
2799 4321 3037 4388 Quando
3052 4321 3255 4377 fratres
3277 4328 3410 4378 ante

124 4403 429 4473 amphoras
469 4403 733 4459 refundit.
762 4407 1029 4460 Attamen
1059 4414 1248 4462 autem
1294 4408 1622 4480 priusquam
1653 4410 1723 4463 de
1743 4466 1787 4483 ἡ
1806 4409 2056 4472 tertiam,
2086 4409 2169 4462 vel
2193 4415 2324 4463 ante
2353 4426 2558 4463 nonam
2577 4410 2769 4464 lavant
2789 4428 3008 4476 manus,
3030 4416 3144 4465 stat
3162 4411 3303 4483 ipse,
3323 4412 3409 4467 vel

123 4489 450 4561 hujusmodi
479 4492 658 4548 oflicio
677 4511 739 4548 se
757 4495 1117 4561 intromittat,
1143 4496 1403 4567 praefatus
1425 4498 1723 4553 hebdoma-

1810 4498 1967 4551 sedet
1986 4497 2132 4551 infra
2150 4498 2310 4567 juxta
2334 4498 2540 4552 ostium
2562 4499 2839 4566 ecclesiae;
2873 4505 2933 4553 et
2950 4516 3076 4554 cum
3099 4518 3304 4572 pueros
3328 4501 3412 4555 vel

124 4579 315 4636 darius
335 4582 669 4646 armarium,
683 4584 831 4654 quod
852 4589 938 4638 est
952 4585 1394 4647 tricameratum,
1409 4593 1641 4653 reserat,
1663 4588 1721 4642 in
1799 4588 2089 4657 juvenem,
2104 4587 2349 4656 adcujus
2369 4587 2663 4641 introitum
2684 4589 2753 4641 ad
2775 4595 3077 4644 nocturnos
3098 4591 3241 4645 solet
3255 4591 3413 4645 scilla

124 4684 235 4738 quo
254 4669 455 4722 calices
475 4670 723 4739 praedicti
741 4671 799 4725 in
826 4689 1108 4743 supremo,
1129 4675 1511 4744 corporalibus
1531 4693 1593 4729 su
1602 4694 1724 4747 per-

122 4757 340 4826 positis,
356 4759 766 4827 reconduntur;
787 4775 876 4815 un.
896 4762 953 4814 in
967 4762 1149 4815 medio
1166 4763 1362 4817 hostia:
1380 4770 1437 4818 et
1454 4766 1722 4835 candelae,

121 4845 241 4900 sine
269 4845 481 4918 quibus.
504 4848 660 4901 nulla
687 4855 772 4904 est
803 4849 971 4903 missa
1013 4853 1296 4918 canenda;
1344 4851 1401 4906 in
1449 4853 1562 4907 imo
1592 4872 1722 4909 vero

120 4935 383 5006 ampullas
407 4937 649 5006 majores
668 4943 725 4991 et
750 4938 1014 4993 minores.
1042 4941 1281 5010 Majores
1301 4942 1525 5012 quidem
1558 4944 1627 4997 ad
1650 4944 1724 4998 vi-

120 5038 276 5089 num,
330 5024 579 5079 minores
628 5042 758 5081 vero
809 5028 880 5081 ad
929 5045 1155 5098 aquam,
1188 5037 1245 5083 et
1288 5032 1617 5100 amphoram
1662 5033 1721 5088 in

121 5127 228 5181 qua
256 5113 451 5166 vinum
482 5114 552 5167 de
575 5115 803 5169 cellario
831 5117 1066 5171 allatum
1101 5118 1357 5176 habetur.
1385 5121 1404 5141 "
1429 5121 1527 5174 Est
1556 5121 1632 5176 ibi
1665 5128 1721 5176 et

119 5200 271 5255 aliud
290 5202 678 5269 armariolum,
700 5204 756 5257 in
778 5221 887 5275 quo
918 5204 1043 5259 libri
1065 5207 1336 5272 missales,
1365 5209 1459 5279 qui
1481 5210 1550 5263 ad
1573 5227 1718 5280 prae-

120 5288 296 5344 dictos
312 5291 514 5345 calices
543 5293 844 5362 pertinent,
869 5311 994 5348 cum
1015 5295 1364 5351 vestimentis
1389 5299 1720 5354 sacerdota-

124 5375 263 5432 libus
290 5385 607 5435 servantur.
638 5382 965 5436 Forinsecus
1009 5390 1198 5437 autem
1242 5386 1410 5440 etiam
1441 5387 1565 5441 duae
1595 5404 1717 5442 am-

126 5467 285 5534 pulla
318 5473 454 5523 sunt
479 5469 796 5540 implenda},
828 5471 896 5528 de
927 5471 1129 5543 quibus
1158 5474 1412 5529 funditur
1442 5482 1716 5547 quantum

126 5557 193 5611 ml
218 5558 554 5614 sacriﬁcium
581 5561 649 5614 de
668 5577 817 5631 aqua
837 5568 924 5616 est
946 5562 1313 5619 miscendum.
1347 5566 1456 5620 Sed
1476 5566 1573 5620 illa
1600 5583 1718 5621 am-

130 5647 319 5719 phora,
354 5648 426 5703 de
467 5665 581 5721 qua
607 5666 805 5705 manus
834 5650 1142 5719 abluuntur
1168 5669 1420 5725 seorsum
1466 5656 1713 5729 ponitur.

1804 4675 2031 4740 dimitti,
2058 4676 2177 4744 jam
2208 4692 2266 4729 se
2295 4676 2498 4730 viderit
2525 4677 2755 4744 lavasse,
2791 4679 3015 4748 pulsare
3040 4679 3265 4749 signum
3296 4697 3408 4734 non

1804 4764 2008 4818 tardat.
2047 4765 2229 4818 Factis
2261 4772 2450 4818 autem
2500 4765 2683 4820 tribus
2730 4767 3098 4831 orationibus,
3135 4769 3221 4822 vel
3249 4768 3297 4823 si
3326 4774 3412 4823 est

1805 4859 1937 4908 ante
1970 4869 2174 4907 nonam
2209 4870 2341 4919 una,
2376 4855 2557 4924 majus
2586 4855 2807 4924 signum
2840 4857 3046 4927 pulsat.
3078 4857 3161 4910 Ad
3192 4863 3407 4913 sextam

1805 4959 1954 5007 vero,
1987 4959 2112 4996 cum
2143 4943 2387 5013 primum
2431 4943 2707 5014 sanguine
2743 4945 2999 4999 minutos
3022 4962 3255 5016 pransos
3286 4964 3408 5002 esse

1804 5031 2144 5102 cognoverit,
2182 5032 2397 5102 pulsat;
2454 5033 2500 5085 si
2551 5045 2738 5086 autem
2788 5033 2869 5087 illi
2901 5035 3123 5101 desunt,
3157 5036 3405 5105 pulsare,

1804 5121 1907 5175 nisi
1925 5122 2135 5190 jussus,
2163 5137 2276 5174 non
2304 5122 2610 5192 praesumit.
2630 5121 2790 5186 Quod
2813 5128 2869 5176 et
2891 5128 3015 5193 post
3039 5123 3407 5180 nihilominus

1802 5210 2088 5276 observat;
2126 5227 2445 5281 quanquam
2476 5211 2615 5264 illud
2646 5212 2890 5282 spatium
2911 5212 3114 5267 debeat
3134 5230 3255 5268 esse
3276 5213 3405 5269 bre-

1801 5300 2110 5354 vissimum.
2133 5301 2275 5355 Nam
2299 5317 2411 5354 non
2440 5300 2685 5371 amplius
2707 5301 2833 5368 erit,
2858 5318 3025 5372 quam
3052 5308 3117 5356 ut
3144 5303 3405 5358 sacerdos

1801 5388 2099 5459 caeterique
2129 5390 2199 5443 ad
2229 5391 2502 5459 majorem
2535 5390 2763 5443 missam
2795 5390 3075 5456 servituri,
3115 5408 3174 5446 se
3215 5392 3403 5447 lavare

1800 5478 2059 5545 debeant,
2093 5484 2158 5532 ut
2185 5479 2301 5533 sint
2330 5479 2511 5549 parati
2542 5480 2612 5532 ad
2658 5479 3025 5534 induendum.
3058 5482 3133 5535 At
3161 5480 3209 5534 si
3248 5485 3406 5536 sexta

1799 5568 2069 5637 majorem
2098 5568 2326 5621 missam
2357 5568 2739 5638 subsequitur,
2774 5568 2951 5623 donec
2978 5570 3277 5625 servitores
3305 5587 3400 5625 co-

1800 5656 1984 5733 quinae
2008 5662 2234 5727 accepto
2258 5657 2377 5726 jam
2409 5656 2581 5712 mixto
2609 5657 2793 5713 redire
2820 5658 3184 5730 perspexerit,
3208 5659 3398 5733 pulsa-
