3934 6404
451 373 669 431 1083ο.

1477 379 1535 434 S.
1579 378 1972 436 G’UI‘LLELMI
2010 377 2314 434 5MB
2352 378 2693 435 mm.

3595 365 3742 436 τρέε-

451 499 594 553 tioni
614 516 674 554 se
691 515 801 555 non
824 503 1090 569 admittit,
1115 509 1171 558 et
1183 504 2054 574 eamdem-pulsatienem‘tandiu:

2204 503 2776 558 Cum'vero'sacerdos
2797 502 3094 572 caeteriqu'e
3121 503 3368 557 ministri
3386 505 3442 558 in
3466 505 3738 559 revesti'aa

453 590 1018 662 protelet-,quousque
1042 602 1234 648 omnes
1262 602 1402 664 pene
1419 593 1707 646 advenisse
1732 598 2048 662 cognoscat.

456 677 519 729 Id
550 677 733 746 ipsum
765 679 834 732 de
865 682 1320 749 nona-obServ—at;
1348 683 1505 736 sedet
1533 682 1682 734 enim
1713 681 1857 733 infra
1886 683 2054 735 eccle-

457 764 598 818 siam
642 767 810 834 juxta-
850 770 1092 836 ostium;
1145 772 1252 824 nisi
1283 771 1361 825 sit
1387 771 1698 824 universaie
1722 769 2046 839 jejunium':

457 851 626 916 Quod
650 855 695 907 si
725 854 924 922 fuerit,
947 865 1249 929 postquam!
1270 860 1522 914 ministri-
1541 866 1600 912 se
1629 864 1858 921 exuunt,
1883 865 2064 928 parvo'

457 940 604 995 facto
628 943 952 1007 intervallo:
971 948 1178 1017 pulsat.

531 1031 813 1087 Observat—
832 1052 1073 1106 quoque,
1104 1042 1173 1090 ut-
1197 1045 1234 1089 a~
1255 1035 1556 1090 festivitate
1595 1036 1652 1092 ὃ.
1693 1036 1854 1089 Lucae
1893 1051 2055 1088 evan-

455 1117 690 1186 gelistae,
719 1137 896 1192 usque
925 1124 994 1176 ad
1026 1124 1478 1178 Purificationem
1510 1125 1566 1178 S.
1599 1123 1805 1187 Mariae,
1837 1124 2054 1192 quoties

459 1203 544 1260 bis
573 1209 872 1276 reﬁcimus,
921 1213 1120 1266 statim-
1160 1218 1298 1283 post»
1331 1213 1629 1282 prandium
1679 1213 2050 1278 ﬁnito-versu,

459 1310 664 1349 nonam
706 1300 937 1368 pulset,
971 1302 1110 1371 quia-
1154 1308 1297 1355 tunc;
1323 1301 1619 1355 servitores
1657 1309 1780 1354 cum
1829 1311 1895 1353 ea
1945 1315 2058 1353 non

461 1392 864 1454 exspectamus,
898 1396 1242 1459 neque'ante
1273 1391 1634 1460 vesperos'ad-
1670 1389 1971 1443 bibendum
1999 1389 2058 1442 in

460 1474 827 1530 refectorium-
849 1479 1114 1532 redimus.
1144 1479 1383 1532 Privat-is
1413 1479 1608 1532 diebus
1654 1478 1902 1548 quotidie
1935 1484 2060 1548 post

461 1564 781 1632 capitulum
799 1568 966 1636 paulo
996 1575 1126 1621 ante
1145 1569 1391 1632 tertiam,
1418 1568 1484 1633 si,
1510 1568 1760 1637 inquam,
1786 1584 1908 1620 eam
1935 1573 2069 1620 mox'

462 1651 850 1722 subsequitur,
885 1655 1108 1709 scillam:
1148 1657 1351 1726 pulSa—t,
1386 1673 1485 1726 per
1512 1665 1681 1726 quam
1713 1656 2068 1709 sacerdotem-

463 1755 592 1793 cum
620 1744 844 1796 caeteris
864 1745 1163 1807 ministris,
1184 1753 1249 1799 ut
1284 1763 1343 1798 se
1374 1751 1692 1816 prarparent
1720 1745 1790 1798 a'd
1819 1744 2059 1797 vestien-

2136 594 2227 646 ria-
2244 594 2600 656 conveniunt,
2630 598 2684 645 et
2711 597 2972 644 cantatur
3000 592 3177 645 missa?
3198 594 3292 645 vel
3317 595 3496 662 majbr
3521 595 3605 647 vel
3635 587 3739 647 mii-

2135 697 2268 745 nor,
2291 682 2412 751 ipse
2439 681 2910 734 hebdomadarum
2953 682 3206 734 eccle‘siee‘
3228 695 3451 752 semper
3479 671 3740 736 ca‘ndbl‘aL

2134 769 2236 822 bra
2265 786 2389 823 cum
2444 771 2620 823 cereis
2650 770 2718 822 de
2748 770 2939 837 altari,
2977 775 3198 823 textum
3239 769 3549 840 Evangelii,
3581 773 3640 824 et
3665 757 3751 824 db‘

2135 858 2436 912 armariolo
2476 859 2864 912 lectionarium
2907 859 3087 911 affert.
3131 859 3275 912 Nam
3308 859 3463 913 liber'
3493 860 3753 914 missa'lis'

2131 947 2344 1017 jugiter
2361 949 2516 1016 jacet
2537 949 2708 1016 juxta
2728 953 3062 1016 paraturam
3084 945 3389 1000 sacerdotis
3412 941 3585 1016 (1'33):
3622 947 3648 970 '
3669 938 3742 1001 Et

2137 1036 2184 1088 si
2215 1042 2308 1089 est'
2327 1037 2382 1089 in
2415 1036 2639 1105 hyeme,
2677 1036 2763 1088 vel
2793 1035 2909 1105 ipse
2940 1036 3027 1088 vel'
3053 1035 3234 1089 socius
3265 1037 3382 1105 ejus
3411 1043 3630 1106 prunas
3652 1041 3743 1089 ar-

2138 1125 2345 1179 dentes
2373 1125 2441 1178 de
2489 1125 2743 1194 regulari
2776 1123 3022 1194 coqui'na‘
3057 1123 3243 1178 eidem
3269 1126 3537 1195 apportat-
3557 1130 3743 1178 sacer-

2139 1213 2274 1267 doti-1
2697 1256 2702 1258 .

2212 1303 2513 1372 Postquam
2545 1302 2711 1355 ﬁnita
2736 1302 2909 1355 missa
2937 1305 3037 1356 Deo
3065 1306 3279 1369 gratias
3302 1304 3525 1368 dicitur,
3545 1300 3625 1357 ad
3642 1307 3754 1356 no--

2140 1407 2290 1448 nam.
2325 1391 2370 1443 si
2400 1391 2530 1444 talis
2559 1396 2645 1444 est
2686 1390 2824 1455 dies,
2867 1391 2959 1442 vel'
2983 1390 3031 1442 si
3056 1397 3142 1443 est
3171 1391 3643 1460 Quadragesima,
3667 1389 3752 1444 ad:

2141 1487 2400 1550 vesperas
2456 1481 2657 1550 pulsat.
2715 1479 3167 1549 Quotiescunque
3216 1481 3447 1533 missam
3511 1481 3750 1550 signum

2142 1585 2302 1621 nonae
2331 1567 2710 1637 subsequitur,
2741 1573 2866 1637 post
2896 1567 3100 1620 factam
3137 1568 3454 1621 Orationem-
3488 1569 3745 1638 aliquant

2141 1656 2324 1710 tuium
2369 1657 2582 1710 diutius
2623 1657 2771 1709 idem
2815 1656 3038 1726 signum
3087 1657 3362 1726 pulsatur.
3397 1659 3463 1711 In
3509 1657 3754 1727 privatis

2143 1746 2357 1810 diebus,
2386 1746 2630 1815 exceptis
2659 1745 2908 1815 quinque
2940 1745 3340 1815 principalium
3358 1746 3582 1815 vigiliis,
3607 1754 3747 1815 quae

464 1829 631 1893 dum,
661 1839 1018 1901 praemoneat.
1075 1835 1525 1904 Quotiescunque
1572 1835 1850 1904 processio
1893 1834 2056 1886 nudis
2078 1819 2123 1878 Β
2144 1839 2274 1888 tuor
2293 1839 2608 1904 temporum
2635 1833 2899 1896 sabbatis,
2923 1833 3104 1887 tribus
3124 1827 3320 1886 diebus
3339 1834 3742 1904 Rogationum,

463 1917 699 1986 pedibus
721 1926 808 1974 est-
824 1923 1058 1991 ageada;
1084 1923 1314 1976 dimisso
1335 1923 1497 1992 sig-no
1515 1923 1582 1975 ad
1604 1926 1706 1976 Per
1725 1925 2022 1976 Dominum
2043 1941 2058 1974 :

462 2004 730 2084 fratribus
759 2010 816 2063 in
849 2016 1039 2065 aestate
1066 2011 1134 2064 ad
1167 2012 1528 2080 surgendum,
1563 2010 1681 2063 alio
1710 2017 1971 2079 tempore
1990 2009 2065 2062 ad

463 2093 901 2152 discalciandum
957 2101 1231 2154 inanitur.
1282 2101 1521 2154 Crucem
1564 2115 1732 2169 super
1778 2099 1954 2152 altare
2006 2103 2064 2151 et

463 2199 669 2254 aquam
699 2204 868 2257 super
885 2190 1128 2258 gradum
1152 2189 1328 2259 ponit,
1356 2195 1418 2241 ut
1448 2204 1591 2258 pene
1617 2189 1777 2240 ﬁnita
1805 2188 2057 2250 collecta,

465 2289 588 2342 quae
608 2291 640 2326 a
661 2277 948 2330 sacerdote
977 2278 1125 2330 inter
1153 2277 1528 2347 procumbend
1539 2293 1639 2329 um-
1659 2277 1879 2340 dicitur,
1904 2292 1935 2328 a
1962 2275 2060 2328 ba-

457 2361 593 2430 julis
619 2379 833 2430 earum,
861 2366 935 2418 ibi
967 2366 1330 2436 accipiantur.
1359 2367 1423 2419 In
1452 2372 1645 2418 aestate
1672 2382 1895 2434 quoque
1922 2381 2062 2434 quo—

465 2450 572 2503 ties
602 2451 804 2506 fratres
837 2455 1010 2507 semel
1043 2455 1387 2519 reficiuntur,
1425 2453 1622 2522 majori
1663 2454 1824 2523 signo
1861 2454 1919 2506 in
1952 2469 2064 2505 me-

465 2539 608 2593 ridie
633 2541 910 2594 excitandi
935 2549 1084 2596 sunt.

537 2629 621 2682 Ad
644 2635 944 2699 utramque
967 2632 1197 2684 missam
1215 2632 1455 2701 singula,
1475 2630 1676 2700 quibus
1701 2640 1841 2700 opus
1871 2629 2058 2695 fuerit,

465 2718 745 2788 providet,
773 2726 830 2772 et
876 2721 1057 2790 primo
1088 2722 1338 2787 calicem,
1371 2739 1497 2775 cum
1543 2739 1658 2791 quo
1691 2728 1772 2774 est
1805 2722 2064 2775 sacerdos

469 2807 786 2875 oblaturus,
804 2816 932 2879 post
959 2811 1256 2863 introitu-ml
1279 2811 1444 2863 lavat.
1465 2819 1557 2864 Ui).
1579 2812 1700 2864 Duo
1723 2816 1914 2864 autem
1934 2816 2067 2863 sunt

467 2897 694 2964 calices,
719 2898 903 2951 min-or
931 2899 1002 2952 ad
1051 2900 1447 2952 matutina-lem
1493 2899 1740 2964 missam,
1785 2901 1965 2968 major
1994 2899 2065 2952 ad

467 2985 767 3056 publicam.
802 2986 866 3041 In
898 2988 1196 3042 duodecim
1223 2987 1574 3051 lectionibus,
1610 2989 1743 3058 quia
1770 2989 1843 3041 ad
1865 2989 2065 3042 miSsas

467 3091 581 3129 non
603 3077 852 3140 oifertur,
877 3077 986 3131 nisi
1006 3077 1077 3130 ab
1097 3094 1207 3131 uno
1229 3079 1418 3142 choro,
1439 3078 1508 3130 ad
1530 3078 1633 3130 hoc
1655 3091 1822 3131 uuam
1843 3083 2065 3130 tantum

468 3171 757 3235 patenam,
787 3172 852 3219 et
881 3180 1050 3220 unam
1101 3183 1228 3219 cum
1274 3168 1399 3220 vino
1446 3171 1706 3236 appo‘rtat
1734 3167 2060 3236 ampullam.

470 3253 621 3316 Quas
651 3255 801 3307 lecto
827 3255 1115 3324 evangelio
1145 3255 1322 3324 priori
1347 3255 1630 3308 accedenti
1661 3255 1832 3308 donat
1859 3255 1921 3307 in
1951 3272 2066 3307 ma-

468 3359 594 3407 nus,
629 3348 694 3396 ut
723 3343 935 3397 offerat.
970 3344 1181 3396 Verum
1224 3345 1296 3397 ad
1343 3345 1612 3414 majorem
1655 3344 1884 3396 missam
1915 3344 2067 3412 prior

469 3430 656 3484 innuit
697 3431 812 3496 uni,
849 3431 1060 3485 scilicet
1085 3432 1256 3501 priori
1295 3432 1600 3496 claustrali,
1631 3439 1694 3484 ut
1721 3449 1822 3502 pro
1852 3448 1910 3484 se
1937 3432 2066 3484 oﬂ‘e-

471 3526 578 3574 rati.
612 3521 670 3575 Si
699 3529 887 3575 autem
918 3522 1122 3575 festum
1153 3523 1208 3574 in
1239 3522 1454 3592 cappis.
1485 3522 1568 3574 vel
1598 3522 1653 3574 in
1685 3521 1831 3573 albis
1855 3521 2061 3589 agitur,

470 3625 587 3662 non
614 3609 685 3663 ab
715 3610 825 3663 alio
853 3623 1018 3679 quam
1045 3628 1078 3663 a
1102 3605 1284 3680 seipse
1309 3629 1321 3673 ;
1355 3611 1400 3663 si
1431 3617 1623 3662 tamen
1655 3611 1878 3678 poterit,
1907 3610 2073 3663 offer;

469 3703 580 3751 tur.
616 3699 683 3752 Et
727 3706 955 3769 propter
992 3716 1085 3752 eos
1124 3701 1328 3770 quibus
1362 3699 1586 3752 libuerit
1632 3699 2065 3758 communicare,

471 3788 775 3841 mittuntur
802 3789 860 3841 in
889 3788 978 3841 die
1009 3789 1300 3841 Dominica
1329 3787 1526 3841 hostiae
1555 3787 1823 3856 quinque,
1855 3787 1910 3839 in
1941 3788 2066 3840 aliis

470 3877 694 3930 nonnisi
717 3882 851 3938 tres,
876 3884 1103 3948 excepto
1132 3878 1189 3930 in
1213 3877 1468 3929 maximis
1498 3876 1671 3928 festis.
1706 3875 1850 3928 Item
1883 3875 1953 3929 ab
1981 3894 2068 3929 ar-

471 3967 650 4020 mario
697 3967 1038 4038 providetur,
1082 3973 1146 4020 ut
1182 3973 1356 4020 tanta)
1391 3966 1708 4030 mittantur,
1760 3983 1825 4018 ex
1865 3966 2068 4036 quibus

471 4072 672 4110 omnes
697 4057 912 4126 possint
939 4056 1374 4109 communicare.
1419 4056 1483 4108 In
1512 4055 1744 4125 privatis
1770 4055 1965 4109 diebus
1999 4056 2068 4108 ad

471 4144 716 4214 priorem
760 4145 1006 4206 missam,
1042 4143 1173 4212 quia
1217 4160 1412 4196 omnes
1442 4144 1699 4205 offerunt,
1733 4149 1892 4196 curat
1922 4144 2071 4196 idem

472 4232 964 4297 hebdomadarius,
999 4238 1062 4284 ut.
1091 4237 1178 4284 tot
1201 4232 1400 4285 calices
1427 4232 1733 4285 mediocres
1761 4232 1830 4285 ad
1860 4233 1963 4285 hoc
1987 4243 2072 4284 so-

472 4321 591 4374 lum
639 4321 814 4374 factos
860 4337 984 4373 cum
1019 4320 1144 4373 vino
1173 4320 1233 4374 in
1276 4327 1540 4390 promptu
1583 4320 1805 4382 habeat,
1826 4327 1976 4394 quot
2001 4320 2072 4373 ad

475 4410 822 4464 offerendum
846 4409 1144 4476 sufﬁciant,
1166 4417 1220 4463 et
1247 4427 1412 4480 pares
1434 4427 1560 4463 cum
1589 4410 1786 4462 hostiis
1805 4393 2066 4478 patenas:

2144 1928 2201 1976 et
2225 1924 2448 1992 quando
2476 1940 2592 1976 uvae
2615 1922 3032 1975 benedictiones
3053 1923 3278 1985 dantur,
3302 1929 3489 1992 portat
3516 1923 3577 1975 in
3605 1923 3749 1977 refe-

2144 2012 2383 2064 ctorium
2405 2012 2566 2064 binas
2596 2012 2859 2064 scutel'las
2880 2025 3006 2065 cum
3030 2007 3235 2064 host-iis
3251 2012 3325 2064 ad
3346 2012 3590 2082 priorem
3613 2013 3750 2064 mis-

2145 2118 2272 2154 sam»
2298 2101 2516 2164 oblatis,
2551 2106 2610 2152 et
2655 2116 2823 2168 super
2861 2115 3110 2153 mensam
3151 2100 3516 2170 principalem
3561 2101 3743 2170 penit,

2143 2190 2212 2243 de
2241 2188 2441 2259 quibus
2483 2188 2688 2258 singuli
2731 2191 2821 2247 (ut
2867 2188 3130 2257 superius
3163 2188 3394 2253 dictum)
3426 2189 3518 2257 qui
3551 2189 3750 2242 notue-

2145 2285 2294 2343 runt,
2340 2284 2440 2330 aut
2482 2293 2596 2330 non
2631 2283 2938 2346 potuerunt
2977 2277 3408 2340 communicare,
3441 2277 3743 2346 accipiant.

2143 2367 2460 2421 Refectione
2491 2371 2780 2419 transacta
2806 2365 3028 2417 easdem
3064 2366 3323 2418 scutellas
3348 2365 3420 2417 de
3439 2378 3634 2418 mensa
3657 2375 3750 2417 re"-

2145 2457 2296 2527 cipit,
2338 2461 2575 2525 qluarum
2607 2455 2908 2507 maximam
2950 2460 3186 2524 peractae
3217 2453 3580 2507 hebdomadis
3610 2467 3748 2524 pro-

2145 2551 2372 2599 curator
2422 2545 2495 2596 ad'
2549 2544 2786 2613 gradum
2831 2543 2900 2597 ab
2958 2559 3030 2598 eo
3069 2544 3290 2614 accipit,
3343 2547 3402 2596 et
3449 2543 3528 2596 sic
3574 2543 3753 2613 primi-

2147 2640 2367 2688 exeunt.

2217 2725 2525 2794 Postquam
2559 2723 2612 2775 in
2647 2723 2934 2776 ecclesiam
2975 2728 3197 2776 ventum
3227 2721 3414 2784 fuerit,
3449 2723 3752 2775 scutellam

2146 2813 2302 2865 socio
2322 2811 2641 2876 committit,
2659 2818 2720 2864 ut
2740 2811 3030 2882 expeditus
3059 2811 3275 2865 scillam!
3296 2812 3518 2881 pulsare
3544 2811 3744 2881 possit.

2147 2901 2295 2955 Nam
2314 2901 2386 2953 ad
2406 2901 2569 2953 illum
2591 2901 2856 2970 pertinet,
2879 2906 2942 2954 ut
2965 2916 3088 2952 eam
3111 2912 3331 2970 semper
3351 2905 3474 2970 post
3494 2899 3752 2953 refectioa

2149 3007 2280 3044 nem
2308 2995 2364 3042 et
2384 2990 2454 3042 ad
2473 2990 2829 3043 collationem"
2855 2989 3030 3059 possit
3050 2990 3290 3059 pulsare,
3313 2995 3370 3042 et
3388 2993 3618 3059 prbpter
3641 2977 3756 3042 ἧσε

2150 3080 2365 3149 primus
2393 3079 2451 3131 in
2475 3079 2709 3131 chorum
2736 3079 2906 3131 venit.
2947 3078 3027 3130 De
3065 3079 3330 3131 mandato
3361 3085 3550 3131 autem
3581 3081 3640 3131 et
3675 3075 3750 3131 de

2147 3168 2461 3231 collatione,
2491 3168 2536 3221 si
2561 3169 2677 3221 haec
2703 3172 2819 3220 tam
2854 3181 2982 3220 sero
3011 3174 3261 3237 aguntur
3287 3167 3436 3237 (quia
3465 3167 3584 3236 ipse
3611 3169 3750 3220 tunc

2147 3257 2338 3310 lumen
2368 3262 2499 3309 ante
2551 3255 2795 3326 priorem
2842 3257 3050 3325 portet)
3079 3250 3264 3308 socius
3295 3257 3416 3325 ejus
3455 3264 3560 3326 pro
3589 3255 3752 3310 scilla

2148 3346 2424 3415 pulsanda
2452 3345 2741 3398 ecclesiam
2774 3360 2887 3414 prae
2923 3346 3137 3399 cmteris
3181 3347 3373 3398 intrat.
3409 3346 3489 3398 Ea
3515 3341 3607 3398 die
3635 3353 3750 3417 qua

2146 3434 2350 3487 fratres
2379 3434 2551 3487 semel
2580 3432 2728 3486 reﬁci
2740 3438 2856 3497 unt,
2904 3444 2960 3487 et
2989 3435 3048 3487 in
3077 3435 3318 3488 crastino
3347 3434 3642 3487 duodecim
3671 3435 3744 3488 le-

2147 3522 2363 3576 ctiones
2389 3527 2653 3590 aguntur,
2681 3521 2888 3574 ibrmas
2913 3521 3056 3589 (134)
3085 3535 3194 3575 non
3219 3523 3384 3576 debet
3410 3523 3748 3592 complicare‘

2149 3613 2475 3681 priusquam
2509 3610 2796 3662 ministros
2825 3609 2930 3662 scit
2973 3611 3042 3663 de
3085 3611 3376 3664 refectori-o
3403 3612 3748 3676 comenis‘se,

2149 3707 2212 3754 ut
2231 3701 2303 3753 sit
2327 3701 2469 3752 forte
2497 3699 2678 3752 brevis
2709 3699 2946 3768 alicujus
2977 3698 3224 3753 defuncti
3252 3701 3625 3770 superveniat,
3645 3701 3756 3754 fra-

2150 3795 2268 3842 tres
2297 3789 2446 3841 inter
2474 3787 2642 3840 officii
2684 3788 2944 3840 collectas
2975 3801 3147 3858 super
3182 3789 3390 3842 formas
3418 3803 3479 3841 se
3509 3783 3756 3858 proster-

2149 3893 2284 3931 nere
2309 3878 2558 3937 valeant;
2587 3877 2685 3929 sed
2715 3883 2906 3929 tamen
2938 3877 3140 3945 vigiliae
3161 3877 3552 3947 principalium
3583 3878 3757 3930 festo-

2152 3972 2279 4018 rum
2309 3965 2680 4034 excipiuntur,
2704 3963 2764 4016 in
2791 3963 2994 4033 quibus
3021 3965 3224 4018 fratres
3252 3980 3353 4018 nec
3377 3961 3448 4017 ad
3478 3966 3757 4034 majorem

2153 4053 2404 4118 missam,
2433 4069 2535 4105 nec
2561 4058 2756 4122 postea
2784 4058 3235 4122 prosternuntur.

2225 4144 2464 4206 Quando
2510 4144 2580 4196 ad
2620 4157 2878 4212 vesperae
2935 4143 3139 4212 pulsat,
3183 4145 3332 4197 hunc
3386 4144 3642 4197 ordinem
3696 4145 3757 4198 in

2154 4231 2471 4302 pulsatione
2499 4231 2773 4284 observat.
2801 4231 2857 4284 Si
2889 4235 3027 4286 lle-us
3049 4235 3299 4295 auribus,
3333 4245 3446 4285 non
3473 4236 3757 4298 cantatur,-

2158 4327 2219 4374 ut
2248 4327 2334 4373 est
2359 4335 2392 4373 a
2418 4320 2686 4374 Kalendis
2726 4320 3055 4374 Novembris
3084 4337 3261 4391 usque
3291 4321 3361 4374 ad
3393 4322 3757 4392 Septuagesi-

2155 4426 2307 4462 mam
2343 4409 2473 4477 (isto
2501 4409 2648 4462 enim
2677 4414 2931 4478 tempore
2960 4414 3124 4463 noctu
3156 4407 3376 4464 canitur
3399 4415 3525 4481 post
3552 4411 3759 4464 oratio-

472 4500 796 4570 (var.)quos
815 4499 1132 4569 intempore
1150 4499 1696 4554 oil'erendifratribus
1712 4491 2131 4552 cumoli‘erto-D
2154 4503 2299 4562 nem)
2342 4498 2557 4550 scillam
2604 4497 3016 4567 aliquantulum
3057 4499 3268 4554 diutius
3322 4512 3491 4570 quam
3531 4501 3758 4570 signum

475 4588 576 4640 riis
600 4587 817 4649 tribuit,
851 4588 1124 4659 incipiens
1149 4606 1181 4641 a
1208 4590 1412 4658 priore.
1436 4588 1558 4650 Quo
1588 4587 1734 4640 facto
1764 4587 1822 4640 in
1844 4588 2073 4640 sinistro

477 4677 646 4730 choro
667 4677 724 4729 in
750 4679 859 4730 line
882 4677 1073 4730 formae
1101 4695 1158 4731 se
1186 4679 1350 4740 locat,
1373 4683 1574 4729 tenens
1592 4677 1649 4729 in
1677 4693 1845 4757 mapu
1867 4677 2073 4730 scutel-

477 4766 588 4818 lam
620 4766 816 4819 hostiis
845 4766 1130 4830 refertam,
1165 4783 1304 4835 quas
1334 4779 1459 4818 cum
1493 4771 1760 4834 argenteo
1799 4766 2076 4818 cochleari

478 4855 841 4909 offerentibus
870 4855 1175 4920 distribuit,
1199 4855 1415 4908 habens
1438 4871 1468 4906 a
1489 4854 1663 4906 latere
1693 4853 2075 4907 hebdomadas

477 4945 626 4998 rium
670 4950 908 5014 peractae
937 4944 1318 5006 hebdomadas,
1353 4943 1446 5012 qui
1477 4947 1532 4995 et
1579 4943 1697 5012 ipse
1735 4948 1931 4996 tenens
1962 4959 2078 4995 am-

478 5034 692 5104 pullam
721 5035 789 5087 de
811 5033 958 5094 vino,
982 5032 1346 5085 offerentibus
1366 5031 1772 5095 subministrat,
1799 5037 1856 5085 et
1883 5031 1986 5100 ipsi
2008 5030 2078 5083 ad

479 5123 745 5176 ultimum
782 5122 1042 5175 offerunt.
1074 5122 1159 5173 Ad
1191 5121 1458 5189 majorem
1501 5120 1728 5173 missam
1773 5137 1885 5172 non
1912 5120 2076 5172 offer-

478 5217 592 5277 tur,
623 5211 732 5264 nisi
756 5211 828 5264 ab
857 5226 969 5264 uno
998 5211 1167 5263 choro
1193 5229 1203 5277 ;
1239 5209 1372 5279 quia
1401 5210 1689 5279 pauciores
1718 5208 1918 5262 calices
1945 5224 2080 5276 prae-

479 5305 773 5372 parantur,
798 5305 856 5353 et
888 5299 1358 5352 hebdomadarius
1381 5299 1533 5352 solus
1557 5303 1671 5352 stat
1695 5297 1765 5350 ad
1796 5295 2080 5366 porrigen-

480 5391 616 5445 dum
648 5390 859 5443 hostias
889 5387 1276 5444 offerentibus.

557 5512 699 5579 (183)
731 5500 971 5566 Dub‘ium
1014 5518 1123 5565 non
1156 5509 1260 5573 est,
1294 5512 1400 5564 hoc
1433 5527 1464 5563 a
1494 5502 1796 5562 Wllhellno'
1827 5503 2079 5561 ‘addltuni

485 5583 1083 5652 essegsiquidemjuzrta
1100 5584 1589 5636 considerationem
1607 5581 1940 5652 lucifetaeris
1955 5585 2082 5632 tem-

482 5649 968 5722 periem—quaedam
989 5654 1269 5707 addidisse
1280 5653 1520 5722 ipsemet
1537 5653 1594 5705 in
1613 5651 1844 5720 prologo
1853 5649 2078 5705 fatetur.

2155 4603 2336 4648 nonae.
2370 4587 2592 4656 quando
2632 4587 2801 4639 missa
2833 4587 3106 4656 sequitur,
3140 4589 3327 4641 trahit.
3359 4589 3419 4642 Si
3451 4601 3578 4642 vero
3608 4590 3759 4643 cani-

2157 4681 2251 4729 tur
2272 4682 2398 4745 post
2425 4675 2630 4728 factam
2660 4675 2991 4733 orationem.
3018 4688 3307 4747 quousque
3335 4677 3482 4730 idem
3507 4679 3760 4747 psalmus

2158 4765 2406 4828 ﬁniatur,
2441 4781 2564 4817 eam
2595 4765 2770 4816 trahit
2825 4764 2946 4827 Qua
2983 4765 3216 4818 dimissa
3251 4770 3383 4818 ante
3411 4766 3645 4818 chorum
3677 4774 3762 4819 se-

2159 4853 2324 4916 cedit,
2344 4858 2401 4905 et
2425 4853 2660 4906 eandem
2683 4853 2993 4906 orationem
3021 4853 3168 4916 facit,
3192 4854 3338 4907 sicut
3361 4859 3416 4906 et
3435 4855 3613 4919 illam,
3635 4863 3760 4923 quas

2161 4951 2387 5006 nonam,
2418 4942 2641 5012 quando
2677 4958 2789 4994 non
2835 4942 2942 4994 nisi
2973 4945 3146 4996 semel
3175 4943 3442 5007 reficitur,
3475 4944 3757 5013 pracedit.

2162 5030 2508 5083 Percantatis
2535 5035 2721 5082 autem
2761 5029 2980 5083 duobus
3004 5031 3367 5100 sequentibus
3397 5031 3646 5101 psalmis,
3682 5045 3763 5085 se-

2160 5118 2404 5172 cundum
2443 5119 2642 5188 pulsat
2671 5119 2898 5187 signum
2932 5137 2942 5170 :
2987 5120 3133 5188 qUod
3167 5118 3321 5189 prius
3351 5135 3462 5171 non
3505 5108 3760 5184 dimittit,-

2163 5224 2331 5277 quam
2363 5212 2476 5259 tres
2509 5206 2720 5275 primos
2748 5205 2901 5274 (135)
2946 5208 3262 5276 quindecim
3307 5201 3587 5277 graduum
3620 5208 3764 5276 psa‘l-

2163 5313 2283 5349 mos
2317 5295 2504 5348 ﬁnitos
2549 5311 2670 5348 esse
2713 5295 2946 5347 nOVerit.
2987 5295 3239 5349 Tertium
3268 5308 3398 5348 vero
3436 5295 3661 5363 signem
3692 5296 3762 5349 ad

2162 5381 2473 5452 proximam
2502 5384 2742 5448 gloriam
2773 5386 2904 5434 ante
2932 5383 3213 5451 psalmum
3242 5381 3388 5448 Swpe
3417 5391 3763 5449 carpugnaw-

2257 5499 2382 5568 134)
2411 5505 2668 5569 Sc'ariina,
2696 5502 2893 5556 sedilia
2913 5501 2970 5557 l‘ri
3000 5507 3187 5559 choro.
3218 5496 3364 5558 Vide
3394 5510 3583 5569 Supra.

2257 5507 2382 5568 134)
2411 5507 2668 5569 Sc'ariina,
2696 5507 2893 5556 sedilia
2913 5507 2970 5557 l'ri
3000 5507 3187 5559 choro.
3218 5507 3364 5558 Vide
3394 5510 3458 5558 Su
3502 5520 3583 5556 ra.

2226 5507 2379 5656 i135}
2414 5570 2474 5629 Id
2507 5581 2610 5656 est,
2647 5575 2848 5644 psalmi
2887 5577 3187 5645 graduales'
3228 5575 3363 5631 dicti
3396 5595 3408 5628 :
3452 5522 3521 5628 (ξε
3561 5571 3763 5645 quibus

2165 5653 2335 5703 etiam
2364 5653 2641 5716 superius.
