3934 6366
416 362 556 423 1087

1448 327 1516 426 εξ
1545 369 1942 427 GUILLELMI
1978 368 2281 425 ABBATIS
2320 369 2660 425 HIRSAUG.

3562 363 3705 425 1088

420 490 631 545 cribrat
663 509 675 544 :
708 491 956 547 cribrum
998 507 1220 563 quoque
1273 495 1430 566 prius
1482 495 1780 567 diligenter
1834 497 2003 551 lavat.
2030 496 2315 555 Aminore
2343 495 2529 550 studio
2549 495 2831 560 lavantur,
2850 497 2909 548 et
2946 493 3014 548 ad
3050 493 3155 547 hoc
3188 509 3415 565 quoque
3437 498 3526 548 est
3547 499 3703 548 tern-

424 580 563 635 Cum
597 586 785 635 autem
819 581 1037 634 nullum
1069 588 1314 654 tempus,
1349 590 1485 655 quot
1537 586 1745 639 vicibus
1773 586 1839 639 in
1863 602 2010 640 anno

420 670 619 725 hostize
639 670 751 724 sint
770 671 1094 733 formandae,
1112 674 1397 742 praefixum
1423 674 1514 738 sit,
1546 680 1734 728 custos
1763 675 2010 729 ecclesiae

421 760 864 831 quotiescunque
889 776 1029 830 opus
1047 760 1234 825 fuerit,
1259 768 1323 815 ut
1350 764 1510 830 ﬁant,
1532 764 1803 833 providet.

493 850 515 872 "
541 846 608 901 In
637 864 704 902 ea
732 848 823 901 die
845 848 1177 903 formatores
1207 850 1540 917 hostiarum,
1575 869 1760 922 neque
1790 852 2008 923 capitu-

418 937 492 1005 lo,
526 953 710 1007 neque
732 937 883 991 horis
907 938 1257 1007 regularibus
1285 938 1569 1006 intersint,
1616 946 1673 994 et
1709 945 1900 995 tamen
1950 941 2008 995 in

421 1026 666 1080 crastino
690 1026 909 1080 veniam
929 1043 1040 1080 non
1059 1032 1276 1097 petunt.
1296 1029 1421 1099 Ipse
1443 1045 1685 1099 quoque,
1714 1029 1763 1083 si
1796 1046 1907 1083 non
1924 1034 2011 1083 est

420 1114 677 1169 sacerdos
703 1115 787 1169 vel
816 1114 1102 1182 diaconus,
1165 1133 1257 1172 ω).
1306 1118 1577 1172 vicarium
1626 1118 1731 1173 sibi
1786 1119 1855 1172 ad
1904 1119 2008 1172 hoc

420 1220 561 1275 opus
586 1204 803 1274 quaerit,
836 1211 894 1258 et
913 1205 1053 1259 duos
1082 1208 1241 1272 alios,
1275 1208 1371 1278 qui
1417 1214 1551 1262 sunt
1578 1209 1647 1261 de
1676 1208 1762 1262 his
1791 1208 2009 1262 ordini-

418 1292 553 1359 bus;
588 1299 821 1363 quartus
847 1293 971 1357 erit,
987 1294 1032 1348 si
1047 1296 1283 1361 videtur,
1308 1312 1623 1351 conversus.
1651 1297 1719 1350 Ili
1742 1303 2003 1367 quatuor,

416 1382 462 1437 si
483 1386 570 1436 est
587 1387 810 1453 tempus
852 1384 1130 1454 hyemale,
1172 1385 1346 1439 ﬁnitis
1378 1386 1689 1446 nocturnis,
1722 1385 1785 1449 (si
1816 1391 2005 1440 autem

416 1471 831 1541 aestivum,post
846 1473 1207 1539 matutinum)
1229 1475 1405 1544 (νην.)
1439 1492 1498 1529 se
1538 1475 1795 1538 calciant,
1836 1475 2007 1529 facies

415 1576 729 1630 manusque
774 1560 981 1625 lavant,
1028 1567 1085 1615 et
1112 1562 1299 1633 capita
1320 1563 1625 1632 pectinant,
1659 1568 1716 1616 et
1739 1564 2008 1617 secedunt

2095 602 2201 655 pus
2220 585 2754 656 praeﬁxum,scilicet
2780 589 2911 638 ante
2926 583 3158 636 Pascha.
3193 584 3333 638 Item
3357 584 3426 637 ad
3456 585 3560 637 hoc
3592 584 3705 638 de—

2094 681 2292 744 putata
2311 680 2443 728 sunt
2481 689 2609 727 vasa
2627 690 2800 736 aenea,
2824 677 2882 726 et
2899 678 3169 741 tanquam
3206 673 3391 742 pelves
3421 672 3707 743 amplissi-

2094 779 2216 828 mas,
2238 765 2295 817 in
2317 762 2520 834 quibus
2542 763 2820 826 lavantur,
2839 767 2895 815 et
2928 777 3050 831 qua:
3080 760 3151 813 ad
3182 761 3369 815 nullos
3387 761 3528 815 alios
3564 778 3703 816 usus

2092 852 2389 907 habentur.
2419 855 2553 908 Post
2582 867 2840 923 vesperas
2870 849 2929 904 in
2967 849 3197 904 ecclesia
3236 851 3399 918 juxta
3434 867 3685 914 caveam,

2091 958 2261 1012 super
2279 959 2389 1012 qua
2408 943 2608 996 calices
2626 940 2798 994 lavari
2820 939 3020 1002 solent,
3042 937 3126 991 bis
3148 937 3503 1008 intingantur
3527 955 3693 1009 aqum

2090 1030 2325 1099 trigidae,
2358 1036 2415 1085 et
2442 1035 2706 1085 teruntur
2726 1028 2784 1082 in
2816 1027 3095 1081 manibus.
3117 1027 3330 1081 Iterum
3351 1043 3499 1097 aqua
3527 1027 3700 1081 tertio

2091 1117 2407 1174 infunditur
2420 1120 2500 1174 ita
2529 1136 2631 1190 per
2648 1123 2869 1172 noctem
2894 1132 3177 1181 mensura,
3207 1132 3373 1169 mane
3400 1132 3530 1169 vero
3564 1116 3697 1170 inde

2092 1206 2474 1277 exprimenda,
2493 1208 2615 1262 etin
2630 1206 2883 1261 eamdem
2908 1220 3155 1269 caveam,
3177 1204 3321 1258 sicut
3340 1203 3493 1274 prius
3512 1204 3696 1257 elfun-

2090 1293 2292 1348 denda.
2324 1296 2392 1348 Et
2411 1295 2719 1349 notandum
2745 1293 2892 1364 quod
2923 1309 3070 1363 aqua
3093 1291 3181 1346 cui
3215 1292 3599 1361 intinguntur,
3634 1293 3697 1345 in

2091 1383 2287 1436 eodem
2302 1400 2431 1437 vase
2456 1390 2541 1438 est
2556 1383 2859 1446 alferenda,
2873 1381 2931 1436 in
2953 1398 3062 1452 quo
3083 1385 3141 1434 et
3154 1380 3426 1435 sacriﬁcio
3449 1381 3689 1434 offertur

2090 1471 2396 1526 miscenda.
2421 1472 2633 1526 Deinde
2653 1476 2951 1542 portantur
2966 1470 3036 1523 ad
3063 1469 3341 1523 ofﬁcinam
3379 1469 3692 1535 secretarii,

2088 1561 2145 1614 in
2178 1577 2289 1631 qua
2317 1566 2451 1615 sunt
2470 1561 2728 1614 lavanda.
2753 1559 2857 1614 Ubi
2873 1560 2992 1629 jam
3016 1558 3263 1612 famulus
3285 1558 3530 1612 lixiviam
3547 1566 3690 1611 tem-

417 1648 488 1701 ad
510 1648 732 1717 aliquod
753 1655 1028 1703 secretum
1058 1651 1256 1705 altare.
1298 1651 1382 1705 lbi
1416 1659 1646 1706 cantant
1670 1668 2012 1723 quaecunque
2097 1649 2801 1720 peravitlimpidissimam,
2855 1654 2913 1701 et
2959 1647 3384 1716 diligentissime
3413 1647 3599 1710 collat,
3634 1650 3693 1700 et

413 1736 667 1792 canenda
681 1742 1028 1808 sunt,usque
1050 1739 1119 1792 ad
1142 1740 1336 1793 horam
1360 1740 1607 1810 prandii.
1642 1742 1783 1795 Nam
1816 1746 2012 1811 postea
2095 1754 2210 1791 non
2238 1745 2429 1792 tamen
2463 1738 2707 1792 mittitur
2735 1753 2904 1807 super
2932 1735 3383 1806 corporalia,nisi
3402 1735 3514 1788 sint
3534 1735 3692 1805 prius

412 1825 734 1879 nullatenus
765 1843 824 1880 se
855 1827 922 1880 de
943 1828 1047 1881 hoc
1075 1844 1243 1897 opere
1270 1829 1675 1884 intromittunt.
1709 1830 1891 1900 Igitur
1924 1831 2009 1883 la-
2028 1811 2072 1868 Β
2093 1843 2277 1898 panno
2304 1827 2551 1897 undique
2572 1827 2842 1881 involuta.
2867 1831 2886 1851 '
2913 1825 3064 1888 Quae.
3092 1831 3386 1895 postquam
3411 1824 3549 1878 bene
3567 1825 3688 1878 lota

409 1914 551 1967 vatis
579 1914 838 1969 manibus
861 1916 1082 1983 hi-tres,
1118 1919 1212 1989 qui
1255 1923 1390 1972 sunt
1417 1919 1737 1973 sacerdotes
1771 1919 1855 1972 vel
1883 1919 2006 1973 dia-
2094 1916 2326 1982 fuerint,
2362 1922 2418 1970 et
2446 1917 2860 1987 aliquantulum
2890 1914 3115 1980 siccata,
3147 1931 3181 1967 a
3207 1914 3379 1967 fratre
3417 1930 3530 1967 uno
3560 1913 3692 1967 alba

413 2003 558 2064 coni,
581 2003 640 2057 in
669 2004 789 2058 loco
817 2022 927 2075 quo
952 2006 1162 2061 hostias
1207 2007 1410 2061 facturi
1460 2013 1610 2072 sunt,
1646 2007 1788 2062 albis
1815 2012 1873 2061 et
1901 2008 2007 2061 hu-
2095 2004 2298 2059 induto
2321 2006 2679 2075 intinguntur
2697 2004 3095 2075 conspersioni,
3119 2019 3242 2073 quae
3261 2002 3409 2056 facta
3430 2008 3517 2056 est
3534 2003 3691 2057 clara

415 2092 717 2147 meralibus
746 2093 917 2148 (sicut
933 2096 1002 2149 de
1022 2096 1137 2162 illo,
1162 2096 1256 2166 qui
1283 2097 1445 2151 molit
1462 2096 1720 2159 farinam,
1754 2102 1840 2151 est
1872 2113 2010 2167 prae-

413 2182 664 2251 missum)
698 2200 757 2237 se
788 2184 1046 2238 induunt.
1102 2185 1353 2249 Quorum
1409 2203 1555 2240 unus
1586 2186 1842 2239 farinam
1881 2203 2009 2240 con-

410 2271 639 2341 spergit,
668 2276 725 2325 et
747 2272 1233 2327 vehementissime
1275 2275 1586 2345 compingit
1638 2292 1809 2345 super
1839 2274 2006 2329 tabu-

408 2360 523 2413 lam
553 2359 945 2414 nitidissimam
977 2362 1275 2416 habentem
1310 2362 1544 2417 limbum
1568 2363 1626 2417 in
1647 2363 1884 2417 circuitu
1906 2363 2005 2416 ali-

412 2448 745 2518 quantulum
776 2447 831 2501 in
863 2450 1156 2519 superﬁcie
1182 2455 1387 2504 caetera
1415 2451 1693 2517 altiorem,
1746 2468 1817 2504 ne
1857 2468 2006 2521 aqua

414 2536 646 2590 effluere
674 2537 863 2607 possit.
899 2538 1232 2607 Conspergit
1260 2543 1450 2592 autem
1488 2556 1615 2593 cum
1668 2556 1815 2609 aqua
1845 2539 2002 2609 frigi-

413 2626 518 2691 da;
555 2623 688 2696 quia
717 2625 911 2679 dicunt
940 2626 1148 2680 hostias
1178 2627 1257 2681 ita
1273 2628 1393 2681 ﬁeri
1413 2628 1849 2682 candidiores.A
1869 2629 2004 2683 duo-

412 2714 518 2769 bus
542 2714 775 2785 reliquis
803 2715 998 2769 hostiae
1026 2714 1360 2770 formantur.

482 2802 932 2871 Ferramentum,
954 2803 1012 2856 in
1040 2820 1149 2874 quo
1175 2809 1308 2858 sunt
1327 2805 1650 2875 coquendze,
1678 2810 1835 2860 tenet
1865 2822 2001 2859 con-

410 2909 624 2960 versus,
653 2909 965 2964 manusque
994 2893 1181 2947 induit
1219 2894 1571 2948 chirothecis.
1633 2895 1793 2949 Unde
1851 2895 2004 2949 inter

410 2998 736 3037 conversum
764 2987 822 3036 et
844 2982 1178 3036 formatores
1207 2983 1522 3037 hostiarum
1549 2983 1776 3052 ponitur
1793 3000 1907 3038 una
1920 2989 2002 3037 ta-

408 3071 557 3135 bula,
584 3078 641 3126 et
661 3088 832 3141 super
849 3071 994 3124 hanc
1021 3078 1151 3125 sunt
1177 3072 1288 3125 duo
1318 3071 1430 3143 pali
1457 3072 1628 3135 infixi,
1653 3078 1708 3126 et
1724 3090 1894 3143 super
1910 3089 2002 3143 pa-

409 3161 491 3215 los
511 3177 686 3215 unum
713 3160 927 3230 lignum
939 3166 1343 3225 transversum,
1368 3177 1430 3214 su
1440 3177 1538 3231 per
1552 3161 1696 3232 quod
1718 3162 1875 3232 ponit
1885 3163 1999 3216 fcr—
2016 3134 2058 3195 C

409 3255 660 3303 mentum
686 3250 757 3302 ad
790 3250 999 3303 hostias
1019 3248 1406 3319 imponendas.
1453 3249 1587 3312 Quae
1632 3266 1757 3304 cum
1790 3250 2001 3305 fuerint

406 3344 595 3404 coctae,
634 3338 858 3391 cultello
887 3337 1255 3401 abraduntur,
1287 3344 1345 3391 et
1372 3339 1581 3391 cadunt
1606 3339 1661 3392 in
1705 3341 1996 3393 scutellam

406 3428 669 3481 deorsum
689 3427 746 3479 in
764 3425 953 3480 tabula
978 3426 1238 3497 positam,
1257 3433 1313 3481 et
1332 3444 1517 3498 panno
1532 3427 1747 3498 jugiter
1775 3445 1999 3499 cooper-

402 3520 554 3586 tam;
587 3515 697 3569 nisi
750 3515 971 3585 quando
1013 3516 1207 3570 hostiae
1237 3516 1605 3571 abraduntur.
1639 3517 1880 3571 Omnino
1910 3523 1997 3572 te-

403 3610 541 3660 nent
569 3604 854 3658 silentium
887 3609 944 3658 et
971 3622 1325 3675 summopere
1351 3611 1565 3671 cavent,
1600 3612 1663 3660 ut
1688 3623 1796 3660 non
1828 3607 1995 3660 modo

403 3694 597 3761 saliva,
631 3694 727 3747 sed
756 3711 859 3748 nec
886 3695 1053 3748 flatus
1075 3711 1266 3748 eorum
1294 3696 1363 3748 ad
1393 3695 1605 3749 hostias
1626 3695 1812 3766 aliquo
1829 3697 1995 3750 modo

404 3784 723 3856 pertingere
751 3785 945 3854 possit.
1010 3784 1171 3838 Solus
1240 3801 1558 3851 conversus,
1611 3784 1659 3838 si
1689 3784 1822 3854 quid
1855 3802 1996 3855 opus

407 3872 592 3937 fuerit,
615 3870 804 3941 paucis
826 3871 1008 3926 verbis
1036 3872 1581 3936 famuloinnotescit,
1618 3873 1713 3942 qui
1754 3872 1887 3927 facit
1921 3873 1997 3927 fo-

403 3979 550 4026 cum,
570 3962 637 4015 ad
653 3978 816 4032 quem
830 3978 942 4015 non
962 3961 1210 4027 mittunt,
1232 3961 1503 4031 nisiligna
1528 3961 1705 4024 arida,
1730 3967 1787 4016 et
1813 3963 1883 4015 de
1914 3962 1997 4015 in-

401 4050 619 4106 dustria
640 4051 710 4104 ad
749 4050 855 4104 hoc
878 4056 1209 4121 praeparata.

477 4146 492 4163 ‘
520 4140 737 4204 Frater,
789 4140 884 4209 qui
936 4138 1172 4192 farinam
1208 4140 1536 4210 conspersit,
1571 4144 1865 4209 postquam
1898 4155 1993 4192 ex-

402 4229 627 4301 peditus
642 4228 834 4291 fuerit,
869 4228 940 4281 ad
978 4229 1188 4282 hostias
1221 4228 1505 4299 eligendus
1536 4227 1769 4293 vacabit,
1820 4227 1901 4281 ita
1931 4233 1995 4281 ut

402 4335 529 4390 quae
549 4335 613 4371 ex
630 4323 748 4371 toto
769 4323 904 4371 sunt
931 4316 1180 4387 integrae,
1210 4318 1280 4370 ad
1312 4318 1610 4372 missarum
1658 4316 1994 4370 celebratio-

2094 2100 2152 2146 et
2200 2093 2415 2163 liquida
2469 2094 2539 2147 de
2570 2094 2783 2164 optima
2811 2092 3013 2157 farina,
3071 2098 3130 2145 et
3170 2092 3251 2145 ita
3296 2091 3579 2145 siccantur
3614 2093 3690 2145 ad

2090 2182 2416 2252 perfectum,
2449 2200 2540 2236 Ul).
2574 2187 2632 2236 et
2663 2181 2891 2236 interim
2942 2180 3177 2235 minime
3225 2180 3455 2234 custode
3491 2186 3690 2235 carent

2089 2270 2364 2340 diligenti,
2407 2272 2648 2325 maxime
2685 2270 2780 2341 qui
2809 2286 3029 2323 muscas
3077 2268 3269 2338 abigat
3311 2268 3381 2321 ab
3425 2267 3526 2321 eis.
3577 2268 3688 2332 Qui

2088 2360 2256 2413 etiam
2288 2376 2643 2430 nequaquam
2670 2360 2854 2413 albam
2878 2359 3048 2422 exuit,
3081 2373 3264 2428 neque
3292 2356 3423 2411 inde
3443 2373 3684 2427 usquam

2085 2448 2342 2502 discedit.
2376 2450 2396 2473 "
2427 2447 2585 2502 Idem
2614 2449 2753 2519 ipse,
2786 2448 2833 2501 si
2879 2448 3024 2501 forte
3053 2451 3282 2517 propter
3307 2446 3413 2499 hoc
3432 2446 3684 2517 aliquam

2084 2537 2276 2591 horam
2308 2537 2633 2607 neglexerit,
2668 2537 2886 2591 veniam
2917 2551 3030 2589 non
3055 2535 3211 2606 petit.

2153 2626 2510 2680 UDChordam
2527 2641 2875 2697 superquam
2897 2623 3320 2695 suspenduntur
3330 2623 3683 2693 priuslavare

2083 2731 2195 2769 non
2217 2715 2469 2786 negligit,
2494 2731 2617 2786 quae
2631 2714 2759 2768 etin
2782 2730 2893 2767 uno
2917 2713 3200 2783 ma‘rsupio
3217 2712 3287 2765 ad
3309 2728 3449 2781 opus
3467 2712 3571 2765 hoc
3586 2728 3682 2765 so-

2082 2804 2417 2875 lumjugiter
2426 2809 2698 2858 servatur.
2724 2802 2959 2867 Quando
2970 2806 3159 2856 autem
3173 2800 3486 2870 levigautur
3510 2800 3552 2867 (1
3565 2799 3680 2865 ’10),

2083 2910 2231 2947 unus
2246 2894 2326 2947 eis
2342 2910 2560 2964 pannus
2605 2892 2966 2947 substituitur
2985 2908 3088 2945 nec
3107 2903 3397 2961 ponuntur
3429 2905 3682 2959 unquam

2082 2997 2253 3051 super
2269 2982 2482 3051 lignum
2500 2982 2734 3035 nudum.
2756 2980 2777 3004 "‘
2798 2982 2862 3035 In
2887 2980 3082 3034 eodem
3103 2978 3272 3033 etiam
3320 2982 3577 3048 tempore
3623 2982 3685 3031 et

2084 3070 2528 3140 quotiescunque
2558 3086 2698 3140 opus
2754 3067 2923 3122 fuerit
2967 3067 3036 3121 ab
3069 3067 3277 3121 eisdem
3302 3065 3570 3119 fratribus
3602 3067 3684 3120 of-

2084 3158 2314 3212 fertoria
2343 3164 2400 3212 et
2430 3158 2677 3223 linteola,
2723 3174 2849 3211 cum
2880 3156 3083 3227 quibus
3111 3156 3308 3210 calices
3352 3160 3676 3226 portantur,

2082 3252 2465 3317 exterguntur.
2490 3248 2691 3301 Totum
2711 3247 2828 3316 agit
2846 3245 3243 3316 apocrisiarius
3258 3243 3680 3297 socialitercum

2080 3336 2206 3390 aliis
2231 3336 2548 3405 junioribus
2569 3335 2703 3401 suis,
2720 3340 2786 3405 et
2802 3335 3073 3405 providet,
3107 3338 3167 3387 ut
3184 3348 3407 3403 semper
3424 3333 3525 3385 ﬁat
3543 3338 3679 3387 ante

2079 3404 2399 3494 prandium.
2450 3404 2730 3479 Praeterea
2751 3404 2920 3476 habet
2948 3422 3051 3477 sub
3076 3439 3137 3476 se
3165 3420 3382 3492 aliquos
3408 3421 3671 3487 famulos,
3712 3458 3717 3461 -

2080 3530 2317 3583 quorum
2350 3530 2515 3567 omne
2543 3513 2791 3567 studium
2813 3522 2896 3566 est
2921 3516 2978 3565 et
2998 3511 3173 3575 labor,
3193 3515 3437 3579 accepta,
3458 3510 3507 3563 si
3533 3520 3679 3580 opus

2079 3609 2181 3667 est,
2225 3620 2291 3655 ex
2321 3620 2448 3656 cera
2477 3603 2739 3655 candelas
2793 3601 2993 3665 facere,
3040 3615 3230 3653 cereos
3275 3599 3538 3652 decenter
3566 3599 3678 3651 for-

2079 3708 2254 3758 mare,
2274 3692 2459 3745 oleum
2476 3692 2768 3757 conficere,
2786 3689 3117 3743 vestimenta
3131 3705 3419 3753 consuere,
3461 3688 3676 3741 sarcire

2078 3786 2137 3833 et
2164 3781 2368 3843 levare,
2403 3779 2711 3834 oratorium
2742 3778 2963 3848 quoties
2993 3778 3307 3848 oportuerit
3343 3777 3413 3830 ad
3447 3794 3675 3831 crucem

2078 3870 2260 3939 scopis
2290 3869 2585 3932 mundare,
2606 3868 2851 3921 cortinas
2870 3854 3230 3937 suspendere,
3280 3867 3413 3919 item
3446 3871 3675 3936 peracta

2078 3960 2401 4013 celebritate
2422 3959 2662 4021 auferre,
2687 3958 2913 4029 plicare,
2939 3964 3107 4028 atque
3137 3957 3459 4021 recondere,
3483 3966 3541 4009 et
3559 3957 3675 4009 alia.

2078 4049 2333 4119 quaedam
2383 4048 2627 4102 ecclesiae
2650 4048 2934 4113 utensilia,
2967 4052 3135 4117 prout
3161 4046 3406 4099 sacristae
3425 4045 3667 4112 videtur,

2077 4137 2395 4207 providere.
2424 4136 2509 4190 Ad
2528 4136 2848 4206 hujusmodi
2873 4141 3061 4189 autem
3103 4134 3400 4188 interiores
3419 4133 3670 4187 sacristze

2076 4226 2362 4296 adjutores
2382 4242 2442 4279 se
2464 4242 2576 4279 non
2596 4225 2923 4288 admittunt,
2948 4225 3055 4277 nisi
3081 4225 3194 4277 tale
3241 4222 3376 4294 quid
3423 4221 3674 4277 habeant

2079 4315 2226 4386 quod
2256 4315 2374 4368 sine
2401 4331 2593 4368 eorum
2628 4314 2908 4383 adjutorio
2941 4314 3207 4384 perficere
3246 4316 3546 4382 nequeant.
3605 4313 3672 4366 In

401 4424 529 4463 nem
548 4423 832 4473 seorsum;
893 4422 1017 4476 quae
1045 4407 1458 4477 aliquantulum
1489 4407 1728 4472 rimosae,
1768 4406 1835 4460 ad
1868 4407 2060 4464 olfc-D
2081 4404 2340 4474 przedicto
2370 4420 2592 4473 quoque
2622 4409 2876 4472 tempore
2903 4419 3012 4472 quo
3057 4402 3319 4455 lavantur
3353 4401 3672 4471 corporalia

399 4497 660 4560 rendum,
686 4502 1056 4549 reserventur.
1092 4496 1149 4550 Si
1179 4512 1302 4566 qua:
1338 4501 1527 4549 autem
1566 4495 1871 4559 diminutae,
1909 4496 1993 4549 vel

401 4586 633 4648 ibidem,
690 4585 773 4638 vel
803 4585 943 4639 alias
974 4585 1044 4638 ad
1081 4590 1290 4638 terram
1321 4585 1551 4654 dilapsae
1607 4585 1990 4653 inveniuntur,

400 4676 701 4745 diligenter
729 4674 990 4737 collectae,
1011 4678 1264 4743 tempore
1286 4690 1396 4743 quo
1422 4674 1667 4727 sacristae
1688 4673 1994 4728 hebdoma-

401 4764 559 4819 dario
588 4763 826 4827 videtur,
860 4763 931 4816 ad
978 4762 1332 4815 refectorium
1376 4762 1703 4816 deferantur
1730 4768 1787 4816 et
1811 4761 1866 4816 in
1896 4779 1990 4816 co-

400 4854 570 4926 phino
600 4853 788 4924 aliquo
816 4852 888 4905 ad
912 4852 1229 4920 fragmenta
1260 4851 1574 4904 mittantur.
1598 4849 1876 4922 (un.)Ipsi
1898 4868 1994 4905 au-

400 4950 514 4999 tem
538 4943 848 4997 hostiarum
879 4939 1119 5011 operarii
1151 4957 1216 4994 eo
1247 4940 1338 4993 die
1368 4956 1480 4993 non
1533 4957 1661 4994 cum
1714 4947 1993 4995 conventu

399 5033 718 5097 comedunt,
746 5031 843 5085 sed
872 5046 997 5084 cum
1029 5029 1408 5093 servitoribus,
1430 5030 1605 5099 (rain)
1639 5035 1695 5083 ct
1714 5046 1815 5100 pro
1835 5034 1992 5084 tanto

398 5121 590 5177 labore
617 5120 827 5175 habent
854 5120 924 5174 de
953 5118 1242 5173 cellerario
1273 5117 1586 5188 pitantiam.

937 5208 1171 5263 CAPUT
1203 5208 1456 5262 ΧΧΧΙΙΙ.

476 5304 547 5357 De
575 5300 957 5369 corporalibus
985 5299 1095 5350 sive
1118 5299 1251 5351 aliis
1279 5298 1601 5363 huiusmodi
1617 5297 1888 5349 lavandis.

470 5389 644 5462 (van)
662 5388 988 5459 Corporalia
1003 5385 1173 5457 (139),
1191 5386 1413 5457 quando
1436 5385 1671 5439 lavanda
1694 5390 1845 5451 sunt,
1879 5400 1993 5438 non

471 5512 609 5583 (139)
635 5513 935 5584 Corporale
951 5517 1037 5584 est
1051 5511 1308 5584 linteum,
1330 5511 1478 5580 quod
1492 5510 1555 5584 in
1570 5509 1990 5584 altarisustinet

396 5580 639 5638 hostiam
657 5590 714 5636 et
734 5580 961 5637 calicem
984 5583 1116 5636 dum
1139 5583 1456 5636 celebratur
1484 5581 1673 5635 missa.
1706 5580 1847 5634 Vide
1862 5580 1991 5634 Ber-

398 5655 560 5715 nard.
595 5654 727 5709 0rd.
762 5654 922 5707 Clun.
950 5660 1093 5724 part.
1126 5667 1163 5705 ι.
1197 5670 1244 5706 c.
1278 5652 1367 5708 54.

2075 4493 2244 4547 iidem
2268 4492 2462 4546 famuli
2486 4492 2635 4545 linea
2673 4492 2936 4545 altarium
2962 4490 3237 4545 velamina
3267 4506 3395 4543 cum
3422 4489 3588 4558 albis,
3619 4490 3671 4544 si

2078 4599 2200 4653 quae
2238 4582 2379 4635 forte
2411 4581 2467 4635 in
2497 4581 2600 4634 hoc
2630 4596 2777 4633 anno
2826 4580 3075 4633 lavandae
3106 4585 3254 4643 sunt,
3308 4578 3514 4641 lavant,
3573 4595 3671 4632 ex-

2077 4672 2252 4742 ceptis
2283 4670 2370 4724 his
2403 4687 2527 4740 qua:
2557 4669 2627 4722 ad
2661 4669 2928 4737 majorem
2960 4668 3189 4721 missam
3240 4672 3297 4720 et
3324 4667 3394 4720 ad
3425 4667 3674 4738 privatas

2074 4761 2273 4813 missas
2321 4763 2377 4811 et
2411 4756 2744 4811 matutinam
2789 4756 3116 4827 pertinent;
3160 4772 3282 4826 quae
3330 4772 3552 4825 semper
3597 4755 3674 4809 ad

2075 4848 2315 4919 primam
2334 4846 2681 4901 Dominicam
2701 4845 2988 4898 Adventus
3017 4844 3241 4899 Domini
3271 4849 3329 4897 et
3353 4844 3677 4913 Quadi-age-

2074 4937 2230 4991 simae
2260 4936 2386 4989 lotae
2412 4952 2531 4989 esse
2548 4935 2755 4987 debent
2783 4957 2794 4995 ;
2820 4934 3052 5004 insuper
3071 4933 3668 5003 quotiescunqueopus

2075 5026 2247 5080 fuerit
2266 5024 2531 5078 lavandae.
2560 5022 2915 5092 Manutergia
2934 5028 3120 5076 autem
3136 5028 3193 5075 et
3211 5021 3321 5075 alia
3342 5022 3672 5089 hujusmodi

2077 5131 2188 5169 non
2218 5114 2400 5167 solum
2430 5114 2487 5166 in
2514 5113 2618 5166 hoc
2632 5117 3104 5182 tempore,verum
3122 5110 3290 5164 etiam
3305 5110 3666 5181 quandocuu-

2077 5220 2185 5275 que
2214 5202 2518 5258 necessitas
2548 5201 2738 5272 exigit,
2767 5200 2837 5254 ab
2883 5200 3093 5254 eisdem
3121 5200 3347 5254 famulis
3375 5200 3653 5254 lavantur.

2145 5506 2293 5574 (140)
2314 5508 2586 5572 Levigare,
2613 5504 2802 5575 polire.
2848 5505 3041 5569 Lem‘ga
3069 5503 3507 5575 instrumentum
3532 5501 3672 5555 levi-

2071 5578 2263 5649 gandi,
2297 5578 2445 5648 quod
2484 5574 2655 5630 etiam
2698 5575 3201 5645 complanatorium
3235 5574 3459 5628 dicitur.
3499 5575 3661 5626 .loan.

2074 5653 2136 5703 de
2154 5652 2282 5704 Jan.
2317 5649 2508 5702 Germ.
2531 5649 2741 5714 Beglm.
