3934 6384
191 392 320 453 1089

716 513 948 569 CAPUT
975 512 1221 567 XXXIV.

645 605 776 657 Item
814 604 877 655 de
912 603 1302 670 apocrisz'arz'o.

1203 384 1623 442 CONSTITUT.
1668 380 2009 439 HIRSAUG.
2053 409 2117 421 —
2156 378 2295 434 LIB.
2332 379 2402 433 ΙΙ.

3294 375 3441 434 1090

1785 509 1838 568 Α
1853 526 1910 575 et
1923 521 1995 575 ad
2011 519 2090 574 VI
2103 524 2161 574 et
2189 520 2261 573 ad
2286 518 2539 584 IX,unus
2567 519 2829 573 sacerdos
2847 533 3025 589 cappa
3040 517 3271 572 indutus
3282 518 3442 590 prin-

1848 611 2028 682 cipale
2044 610 2296 663 incenset
2316 610 2516 675 altare,
2535 613 2592 662 et
2610 612 2798 679 portet
2824 607 3115 662 incensum
3144 608 3214 661 ad
3246 624 3444 661 omnes

252 695 273 717 θ
294 693 445 757 Quod
469 693 538 746 ad
559 691 979 764 apocrisiarium
1001 691 1184 744 solum
1208 690 1475 761 pertinet,
1490 686 1649 751 vel,si
1672 686 1767 740 ille

1881 705 2058 753 ratres
2103 699 2251 752 intra
2278 703 2335 751 et
2365 705 2525 752 extra
2550 698 2807 751 chorum.
2830 697 2914 750 Ad
2946 697 3051 750 hoc
3078 697 3445 761 sacerdotem,

190 799 292 837 non
328 782 585 844 adfuerit,
615 781 685 835 ad
731 781 851 850 ejus
884 780 1180 843 vicarium;
1214 779 1394 850 primo
1417 777 1768 847 horologium

191 871 371 941 dirigit
398 876 456 925 et
484 870 725 924 ordinat.
759 871 838 923 De
868 885 1001 939 quo,
1034 886 1159 923 cum
1207 869 1328 922 ﬁeri
1354 868 1547 939 possit,
1579 872 1645 920 ut
1669 865 1776 919 ali-

194 960 405 1030 quando
432 958 593 1013 fallat
610 958 729 1028 ipse
752 963 911 1012 notat
941 958 1000 1011 in
1024 975 1173 1022 cera,
1207 964 1264 1011 et
1292 959 1350 1012 in
1387 972 1555 1011 cursu
1586 955 1776 1009 stella-

192 1065 306 1103 rum
328 1048 410 1102 vel
429 1048 601 1101 etiam
628 1048 793 1113 lunae,
809 1052 874 1101 ut
900 1047 1102 1100 fratres
1130 1062 1360 1117 surgere
1380 1045 1551 1099 faciat
1580 1044 1650 1097 ad
1683 1043 1778 1097 ho-

196 1154 306 1192 ram
336 1141 745 1207 competentem
760 1181 771 1192 .

262 1226 500 1296 Ideoque
528 1226 597 1279 ad
619 1231 923 1279 nocturnos
946 1241 1059 1278 non
1079 1223 1222 1278 alius
1237 1224 1534 1294 quisquam
1554 1222 1782 1275 inchoat

199 1316 410 1386 pulsare
442 1315 681 1379 scillam,
723 1319 925 1384 praeter
970 1313 1172 1383 ipsum.
1224 1313 1384 1377 Quod
1427 1318 1615 1366 tamen
1666 1325 1781 1364 non

201 1406 345 1477 prius
369 1404 521 1469 facit,
559 1419 730 1473 quam
759 1403 869 1457 duo
895 1402 1130 1466 lumina,
1159 1419 1332 1456 unum
1356 1408 1489 1455 ante
1512 1404 1661 1455 tores
1689 1416 1782 1454 ec-

201 1494 391 1557 clesia,
411 1494 656 1546 alterum
674 1498 805 1545 ante
824 1492 1217 1545 dormitorium
1241 1491 1524 1545 accendat.
1545 1489 1705 1554 Quod
1737 1488 1786 1542 si

200 1582 252 1636 in
279 1582 568 1636 duodecim
586 1580 916 1635 lectionibus
944 1597 1004 1634 se
1033 1580 1200 1634 nimis
1214 1581 1372 1634 tarde
1394 1580 1649 1650 pulsasse
1665 1594 1787 1649 per-

199 1671 445 1742 spexerit,
478 1670 629 1724 infra
660 1670 995 1723 matutinum
1019 1671 1104 1723 vel
1134 1671 1204 1723 ad
1229 1671 1269 1722 Κ
1274 1672 1395 1737 yria
1423 1671 1623 1723 eleison
1651 1673 1783 1721 ante

1858 805 2025 859 quem
2055 787 2275 850 viderit,
2305 787 2506 840 invitat
2534 786 2683 839 idem
2715 786 3133 856 apocrisiarius,
3165 785 3375 839 faciens
3401 784 3453 838 ei

1859 878 2084 947 signum
2103 876 2170 930 de
2195 876 2438 929 incenso.
2471 876 2609 929 Item
2637 875 2707 928 ad
2747 884 3051 928 nocturnos
3079 875 3136 928 in
3160 873 3451 945 praecipuis

1857 966 2015 1020 festis
2039 965 2263 1037 quando
2283 964 2393 1018 tria
2412 963 2615 1017 diversi
2636 964 2837 1017 colOris
2864 963 3035 1034 pallia
3050 969 3340 1034 ponuntur
3357 979 3454 1017 su-

1859 1071 1961 1127 per
1977 1055 2160 1125 majus
2187 1053 2384 1113 altare,
2413 1053 2554 1122 ipse,
2578 1051 2623 1105 si
2649 1052 2813 1105 aliter
2828 1046 2939 1105 neu
2968 1057 3173 1121 potest,
3195 1069 3323 1105 cum
3348 1050 3458 1106 suf-

1858 1144 2124 1214 fraganeo
2156 1159 2257 1196 suo
2287 1141 2471 1195 aufert
2500 1141 2725 1210 singula
2747 1140 3073 1210 singillatim
3099 1159 3111 1208 ;
3145 1140 3359 1194 scilicet
3383 1141 3456 1195 ad

1863 1234 2111 1288 Gloriam
2154 1231 2305 1284 tertii
2335 1236 2392 1284 et
2433 1229 2610 1284 octavi
2643 1229 3002 1300 responsorii,
3033 1235 3091 1283 et
3126 1230 3185 1283 in
3227 1246 3290 1283 eo
3332 1230 3455 1283 loco

1862 1338 2085 1392 semper
2113 1321 2284 1374 etiam
2313 1319 2369 1372 in
2391 1318 2682 1372 duodecim
2712 1318 3044 1371 lectionibus
3074 1318 3268 1372 altaris
3292 1318 3459 1372 tabu-

1865 1410 1976 1463 lam
2009 1407 2239 1478 detegit,
2258 1408 2547 1478 hucusque
2569 1422 2754 1477 panno
2786 1411 3121 1477 coopertam.
3160 1407 3375 1477 Accipit
3403 1411 3460 1460 et

1866 1502 2080 1551 textum
2106 1495 2388 1566 Evangelii
2410 1496 2479 1549 de
2510 1495 2674 1549 altari
2710 1499 2766 1548 et
2790 1500 2977 1565 portat
2998 1495 3068 1548 ad
3112 1495 3457 1561 vestiarium,

1868 1586 2055 1657 ibique
2088 1586 2298 1638 lumine
2320 1600 2551 1638 accenso
2588 1583 2932 1637 sacerdotem
2961 1583 3029 1637 ad
3063 1583 3241 1637 altare
3262 1600 3459 1654 proce-

1867 1676 2092 1729 dentem
2125 1673 2488 1744 subsequitur
2508 1689 2685 1742 usque
2713 1672 2768 1725 in
2800 1671 3464 1743 presbyterium.lbidem

197 1761 422 1831 gradum
454 1777 515 1813 se
544 1759 868 1830 prosternit.
894 1765 968 1823 et,
987 1758 1034 1812 Si
1066 1759 1220 1830 Pl‘iOr
1236 1763 1368 1812 ante
1396 1775 1507 1811 ηοη
1525 1757 1781 1826 jusserit,
1800 1826 1838 1831 _
1866 1762 2250 1815 sinistrorsum
2283 1761 2618 1814 ceroferario
2667 1766 2834 1823 astat,
2876 1760 3051 1813 donec
3089 1759 3350 1814 sacerdos
3389 1761 3460 1815 de

198 1849 359 1903 ﬁnitis
378 1848 640 1919 pPeCibus
670 1863 779 1901 ηοη
810 1847 1017 1900 faeiens
1045 1853 1175 1900 ante
1218 1852 1274 1900 et
1318 1851 1488 1910 ΓθῐΓον
1521 1844 1775 1899 discedit.
1799 1826 1845 1884 Β
1863 1851 2027 1904 altari
2048 1850 2116 1902 ad
2139 1849 2458 1919 analogium
2482 1848 3140 1919 pervenerit,librumque
3157 1851 3460 1920 aperuerit,

197 1940 264 1992 At
289 1939 331 1992 si
363 1938 420 1991 in
454 1936 688 2008 privatis
709 1935 903 1990 diebus
919 1935 1184 1997 evenerit,
1210 1936 1267 1988 in
1292 1935 1537 2005 capitulo
1562 1934 1781 1987 veniam

198 2027 510 2098 petit.Gum
539 2031 762 2096 tempus
793 2025 964 2078 fuerit
992 2024 1060 2077 ad
1093 2024 1329 2095 primam
1362 2024 1592 2094 pulsari,
1628 2022 1773 2077 facit.

199 2117 297 2171 Sed
337 2117 456 2170 haec
486 2114 729 2186 pulsatio
748 2130 861 2167 non
884 2113 1151 2167 uniformi
1177 2113 1365 2183 agitur
1398 2113 1581 2166 modo.
1615 2113 1781 2176 Nam,

197 2205 249 2259 in
277 2204 364 2259 die
381 2206 441 2259 S.
472 2204 718 2266 Paschae,
745 2209 801 2256 et
830 2202 889 2255 in
920 2202 1045 2255 aliis
1071 2202 1363 2272 praecipuis
1390 2201 1545 2254 testis
1565 2200 1787 2270 signum

198 2310 360 2348 unum
390 2294 467 2346 de
497 2291 778 2357 maximis,
796 2291 853 2343 in
873 2290 1090 2344 caeteris
1120 2307 1247 2344 vero
1273 2307 1444 2343 unum
1468 2290 1537 2342 de
1560 2288 1788 2342 minori-

199 2381 312 2442 bus.
338 2380 650 2435 secundum
684 2379 1017 2448 dignitatem
1044 2379 1314 2449 cujusque
1343 2378 1490 2439 festi,
1507 2378 1785 2448 pulsatur.

199 2473 255 2525 ln
287 2470 376 2524 die
404 2470 733 2523 Palmarum
761 2474 818 2521 et
837 2467 1278 2537 quotiescunque
1306 2466 1584 2537 processio
1599 2466 1667 2518 ad
1690 2465 1790 2518 ali-

200 2575 357 2630 quam
389 2564 549 2611 extra
567 2558 873 2610 claustrum
892 2556 1178 2609 ecclesiam
1199 2555 1525 2625 agitur,duo
1547 2555 1792 2608 maxima

199 2649 493 2719 pulsantur
520 2662 813 2715 quousque
843 2644 974 2698 illuc
1001 2645 1378 2715 perveniatur,
1407 2644 1555 2714 quod
1593 2643 1790 2696 nihilo-

200 2738 377 2791 minus
405 2737 464 2789 in
492 2735 778 2788 redeundo
809 2733 1159 2787 observatur.
1194 2734 1276 2788 Ad
1311 2734 1534 2786 tertiam
1568 2749 1789 2803 quoque

199 2826 424 2897 privatis
445 2823 661 2887 diebus,
678 2823 774 2876 sed
800 2827 857 2875 et
878 2822 1127 2892 quotidie
1148 2822 1215 2875 ad
1241 2837 1529 2892 vesperam
1548 2821 1789 2892 pulsatio

199 2915 338 2985 signi
370 2918 461 2968 est
483 2912 543 2965 in
579 2912 702 2982 ejus
731 2909 997 2977 arbitrio;
1032 2910 1141 2963 nisi
1170 2910 1225 2963 in
1244 2910 1704 2979 Quadragesima,
1736 2914 1792 2962 et

202 3004 303 3058 nisi
324 3004 571 3057 domnus
602 3000 772 3053 abbas
798 2999 872 3053 sit
898 3000 967 3052 ad
1009 2999 1454 3070 pariamentum;
1481 3004 1616 3052 tunc
1641 2998 1790 3051 enim

201 3093 408 3164 petitur
439 3090 509 3144 ab
541 3106 607 3143 eo
637 3088 859 3142 licentia
895 3088 1175 3159 pulsandi.
1210 3088 1555 3158 Quacunque
1601 3093 1788 3141 autem

200 3183 331 3236 hora
346 3180 577 3253 pulsare
597 3183 851 3248 tempore
874 3177 1138 3248 loquendi
1159 3177 1390 3248 coeperit
1412 3176 1792 3230 hebdomada-

200 3270 332 3337 rius,
367 3286 438 3323 ex
464 3266 869 3322 consuetudine
897 3267 1085 3320 nullus
1105 3283 1231 3320 eum
1255 3265 1588 3336 prohibebit.
1611 3264 1796 3320 Sacri-

200 3365 301 3425 sta,
335 3358 387 3413 si
417 3358 569 3411 inter
594 3355 892 3426 prandium
910 3355 1174 3426 generale
1196 3371 1424 3408 necesse
1436 3353 1605 3407 habet
1624 3354 1682 3407 in
1700 3370 1791 3407 ec-

201 3448 367 3509 clesia
380 3444 676 3505 excubare.
699 3445 784 3498 vel
807 3445 920 3498 tale
945 3443 1079 3515 quid
1109 3459 1295 3513 agere,
1323 3443 1471 3513 quod
1493 3459 1602 3496 non
1624 3443 1800 3513 possit

202 3538 447 3601 differre,
478 3534 689 3604 absque
719 3532 947 3587 licentia
994 3538 1179 3609 potest
1210 3532 1279 3585 ad
1318 3532 1464 3585 idem
1499 3530 1795 3602 prandium

202 3627 415 3691 deesse.
449 3629 506 3678 et
533 3640 599 3677 ea
618 3622 709 3676 die
738 3639 865 3676 cum
890 3620 1253 3676 servitoribus
1277 3620 1531 3691 coquinae
1559 3619 1796 3673 mixtum

205 3715 471 3786 accipere.
505 3712 589 3765 Ad
619 3710 971 3766 collationem
993 3710 1236 3781 pulsatio
1256 3726 1368 3763 non
1390 3709 1448 3762 in
1477 3709 1717 3777 ejus,sed
1742 3708 1800 3760 in

205 3804 409 3874 prioris
451 3806 537 3856 est
582 3799 836 3854 arbitrio.
871 3799 1101 3863 Quoties
1135 3799 1323 3867 agitur
1353 3798 1704 3865 mandatum,
1733 3813 1797 3850 eo

202 3893 317 3963 jam
349 3896 598 3962 peracto,
630 3888 783 3941 venit
820 3895 950 3940 ante
981 3887 1241 3956 priorem,
1279 3892 1335 3939 et
1363 3885 1647 3939 licentiam
1681 3884 1801 3955 pul-

206 3981 366 4034 sandi
397 3978 925 4049 quaerit.Postquam
958 3975 1195 4028 dimittit
1222 3974 1466 4044 signum,
1500 3974 1802 4027 revertitur

208 4070 277 4123 ad
326 4070 515 4122 locum
558 4082 743 4132 suum,
785 4070 842 4118 et
870 4081 994 4118 cum
1028 4063 1242 4118 caeteris
1271 4063 1532 4133 pergitin
1562 4063 1801 4116 refecto-

206 4158 353 4213 rium
385 4156 456 4210 ad
498 4154 823 4218 bibendum,
856 4170 983 4207 mox
1022 4158 1154 4206 ante
1185 4151 1321 4205 alios
1352 4168 1697 4217 reversurus,
1741 4157 1805 4205 ut

209 4246 498 4315 recolligat
517 4244 587 4298 ad
606 4243 941 4297 servandum
964 4242 1203 4295 conchas
1222 4246 1280 4295 et
1302 4240 1806 4311 manutergia,qui-

209 4335 313 4391 bus
342 4351 482 4389 usus
512 4333 621 4386 fuit
648 4332 717 4385 ad
753 4331 1101 4391 mandatum,

1809 3139 1851 3197 C

1868 1946 1924 1994 et
1951 1946 2085 1992 tunc
2114 1939 2196 1991 illi
2219 1939 2409 1992 lumen
2434 1954 2561 1991 cum
2594 1954 2795 1991 manus
2826 1939 3172 1992 osculatione
3204 1938 3459 2009 porrigit,

1869 2028 2016 2099 quod
2043 2034 2233 2080 tamen
2260 2026 2730 2080 liebdomadarius
2760 2026 2882 2095 ejus
2912 2026 3137 2095 adjutor
3155 2027 3313 2080 ﬁnita
3343 2044 3466 2082 ora-

1868 2117 2021 2170 tione
2047 2115 2257 2186 absque
2291 2115 2479 2168 osculo
2525 2114 2594 2167 ab
2637 2131 2702 2167 eo
2741 2114 2956 2185 recipit.
2998 2114 3241 2169 Sacrista
3269 2122 3458 2170 autem

1870 2205 2112 2275 perlecto
2142 2203 2428 2274 evangelio
2460 2203 2747 2273 signorum
2771 2211 2947 2256 restes
2985 2203 3234 2274 deponit,
3264 2205 3464 2259 linata-

1869 2310 1976 2364 que
2005 2293 2238 2347 collecta
2261 2293 2330 2345 ad
2355 2294 2459 2345 Per
2477 2293 2797 2355 Donu‘nmn,
2826 2291 3040 2345 scillam
3066 2292 3256 2346 trahit.

1943 2382 2065 2446 Qua
2114 2382 2365 2446 dimissa,
2399 2381 2533 2435 dum
2566 2380 2826 2433 sacerdos
2875 2380 3195 2435 matutinali
3226 2382 3465 2437 lectione

1871 2469 2135 2540 imposita
2156 2470 2225 2523 de
2242 2468 2502 2539 analogio
2524 2469 3140 2539 revertitur,Evangelii
3162 2476 3377 2525 textum
3394 2472 3465 2526 de

1873 2574 2042 2610 manu
2069 2557 2188 2626 ejus
2218 2557 2416 2627 accipit
2437 2565 2493 2610 et
2507 2573 2677 2626 super
2694 2557 2872 2610 altare
2892 2558 3130 2628 reponit.
3150 2559 3213 2613 In
3234 2559 3465 2630 privatis

1871 2645 2128 2699 noctibus
2161 2645 2384 2715 quando
2418 2662 2543 2698 mox
2573 2646 2835 2698 matutini
2867 2653 3169 2700 nocturnos
3216 2664 3466 2717 sequun-

1873 2734 1985 2797 tur,
2022 2741 2080 2787 et
2110 2733 2418 2787 familiares
2466 2734 2667 2804 psalmi
2700 2750 2811 2787 non
2843 2734 3284 2804 subjunguntur,
3307 2737 3469 2791 ﬁnita

1873 2824 2106 2876 collecta
2136 2830 2191 2875 et
2210 2823 2357 2875 dicto
2386 2824 2491 2875 [leo
2510 2825 2723 2889 gratias
2755 2823 2824 2875 ad
2854 2823 3241 2877 matutinalem
3272 2825 3466 2880 lectio-

1874 2929 2001 2965 nem
2022 2912 2207 2981 pulsat
2229 2934 2242 2978 ς
2272 2911 2319 2964 si
2343 2927 2468 2964 vero
2490 2910 2927 2980 subjuuguntur,
2951 2912 3019 2965 ad
3044 2914 3144 2966 Per
3162 2915 3466 2971 Dominum

1874 3000 2159 3070 sequentis
2188 2999 2431 3053 collecta:
2452 2999 2676 3069 pulsare
2704 2999 2920 3070 incipit.

1944 3086 2308 3140 Intervallum
2366 3087 2623 3156 hyemale
2666 3085 2747 3139 ita
2793 3086 2958 3141 debet
3010 3092 3349 3159 temperare,
3402 3094 3466 3144 ut

1880 3175 2199 3229 claustralis
2254 3174 2408 3245 prior
2441 3190 2565 3228 cum
2616 3173 2889 3228 absconsa
2935 3181 3118 3230 totum
3161 3179 3468 3233 claustrum

1879 3264 2055 3336 possit
2094 3264 2415 3320 circumire.
2473 3263 2644 3333 Signo
2692 3280 2913 3334 quoque
2963 3266 3286 3321 matutinali
3342 3267 3471 3322 talis

1879 3352 2064 3405 cautio
2092 3350 2162 3404 ab
2200 3368 2267 3405 eo
2297 3350 2464 3405 debet
2492 3350 2767 3413 adhiberi,
2812 3357 2877 3405 ut
2917 3358 3046 3423 post
3079 3354 3475 3412 matutinalem

1880 3440 2179 3495 lectionem
2211 3440 2472 3494 inchoata
2500 3439 2683 3510 prima
2702 3440 2796 3494 lux
2817 3440 2927 3494 diei
2970 3446 3163 3512 aperte
3191 3444 3372 3498 valeat
3397 3446 3474 3498 vi-

1881 3528 2028 3585 deri.
2058 3527 2217 3591 Quod
2247 3527 2295 3581 si
2329 3527 2552 3597 quando
2582 3543 2695 3581 non
2725 3527 3267 3600 observatur,prima
3283 3536 3473 3587 tamen

1880 3633 2007 3671 cum
2035 3615 2250 3671 caeteris
2270 3616 2339 3669 ad
2358 3631 2481 3669 eam
2506 3616 2931 3686 pertinentibus,
2958 3634 3067 3671 non
3101 3618 3374 3675 diﬁ‘ertur.
3410 3622 3476 3676 In

1881 3706 1983 3759 tali
2011 3706 2171 3771 festo,
2204 3705 2262 3759 in
2284 3720 2394 3775 quo
2423 3720 2551 3758 cum
2579 3704 2797 3759 duobus
2827 3705 3128 3760 thuribulis
3159 3713 3245 3761 est
3283 3708 3475 3763 incen-

1882 3794 2144 3861 sandum,
2170 3794 2215 3847 si
2232 3794 2472 3847 domnus
2495 3793 2667 3847 abbas
2687 3809 2796 3846 non
2825 3795 3134 3848 cantavcrit
3148 3811 3404 3866 vesperos
3421 3802 3479 3851 et

1883 3882 2247 3947 matutinum,
2279 3882 2377 3935 sed
2398 3882 2656 3936 sacerdos
2688 3880 3177 3950 hebdomadarius,
3220 3884 3315 3954 qui
3345 3892 3479 3940 tunc

1883 3986 2008 4023 cum
2056 3986 2123 4023 eo
2176 3970 2449 4034 incensat,
2500 3972 2648 4024 hunc
2681 3987 2901 4041 quoque
2939 3972 3356 4042 apocrisiarius,
3415 3979 3481 4028 ut

1885 4059 2134 4129 praedixi,
2163 4059 2337 4113 alium
2366 4059 2587 4117 invitat.
2631 4061 2726 4113 sed
2758 4059 2827 4113 de
2855 4060 3031 4113 altero
3063 4061 3231 4114 choro
3266 4073 3278 4107 ε
3329 4063 3480 4133 quod

1886 4153 2096 4212 tamen,
2118 4147 2164 4200 si
2188 4147 2428 4201 domnus
2448 4148 2619 4202 abbas
2640 4165 2898 4219 vesperos
2920 4150 3326 4204 etmatutinum
3351 4167 3480 4206 can-

1886 4236 2113 4304 tavcrit,
2139 4251 2250 4290 non
2274 4237 2407 4290 facit
2430 4255 2442 4304 ;
2462 4237 2593 4307 quia
2613 4243 2749 4291 tunc
2769 4237 3237 4293 hebdomadarius
3255 4256 3383 4294 cum
3414 4257 3480 4296 eo

1888 4341 1953 4378 ex
1980 4325 2385 4379 consuetudine
2414 4325 2741 4385 incensabit,
2776 4326 2953 4381 Debet
2982 4327 3038 4381 in
3077 4328 3349 4382 memoria
3377 4330 3479 4384 ha-
3517 4344 3533 4362 -‘

279 4425 420 4479 Post
467 4420 915 4492 completorium,
949 4419 1191 4473 attendit
1234 4424 1297 4473 ut
1344 4418 1627 4490 portarius
1679 4434 1805 4472 cum
1889 4413 2039 4482 bere,
2100 4419 2165 4467 ut
2210 4413 2268 4467 in
2309 4414 2513 4484 vigiliis
2566 4416 2961 4486 principalium
3013 4418 3303 4482 festorum,
3355 4423 3483 4490 post

212 4513 427 4584 aliquot
455 4509 699 4565 ecclesiae
735 4509 1059 4563 custodibus
1087 4513 1262 4562 totam
1303 4513 1587 4575 scrutetur
1629 4493 2251 4568 eccle—Dmatutinum,
2294 4503 2354 4556 in
2391 4504 2595 4573 vigiliis
2651 4522 2780 4559 vero
2829 4506 3049 4570 talium,
3105 4507 3250 4561 sicut
3301 4514 3388 4563 est
3419 4510 3477 4565 S.

211 4602 371 4667 siam,
404 4615 475 4654 ne
502 4598 627 4667 quis
660 4598 807 4652 forte
834 4597 927 4651 fur
944 4596 1157 4651 latendi
1199 4596 1405 4650 habeat
1429 4596 1800 4649 occasionem.

215 4690 435 4746 Ostium
469 4686 731 4752 ecclesiaz,
765 4686 914 4757 quod
944 4691 1031 4740 est
1058 4690 1253 4739 contra
1282 4685 1589 4738 claustrum
1631 4700 1807 4754 pr0pe

217 4779 363 4849 quod
385 4780 509 4849 ejus
537 4783 622 4831 est
648 4777 843 4841 lectus,
874 4791 1160 4845 nunquam
1190 4774 1249 4827 in
1280 4779 1442 4827 nocte
1490 4789 1615 4827 sera
1644 4772 1808 4826 obﬁr-

215 4884 370 4922 maro
399 4865 627 4930 omittit,
667 4865 748 4918 ita
776 4869 841 4918 ut
871 4881 983 4918 non
1016 4863 1193 4935 possit
1214 4862 1450 4933 'absque
1478 4862 1630 4915 clave
1655 4878 1805 4915 rese-

217 4957 348 5019 rari,
376 4960 433 5010 et
458 4955 583 5025 ipsa
609 4953 778 5007 clavis
806 4952 876 5007 ab
903 4954 1024 5023 ejus
1052 4953 1229 5006 latere
1247 4967 1357 5005 non
1379 4950 1811 5007 recedit.Provi-

220 5045 312 5100 det
331 5060 555 5116 quoque
581 5042 638 5096 in
666 5042 823 5096 festis
854 5040 1167 5112 praecipuis,
1211 5046 1275 5094 ut
1307 5040 1379 5093 ab
1408 5040 1663 5110 ingressu
1693 5040 1809 5094 fra-

220 5138 369 5188 trum
400 5132 471 5187 ad
501 5138 805 5186 nocturnos
828 5146 1006 5201 usque
1044 5130 1111 5183 ad
1146 5130 1314 5182 ﬁnem
1345 5128 1578 5198 majoris
1605 5128 1806 5194 missae,

222 5223 329 5277 duo
358 5220 724 5293 supermajus
743 5220 921 5272 altare
950 5218 1095 5272 cerei
1117 5218 1381 5271 continuo
1402 5218 1662 5271 ardentes
1682 5234 1811 5288 per-

223 5316 492 5375 severent,
525 5308 670 5380 quod
696 5308 756 5362 in
781 5308 925 5371 aliis,
952 5323 1073 5377 quae
1098 5306 1156 5360 in
1183 5306 1372 5377 cappis
1405 5311 1668 5375 aguntur,
1696 5311 1816 5359 tan-

224 5406 339 5453 tum
370 5399 443 5451 ad
478 5396 708 5450 missam
740 5394 1089 5449 observatur.

282 5487 380 5541 Est
426 5485 773 5539 consuetudo
801 5485 860 5538 in
911 5489 1105 5538 octava
1156 5484 1534 5544 Pentecostes,
1570 5481 1625 5535 in
1672 5482 1813 5535 festo

226 5574 489 5629 Omnium
522 5574 879 5637 Sanctorum,
913 5573 972 5626 in
992 5572 1353 5629 Dedicatione
1384 5570 1648 5634 ecclesiae,
1681 5570 1813 5624 etin

226 5662 459 5718 summis
475 5662 651 5730 festis,
668 5669 731 5717 ut
743 5661 815 5716 ad
833 5661 1061 5715 tertiam
1076 5665 1481 5715 nocturnorum
1494 5658 1811 5725 lectionem,

1887 4592 2118 4647 Joannis
2149 4592 2429 4663 Baptistae,
2487 4593 2622 4648 dum
2665 4594 2867 4648 fratres
2900 4601 3033 4649 sunt
3072 4597 3129 4650 in
3160 4596 3476 4664 refectorio,

1889 4682 1976 4735 vel
2006 4682 2055 4735 si
2081 4680 2165 4735 bis
2181 4682 2448 4748 reﬁcitur,
2473 4689 2599 4752 post
2628 4699 2833 4737 nonam
2868 4684 3112 4738 dorsalia
3131 4687 3486 4756 suspendan-

1889 4776 1983 4824 tur
2020 4776 2077 4824 et
2122 4770 2326 4824 altaria
2356 4778 2761 4841 praeparentur,
2802 4779 2860 4826 et
2895 4773 2941 4827 si
2971 4774 3161 4844 vigilia
3188 4775 3384 4829 eadem
3422 4775 3484 4832 in

1888 4859 2181 4913 Dominica
2216 4860 2302 4912 vel
2342 4860 2400 4912 in
2427 4860 2539 4913 alia
2570 4860 2862 4915 duodecim
2898 4862 3201 4918 lectionum
3232 4863 3322 4918 die
3361 4881 3483 4920 eve-

1890 4948 2057 5013 nerit,
2090 4952 2221 5001 ante
2242 4948 2491 5017 vigiliam
2513 4951 2964 5019 suspendantur;
2999 4958 3052 5006 et
3084 4952 3131 5006 si
3160 4954 3364 5009 festum
3384 4955 3484 5010 ali-

1893 5037 2041 5108 quod
2079 5036 2374 5091 duodecim
2404 5037 2703 5091 lectionum
2732 5040 2987 5094 eamdem
3018 5041 3265 5110 vigiliam
3296 5043 3487 5099 subse-

1893 5126 2086 5198 quitur
2113 5142 2180 5180 ea
2209 5125 2317 5190 die,
2346 5125 2491 5179 sicut
2510 5142 2613 5179 nec
2651 5126 2799 5180 infra
2836 5128 3245 5184 hebdomadam
3268 5132 3486 5187 Nativi-

1893 5215 2027 5270 tatis
2058 5214 2298 5271 Domini.
2333 5213 2565 5268 Pascha:
2614 5221 2672 5269 et
2710 5216 3067 5271 Pentecostes
3098 5218 3345 5275 dorsalia
3375 5239 3486 5277 non

1896 5305 2280 5376 deponantur;
2315 5309 2371 5358 et
2398 5309 2459 5357 ut
2480 5303 2539 5357 in
2559 5303 2738 5358 tribus
2770 5304 2965 5359 diebus
2982 5307 3304 5362 eorumdem
3321 5310 3489 5366 festo-

1898 5393 2145 5464 rum,qui
2166 5393 2408 5464 primum
2439 5399 2771 5463 sequuntur,
2796 5400 2851 5447 et
2874 5394 2931 5448 in
2953 5399 3488 5455 commemoratione

1899 5485 1952 5537 S.
1988 5482 2150 5536 Pauli
2181 5482 2321 5535 nihil
2351 5483 2419 5535 de
2450 5483 2693 5537 ecclesiae
2714 5489 2988 5554 apparatu
3007 5484 3314 5540 minuatur.

1970 5570 2148 5625 Debet
2178 5572 2344 5625 etiam
2377 5570 2433 5624 in
2464 5572 2736 5626 memoria
2764 5572 2972 5628 habere
2993 5574 3220 5628 modum
3256 5578 3491 5647 quemli-

1896 5659 1992 5712 bet
2037 5658 2425 5725 festivitatum,
2457 5658 2518 5715 in
2545 5658 2747 5730 quibus
2789 5664 2913 5716 tota
2937 5662 3172 5718 ecclesia
3209 5664 3392 5735 palliis
3419 5668 3492 5724 sit
