3934 6366
545 355 680 414 1095

1587 353 1647 408 S.
1686 354 2078 409 GUlLLELMI
2115 355 2421 411 ABBATIS
2455 356 2795 411 HIRSAUG.

3671 360 3808 421 1096

539 481 774 535 missum
801 482 906 545 est,
939 478 1133 532 omnia
1155 478 1389 533 veniunt
1418 478 1490 533 ad
1520 494 1722 533 manus
1750 478 1926 550 ipsius
1955 480 2269 542 came-Ain
2297 487 2461 538 nocte
2487 482 2803 552 contigerit,
2834 483 2892 536 in
2928 487 3193 553 promptu
3238 481 3313 537 sit
3349 499 3418 538 ea
3454 487 3698 539 mutare.
3740 485 3809 540 Et

537 569 695 632 rarii,
727 585 830 622 nec
857 568 1159 632 immerito,
1194 567 1325 637 quia
1363 567 1687 638 frequenter
1728 568 1946 635 accidit,
1978 574 2043 622 ut
2063 569 2133 624 de

539 657 800 711 omnibus
845 656 1011 710 rebus
1066 657 1355 710 annuatim
1402 656 1759 710 nascentibus
1796 674 1995 727 parum
2030 659 2133 711 ha-

537 744 771 800 beamus
800 745 857 799 in
886 745 1195 798 subsidium
1227 745 1350 799 vita:
1381 746 1727 814 temporalis,
1761 752 1966 815 praeter
1984 746 2131 817 quod

538 833 785 887 denariis
841 838 923 887 est
975 834 1437 904 comparandum.
1485 834 1642 896 Quod
1689 850 1814 888 cum
1856 851 1957 904 per
1989 834 2133 888 vices

521 922 758 987 ,eveniat
794 922 862 976 de
909 922 1081 987 victu,
1123 921 1390 992 quidquid
1436 922 1507 975 ad
1557 922 1821 975 vestitum
1866 923 2131 993 pertinet,

538 1011 644 1065 hoc
672 1027 783 1064 non
816 1027 917 1082 per
963 1010 1107 1064 vices
1149 1010 1247 1064 sed
1287 1027 1512 1081 semper
1552 1016 1608 1064 et
1638 1028 1780 1082 pene
1808 1028 1874 1065 ex
1898 1017 2017 1066 toto
2048 1016 2129 1065 est

536 1099 995 1171 comparandum.

1060 1188 1293 1243 CAPUT
1339 1189 1612 1243 XXXVII.

538 1277 682 1345 Quid
709 1279 1012 1345 unicuique
1040 1279 1217 1345 fratri
1244 1281 1483 1344 singulis
1512 1281 1682 1332 annis
1711 1280 1773 1332 de
1800 1281 2134 1332 vestimentis

1183 1368 1489 1420 tribuatur.

610 1458 718 1517 (un.
776 1455 920 1523 var.)
967 1454 1215 1517 Quilibet
1255 1460 1444 1508 autem
1486 1456 1661 1507 frater
1703 1453 1927 1508 assidue
1968 1452 2134 1508 debet

535 1545 743 1600 habere
772 1558 949 1597 unum
977 1542 1243 1605 froccum,
1273 1548 1347 1599 et.
1382 1543 1430 1596 si
1472 1542 1592 1596 fieri
1624 1548 1825 1613 potest,
1859 1543 1998 1596 duas
2029 1559 2131 1596 cu-

535 1634 738 1689 cullas.
788 1632 1004 1694 Quibus
1048 1631 1315 1701 parandis
1370 1648 1403 1684 a
1444 1631 1692 1701 quolibet
1734 1631 1908 1685 fratre
1942 1637 2132 1685 vetera

535 1721 879 1776 camerarius
901 1719 1154 1789 requirit,
1185 1725 1248 1773 ut
1266 1720 1570 1773 secundum
1599 1736 1663 1772 ea
1686 1720 1952 1773 metiatur
1970 1736 2129 1773 nova.

2213 571 2575 637 camerarius,
2610 572 2657 626 si
2683 571 2773 625 cui
2795 571 3021 624 habenti
3049 572 3159 626 duo
3191 572 3429 641 pellicia,
3462 574 3582 627 vult
3606 574 3810 627 addere

2214 658 2397 711 adhuc
2439 675 2538 729 pro
2584 659 2970 712 misericordia
3007 665 3064 713 et
3106 661 3358 722 tertium,
3405 666 3506 715 aut
3556 661 3810 715 fasciolas

2216 752 2446 816 propter
2488 747 2656 801 tibias
2698 747 3068 811 inﬁrmantes,
3104 749 3171 810 is,
3208 750 3305 819 qui
3336 756 3667 819 accepturus
3703 756 3806 817 est,

2217 850 2251 886 a
2277 835 2462 904 priore
2491 836 2690 907 accipit
2719 836 3024 889 licentiam.
3054 837 3114 891 Si
3134 838 3219 890 cui
3252 854 3379 891 vero
3406 854 3579 892 unum
3605 855 3709 910 par
3725 855 3814 893 ca-

2214 922 2456 992 ligarum
2481 925 2551 978 de
2582 912 2821 995 pellibus
2850 926 3026 979 ovinis
3068 926 3239 979 etiam
3288 927 3409 981 sine
3453 927 3683 981 licentia
3717 945 3811 982 ca-

2216 1013 2492 1066 merarius
2530 1013 2766 1079 dederit,
2803 1021 3032 1085 prOpter
3056 1015 3162 1068 hoc
3189 1032 3300 1069 non
3327 1020 3577 1070 meretur
3604 1017 3813 1070 vellar—

2215 1100 2395 1169 giens,
2421 1101 2506 1154 vel
2541 1101 2809 1170 recipiens
2829 1102 3181 1172 reprehendi.
3215 1104 3236 1127 *
3267 1104 3463 1157 Frater
3493 1109 3680 1157 autem
3703 1106 3810 1159 fra-

2216 1188 2289 1241 tri
2337 1189 2644 1258 quamlibet
2686 1194 2897 1243 vestem
2945 1206 3104 1244 suam
3149 1196 3335 1261 potest
3371 1197 3657 1263 praestare,
3698 1210 3809 1248 non

2215 1282 2406 1331 autem
2457 1277 2667 1348 absque
2718 1278 2942 1332 licentia
2970 1279 3171 1349 prioris
3199 1279 3367 1334 debet
3399 1281 3554 1337 dare.
3595 1281 3811 1337 Debent

2215 1372 2403 1420 autem
2435 1367 2737 1437 unicuique
2767 1367 2908 1433 dari,
2942 1384 3065 1438 qua;
3092 1385 3206 1423 sua:
3226 1370 3561 1423 conveniant
3591 1373 3812 1441 quanti-

2213 1454 2317 1508 tati
2338 1455 2575 1509 simulet
2596 1456 3041 1526 qualitati.Quod
3063 1457 3109 1509 si
3129 1458 3808 1526 neglexeritcamerarius,

2214 1542 2284 1595 ab
2315 1544 2622 1613 accipiente
2640 1561 2808 1615 super
2824 1545 2928 1599 hoc
2947 1550 3132 1615 potest
3150 1546 3458 1600 admoneri.
3477 1547 3659 1619 Super
3674 1548 3809 1616 hﬂ‘C,

2215 1647 2338 1700 quae
2360 1632 2622 1701 praedicta
2646 1640 2797 1690 sunt.
2832 1634 3150 1704 quicunque
3178 1635 3419 1705 amplius
3448 1635 3581 1705 quid
3605 1636 3677 1690 de
3713 1636 3816 1691 hoc

2215 1736 2422 1789 genere
2447 1720 2652 1774 habere
2672 1722 2930 1786 voluerit,
2955 1722 3059 1776 hoc
3074 1724 3318 1792 profecto
3334 1739 3436 1777 nec
3458 1740 3558 1794 pro
3567 1725 3810 1794 justitia,

520 1812 753 1865 -Novum
778 1808 1078 1879 pellicium,
1113 1808 1160 1861 si
1197 1809 1319 1862 ﬁeri
1348 1814 1553 1878 potest,
1583 1808 1818 1877 singulis
1846 1808 2014 1862 datur
2040 1825 2142 1862 an-
2155 1833 2198 1890 Β
2218 1824 2319 1860 nec
2349 1825 2447 1878 pro
2477 1809 2881 1874 misericordia,
2913 1810 3009 1864 sed
3062 1827 3162 1881 pro
3192 1827 3398 1882 magna
3425 1820 3689 1867 censetur
3717 1830 3812 1869 su-

514 1898 641 1964 -nis,
675 1903 733 1951 et
761 1897 819 1950 in
849 1895 1150 1950 festivitate
1180 1897 1237 1950 S.
1278 1897 1584 1958 Michaelis,
1625 1898 1709 1950 vel
1740 1897 1979 1957 interim
1997 1898 2129 1951 dum

530 1991 842 2041 conventus
872 1985 1043 2039 fuerit
1066 1985 1138 2038 ad
1177 1985 1500 2055 prandium,
1533 1986 1762 2056 ponitur
1786 1986 1842 2039 in
1875 1987 1998 2055 ejus
2025 1987 2133 2040 lec-

535 2080 676 2129 tum.
701 2075 835 2138 Quae
864 2073 1212 2144 pelliciorum
1245 2073 2130 2128 distributioincamerariisolius

535 2169 622 2218 est
649 2162 902 2217 arbitrio.
937 2161 1021 2215 Ab
1052 2161 1190 2232 ipsis
1218 2168 1427 2225 autem,
1463 2161 1665 2232 quibus
1693 2163 1919 2228 dantur,
1940 2164 2023 2217 vel
2040 2180 2129 2217 eo-

533 2269 660 2306 rum
690 2256 888 2320 rogatu
919 2249 1241 2303 nominibus
1260 2250 1377 2303 suis
1393 2250 1462 2302 ab
1489 2251 1614 2304 aliis
1631 2252 1896 2305 notanda.
1918 2253 2128 2306 lterum

530 2340 592 2394 in
621 2340 762 2394 festo
796 2341 855 2393 S.
887 2338 1115 2393 Martini
1139 2338 1264 2391 novi
1277 2339 1507 2408 pedules
1529 2339 1599 2392 ad
1630 2340 1803 2393 lectos
1823 2345 2128 2409 ponuntur.

532 2429 599 2483 In
622 2427 792 2482 Coena
820 2426 1043 2481 Domini
1065 2432 1276 2489 autem,
1300 2427 1348 2480 si
1379 2427 1500 2480 fieri
1522 2432 1722 2498 potest,
1756 2430 2134 2483 calceamenta

538 2517 766 2582 dantur,
790 2522 848 2569 et
879 2516 983 2569 hoc
1012 2516 1196 2569 modo.
1222 2514 1556 2586 Priusquam
1581 2516 1781 2570 fratres
1809 2517 1878 2571 de
1898 2518 2133 2571 ecclesia

539 2604 778 2660 exierint
807 2621 975 2675 super
1004 2604 1244 2674 perticas
1274 2610 1390 2658 tres
1422 2622 1692 2675 suspensa
1720 2622 1753 2658 a
1790 2606 2013 2660 famulis
2036 2623 2133 2661 ca—

534 2694 763 2749 merarii
808 2693 864 2747 in
909 2693 1215 2763 capitulum
1246 2699 1636 2763 apportantur,
1684 2699 1741 2748 et
1785 2711 1955 2765 super
1991 2712 2131 2765 qua-

530 2788 662 2838 tuor
701 2783 859 2854 palos
900 2788 1063 2835 terrae
1119 2782 1316 2835 inﬁxos
1358 2782 1492 2853 ipsa:
1539 2783 1761 2852 perticae
1804 2783 2124 2837 mittuntur.

529 2873 836 2943 Postquam
884 2877 1073 2925 autem
1117 2872 1326 2941 regulae
1356 2872 1634 2925 sententia
1666 2873 1915 2943 exposita
1941 2873 2127 2936 fuerit,

523 2961 756 3032 jubente
785 2960 989 3013 domno
1018 2959 1237 3025 abbate,
1270 2961 1558 3030 consurgit
1575 2961 1917 3016 Camerarius
1939 2967 1993 3015 et
2020 2962 2129 3016 ad-

2215 1898 2553 1967 perﬂuitate.

2285 1986 2490 2041 Omnia
2534 1987 2755 2058 pellicia
2802 1992 2935 2042 sunt
2987 1988 3205 2042 velleris
3251 1988 3400 2049 ovini
3448 1994 3506 2045 et
3550 1993 3809 2063 caprini;

2213 2075 2559 2144 coopertoria
2592 2092 2721 2129 vero
2749 2084 2849 2129 aut
2896 2076 3045 2130 ovini
3080 2083 3180 2131 aut
3204 2078 3418 2142 cattini,
3451 2085 3552 2133 aut
3573 2081 3814 2151 leporini

2213 2170 2314 2217 aut
2338 2164 2555 2233 putonii
2583 2169 2639 2217 et
2667 2181 2954 2235 nunquam
2995 2166 3064 2219 de
3092 2166 3203 2220 ullo
3226 2183 3433 2236 genere
3462 2170 3697 2238 majoris
3717 2187 3814 2224 a23-

2213 2251 2543 2305 timationis.
2577 2253 2815 2307 Froccus
2845 2259 2903 2306 et
2929 2254 3149 2307 cuculla
3188 2253 3258 2307 de
3300 2255 3399 2307 tali
3437 2262 3570 2310 sunt
3599 2273 3808 2326 panno,

2213 2343 2381 2406 (van)
2411 2341 2575 2411 quale
2606 2341 2662 2394 in
2693 2342 2798 2394 hac
2823 2342 3108 2412 provincia
3126 2341 3593 2414 invenitur,quod
3616 2351 3809 2399 tamen

2213 2443 2325 2481 non
2352 2429 2426 2482 sit
2453 2429 2646 2498 agnini
2690 2430 2931 2494 velleris,
2967 2431 3050 2484 vel
3092 2431 3238 2484 alius
3264 2432 3518 2501 pretiosae
3558 2434 3808 2487 aestima-

2213 2516 2400 2569 tionis.
2431 2531 2528 2571 ω).
2582 2518 2639 2571 Si
2673 2518 2895 2588 quando
2924 2519 3038 2572 tale
3085 2519 3224 2589 quid
3267 2522 3678 2591 comparaverit
3723 2524 3810 2578 vel

2213 2606 2542 2671 vendiderit,
2601 2608 2945 2662 camerarius
2999 2609 3378 2678 negotiatione
3434 2626 3538 2664 sua
3582 2628 3649 2665 ex
3689 2617 3807 2666 toto

2212 2701 2462 2764 peracta,
2492 2697 2808 2763 mercatori,
2841 2713 2968 2750 cum
3001 2713 3110 2766 quo
3144 2698 3462 2767 negotiatus
3481 2704 3585 2763 est,
3601 2716 3807 2754 secun-

2212 2783 2343 2837 dum
2373 2785 2519 2854 quod
2543 2785 2828 2854 negotium
2852 2792 2955 2851 est,
2987 2792 3045 2839 et
3075 2777 3332 2856 persona,
3365 2787 3685 2856 aliquantos
3715 2789 3809 2843 ad-

2212 2872 2320 2926 huc
2349 2873 2532 2927 reddit
2563 2880 2761 2944 sponte
2787 2890 2891 2928 sua
2905 2875 3184 2933 denarios,
3215 2880 3441 2945 propter
3460 2876 3598 2931 illud
3622 2878 3682 2931 S.
3708 2878 3810 2931 Be-

2210 2961 2416 3014 nedicti
2446 2962 2817 3033 praecipientis
2844 2964 2968 3031 (Reg
2998 3003 3012 3029 ,
3047 2979 3094 3016 c.
3122 2963 3229 3027 57),
3255 2968 3321 3017 ut
3341 2980 3431 3017 res
3459 2969 3808 3019 nostrasem-

524 3051 682 3122 jutor
708 3049 902 3120 ipsius,
937 3066 1001 3103 ac
1032 3066 1132 3119 per
1176 3066 1272 3103 eos
1317 3051 1440 3119 ipsa
1481 3050 1857 3103 calceamenta
1888 3066 2185 3125 erogan-C
2212 3065 2311 3120 per
2328 3050 2603 3103 vendatur
2629 3051 2790 3107 vilius
2816 3067 2983 3121 quam
3015 3052 3255 3105 aliorum
3288 3052 3601 3106 hominum.

528 3145 643 3204 tur,
676 3138 921 3192 armario
950 3143 1008 3192 et
1036 3139 1158 3208 ejus
1188 3139 1447 3208 adjutore
1478 3154 1543 3190 ea
1572 3138 1925 3207 eligentibus,
1961 3146 2016 3193 et
2046 3140 2127 3193 eis

527 3228 600 3282 ad
626 3244 856 3281 manum
884 3225 1332 3295 suggerentibus.
1374 3226 1588 3290 Quibus
1620 3226 1853 3296 singulis
1883 3228 2128 3297 singulo-

527 3333 654 3371 rum
677 3317 913 3369 fratrum
942 3316 1173 3369 nomina
1204 3315 1261 3368 in
1284 3314 1564 3368 breviculo
1607 3321 1739 3369 sunt
1767 3317 2030 3386 ascripta,
2070 3322 2127 3370 et

526 3410 758 3471 assuta;
792 3408 1019 3474 excepto
1060 3403 1107 3457 si
1152 3404 1245 3474 qui
1286 3404 1503 3457 noviter
1525 3404 1849 3472 adveniunt,
1883 3421 2120 3475 quorum

526 3493 760 3549 nomina
785 3498 919 3547 tunc
945 3493 1112 3547 scribi
1141 3510 1253 3547 non
1274 3499 1528 3563 possunt.
1572 3494 1837 3564 Ideoque,
1860 3510 1983 3564 quae
2012 3493 2122 3548 illis

525 3589 658 3639 sunt
686 3582 891 3649 danda,
924 3582 1289 3651 singulariter
1316 3587 1450 3636 sunt
1477 3600 1767 3654 suspensa.
1795 3586 1936 3653 (υο.)
1961 3583 2120 3637 Acci-

520 3674 741 3745 pientes
770 3678 960 3727 autem
988 3689 1129 3726 nova
1165 3673 1222 3726 in
1265 3673 1457 3726 eadem
1495 3673 1634 3726 hora
1659 3672 1903 3726 reddunt
1933 3678 2123 3726 vetera

458 3754 469 3757 ’
522 3762 665 3817 bene
691 3761 909 3827 abluta;
943 3762 987 3814 si
1016 3766 1205 3814 tamen
1228 3761 1524 3831 plusquam
1553 3777 1728 3814 unum
1760 3777 1863 3830 par
1889 3759 2120 3813 diurna-

521 3852 659 3906 lium
679 3851 866 3908 habet,
888 3856 952 3904 ut
982 3850 1323 3921 pauperibus
1345 3850 1566 3903 dentur.

592 3942 672 3995 De
702 3940 996 3995 stamineis
1027 3946 1084 3994 et
1112 3939 1494 4007 femoralibus,
1526 3939 1611 3993 vel
1643 3939 1697 3992 si
1724 3956 1846 4009 qua:
1888 3943 2021 3993 sunt
2040 3939 2117 3992 si-

520 4029 699 4095 milia,
726 4029 867 4084 nihil
893 4028 1047 4082 aliud
1076 4032 1164 4082 est
1190 4028 1575 4089 constitutum,
1610 4044 1777 4098 quam
1812 4028 1956 4098 quod
1992 4043 2117 4081 cum

2281 3138 2512 3201 Quoties
2548 3139 2832 3209 loquimur
2870 3140 2929 3193 in
2967 3141 3213 3193 claustro
3269 3141 3388 3211 ipse
3435 3145 3521 3195 vel
3574 3141 3807 3213 adjutor

2209 3227 2349 3296 ejus,
2386 3226 2480 3297 qui
2510 3227 2719 3281 clavem
2767 3244 3002 3282 camerae
3038 3234 3244 3299 portat,
3277 3246 3565 3300 nunquam
3595 3231 3758 3286 deest
3785 3221 3798 3286 Ξ

2206 3321 2343 3369 tunc
2384 3316 2534 3369 enim
2581 3316 2877 3370 auditurus
2919 3324 3005 3370 est
3057 3333 3091 3370 a
3129 3317 3366 3387 singulis
3402 3320 3537 3389 quid
3570 3319 3667 3374 ille
3706 3327 3804 3376 aut

2207 3404 2343 3472 quid
2369 3404 2466 3458 ille
2487 3420 2626 3475 opus
2653 3405 2838 3459 habet.
2874 3405 3034 3469 Quod
3070 3406 3116 3460 si
3146 3407 3442 3478 aliquoties
3468 3409 3800 3479 neglexerit,

2203 3491 2562 3547 inclamatur.
2596 3493 2675 3547 Ea
2704 3500 2893 3548 tamen
2928 3495 3044 3549 vice
3091 3496 3234 3550 alter
3275 3513 3470 3551 eorum
3517 3503 3633 3551 stat
3669 3504 3802 3552 ante

2203 3595 2503 3645 cameram,
2536 3582 2675 3634 dans
2707 3582 3029 3651 quaedanda
3043 3589 3193 3646 sunt,
3224 3589 3288 3638 ut
3314 3585 3517 3638 fratres
3543 3590 3802 3657 tempore

2203 3668 2410 3721 silentii
2432 3670 2585 3739 loqui
2605 3686 2832 3724 necesse
2844 3687 2955 3724 non
2978 3671 3237 3726 habeant.
3260 3674 3280 3694 '
3299 3672 3589 3727 Interdum
3609 3682 3800 3728 autem

2202 3763 2389 3826 potest
2420 3756 2639 3812 evenire
2667 3764 2731 3812 ut
2757 3758 2962 3829 aliquis
2991 3760 3071 3813 vel
3105 3759 3376 3815 brevitate
3411 3764 3686 3833 temporis
3719 3763 3801 3817 vel

2202 3845 2314 3899 alia
2353 3846 2659 3917 impeditus
2710 3848 3060 3905 necessitate.
3097 3849 3143 3903 si
3177 3849 3308 3920 quid
3346 3866 3575 3905 necesse
3605 3852 3799 3923 habet,

2202 3950 2311 3987 non
2333 3936 2509 4005 possit
2527 3935 2846 4006 exquirere;
2875 3936 2963 3990 cui
2982 3937 3085 3990 soli
3106 3937 3251 4007 quod
3274 3938 3390 3991 vult
3418 3938 3597 4007 signis
3633 3941 3797 3994 inno-

2199 4029 2411 4077 tescere
2446 4041 2559 4078 non
2605 4025 2810 4078 valenti
2856 4025 3085 4079 omnino
3133 4042 3243 4079 non
3292 4034 3378 4080 est
3408 4027 3793 4096 interdictum,

516 4118 732 4174 fuerint
758 4118 1089 4185 inveterata,
1114 4134 1217 4171 nec
1232 4118 1411 4187 magis
1441 4118 1706 4187 proﬁcua,
1739 4117 1819 4170 eis
1838 4116 2043 4170 ablutis
2065 4121 2121 4170 et
2202 4113 2336 4182 quin
2361 4113 2638 4183 permissu
2668 4114 2959 4168 camerarii
2981 4119 3232 4185 tempore
3262 4123 3575 4186 opportuno
3606 4134 3795 4172 came—

520 4225 622 4279 per
660 4208 813 4278 ipsos
857 4206 1061 4260 fratres
1100 4207 1409 4260 camerario
1438 4205 1692 4268 redditis,
1721 4205 1832 4258 alia
1852 4211 1985 4259 sunt
2012 4206 2117 4259 tri-
2202 4218 2324 4254 ram
2376 4202 2727 4271 ingrediatur
2782 4208 2839 4256 et
2886 4202 3128 4257 breviter
3171 4205 3489 4259 necessaria
3521 4206 3796 4262 duntaxat

521 4296 760 4351 buenda.
812 4296 882 4349 Et
929 4301 991 4349 ut
1024 4297 1126 4349 hoc
1159 4297 1333 4349 semel
1362 4295 1542 4348 dicam
1581 4294 1715 4364 quid
1743 4295 1813 4348 ad
1845 4295 2112 4349 amictum
2199 4290 2498 4360 loquatur;
2526 4290 2573 4346 si
2614 4296 2803 4345 tamen
2841 4292 3143 4346 necessitas
3181 4292 3501 4360 imminens,
3536 4301 3595 4348 et
3615 4312 3794 4367 usque

518 4384 906 4454 unusquisque
938 4384 1173 4438 fratrum
1218 4383 1424 4437 habere
1467 4389 1651 4453 potest
1692 4383 2026 4453 regulariter
2056 4389 2115 4437 et
2195 4379 2263 4432 ad
2296 4380 2608 4449 proximum
2642 4386 2865 4451 tempus
2893 4381 3155 4451 loquendi
3190 4398 3299 4435 non
3333 4389 3518 4453 potest
3552 4384 3788 4439 differri.

520 4489 624 4544 pro
653 4473 1055 4527 consuetudine
1079 4472 1348 4542 generali,
1368 4472 1548 4542 primo
1564 4478 1696 4525 sunt
1712 4472 1835 4525 duae
1859 4472 2106 4537 cucullae,
2126 4460 2176 4518 Β
2266 4468 2480 4533 Frater,
2513 4469 2671 4538 cuius
2706 4469 2987 4539 Ρθιιίϐίυῐη
3026 4471 3108 4523 Vel
3138 4470 3479 4525 Stamineum
3507 4474 3595 4527 vel
3621 4474 3793 4528 femo-

517 4567 577 4616 et
602 4577 748 4616 unus
788 4561 1022 4626 froccus,
1055 4562 1164 4615 duo
1201 4559 1494 4623 staminea,
1535 4560 1758 4631 duoque
1800 4560 2107 4627 femoralia,

516 4650 627 4706 duo
650 4651 806 4722 paria
828 4652 1134 4719 calcerum,
1168 4667 1340 4703 unum
1365 4666 1493 4703 cum
1530 4649 1785 4719 corrigiis
1804 4650 1872 4703 ad
1896 4655 2106 4714 noctes,

516 4740 630 4794 duo
679 4740 838 4811 paria
876 4739 1207 4809 caligarum,
1268 4738 1378 4791 duo
1434 4737 1677 4808 pellicia,
1729 4739 2003 4809 capellum
2041 4739 2111 4793 de

514 4830 751 4901 pellibus
805 4829 984 4884 ovinis
1031 4828 1147 4882 sive
1187 4826 1431 4893 cattinis,
1466 4826 1713 4897 quinque
1749 4827 1905 4898 paria
1932 4828 2111 4899 pedu-

513 4919 673 4973 lium.
709 4919 793 4973 Ad
818 4919 1024 4972 lectum
1047 4916 1726 4987 capitale,c00pertorium
1745 4918 1908 4970 laneo
1924 4933 2110 4988 panno

511 5003 838 5069 obductum,
870 5018 1090 5072 sagum,
1116 4999 1551 5054 brachiolineum
1580 4999 1721 5066 (149.)
1743 5018 1850 5071 quo
1874 5001 2110 5055 femora-

509 5092 591 5146 lia
637 5088 1333 5161 succing11ntur,corrigia
1379 5089 1620 5155 cervina,
1654 5106 1762 5160 qua
1809 5095 1867 5143 et
1912 5090 2108 5143 stami-

509 5198 702 5245 neum,
726 5187 785 5234 et
820 5180 877 5234 in
905 5196 1017 5250 qua
1047 5178 1252 5249 pendet
1278 5178 1536 5233 cultellus
1565 5196 1692 5233 cum
1725 5179 1942 5248 vagina,
1976 5195 2108 5234 acus

508 5287 636 5325 cum
658 5269 751 5323 ﬁlo
776 5274 834 5324 et
862 5269 1084 5337 vagina.

581 5359 852 5431 Sacerdos
900 5363 957 5412 et
994 5358 1262 5411 diaconus
1305 5356 1487 5410 ofﬁcio
1542 5373 1644 5410 suo
1700 5356 1995 5427 fungentes
2039 5375 2102 5412 ex

2194 4555 2334 4610 ralia
2364 4556 2441 4611 ita
2470 4563 2605 4611 sunt
2633 4557 2909 4628 disrupta,
2942 4564 3008 4612 ut
3032 4558 3217 4613 adhuc
3255 4560 3478 4614 valeant
3507 4562 3789 4627 resarciri,

2193 4645 2440 4699 diluculo
2469 4647 2628 4717 ponit
2651 4663 2718 4701 ea
2746 4646 2802 4700 in
2834 4647 2955 4700 loco
2972 4649 3042 4702 ad
3055 4648 3159 4701 hoc
3180 4648 3468 4718 deputato,
3485 4656 3550 4704 ut
3562 4652 3791 4706 veniens

2192 4736 2415 4805 adjutor
2439 4736 2734 4791 camerarii
2768 4743 2952 4807 portet
2980 4738 3114 4793 toris
3137 4738 3203 4793 ad
3236 4745 3498 4795 sartores.
3524 4742 3658 4796 Post
3674 4760 3793 4797 ves-

2192 4841 2356 4895 peras
2385 4831 2574 4880 autem
2599 4832 2912 4896 reportans,
2948 4828 3169 4898 reponit
3199 4828 3259 4882 in
3290 4831 3549 4884 eumdem
3580 4831 3793 4897 locum,

2191 4919 2257 4966 ut
2299 4913 2369 4967 ab
2415 4931 2501 4979 eo,
2553 4915 2624 4968 ad
2682 4932 2849 4986 quem
2894 4917 3179 4987 pertinent
3228 4918 3590 4989 recipiantur.
3622 4920 3643 4941 *
3682 4921 3789 4976 Ubi

2192 5002 2481 5056 sciendum
2514 5008 2616 5066 est,
2656 5004 2805 5074 quod
2850 5009 2969 5057 tam
3023 5005 3079 5058 in
3125 5005 3418 5059 duodecim
3455 5007 3789 5063 lectionibus

2192 5107 2361 5162 quam
2409 5092 2466 5145 in
2515 5092 2747 5163 privatis
2786 5092 3002 5158 diebus,
3054 5110 3399 5165 quaecunque
3428 5095 3504 5149 ibi
3541 5098 3789 5167 reposita

2190 5186 2340 5246 sunt,
2386 5181 2606 5235 etiamsi
2655 5198 2768 5235 non
2806 5183 3205 5247 resarciantur,
3256 5189 3388 5237 ante
3430 5185 3786 5241 collationem

2185 5268 2355 5340 recipi
2387 5269 2645 5323 debeant.
2682 5270 2740 5324 Si
2785 5277 2975 5324 autem
3009 5272 3310 5342 aliquando
3342 5274 3594 5343 contigit,
3619 5281 3684 5329 ut
3711 5279 3789 5330 ab

2185 5360 2374 5431 aliquo
2414 5360 2752 5429 negligatur,
2799 5365 2925 5429 post
2974 5361 3402 5431 completorium
3450 5363 3508 5416 in
3536 5366 3780 5421 transitu

509 5448 913 5505 consuetudine
959 5448 1168 5501 habent
1195 5447 1304 5500 tria
1339 5446 1651 5511 femoralia,
1681 5452 1744 5500 ut
1770 5448 1817 5500 si
1858 5448 1989 5517 quid
2021 5448 2101 5502 eis
2182 5454 2369 5519 potest
2394 5447 2970 5518 recipere,dummodo
2990 5450 3354 5519 sequentibus
3367 5452 3539 5505 ullam
3559 5470 3773 5511 moram

579 5627 726 5697 ([42)
758 5628 898 5683 Vide
920 5630 1163 5685 indicem
1191 5647 1389 5685 vocum
1417 5626 1780 5685 exoticarum.
