3934 6364
127 667 245 716 ante
291 662 667 732 collationem,
728 668 816 721 vel
879 669 926 722 si
975 670 1034 724 in
1098 677 1343 730 crastino
1409 679 1706 735 duodecim

125 750 391 817 lectiones,
422 759 558 808 ante
574 772 831 826 vesperas
850 758 1070 814 auferre
1087 763 1423 819 meminerit.
1445 767 1705 823 Froccum

124 845 316 905 autem,
349 842 649 909 cucullam,
698 846 1148 920 stamineumque
1178 859 1233 905 et
1265 853 1574 921 femoralia,
1610 875 1704 913 ca-

122 927 246 997 ligas
273 929 463 995 etiam,
498 932 597 985 sed
622 948 733 987 non
752 934 1537 1012 nisiablutasibisuspendere
1557 946 1701 1000 licet.

125 1016 537 1087 Coopertorium
561 1036 691 1075 vero
722 1021 797 1076 ibi
826 1026 1091 1095 suspendi
1112 1044 1223 1082 non
1252 1029 1402 1085 licet.

185 1105 330 1159 Socci
348 1113 486 1160 sunt
511 1108 588 1162 ibi
617 1109 899 1180 abluendi,
935 1120 991 1167 ct
1014 1132 1183 1186 super
1208 1136 1445 1188 gramen
1475 1121 1706 1177 claustri

123 1192 182 1247 ad
218 1194 541 1251 siccandum
586 1201 850 1269 ponendi.
908 1203 1062 1257 Nihil
1104 1211 1295 1261 tamen
1346 1211 1597 1264 omnium
1645 1211 1704 1265 in

122 1281 394 1337 duodecim
424 1285 776 1354 lectionibus,
811 1292 895 1344 vel
924 1309 1050 1346 cum
1082 1298 1359 1364 processio
1391 1299 1596 1369 agitur,
1626 1300 1701 1354 ibi

122 1376 195 1423 est
220 1371 637 1431 dimittendum.
658 1377 766 1432 Sed
789 1386 845 1433 et
866 1381 970 1434 hoc
990 1383 1296 1447 sciendum.
1322 1388 1465 1457 quod
1482 1389 1539 1442 in
1570 1389 1701 1443 dor-

122 1458 327 1514 mitorio
355 1465 710 1534 coopertoria
740 1469 961 1523 nonnisi
1002 1472 1167 1529 ovina
1206 1474 1425 1529 inversa
1443 1483 1576 1531 sunt
1605 1495 1701 1532 su-

119 1548 438 1617 spendenda.
480 1553 781 1609 Sciendum
806 1574 1046 1629 quoque,
1080 1562 1228 1630 quod
1259 1564 1486 1634 adjutor
1513 1583 1701 1621 came-

118 1636 236 1689 rarii
258 1636 430 1693 vicem
461 1641 587 1711 ejus
617 1642 887 1711 absentis,
917 1647 1031 1701 sive
1060 1649 1208 1704 infra
1235 1651 1349 1705 sive
1395 1659 1549 1708 extra
1586 1656 1699 1709 cel-

115 1721 213 1776 lam
242 1741 338 1795 per
363 1728 561 1782 omnia
586 1731 754 1799 gerit,
782 1735 1072 1803 praesentis
1098 1754 1224 1791 vero
1253 1738 1401 1794 infra
1424 1742 1700 1798 ambitum

114 1812 247 1867 cellae
286 1819 535 1871 tantum.
563 1819 734 1874 Extra
762 1822 912 1878 enim
950 1826 1177 1895 prodire
1227 1844 1338 1882 non
1390 1832 1763 1911 praesumit,B

113 1898 207 1953 nisi
230 1904 408 1973 major
430 1906 694 1974 jusserit.

173 1987 396 2053 Quando
424 1993 635 2050 fratres
663 1997 886 2061 exituri,
916 2002 1004 2054 vel
1032 2002 1101 2057 de
1129 2003 1331 2061 itinere
1378 2008 1697 2073 redeuntes,

114 2074 544 2136 benedictionem
593 2085 891 2157 accipiunt,
919 2088 1068 2145 idem
1123 2094 1350 2162 adjutor
1404 2097 1701 2167 diligenter

112 2163 259 2221 debet
287 2171 628 2241 prospicere,
662 2175 757 2245 qui
798 2177 884 2231 vel
923 2184 1060 2248 quot
1107 2181 1309 2237 fratres
1368 2163 1700 2242 benedictio-

113 2269 224 2307 nem
249 2258 547 2329 accipiant,
577 2267 642 2315 ut
670 2263 739 2317 de
764 2265 920 2320 lectis
952 2267 1093 2322 sciat
1122 2270 1400 2327 ordinare.
1436 2275 1699 2331 Providet

113 2358 331 2415 quoque,
363 2354 427 2401 ut
455 2349 519 2402 in
538 2350 868 2408 dormitorio
908 2356 1210 2412 honestiori
1260 2361 1400 2420 loco.
1461 2365 1544 2417 vel
1583 2364 1694 2419 duo

114 2432 224 2487 lecti
264 2443 498 2507 propter
541 2438 789 2510 hospites
829 2460 1052 2515 semper
1093 2446 1207 2501 sint
1248 2451 1468 2519 parati;
1520 2453 1698 2508 Nemo

113 2520 258 2576 debet
278 2541 336 2578 se
359 2532 587 2580 mutare
617 2529 686 2583 de
715 2531 856 2586 lecto
889 2532 947 2586 in
972 2534 1198 2598 lectum,
1226 2539 1311 2592 vel
1340 2547 1552 2595 vertere
1569 2543 1696 2596 lecti

110 2618 258 2681 caput
291 2613 348 2667 in
397 2614 573 2670 aliam
631 2625 847 2688 partem
930 2622 1051 2677 sine
1103 2626 1222 2695 ejus
1275 2627 1539 2683 licentia:
1592 2631 1696 2685 sibi

109 2704 307 2755 tantum
344 2703 481 2758 licet
510 2705 569 2759 in
596 2707 924 2765 dormitorio
967 2712 1288 2782 hujusmodi
1335 2718 1535 2775 facere.
1570 2721 1695 2790 Ipse

111 2787 311 2845 etiamsi
338 2800 428 2847 est
454 2793 784 2866 impeditus,
818 2815 930 2853 non
959 2800 1036 2854 ibi
1084 2803 1281 2870 deerit,
1328 2806 1421 2860 ubi
1457 2787 1692 2880 quisque

110 2877 356 2943 exiturus,
390 2883 732 2939 vestimenta
771 2904 876 2941 sua
920 2893 1226 2960 componit,
1276 2896 1573 2964 providens
1620 2915 1692 2952 ne

109 2964 219 3033 plus
243 2968 454 3025 eisdem
479 2973 827 3031 vestimentis
851 2994 1041 3033 secum
1069 2980 1303 3049 deferat,
1339 3001 1508 3055 quam
1556 3003 1692 3041 usus

110 3059 156 3107 et
175 3059 473 3115 necessitas
503 3064 771 3132 postulat.

170 3146 313 3202 Scire
363 3149 537 3204 debet
573 3155 933 3223 camerarius,
983 3159 1133 3229 quod
1175 3160 1352 3216 frater
1399 3163 1755 3228 dimidiumC

109 3246 298 3289 annum
326 3238 410 3292 vel
440 3238 646 3307 minus,
679 3242 769 3296 hic
825 3243 884 3298 in
928 3249 1269 3303 monasterio
1303 3257 1403 3305 aut
1449 3252 1506 3305 in
1559 3253 1700 3307 cella

108 3320 276 3393 aliqua
315 3335 719 3393 commoratus,
746 3348 930 3403 neque
978 3335 1106 3390 hinc
1165 3338 1314 3405 illuc,
1340 3357 1521 3411 neque
1566 3342 1698 3397 inde

107 3408 202 3464 huc
218 3412 375 3482 juxta
403 3415 767 3473 festivitatem
799 3422 854 3476 S.
879 3423 1165 3480 Michaelis
1193 3444 1362 3483 causa
1395 3408 1697 3501 hyemandi

108 3498 179 3552 vel
205 3500 270 3556 de
292 3498 498 3559 caetero
528 3511 893 3577 permanendi
917 3528 981 3566 ex
1002 3518 1403 3572 consuetudine
1424 3519 1686 3588 mittitur,

107 3587 198 3642 nisi
225 3590 592 3659 indumentis.
627 3614 751 3668 quae
780 3615 844 3654 eo
869 3607 1120 3672 tempore
1140 3605 1407 3661 fratribus
1437 3625 1688 3662 commu-

106 3674 236 3730 niter
252 3688 561 3753 erogantur
578 3702 735 3756 aeque
759 3693 815 3743 et
841 3688 960 3760 ipse
982 3693 1271 3747 vestiatur.
1293 3696 1450 3759 Quod
1468 3697 1513 3750 si
1536 3697 1689 3767 prior

105 3765 166 3820 ad
190 3769 380 3825 cellam
401 3773 734 3844 neglexerit,
766 3781 823 3831 et
850 3777 1088 3834 fratrum
1108 3782 1353 3854 aliquem
1376 3786 1523 3839 circa
1538 3765 1701 3841 tem-~

105 3869 194 3923 pus
233 3861 582 3930 praedictum,
648 3866 929 3922 veteribus
974 3875 1031 3923 et
1090 3872 1297 3926 attritis
1351 3876 1694 3931 vestimentis

105 3942 341 4002 indutum
370 3949 484 4004 huc
510 3954 905 4022 transmiserit,
937 3958 1026 4012 hic
1056 3976 1091 4013 a
1121 3960 1328 4015 domno
1354 3963 1576 4031 abbate,
1607 3968 1692 4020 vel

106 4032 268 4100 priore
294 4054 380 4105 eo,
407 4040 559 4095 unde
584 4043 751 4107 venit,
776 4044 924 4100 sicut
946 4047 1160 4103 dictum
1217 4058 1321 4119 est,
1374 4055 1693 4110 vestiendus

105 4123 410 4191 remittitur,
442 4133 500 4182 et
528 4129 576 4183 si
609 4130 787 4186 visum
811 4133 999 4202 fuerit,
1034 4137 1219 4194 denuo
1270 4142 1453 4196 redire
1490 4145 1685 4214 praeci-

104 4209 255 4277 pitur.
312 4214 674 4274 Camerarius
714 4222 976 4291 przefatus
1018 4226 1185 4281 debet
1227 4230 1397 4283 etiam
1438 4209 1509 4286 ad
1547 4250 1685 4303 opus

105 4295 475 4359 itinerantium
500 4305 740 4363 fratrum
771 4328 977 4383 cappas
1011 4320 1068 4369 et
1096 4316 1371 4381 fasciolas,
1420 4322 1682 4387 calcaria,

104 4386 450 4457 chirothecas,
483 4400 541 4449 et
574 4396 800 4469 cingula
830 4418 843 4467 ;

103 4570 474 4638 superpellicia
526 4580 804 4645 quotquot
858 4584 991 4633 sunt
1047 4583 1379 4651 necessaria,
1451 4589 1680 4646 ostiario

103 4649 236 4708 dare.
267 4658 422 4714 Nulli
450 4661 600 4715 enim
628 4663 897 4733 litterato,
931 4668 1040 4722 nisi
1078 4671 1319 4727 clericali
1345 4677 1679 4736 vestimento

100 4737 310 4800 indutus
336 4747 432 4814 sit,
462 4747 522 4803 in
575 4752 870 4808 refectorio
929 4756 1058 4812 licet
1113 4762 1424 4817 comedere.
1474 4766 1678 4823 Vetera

101 4842 299 4903 quoque
322 4837 563 4892 fratrum
592 4841 927 4897 vestimenta
955 4846 1147 4901 usibus
1177 4865 1372 4905 eorum
1405 4869 1515 4907 non
1544 4863 1677 4926 apta

101 4915 288 4989 (siquae
314 4929 507 4981 tamen
541 4927 813 4997 fratribus
858 4934 1227 4991 exterioribus
1270 4915 1670 5014 superfuerint)

97 5011 412 5098 pauperibus
442 5015 845 5087 distribuenda,
883 5022 983 5076 dat
998 5024 1440 5098 eleemosynario
1462 5050 1473 5097 ;
1494 5011 1675 5089 arma;-

96 5091 165 5147 rio
188 5098 350 5156 etiam
380 5103 572 5173 pelles,
607 5107 833 5175 cultros,
866 5115 924 5165 et
961 5113 1193 5179 colores,
1236 5125 1292 5170 et
1327 5135 1673 5192 quaecunque

96 5180 155 5233 ad
180 5184 343 5245 libros
366 5193 741 5251 conciendos
769 5203 903 5253 sunt
930 5203 1244 5257 necessaria
1269 5223 1281 5272 ;
1314 5207 1672 5266 refectorario

98 5283 295 5344 quoque
330 5279 401 5333 ad
423 5297 562 5351 opus
584 5283 774 5340 domni
795 5287 1014 5343 abbatis
1045 5297 1103 5344 et
1128 5291 1415 5363 hospitum
1444 5296 1500 5350 in
1525 5300 1673 5353 refe-

97 5361 248 5416 ctorio
266 5369 695 5439 comedentium,
743 5375 854 5430 duo
881 5376 1077 5433 bacina
1104 5397 1229 5434 cum
1270 5387 1621 5456 manutergio
1646 5407 1658 5455 ;

100 5449 426 5518 etpraaterea
462 5456 775 5516 inrmario
823 5465 933 5519 alia
993 5467 1104 5522 duo
1146 5468 1361 5525 bucina
1406 5473 1474 5526 ad
1530 5491 1670 5546 Opus

99 5531 424 5599 infirmorum
452 5545 513 5600 in
540 5547 761 5604 lectulis
783 5552 1117 5621 jacentium.

1145 372 1564 436 CONSTITUT.
1607 379 1956 440 HIRSAUG.
2100 391 2235 446 LIB.
2278 396 2350 449 Il.

895 4402 965 4456 ad
1008 4419 1149 4475 opus
1178 4422 1307 4461 vero
1351 4408 1681 4464 clericorum
1764 4411 2029 4479 Iantibus,
2065 4432 2241 4486 usque
2265 4420 2399 4474 dum
2428 4425 2498 4479 ad
2545 4444 2606 4482 se
2644 4433 2848 4501 veniat,
2879 4440 2899 4460 '

103 4473 384 4549 hospitum,
418 4483 518 4554 qui
540 4484 617 4539 'in
657 4487 949 4544 refectorio
995 4473 1299 4564 aliquando
1351 4499 1672 4553 comedunt.
1693 4487 1741 4546 D
1763 4501 1845 4554 vel
1877 4473 2089 4557 rasoria
2123 4473 2326 4576 portat.

1748 5565 1930 5621 frocco
1970 5586 2090 5631 suo,

1788 789 1915 827 nem
1947 782 2004 830 et
2029 785 2160 833 ante
2190 785 2516 842 mandatum
2549 794 2818 860 providet.
2851 782 3007 855 Inter
3032 782 3233 862 caetera
3256 823 3384 881 per-

1785 862 1929 916 tinet
1950 865 2020 918 ad
2050 883 2177 921 eun)
2218 872 2385 926 etiam
2416 877 2486 930 de
2512 877 2832 949 fullonibus,
2882 890 3120 949 fratrum
3152 862 3386 956 lavanti-

1788 949 1892 1004 bus
1917 969 2149 1022 pannos,
2182 964 2238 1012 et
2265 966 2328 1013 ut
2354 979 2457 1032 per
2483 968 2704 1023 eosdem
2726 978 2994 1033 mensalia
3012 997 3078 1035 ac
3101 994 3386 1044 manuter-

1786 1037 1881 1106 gia
1908 1043 2209 1109 separatim
2234 1047 2310 1107 ab
2339 1051 2465 1106 aliis
2493 1058 2692 1123 pannis
2721 1061 2994 1121 laventur.
3024 1070 3140 1126 Hos
3157 1076 3385 1146 adjutor

1788 1128 1910 1195 ejus
1940 1130 2091 1183 omni
2108 1135 2276 1189 tertia
2301 1136 2442 1192 feria.
2466 1150 2590 1211 post
2617 1145 2984 1221 Evangelium
3031 1128 3383 1221 matutinalis

1785 1214 1968 1269 missae
2001 1218 2153 1274 ducit
2180 1222 2237 1276 in
2267 1225 2591 1293 claustrum.
2632 1242 2695 1289 ut
2723 1255 2938 1307 pannos
2966 1244 3203 1305 fratrum
3233 1255 3382 1309 acci-

1784 1304 1940 1372 piant
1968 1307 2037 1359 ad
2068 1308 2363 1367 lavandum
2391 1316 2460 1371 de
2483 1336 2631 1389 arca,
2666 1324 2723 1379 in
2755 1344 2866 1397 qua
2886 1348 3110 1405 semper
3137 1355 3171 1392 a
3189 1340 3380 1397 fratri-

1780 1390 1885 1445 bus
1906 1403 2172 1465 congesta
2195 1399 2574 1462 inveniuntur.
2599 1412 2801 1469 Curam
2825 1390 3046 1492 quoque
3069 1426 3239 1483 habet
3266 1446 3381 1487 non

1783 1480 2071 1537 minimam
2102 1486 2171 1541 de
2190 1492 2449 1549 omnibus
2477 1496 2832 1559 ferramentis
2850 1507 2907 1561 in
2930 1512 3172 1570 claustro
3192 1534 3382 1576 neces-

1781 1570 1966 1637 sariis,
1998 1573 2068 1627 de
2087 1578 2316 1632 rasoriis
2347 1582 2601 1653 fratrum,
2628 1598 2684 1643 et
2696 1592 2994 1666 forcipibus
3019 1608 3076 1656 et
3105 1604 3379 1663 linteami-

1782 1658 1946 1714 nibus
1975 1662 2046 1716 ad
2068 1680 2325 1722 rasuram
2354 1674 2783 1740 pertinentibus.

2294 1758 2529 1818 CAPUT
2564 1765 2868 1828 XXXVIII.

2150 1844 2221 1898 De
2248 1847 2428 1913 fratre
2457 1856 2558 1919 qui
2582 1866 2761 1913 servat
2791 1869 3010 1920 rasoria

1906 1928 1991 1982 Ad
2017 1932 2359 1990 rasoriorum
2380 1943 2689 1998 custodiam
2730 1951 3049 2019 specialiter
3086 1975 3231 2017 unus
3271 1964 3381 2020 fra-

1782 2018 1870 2068 ter
1895 2016 2196 2088 deputatus
2223 2029 2326 2077 est.
2360 2026 2461 2081 Hic
2490 2048 2556 2083 ea
2599 2044 2785 2091 servat
2820 2039 2874 2093 in
2904 2044 3126 2112 scrinio,
3160 2053 3379 2109 modico

1783 2104 2027 2173 quidem,
2076 2110 2196 2176 (un.
2250 2114 2393 2183 Var.)
2439 2119 2537 2173 sed
2553 2137 2679 2176 sera
2714 2127 2956 2195 firmato,
2980 2104 3129 2204 quod
3150 2104 3381 2208 ponitur

1781 2208 1941 2247 secus
1970 2195 2263 2253 introitum
2294 2200 2609 2262 dormitorii
2639 2228 2882 2275 sursum.
2907 2221 2929 2243 *
2963 2195 3168 2281 servat
3183 2235 3237 2282 et
3268 2231 3377 2285 lin-

1780 2286 1890 2348 tea,
1925 2283 2129 2339 ibidem
2159 2289 2326 2344 etiam
2353 2294 2569 2364 jugiter
2586 2316 2876 2373 suspensa,
2901 2310 2996 2379 qui
3016 2320 3148 2369 ante
3162 2322 3277 2372 tres
3291 2322 3378 2375 vel

1778 2374 2155 2440 quatuordies
2180 2395 2392 2435 rasurae
2416 2385 2679 2443 scrinium
2715 2400 2901 2461 portat
2947 2399 3005 2454 in
3044 2402 3376 2476 claustrum,

1781 2459 1915 2514 etin
1943 2479 2053 2516 una
2083 2473 2244 2535 parte
2281 2471 2438 2525 sedet
2478 2481 2637 2531 extra
2690 2492 3043 2555 conventum,
3070 2508 3266 2551 versus
3304 2499 3376 2553 ad

1779 2551 1980 2604 ostium
2012 2555 2240 2622 cellarii,
2265 2557 2386 2626 ipsa
2417 2566 2631 2621 rasoria
2655 2574 2905 2628 acuendo
2934 2582 2988 2631 et
3014 2587 3378 2654 praeparando

1778 2638 1848 2690 ad
1880 2639 1983 2693 hoc
2012 2658 2173 2712 Opus,
2207 2653 2411 2715 praeter
2431 2652 2571 2706 alias
2597 2656 2779 2721 horas,
2829 2638 3031 2733 quibus
3073 2638 3378 2730 cdnventus

1777 2726 1835 2779 in
1864 2728 2107 2785 claustro
2138 2735 2295 2789 sedet
2314 2737 2633 2819 abmissam
2658 2752 3072 2811 matutinalem:
3098 2776 3168 2814 ne
3185 2768 3379 2820 tamen

1773 2815 2069 2872 efferendae
2098 2820 2261 2885 desit,
2295 2813 2440 2880 sicut
2466 2846 2568 2884 nec
2596 2835 2913 2907 quisquam,
2948 2845 3377 2913 quiestinclau-

1774 2909 1909 2970 stro,
1944 2908 2092 2977 etad
2118 2910 2366 2966 officium
2391 2916 2781 2978 defunctorum
2812 2936 2937 2996 post
2962 2908 3078 2986 tres
3109 2936 3402 2995 lectiones'

1773 2992 1967 3048 licetei
1999 3012 2211 3053 vacare.
2247 3001 2391 3057 Huic
2445 3006 2636 3075 etiam,
2691 3012 2738 3065 si
2796 2992 2935 3086 opus
2990 3028 3092 3089 est,
3149 3026 3377 3098 adjutor

1775 3080 1960 3137 datur.

2309 3180 2560 3240 CAPUT
2593 3187 2839 3247 XXXIX.

2274 3268 2350 3322 De
2380 3287 2582 3329 rasura
2601 3279 2871 3344 fratrum.

1854 3350 1985 3418 (.)
2001 3352 2140 3406 Cum
2156 3355 2226 3409 ad
2243 3356 2345 3411 hoc
2361 3367 2588 3417 ventum
2608 3366 2795 3435 fuerit,
2811 3377 3075 3432 etrasura
3092 3385 3375 3450 generalis

1779 3436 1897 3503 at,
1933 3455 2194 3509 percussa
2220 3445 2413 3501 tabula
2436 3450 2491 3503 in
2519 3455 2782 3524 capitulo,
2808 3467 2865 3515 et
2883 3463 3016 3519 data
3042 3436 3376 3528 ligentialo:

1773 3529 1980 3597 quendi
1999 3529 2067 3584 de
2079 3548 2294 3600 rasura,
2317 3546 2586 3597 exeuntes
2599 3545 2667 3597 de
2681 3548 2926 3618 capitulo
2940 3552 3152 3613 faciunt
3171 3561 3372 3618 fratres

1772 3617 1931 3685 quasi
1953 3618 2093 3673 duas
2116 3621 2289 3678 lineas
2310 3627 2560 3690 sedendi.
2592 3617 2802 3691 scilicet
2830 3641 2899 3693 ad
2921 3647 3197 3702 cancellos
3225 3651 3372 3706 clau-

1775 3704 1897 3767 stri,
1932 3712 1989 3758 et
2009 3724 2180 3779 prope
2203 3728 2449 3782 murum,
2468 3723 2851 3794 unusquisque
2882 3727 2939 3781 in
2956 3732 3150 3787 eodem
3174 3737 3371 3794 ordine

1779 3807 1888 3860 quo
1919 3798 1976 3846 et
2018 3793 2077 3848 in
2125 3799 2369 3868 capitulo
2401 3818 2413 3852 :
2448 3805 2471 3827 *
2502 3806 2603 3860 hoc
2654 3820 2933 3883 caventes,
2963 3834 3034 3872 ne
3075 3822 3200 3891 quis
3248 3826 3364 3890 alii,

1775 3879 2103 3951 priusquam
2137 3888 2362 3954 sederit,
2387 3892 2609 3963 signum
2650 3901 2881 3956 radendi
2909 3879 3108 3964 faciat:
3136 3911 3280 3982 (01).)
3303 3879 3368 3970 In

1778 3984 1886 4022 una
1917 3970 2064 4025 linea
2093 3990 2127 4026 a
2154 3978 2421 4045 praedicto"
2443 3982 2634 4051 fratre,
2660 3987 2714 4040 in
2748 3991 2924 4046 altera
2957 4011 3084 4051 vero
3125 4000 3194 4053 ad
3243 4003 3366 4072 ejus

1775 4057 2033 4126 adjutore
2062 4061 2298 4131 singulis
2324 4068 2587 4126 fratribus
2616 4075 2840 4147 singula
2879 4082 3087 4138 dantur
3126 4057 3360 4146 rasoria.

1768 4145 2024 4203 Scutellm
2054 4156 2243 4205 autem
2269 4156 2484 4210 noviter
2501 4161 2704 4219 ablutas
2735 4184 2836 4236 per
2859 4170 3363 4246 elcemosynarium

1766 4234 2197 4303 dittribuuntur,
2223 4241 2365 4296 binis
2395 4250 2451 4298 et
2476 4247 2620 4304 binis
2641 4234 2894 4325 singula).
2925 4276 2956 4313 a
2988 4235 3119 4317 loco.
3137 4282 3237 4320 suo
3262 4284 3360 4323 ne-

1767 4339 2048 4394 quaquam
2070 4344 2130 4381 sc
2160 4333 2527 4403 moventibus,
2561 4341 2658 4394 sed
2684 4360 2808 4398 cum
2824 4347 3116 4419 disciplina
3129 4362 3364 4424 praesto-

2949 4440 3041 4510 qui
3097 4447 3361 4503 scutellas

1834 4589 2098 4647 Providet
2113 4601 2498 4655 autemcustos
2521 4607 2880 4677 rasoriorum,
2908 4621 2969 4669 ut
2988 4617 3212 4677 interim
3249 4623 3354 4679 lin-

1761 4681 1855 4731 tea
1868 4679 2297 4739 distribuantur.
2308 4685 2520 4744 Verum
2537 4694 2866 4767 priusquam
2880 4705 3124 4761 sedendo
3137 4718 3192 4763 et
3205 4711 3359 4767 incli-

1759 4767 1945 4820 nando
1966 4768 2201 4840 quisque
2215 4772 2318 4825 sibi
2334 4775 2466 4830 data
2477 4784 2801 4852 susceperit,
2827 4798 3088 4860 apportat
3102 4796 3352 4856 lexiviam

1758 4871 1881 4925 quze
1908 4863 2207 4929 antequam
2230 4862 2548 4931 pulsaretur
2570 4870 2637 4923 ad
2670 4874 2997 4945 capitulum,
3020 4882 3076 4937 in
3093 4890 3355 4958 congruis

1755 4943 1910 5009 locis,
1939 4962 2048 4999 non
2081 4952 2269 5003 tamen
2297 4960 2428 5007 ante
2455 4955 2601 5011 fores
2631 4943 2896 5033 ecclesiae,
2927 4943 3231 5030 camerarii
3255 4979 3351 5035 ad-

1748 5032 1937 5103 jutore
1952 5045 2286 5106 procurante
2308 5042 2487 5111 posita
2507 5051 2612 5116 est,
2634 5049 2705 5103 ad
2724 5052 3033 5113 radendum
3054 5078 3115 5115 se
3139 5032 3350 5137 przepa-

1755 5124 1975 5178 rat.Sed
1993 5126 2177 5179 nullus
2189 5135 2357 5199 caput
2367 5147 2528 5186 suum
2544 5136 2698 5204 prius
2711 5124 3189 5219 humectat,quain
3203 5124 3348 5224 psal

1757 5212 1944 5265 modia
1958 5213 2268 5284 inchoatur;
2283 5219 2469 5274 nullus
2490 5240 2710 5295 quoque
2727 5235 2857 5283 ante
2876 5235 3079 5290 ostium
3100 5212 3343 5300 ecclesiae

1758 5301 1842 5353 vel
1865 5307 1995 5356 ante
2017 5304 2319 5373 capitulum
2352 5310 2448 5362 sed
2471 5312 2539 5365 ad
2572 5314 2902 5381 radendum,
2944 5324 2988 5375 si
3021 5326 3154 5381 alibi
3186 5340 3343 5400 patet

1753 5389 2017 5457 spatium.
2040 5398 2169 5457 tuo.)
2188 5394 2452 5467 Quisquis
2470 5401 2887 5474 raditalterum,
2908 5389 3337 5477 froccumexuit.

1753 5483 1809 5530 et
1837 5477 1894 5531 in
1916 5482 2131 5535 cuculla
2158 5485 2340 5550 radit;
2391 5489 2484 5558 qui
2547 5508 2670 5546 vero
2730 5496 2965 5563 raditur,
3012 5504 3233 5560 raditur
3278 5512 3338 5566 in

2122 5575 2337 5629 cuculla
2360 5586 2548 5646 exuta,
2596 5588 2653 5636 et
2689 5600 2863 5656 prope
2908 5606 2969 5643 se
3006 5598 3334 5665 composita.

2129 5621 2337 5629 -.--..
2363 5621 2548 5646 ,
2908 5621 2969 5643 oc
3171 5621 3334 5654 .

157 5621 218 5680 In
242 5629 544 5690 Nativitate
573 5637 905 5696 Sanctorum
930 5643 1162 5701 Joannis
1181 5653 1239 5702 et
1265 5649 1426 5705 Pauli
1452 5650 1661 5708 faenum
1748 5655 1908 5719 Quod
1939 5657 1987 5711 si
2016 5659 2159 5716 forte
2184 5679 2286 5734 pro
2310 5665 2513 5723 lexivia
2532 5670 2630 5740 [.
2650 5621 3013 5753 ]

379 5747 388 5754 ,
405 5749 470 5754 __
625 5734 696 5754 .

314 5730 574 5796 ..
622 5734 738 5799 CL.

3024 5778 3101 5841 35
