3934 6412
451 436 591 497 1099

1475 437 1535 492 s.
1575 424 1966 491 GUILLELMI
2003 417 2306 490 ABBATIS
2344 414 2721 490 massae.-

3590 401 3737 488 illiti

446 561 817 635 apportanda,
846 561 965 633 ipse
1008 560 1288 617 cucullam
1340 558 1604 617 decenter
1651 554 2241 633 complicatamAlum’
2267 561 2458 614 tamen
2480 574 2590 629 quo
2621 554 2807 612 minus
2833 548 3178 612 semirasura
3205 530 3418 628 pateat,
3454 540 3738 627 quantum

448 668 641 707 secum
677 651 740 706 in
765 649 994 704 brachio
1022 653 1229 720 portat.

520 741 678 799 Inter
705 737 1015 815 radendum
1044 744 1307 793 cantatur
1335 738 1646 809 psalmodia
1700 732 1864 792 Verba
1904 753 2043 806 mea;

450 826 655 881 deinde
680 825 932 897 psalmus
959 828 1199 881 Laudate
1221 845 1238 889 ;
1264 827 1310 881 si
1333 827 1474 881 forte
1502 843 1569 880 ea
1595 827 1685 880 die
1702 831 1788 880 est
1814 843 1914 897 pro
1944 825 2051 880 cel-

445 914 654 968 lerario
681 914 1012 980 cantandus,
1034 915 1121 969 vel
1146 920 1273 970 tres.
1292 914 1496 986 psalmi
1525 915 1801 969 usualiter
1820 930 1924 985 pro
1942 915 2045 969 tri-

451 1002 734 1058 bulatione
763 1003 966 1074 aliqua,
1002 1009 1059 1056 et
1083 1003 1130 1057 si
1154 1020 1276 1074 quae
1308 1008 1442 1058 sunt
1468 1003 1794 1075 hujusmodi
1814 1010 1941 1074 post
1964 1019 2050 1057 ca-

447 1092 688 1163 pitulum
713 1092 981 1145 canenda.
1002 1091 1271 1161 Sequitur
1286 1108 1482 1146 cursus
1521 1091 1916 1146 canonicorum
1951 1107 2047 1146 eo-

445 1180 571 1234 dem
591 1180 922 1250 ordine,quo
940 1180 1010 1234 ad
1031 1196 1172 1250 opus
1183 1196 1453 1234 manuum
1470 1180 1707 1234 canitur.
1734 1178 1976 1249 Insuper
1988 1180 2047 1234 in

444 1268 556 1323 ﬁne
576 1268 778 1339 psalmi
795 1267 1101 1323 familiares
1117 1269 1397 1323 adduntur
1423 1268 1630 1338 absque
1646 1268 1854 1339 his,qui
1869 1268 1939 1321 ad
1958 1284 2047 1322 ve-

442 1373 634 1428 speros
644 1356 1169 1428 pertinent.Quibus
1184 1357 1354 1411 etiam
1371 1356 1494 1427 subj
1507 1362 1799 1426 unguntur
1819 1357 2039 1427 psalmi,

443 1445 600 1516 quia
624 1445 921 1515 prostratis
958 1446 1142 1500 solent
1185 1445 1426 1509 recitari,
1486 1445 1633 1499 sicut
1682 1446 1742 1498 in
1793 1451 2045 1515 tempore

442 1533 961 1603 Quadragesimali:
994 1533 1238 1604 exceptis
1275 1533 1627 1605 vespertinis.
1668 1534 1739 1587 Et
1787 1534 2044 1588 sacerdos

439 1621 932 1687 hebdomadarius,
957 1622 1054 1692 qui
1074 1623 1331 1676 collectas
1349 1622 1548 1676 dicitin
1573 1623 1758 1676 medio
1777 1622 2039 1690 fratrum,

439 1711 523 1765 ita
551 1709 717 1764 debet
743 1711 956 1775 sedere,
990 1715 1055 1764 ut
1081 1710 1151 1764 ab
1171 1710 1431 1765 omnibus
1443 1711 1617 1782 possit
1638 1710 1839 1764 audiri.
1866 1712 1934 1764 Et
1954 1710 2043 1765 hic

438 1815 607 1853 cursu
633 1797 814 1866 ﬁnito,
841 1803 1141 1869 antequam
1171 1800 1389 1870 reliqua
1433 1799 1744 1870 psalmodia
1791 1799 2038 1864 ﬁniatur,

2129 651 2317 718 potest
2353 644 2731 718 competentia
2771 639 2991 701 obtecto
3020 640 3253 700 chorum
3281 636 3476 699 intrat.
3500 637 3601 699 Sin
3631 648 3739 697 au;

2132 742 2265 801 tem,
2301 736 2493 790 statim
2525 736 2597 789 ad
2626 732 2797 789 ﬁnem
2835 735 2988 789 horia
3017 727 3320 805 egreditur,
3355 732 3413 787 iii
3444 726 3742 801 calefactu-

2130 825 2215 879 rio
2234 822 2381 877 infra
2410 822 2639 877 missam
2677 820 3093 892 perradendus;
3125 816 3274 893 quod
3305 816 3497 876 tamen
3542 812 3739 874 nullus

2130 912 2275 967 alius
2305 913 2427 967 sine
2452 912 2679 966 licentia
2708 910 2859 985 facit.
2887 909 3098 965 Verum
3120 908 3167 964 si
3187 906 3273 964 est
3286 914 3516 982 tempus
3541 910 3598 964 et
3615 902 3737 963 fra—

2129 1007 2245 1055 tres
2267 1004 2395 1072 post
2422 1005 2636 1054 sextam
2687 999 2756 1054 de
2783 998 3018 1073 ecclesia
3064 986 3365 1054 redeuntes
3394 1000 3455 1052 in
3485 994 3737 1054 claustro

2130 1091 2344 1155 sedent,
2378 1090 2467 1144 vel
2497 1104 2607 1160 quo
2636 1084 2896 1143 sacerdos
2924 1088 3222 1159 caiterique
3256 1086 3501 1143 ministri
3535 1086 3736 1142 altaris

2129 1179 2198 1233 ad
2231 1178 2459 1232 missam
2512 1182 2646 1232 sunt
2693 1176 2967 1255 vestiendi
3002 1182 3135 1231 ante
3163 1178 3380 1243 horain',
3423 1175 3571 1231 facta
3602 1170 3736 1231 ora—

2129 1268 2300 1331 tione,
2335 1268 2454 1320 tam
2504 1267 2605 1331 illi,
2653 1267 2750 1337 qui
2795 1266 3005 1337 forcipe
3048 1260 3270 1321 tonderi
3308 1260 3523 1331 volunt,
3559 1262 3735 1337 quam

2128 1358 2433 1411 semirasus
2464 1354 2523 1408 in
2573 1354 2842 1423 claustro,
2887 1353 3028 1421 loco,
3079 1369 3190 1425 quo
3217 1359 3274 1408 et
3300 1350 3477 1425 prius,
3498 1344 3739 1407 licenter

2126 1443 2233 1498 hoc
2260 1443 2490 1499 faciunt.
2514 1442 2601 1497 Ad
2622 1441 2915 1496 intervalla
2944 1448 3133 1497 autem
3158 1440 3215 1515 id
3241 1449 3329 1496 est
3346 1445 3475 1512 post
3497 1436 3732 1507 missam

2127 1538 2185 1587 et
2211 1538 2338 1604 post
2359 1546 2689 1603 percussum
2719 1530 3041 1603 cymbalum
3067 1526 3135 1585 ea
3163 1528 3255 1585 die
3284 1525 3344 1584 in
3373 1521 3733 1615 calefactat-id

2125 1621 2336 1693 absque
2364 1622 2592 1675 licentia
2621 1632 2748 1674 cum
2776 1619 2983 1691 forcipe
3005 1619 3240 1690 quilibet
3257 1607 3492 1674 tondere
3519 1607 3732 1691 potest;

2127 1711 2186 1764 Si
2209 1711 2304 1781 qui
2329 1727 2480 1777 vero,
2515 1708 2610 1781 qui
2639 1707 2745 1762 fuit
2783 1708 2843 1762 in
2893 1709 3157 1776 claustro,
3185 1718 3315 1763 eum
3342 1704 3533 1763 centeri
3569 1702 3736 1762 rade-

2123 1805 2339 1865 rentur,
2388 1799 2603 1853 irrasus
2648 1797 2979 1869 permansit,
3030 1794 3118 1851 vel
3166 1794 3236 1852 de
3284 1788 3375 1851 via
3411 1788 3565 1852 venit
3600 1792 3735 1868 post

438 1887 536 1941 alii
556 1887 830 1957 expedito,
858 1887 1032 1941 vicem
1060 1887 1227 1942 ofﬁcii
1255 1888 1342 1942 sui
1395 1888 1658 1958 injnngit,
1691 1892 1758 1941 ut
1809 1893 1866 1941 et
1919 1882 2281 1959 ipseBillam
2328 1902 2539 1942 rasurae
2586 1886 2802 1953 horam,
2836 1902 2950 1940 non
3002 1884 3124 1940 Sine
3164 1883 3409 1949 licentia,
3449 1900 3553 1940 nec
3591 1882 3735 1941 tunc

435 1975 559 2030 radi
584 1974 777 2046 possit.
808 1976 966 2031 Unus
995 1976 1081 2030 vel
1110 1977 1220 2031 duo
1249 1976 1547 2030 circatores
1598 1976 1855 2040 litterati,
1899 1976 2035 2030 dum

432 2064 746 2136 psalmodia
765 2065 1002 2131 canitur,
1020 2065 1386 2131 circumeunt,
1406 2070 1472 2118 ut
1482 2065 1683 2119 fratres
1695 2064 2036 2119 admoneant

431 2153 504 2207 ad
530 2153 902 2224 psallendum.
924 2153 1163 2209 Nonnisi
1190 2154 1351 2207 ﬁnita
1378 2150 1707 2225 psalmodia,
1736 2159 1873 2207 tunc
1902 2158 2032 2207 tan-

432 2240 561 2296 dem
590 2242 843 2308 radendi,
877 2241 947 2296 ab
961 2242 1257 2297 hocofﬁcio
1272 2248 1515 2297 cessant.
1559 2242 1616 2296 Si
1658 2241 1784 2312 quis
1805 2258 1905 2311 per
1939 2257 2034 2295 eos

431 2329 755 2400 admonitus
781 2331 1082 2385 emendare
1112 2330 1385 2401 quidlibet
1413 2330 1733 2400 neglectum
1763 2329 2026 2395 noluerit,

427 2417 516 2471 vel
544 2418 985 2473 admonitionem
1013 2418 1264 2488 graviter
1280 2418 1494 2484 tulerit,
1530 2434 1659 2473 raro
1685 2417 2032 2472 inclamatio-

429 2522 562 2561 nem
592 2506 808 2577 effugit.
832 2507 967 2572 Quae
986 2509 1305 2562 necessaria
1333 2512 1466 2561 sunt
1484 2524 1713 2572 rasurae,
1738 2507 1870 2561 licet
1897 2507 2034 2561 alte-

428 2609 556 2648 rum
577 2594 647 2648 ab
664 2596 839 2649 altero
854 2595 1031 2665 signis
1042 2601 1251 2667 petere.
1274 2596 1818 2663 (un.var.)Czeterum
1832 2610 2034 2665 usque-

426 2682 561 2737 dum
580 2684 892 2754 psalmodia
909 2684 983 2738 sit
1000 2690 1413 2748 consummata,
1432 2685 1542 2737 erit
1560 2700 1842 2738 summum
1868 2683 2034 2738 silen-

422 2771 588 2839 tium,
623 2772 732 2827 nisi
764 2773 861 2844 qui
890 2774 1055 2838 radit,
1091 2773 1372 2844 imprimis
1397 2773 1534 2827 dicit
1563 2774 1882 2834 Benedz'cite,
1914 2777 1972 2826 et
1998 2789 2032 2826 a

418 2861 669 2915 radendo
716 2863 1107 2934 respondetur,
1151 2863 1442 2919 Dominus.
1476 2862 1584 2926 Qui
1615 2861 1854 2928 raditur,
1886 2860 2029 2915 nihil

2121 1976 2263 2030 alias
2286 1993 2454 2046 quam
2486 1976 2545 2030 in
2570 1975 2925 2030 calefactorio
2954 1974 3175 2045 raditur
3205 1990 3218 2043 ;
3249 1970 3347 2028 ubi
3369 1970 3562 2030 tamen
3592 1969 3735 2045 qua:

2117 2065 2198 2118 vis
2250 2070 2503 2137 tempore
2550 2063 2878 2118 radentibus
2933 2063 3050 2118 sive
3107 2062 3318 2134 forbipe
3363 2062 3733 2119 tendentibus

2117 2152 2395 2207 silendum
2423 2159 2527 2208 est.
2562 2153 2697 2208 Post
2725 2169 2935 2207 rasurae
2972 2166 3254 2225 quemque
3283 2151 3430 2207 diem
3459 2148 3732 2223 superve‘-‘

2116 2243 2296 2309 niens,
2330 2243 2502 2298 etiam
2539 2243 2586 2298 si
2613 2243 2673 2299 in
2712 2242 3008 2298 duodecim
3059 2231 3413 2307 lcetionibus,
3440 2236 3589 2313 quod
3609 2242 3732 2296 non

2116 2331 2369 2399 feriatur,
2403 2332 2496 2399 sit,
2530 2338 2658 2403 post
2695 2330 3003 2403 capitulum
3046 2342 3172 2386 cum
3210 2331 3435 2386 licentia
3463 2328 3602 2385 item
3631 2325 3732 2384 ra-

2114 2422 2200 2477 dit
2233 2439 2245 2475 :
2280 2428 2570 2493 nunquam
2623 2426 2816 2475 autem
2857 2418 2915 2473 in
2943 2416 3238 2475 Dominico
3277 2419 3368 2475 die
3398 2414 3482 2474 νει
3523 2420 3582 2473 in
3610 2416 3729 2474 alio

2113 2510 2256 2565 fetto
2309 2503 2749 2580 processionum,
2804 2509 3059 2579 quamvis
3132 2508 3315 2563 eidem
3352 2498 3466 2562 non
3519 2506 3733 2563 debeat

2115 2598 2428 2667 interesse;
2469 2599 2563 2653 sed
2616 2599 2673 2652 in
2706 2596 2964 2668 sequenti
3017 2596 3107 2652 die
3148 2602 3277 2669 post
3325 2596 3729 2652 matutinalem

2114 2688 2365 2755 missam,
2395 2688 2592 2758 spatiis
2635 2685 3104 2757 competentibus.
3152 2686 3223 2740 Et
3264 2680 3313 2739 si
3343 2686 3470 2758 quis
3514 2672 3728 2741 nostrae

2113 2776 2562 2847 congregationis
2588 2775 2898 2831 monachus
2928 2770 3089 2830 extra
3134 2770 3391 2840 manens,
3422 2770 3482 2829 in
3519 2772 3727 2830 cellam

2111 2868 2303 2922 venire
2333 2868 2425 2921 die
2463 2882 2677 2921 rasura;
2700 2862 2785 2920 Vel
2815 2867 2873 2919 in
2906 2865 3271 2937 sequentibus
3302 2858 3496 2918 diebus
3542 2859 3731 2919 tribus

417 2948 690 3021 loquitur,
715 2951 825 3005 nisi
854 2951 1074 3006 cuculla
1094 2951 1346 3005 indutus.
1370 2950 1533 3004 Prius
1584 2966 1751 3004 nemo
1802 2951 2032 3021 capillos
2115 2957 2412 3028 disposuit,
2437 2955 2609 3010 etiam
2633 2954 2680 3009 si
2710 2954 2800 3008 die
2829 2950 2940 3008 alia
2965 2953 3173 3018 veniat,
3207 2964 3376 3023 quam
3404 2953 3606 3006 eadem
3638 2948 3738 3008 die
3792 2968 3805 2975 '

420 3055 549 3094 cum
565 3039 773 3110 forcipe
809 3040 1044 3094 tondere
1089 3040 1392 3110 praesumit,
1423 3055 1594 3108 quam
1626 3039 1939 3109 psalmodia
1959 3039 2035 3094 sit
2116 3060 2227 3116 qua
2274 3044 2509 3110 raditur,
2537 3060 2671 3098 rasu
2698 3043 2888 3097 venire
2938 3050 3056 3096 non
3101 3041 3412 3112 praesumit.
3452 3034 3733 3096 Similiter

419 3127 608 3182 ﬁnita:
634 3144 746 3200 qua
774 3128 935 3183 ﬁnita
965 3135 1022 3184 et
1050 3130 1199 3185 dicto
1229 3147 1257 3182 a
1285 3129 1470 3199 priore
1494 3129 1813 3195 Benedicz'te,
1847 3127 1905 3181 hi
1935 3129 2032 3199 qui
2057 3196 2092 3207 κ
2117 3139 2176 3188 et
2221 3134 2472 3189 exiturus
2502 3133 2593 3187 die
2649 3133 2767 3207 illa,
2823 3131 3182 3203 quantumvis
3231 3128 3398 3201 longe
3443 3125 3728 3200 proﬁcisci

418 3196 902 3282 necesse—habent,
934 3218 1135 3286 frocco,
1182 3196 1540 3289 quantumvis
1566 3216 1782 3270 fervida
1810 3216 1883 3270 sit
1922 3196 2026 3271 ξιξε-
2051 3196 2094 3255 C
2115 3206 2337 3284 debeat,
2370 3238 2554 3293 neque
2582 3200 2706 3275 radi
2733 3196 2865 3275 ante
2895 3227 3120 3292 tempus
3156 3196 3391 3288 rasurae,
3423 3196 3608 3290 neque
3642 3217 3727 3272 ir:-

419 3309 528 3372 tas,
559 3322 688 3359 cum
733 3306 951 3360 cuculla
1004 3306 1267 3361 reinduta
1321 3321 1493 3376 prope
1547 3304 1857 3372 cellarium,
1914 3321 2026 3360 non
2112 3326 2281 3366 rasus
2314 3309 2483 3365 debet
2503 3311 2671 3376 exire,
2713 3308 2821 3363 nisi
2870 3324 2972 3380 pro
3001 3304 3209 3379 magna
3245 3298 3582 3362 necessitate
3595 3306 3729 3379 jus:

420 3393 581 3458 alias,
607 3392 817 3464 forcipe
843 3395 1094 3450 tondent.
1131 3394 1406 3450 Similiter
1449 3399 1507 3448 et
1544 3395 1640 3465 qui
1672 3394 1867 3447 volunt
1889 3398 2027 3448 tunc

419 3482 650 3538 tandem
677 3482 735 3536 in
756 3482 936 3538 frocco
962 3484 1083 3538 sine
1112 3485 1328 3539 cuculla
1348 3484 1517 3554 caput
1543 3484 1752 3551 lavant,
1784 3484 1831 3536 si
1857 3499 1921 3535 ex
1943 3488 2026 3537 to-

418 3577 480 3626 to
515 3575 649 3625 sunt
674 3571 787 3625 rasi
817 3588 831 3625 :
865 3572 953 3626 sin
982 3578 1191 3637 autem,
1234 3588 1348 3627 non
1374 3572 1651 3635 lavantur,
1686 3571 2022 3642 priusquam

419 3660 715 3717 radantur.
746 3660 944 3715 Caeteri
966 3662 1076 3716 rasi
1104 3662 1185 3715 sic
1212 3661 1428 3726 sedent,
1452 3667 1519 3715 ut
1542 3660 1692 3715 inter
1715 3676 1811 3714 eos
1834 3660 2026 3714 nullus

418 3748 603 3815 radat,
634 3764 737 3803 nec
761 3749 882 3803 sine
910 3748 1084 3804 libris.
1115 3750 1185 3804 Et
1203 3750 1308 3804 hoc
1327 3748 1614 3804 sciendum
1638 3748 1783 3819 quod
1803 3747 2027 3818 juvenis

420 3837 709 3893 custodem
748 3854 910 3893 suum
944 3838 1102 3910 prius
1124 3855 1234 3893 non
1257 3838 1423 3905 radit,
1457 3854 1628 3907 quam
1654 3837 1774 3908 ipse
1805 3836 2036 3891 radatur

420 3923 490 3979 ab
517 3940 603 3993 eo,
629 3930 825 3997 postea
849 3931 907 3980 et
934 3925 1107 3981 alium
1128 3925 1458 3997 quemlibet,
1490 3941 1605 3979 non
1647 3930 1841 3978 tamen
1878 3925 2036 3994 juve-

419 4028 549 4069 nem
581 4030 711 4069 cum
740 4015 969 4070 licentia
996 4015 1244 4069 custodis
1312 4013 1509 4067 radere
1560 4018 1764 4082 potest,
1812 4017 1870 4066 et
1913 4011 2034 4083 ipse

421 4102 677 4175 quamvis
714 4120 1005 4175 nunquam
1046 4120 1174 4158 cum
1225 4103 1400 4157 linteo
1456 4101 1760 4167 radendus,
1792 4101 2027 4155 licenter

425 4195 612 4247 tamen
641 4209 708 4247 eo
738 4194 921 4247 utitur
947 4192 1153 4264 forcipe
1184 4191 1520 4246 tondendus.
1550 4190 1779 4245 Caeteris
1832 4196 2024 4245 autem

413 4280 736 4350 junioribus
769 4283 941 4337 etiam
966 4283 1034 4337 ad
1065 4281 1375 4337 radendum
1406 4278 1733 4334 conceditur
1760 4279 2017 4345 linteum,

2108 3417 2223 3467 sus,
2256 3398 2335 3454 sic
2369 3404 2430 3453 ut
2457 3404 2588 3453 ante
2639 3410 2856 3453 coenam
2899 3396 3087 3469 speret
3132 3394 3337 3451 redire.
3368 3394 3487 3451 Nae
3528 3392 3728 3467 quam:

2106 3505 2275 3560 quam
2291 3506 2486 3543 eorum
2504 3486 2589 3543 vel
2609 3486 2872 3551 aliorum,
2906 3487 3002 3541 sed
3021 3502 3204 3558 neque
3228 3485 3415 3557 ipsum
3446 3478 3720 3563 priorem,

2108 3575 2217 3632 nisi
2254 3577 2492 3632 novitios
2541 3590 2607 3631 ex
2643 3574 2974 3631 obedientiae
3020 3586 3135 3630 suae
3173 3574 3303 3645 jure
3343 3566 3495 3628 radit
3531 3566 3724 3629 ‘custos

2107 3666 2482 3733 rasoriorum';
2527 3665 2625 3719 sed
2657 3666 2778 3735 quae
2799 3665 2858 3718 in
2881 3672 2985 3718 sua
3003 3664 3137 3717 sunt
3164 3656 3419 3727 custOdia
3449 3657 3724 3717 radendlé

2109 3755 2394 3809 ministrat
2436 3754 2773 3809 necessaria.
2808 3747 3067 3808 Scutellae
3109 3760 3241 3806 vero
3278 3748 3382 3825 per
3417 3742 3726 3822 eie‘emos'r

2117 3843 2337 3899 narium
2367 3843 2699 3898 ministrata;
2711 3841 2925 3914 jugiter
2944 3836 3184 3896 eruntin
3200 3834 3574 3907 calefactorid,
3596 3835 3725 3911 quia

2114 3933 2204 3988 his
2229 3932 2576 4000 necessariae,
2599 3931 2646 3987 si
2668 3931 2766 4005 qui
2793 3928 2960 4003 irrasi
2981 3923 3405 4001 superveniunt.

2720 4018 2956 4075 CAPUT
2993 4018 3108 4074 XL.

2326 4110 2486 4179 ,ρων
2513 4113 2628 4164 sint
2655 4112 2794 4164 vices
2832 4106 3072 4163 rddendi
3096 4122 3200 4176 per
3231 4100 3471 4162 annum.

2179 4200 2294 4269 (un)
2334 4199 2498 4254 Vices
2544 4202 2737 4254 autem
2767 4194 3001 4252 radendi
3038 4190 3124 4251 hie
3165 4190 3299 4250 sunt
3334 4188 3438 4267 per

2105 4288 2294 4343 Primo
2336 4292 2470 4343 ante
2497 4287 2746 4359 vigiliam
2766 4285 3013 4353 Domini,
3036 4282 3186 4339 intér
3209 4280 3380 4358 quam
3409 4278 3469 4339 et
3494 4275 3721 4355 septas:

418 4369 633 4439 siquod
655 4371 995 4441 superfuerit
1012 4369 1344 4426 senioribus.
1362 4367 1615 4433 Rasoria,
1642 4382 1766 4438 quae
1785 4367 2021 4438 quisque
2104 4377 2377 4449 gesimam
2407 4377 2542 4449 quia
2592 4388 2705 4432 non
2753 4390 2976 4446 semper
3024 4367 3148 4445 pari
3176 4368 3341 4427 modo
3386 4364 3718 4443 septimanﬁ

417 4458 491 4512 ad
518 4458 781 4513 ultimum
817 4456 1094 4527 habuerit,
1138 4459 1347 4513 siccata
1371 4457 1442 4511 ad
1475 4455 1744 4511 scrinium
1774 4461 2025 4527 reportat
2105 4467 2441 4537 contingunt
2467 4470 2649 4537 neque
2678 4464 2868 4537 plures
2897 4458 3085 4534 héqué
3130 4454 3444 4534 Ρξιῇδίοὶέεε,
3478 4454 3559 4515 ibi
3583 4452 3717 4516 hut;

415 4551 545 4615 post
571 4546 770 4602 horam
800 4550 1112 4620 proximam
1143 4565 1177 4601 a
1205 4548 1378 4601 fratre
1406 4545 1751 4601 rasoriorum
1794 4545 2025 4600 custode
2041 4548 2193 4610 Dlus
2213 4548 2489 4610 terminus
2504 4553 2735 4610 omnino
2758 4557 2844 4607 est
2856 4552 3119 4624 pmﬁxu‘s
3143 4568 3157 4619 ;
3193 4544 3291 4606 Sed
3312 4545 3468 4622 prior
3487 4541 3716 4604 tantum

413 4634 622 4690 inloco
651 4642 919 4692 consueto
956 4635 1350 4707 recolligenda,
1376 4634 1485 4688 nisi
1530 4651 1653 4705 quae
1709 4634 1855 4688 forte
1910 4634 2025 4688 fra-

2121 4645 2424 4700 :onsiderat
2433 4642 2711 4716 quOmodo
2732 4634 3137 4713 competentius
3155 4634 3467 4694 secundum
3488 4628 3716 4709 tempus

415 4723 602 4779 tribus
630 4727 1002 4796 perradendis
1029 4727 1090 4779 in
1137 4724 1515 4789 calefactorio,
1540 4721 1638 4777 ubi
1668 4728 1727 4777 et
1753 4722 1930 4777 lintea
1954 4721 2026 4776 ab
2107 4746 2304 4789 rasum
2332 4733 2454 4788 ﬁeri
2496 4731 2696 4786 valeat,
2728 4734 2751 4757 α
2779 4726 3057 4785 Veniente
3095 4726 3227 4784 varo
3283 4720 3711 4800 septuagesima

416 4813 614 4869 θοάθω
644 4816 714 4869 ad
736 4815 1059 4870 είοθαηάιιω
1090 4819 1226 4869 sunt
1246 4828 1540 4884 suspensa:
1566 4826 1693 4867 Cum
1721 4811 2024 4883 forCipibus
2107 4823 2177 4877 de
2206 4822 2321 4877 vice
2347 4822 2417 4876 ad
2443 4821 2622 4878 vicem
2647 4825 2763 4876 tres
2809 4814 3139 4890 septimanae
3167 4810 3391 4888 semper
3425 4808 3716 4871 intermit-

414 4901 842 4974 Palinquantur.
2102 4916 2321 4977 tuntur,
2354 4912 2533 4982 usque
2560 4909 2632 4963 ad
2678 4909 2907 4980 pascha;
2953 4909 3099 4962 Ante
3128 4896 3336 4978 paSchﬁ
3373 4895 3434 4960 iii
3476 4893 3715 4960 sabbati}

490 5002 606 5056 Nec
635 5003 741 5057 hoc
765 5001 1044 5056 silendum
1071 5005 1175 5067 est,
1205 5000 1252 5053 si
1277 4999 1400 5071 quis
1431 5000 1649 5066 radere,
1670 5016 1796 5054 eum
1822 4999 2017 5070 possit,
2104 5005 2316 5067 sancto,
2349 5000 2448 5056 sed
2468 4998 2680 5070 absque
2709 4991 2882 5053 cursu
2903 4992 3322 5052 Canonicorum'.

407 5117 524 5158 non
551 5097 672 5152 vult
699 5095 933 5159 discere,
957 5098 1121 5164 potus
1148 5093 1329 5163 portio
1357 5082 1545 5147 ei'non
1574 5094 1743 5148 datur
1792 5093 1851 5145 in
1896 5092 2023 5164 ipsa
2174 5089 2261 5144 Ad
2294 5089 2522 5144 initium
2545 5086 2781 5142 radendi
2801 5082 2979 5141 semel
3005 5101 3040 5139 a
3075 5078 3267 5157 priore
3293 5076 3489 5139 tabula
3506 5072 3711 5164 psi-cm

406 5190 498 5246 die
548 5200 778 5241 rasurae.
831 5182 887 5237 Si
941 5162 1013 5235 ad
1049 5162 1299 5253 aliquam
1345 5182 1542 5235 horam
1595 5182 1871 5251 pulsatur,
1919 5162 2018 5253 qui
2098 5178 2261 5245 titur,
2320 5182 2379 5233 et
2427 5183 2624 5249 postea
2670 5168 2958 5231 silentium
3014 5172 3289 5239 servatur,
3338 5166 3520 5243 hSqiie
3573 5162 3712 5224 “dum

402 5275 645 5333 necdum
686 5272 885 5326 radere
912 5271 1334 5337 inchoaverunt,
1375 5271 1432 5324 in
1477 5271 1713 5323 chorum
1762 5268 2013 5337 veniunt,
2099 5269 2261 5339 juxta
2276 5267 2444 5321 ﬁnem
2467 5256 3108 5334 rasurae,(UD.)apriore
3128 5261 3448 5325 Benedicite‘,
3464 5254 3707 5339 dicatur.

404 5365 504 5422 sed
524 5364 595 5418 ad
625 5378 816 5433 pacem
848 5377 960 5414 non
991 5359 1319 5431 procedunt.
1344 5360 1518 5412 Porro
1548 5358 1854 5410 semirasus
1884 5357 2010 5426 qui-
2091 5355 2295 5412 Postea
2324 5355 2531 5427 pascha
2568 5354 2639 5408 ad
2695 5351 2853 5408 illam
2902 5340 3251 5409 Dominicam
3279 5367 3291 5403 ι
3323 5338 3708 5433 Misericordia

403 5457 485 5510 vis
507 5425 751 5509 froccum
781 5449 965 5506 induit
983 5425 1040 5505 et
1061 5449 1132 5503 ad
1148 5447 1435 5502 ecclesiam
1460 5446 1800 5516 pergit,‘non
1820 5425 2011 5498 tamen
2091 5425 2343 5502 Domini.
2368 5445 2514 5500 Ante
2568 5440 2891 5512 rogationes
2928 5440 2988 5495 in
3034 5440 3135 5496 illa
3173 5434 3317 5493 feria
3364 5426 3570 5507 quinta
3599 5453 3613 5503 ;
3658 5425 3708 5489 si

403 5543 720 5613 ingreditur
748 5542 1001 5604 chorum,
1036 5538 1133 5592 sed
1164 5542 1276 5592 stat
1303 5537 1360 5589 in
1382 5540 1596 5588 secreto
1632 5534 1822 5603 aliquo
1852 5550 2009 5587 seor-
2088 5538 2284 5589 tamen
2321 5533 2478 5588 nulla
2530 5531 2835 5585 festivitate
2877 5520 3288 5586 interveniente
3336 5517 3701 5613 praepeditum

404 5606 529 5682 sun]
559 5646 572 5681 :
606 5634 665 5681 et
692 5629 833 5681 hora
863 5626 1040 5689 ﬁnita,
1072 5624 1119 5678 si
1164 5628 1496 5693 accepturus
1532 5626 1617 5675 est
1664 5619 2005 5674 benedictio-
2089 5625 2237 5678 Ante
2265 5626 2646 5695 pentecostem
2692 5619 2834 5674 feria
2870 5616 3088 5692 quinta.
3139 5616 3226 5672 D'e
3268 5622 3382 5687 qua
3417 5606 3531 5680 di‘e',
3568 5606 3705 5759 tigni

404 5734 550 5759 nam.
584 5719 765 5759 nnnitn
787 5717 1009 5759 nn'irlnm
1041 5732 1152 5759 nnn
1183 5704 1467 5759 nanum-tn-
1502 5714 1596 5759 and
1625 5713 1773 5759 infra
1817 5706 2004 5759 canel-
2086 5718 2284 5759 rursus
2302 5708 2535 5759 “dime
2560 5713 2696 5759 sunt.
2720 5701 3054 5759 septimam
3077 5708 3258 5759 118mm
3275 5691 3580 5759 adW
3682 5718 3698 5757 ι

401 5734 554 5784 nem,
584 5719 765 5788 capite
787 5717 1014 5787 quidem
1041 5732 1156 5770 non
1183 5691 1467 5786 cooperto,
1502 5714 1601 5771 sed
1625 5713 1773 5769 infra
1817 5706 2004 5786 capel-
2086 5691 2286 5769 rursus
2302 5708 2535 5767 “diversa
2560 5713 2696 5764 sunt
2720 5691 3054 5782 septimum
3077 5708 3258 5780 usque
3275 5700 3350 5761 ad
3366 5691 3580 5760 festum
3596 5691 3698 5759 SS;
