  <div class='ocr_page' id='page_1' title='image "/cluster/home/n/w/nwhite01/storage/ocr_20150623/150/umn.31951002477443u/626.png"; bbox 0 0 3934 6384; ppageno 0'>
   <div class='ocr_carea' id='block_1_1' title="bbox 146 410 265 485">
    <p class='ocr_par' dir='ltr' id='par_1_1' title="bbox 146 410 265 485">
     <span class='ocr_line' id='line_1_1' title="bbox 146 410 265 485; baseline -0.008 -3"><span class='ocrx_word' id='word_1_1' title='bbox 146 410 265 485; x_wconf 73' lang='lat' dir='ltr'><strong>ubi</strong></span> 
     </span>
    </p>
   </div>
   <div class='ocr_carea' id='block_1_2' title="bbox 1145 410 2348 482">
    <p class='ocr_par' dir='ltr' id='par_1_2' title="bbox 1145 410 2348 482">
     <span class='ocr_line' id='line_1_2' title="bbox 1145 410 2348 482; baseline -0.002 0"><span class='ocrx_word' id='word_1_2' title='bbox 1145 410 1567 482; x_wconf 74' lang='lat' dir='ltr'><strong>CONS&#39;TI&#39;TUT.</strong></span> <span class='ocrx_word' id='word_1_3' title='bbox 1610 410 1947 480; x_wconf 83' lang='lat' dir='ltr'><strong>HIRSAUG.</strong></span> <span class='ocrx_word' id='word_1_4' title='bbox 1993 440 2058 466; x_wconf 51' lang='grc' dir='ltr'><strong>ι-</strong></span> <span class='ocrx_word' id='word_1_5' title='bbox 2097 426 2232 480; x_wconf 86' lang='lat' dir='ltr'><strong>LIB.</strong></span> <span class='ocrx_word' id='word_1_6' title='bbox 2274 425 2348 481; x_wconf 82' lang='grc' dir='ltr'><strong>Π.</strong></span> 
     </span>
    </p>
   </div>
   <div class='ocr_carea' id='block_1_3' title="bbox 3238 418 3382 488">
    <p class='ocr_par' dir='ltr' id='par_1_3' title="bbox 3238 418 3382 488">
     <span class='ocr_line' id='line_1_3' title="bbox 3238 418 3382 488; baseline 0.014 -2"><span class='ocrx_word' id='word_1_7' title='bbox 3238 418 3382 488; x_wconf 55' lang='lat' dir='ltr'><strong>«me</strong></span> 
     </span>
    </p>
   </div>
   <div class='ocr_carea' id='block_1_4' title="bbox 146 544 3384 620">
    <p class='ocr_par' dir='ltr' id='par_1_4' title="bbox 146 544 3384 620">
     <span class='ocr_line' id='line_1_4' title="bbox 146 544 3384 620; baseline 0.002 -16"><span class='ocrx_word' id='word_1_8' title='bbox 146 550 500 620; x_wconf 74' lang='lat' dir='ltr'><strong>apestoior&#39;um</strong></span> <span class='ocrx_word' id='word_1_9' title='bbox 525 547 675 602; x_wconf 80' lang='lat' dir='ltr'><strong>Petri</strong></span> <span class='ocrx_word' id='word_1_10' title='bbox 706 550 762 601; x_wconf 75' lang='lat' dir='ltr'><strong>et</strong></span> <span class='ocrx_word' id='word_1_11' title='bbox 789 546 969 612; x_wconf 72' lang='lat' dir='ltr'><strong>Pauli,</strong></span> <span class='ocrx_word' id='word_1_12' title='bbox 1000 548 1198 602; x_wconf 80' lang='lat' dir='ltr'><strong>rursus</strong></span> <span class='ocrx_word' id='word_1_13' title='bbox 1242 554 1467 619; x_wconf 89' lang='lat' dir='ltr'><strong>quoque</strong></span> <span class='ocrx_word' id='word_1_14' title='bbox 1508 546 1772 605; x_wconf 74' lang='lat' dir='ltr'><strong>rasuraA</strong></span> <span class='ocrx_word' id='word_1_15' title='bbox 1790 552 1968 616; x_wconf 79' lang='lat' dir='ltr'><strong>usque</strong></span> <span class='ocrx_word' id='word_1_16' title='bbox 1991 544 2064 601; x_wconf 83' lang='lat' dir='ltr'><strong>ad</strong></span> <span class='ocrx_word' id='word_1_17' title='bbox 2094 547 2340 602; x_wconf 85' lang='lat' dir='ltr'><strong>sonitum</strong></span> <span class='ocrx_word' id='word_1_18' title='bbox 2385 544 2590 604; x_wconf 86' lang='lat' dir='ltr'><strong>tabulae</strong></span> <span class='ocrx_word' id='word_1_19' title='bbox 2621 549 2699 603; x_wconf 88' lang='lat' dir='ltr'><strong>ibi</strong></span> <span class='ocrx_word' id='word_1_20' title='bbox 2746 554 3102 607; x_wconf 87' lang='lat' dir='ltr'><strong>transeuntes</strong></span> <span class='ocrx_word' id='word_1_21' title='bbox 3126 552 3222 610; x_wconf 73' lang='lat' dir='ltr'><strong>eus</strong></span> <span class='ocrx_word' id='word_1_22' title='bbox 3244 557 3384 612; x_wconf 85' lang='lat' dir='ltr'><strong>acci-</strong></span> 
     </span>
    </p>
   </div>
   <div class='ocr_carea' id='block_1_5' title="bbox 145 635 1711 709">
    <p class='ocr_par' dir='ltr' id='par_1_5' title="bbox 145 635 1711 709">
     <span class='ocr_line' id='line_1_5' title="bbox 145 635 1711 709; baseline -0.001 -18"><span class='ocrx_word' id='word_1_23' title='bbox 145 637 469 709; x_wconf 76' lang='lat' dir='ltr'><strong>perniittitur</strong></span> <span class='ocrx_word' id='word_1_24' title='bbox 488 637 548 691; x_wconf 90' lang='lat' dir='ltr'><strong>in</strong></span> <span class='ocrx_word' id='word_1_25' title='bbox 575 635 979 690; x_wconf 73' lang='lat' dir='ltr'><strong>deliberatione</strong></span> <span class='ocrx_word' id='word_1_26' title='bbox 1009 636 1232 707; x_wconf 89' lang='lat' dir='ltr'><strong>prioris.</strong></span> <span class='ocrx_word' id='word_1_27' title='bbox 1262 640 1461 693; x_wconf 81' lang='lat' dir='ltr'><strong>Postea</strong></span> <span class='ocrx_word' id='word_1_28' title='bbox 1488 636 1602 690; x_wconf 85' lang='lat' dir='ltr'><strong>non</strong></span> <span class='ocrx_word' id='word_1_29' title='bbox 1628 650 1711 689; x_wconf 88' lang='lat' dir='ltr'><strong>er-</strong></span> 
     </span>
    </p>
   </div>
   <div class='ocr_carea' id='block_1_6' title="bbox 145 723 1711 796">
    <p class='ocr_par' dir='ltr' id='par_1_6' title="bbox 145 723 1711 796">
     <span class='ocr_line' id='line_1_6' title="bbox 145 723 1711 796; baseline -0.003 -14"><span class='ocrx_word' id='word_1_30' title='bbox 145 732 286 781; x_wconf 83' lang='lat' dir='ltr'><strong>ratur</strong></span> <span class='ocrx_word' id='word_1_31' title='bbox 300 728 366 781; x_wconf 88' lang='lat' dir='ltr'><strong>de</strong></span> <span class='ocrx_word' id='word_1_32' title='bbox 386 726 500 781; x_wconf 82' lang='lat' dir='ltr'><strong>ulla</strong></span> <span class='ocrx_word' id='word_1_33' title='bbox 540 726 676 789; x_wconf 75' lang='lat' dir='ltr'><strong>vice;</strong></span> <span class='ocrx_word' id='word_1_34' title='bbox 713 724 845 796; x_wconf 87' lang='lat' dir='ltr'><strong>quia</strong></span> <span class='ocrx_word' id='word_1_35' title='bbox 873 726 960 778; x_wconf 89' lang='lat' dir='ltr'><strong>est</strong></span> <span class='ocrx_word' id='word_1_36' title='bbox 988 725 1528 780; x_wconf 84' lang='lat' dir='ltr'><strong>consuetudinaliter</strong></span> <span class='ocrx_word' id='word_1_37' title='bbox 1565 723 1711 778; x_wconf 80' lang='lat' dir='ltr'><strong>ordi-</strong></span> 
     </span>
    </p>
   </div>
   <div class='ocr_carea' id='block_1_7' title="bbox 144 812 1707 886">
    <p class='ocr_par' dir='ltr' id='par_1_7' title="bbox 144 812 1707 886">
     <span class='ocr_line' id='line_1_7' title="bbox 144 812 1707 886; baseline -0.002 -17"><span class='ocrx_word' id='word_1_38' title='bbox 144 819 338 880; x_wconf 77' lang='lat' dir='ltr'><strong>natum,</strong></span> <span class='ocrx_word' id='word_1_39' title='bbox 385 818 450 869; x_wconf 79' lang='lat' dir='ltr'><strong>ut</strong></span> <span class='ocrx_word' id='word_1_40' title='bbox 491 816 717 885; x_wconf 73' lang='lat' dir='ltr'><strong>semper</strong></span> <span class='ocrx_word' id='word_1_41' title='bbox 764 813 1029 886; x_wconf 75' lang='lat' dir='ltr'><strong>radamus</strong></span> <span class='ocrx_word' id='word_1_42' title='bbox 1073 814 1147 868; x_wconf 81' lang='lat' dir='ltr'><strong>ad</strong></span> <span class='ocrx_word' id='word_1_43' title='bbox 1191 813 1620 869; x_wconf 75' lang='lat' dir='ltr'><strong>translationem</strong></span> <span class='ocrx_word' id='word_1_44' title='bbox 1648 812 1707 866; x_wconf 88' lang='lat' dir='ltr'><strong>S.</strong></span> 
     </span>
    </p>
   </div>
   <div class='ocr_carea' id='block_1_8' title="bbox 145 890 1705 973">
    <p class='ocr_par' dir='ltr' id='par_1_8' title="bbox 145 890 1705 973">
     <span class='ocr_line' id='line_1_8' title="bbox 145 890 1705 973; baseline -0.002 -15"><span class='ocrx_word' id='word_1_45' title='bbox 145 903 423 969; x_wconf 74' lang='lat' dir='ltr'><strong>Benedicti,</strong></span> <span class='ocrx_word' id='word_1_46' title='bbox 450 902 523 957; x_wconf 87' lang='lat' dir='ltr'><strong>&#39;ad</strong></span> <span class='ocrx_word' id='word_1_47' title='bbox 554 902 768 956; x_wconf 85' lang='lat' dir='ltr'><strong>vincula</strong></span> <span class='ocrx_word' id='word_1_48' title='bbox 785 903 841 957; x_wconf 90' lang='lat' dir='ltr'><strong>S.</strong></span> <span class='ocrx_word' id='word_1_49' title='bbox 866 901 1041 969; x_wconf 82' lang='lat' dir='ltr'><strong>Petri,</strong></span> <span class='ocrx_word' id='word_1_50' title='bbox 1076 903 1147 956; x_wconf 88' lang='lat' dir='ltr'><strong>ad</strong></span> <span class='ocrx_word' id='word_1_51' title='bbox 1174 902 1620 973; x_wconf 82' lang='lat' dir='ltr'><strong>assumptionem</strong></span> <span class='ocrx_word' id='word_1_52' title='bbox 1649 890 1705 956; x_wconf 83' lang='lat' dir='ltr'><strong>S.</strong></span> 
     </span>
    </p>
   </div>
   <div class='ocr_carea' id='block_1_9' title="bbox 147 990 1714 1058">
    <p class='ocr_par' dir='ltr' id='par_1_9' title="bbox 147 990 1714 1058">
     <span class='ocr_line' id='line_1_9' title="bbox 147 990 1714 1058; baseline -0.001 -12"><span class='ocrx_word' id='word_1_53' title='bbox 147 992 335 1058; x_wconf 70' lang='lat' dir='ltr'><strong>Mariae,</strong></span> <span class='ocrx_word' id='word_1_54' title='bbox 365 991 424 1046; x_wconf 86' lang='lat' dir='ltr'><strong>S.</strong></span> <span class='ocrx_word' id='word_1_55' title='bbox 454 991 770 1053; x_wconf 79' lang='lat' dir='ltr'><strong>Otiibmari,</strong></span> <span class='ocrx_word' id='word_1_56' title='bbox 804 990 875 1045; x_wconf 91' lang='lat' dir='ltr'><strong>ad</strong></span> <span class='ocrx_word' id='word_1_57' title='bbox 904 990 1209 1046; x_wconf 84' lang='lat' dir='ltr'><strong>adventum</strong></span> <span class='ocrx_word' id='word_1_58' title='bbox 1238 990 1482 1045; x_wconf 84' lang='lat' dir='ltr'><strong>Domini.</strong></span> <span class='ocrx_word' id='word_1_59' title='bbox 1518 990 1587 1044; x_wconf 91' lang='lat' dir='ltr'><strong>Et</strong></span> <span class='ocrx_word' id='word_1_60' title='bbox 1609 990 1714 1045; x_wconf 79' lang='lat' dir='ltr'><strong>hoc</strong></span> 
     </span>
    </p>
   </div>
   <div class='ocr_carea' id='block_1_10' title="bbox 144 1078 1714 1151">
    <p class='ocr_par' dir='ltr' id='par_1_10' title="bbox 144 1078 1714 1151">
     <span class='ocr_line' id='line_1_10' title="bbox 144 1078 1714 1151; baseline -0.002 -16"><span class='ocrx_word' id='word_1_61' title='bbox 144 1081 405 1135; x_wconf 84' lang='lat' dir='ltr'><strong>sciendum</strong></span> <span class='ocrx_word' id='word_1_62' title='bbox 456 1085 562 1145; x_wconf 85' lang='lat' dir='ltr'><strong>est,</strong></span> <span class='ocrx_word' id='word_1_63' title='bbox 609 1078 756 1150; x_wconf 83' lang='lat' dir='ltr'><strong>quod</strong></span> <span class='ocrx_word' id='word_1_64' title='bbox 803 1079 862 1133; x_wconf 93' lang='lat' dir='ltr'><strong>in</strong></span> <span class='ocrx_word' id='word_1_65' title='bbox 906 1079 1112 1151; x_wconf 73' lang='lat' dir='ltr'><strong>vigiliis</strong></span> <span class='ocrx_word' id='word_1_66' title='bbox 1142 1079 1535 1151; x_wconf 80' lang='lat' dir='ltr'><strong>principalium</strong></span> <span class='ocrx_word' id='word_1_67' title='bbox 1564 1078 1714 1133; x_wconf 84' lang='lat' dir='ltr'><strong>festi-</strong></span> 
     </span>
    </p>
   </div>
   <div class='ocr_carea' id='block_1_11' title="bbox 147 1167 1713 1239">
    <p class='ocr_par' dir='ltr' id='par_1_11' title="bbox 147 1167 1713 1239">
     <span class='ocr_line' id='line_1_11' title="bbox 147 1167 1713 1239; baseline -0.001 -17"><span class='ocrx_word' id='word_1_68' title='bbox 147 1169 379 1233; x_wconf 80' lang='lat' dir='ltr'><strong>vitatum,</strong></span> <span class='ocrx_word' id='word_1_69' title='bbox 410 1174 512 1224; x_wconf 88' lang='lat' dir='ltr'><strong>aut</strong></span> <span class='ocrx_word' id='word_1_70' title='bbox 540 1168 598 1223; x_wconf 89' lang='lat' dir='ltr'><strong>in</strong></span> <span class='ocrx_word' id='word_1_71' title='bbox 622 1168 765 1222; x_wconf 87' lang='lat' dir='ltr'><strong>feria</strong></span> <span class='ocrx_word' id='word_1_72' title='bbox 801 1170 957 1222; x_wconf 80' lang='lat' dir='ltr'><strong>sexta</strong></span> <span class='ocrx_word' id='word_1_73' title='bbox 998 1182 1290 1239; x_wconf 85' lang='lat' dir='ltr'><strong>nunquam</strong></span> <span class='ocrx_word' id='word_1_74' title='bbox 1332 1168 1569 1233; x_wconf 90' lang='lat' dir='ltr'><strong>raditur,</strong></span> <span class='ocrx_word' id='word_1_75' title='bbox 1603 1167 1713 1222; x_wconf 88' lang='lat' dir='ltr'><strong>nisi</strong></span> 
     </span>
    </p>
   </div>
   <div class='ocr_carea' id='block_1_12' title="bbox 144 1242 1712 1327">
    <p class='ocr_par' dir='ltr' id='par_1_12' title="bbox 144 1242 1712 1327">
     <span class='ocr_line' id='line_1_12' title="bbox 144 1242 1712 1327; baseline -0.001 -16"><span class='ocrx_word' id='word_1_76' title='bbox 144 1256 311 1327; x_wconf 86' lang='lat' dir='ltr'><strong>aliqua</strong></span> <span class='ocrx_word' id='word_1_77' title='bbox 353 1256 679 1311; x_wconf 82' lang='lat' dir='ltr'><strong>earumdem</strong></span> <span class='ocrx_word' id='word_1_78' title='bbox 722 1247 1089 1310; x_wconf 79' lang='lat' dir='ltr'><strong>festivitatum</strong></span> <span class='ocrx_word' id='word_1_79' title='bbox 1134 1242 1327 1327; x_wconf 84' lang='lat' dir='ltr'><strong>vigilia</strong></span> <span class='ocrx_word' id='word_1_80' title='bbox 1371 1256 1431 1311; x_wconf 90' lang='lat' dir='ltr'><strong>in</strong></span> <span class='ocrx_word' id='word_1_81' title='bbox 1480 1255 1712 1311; x_wconf 89' lang='lat' dir='ltr'><strong>sabbato</strong></span> 
     </span>
    </p>
   </div>
   <div class='ocr_carea' id='block_1_13' title="bbox 145 1344 1708 1415">
    <p class='ocr_par' dir='ltr' id='par_1_13' title="bbox 145 1344 1708 1415">
     <span class='ocr_line' id='line_1_13' title="bbox 145 1344 1708 1415; baseline -0.001 -16"><span class='ocrx_word' id='word_1_82' title='bbox 145 1344 358 1410; x_wconf 74' lang='lat' dir='ltr'><strong>eveniat,</strong></span> <span class='ocrx_word' id='word_1_83' title='bbox 389 1351 447 1399; x_wconf 86' lang='lat' dir='ltr'><strong>et</strong></span> <span class='ocrx_word' id='word_1_84' title='bbox 472 1345 533 1398; x_wconf 84' lang='lat' dir='ltr'><strong>in</strong></span> <span class='ocrx_word' id='word_1_85' title='bbox 557 1344 698 1398; x_wconf 79' lang='lat' dir='ltr'><strong>feria</strong></span> <span class='ocrx_word' id='word_1_86' title='bbox 716 1344 912 1415; x_wconf 88' lang='lat' dir='ltr'><strong>quinta</strong></span> <span class='ocrx_word' id='word_1_87' title='bbox 937 1344 1095 1415; x_wconf 83' lang='lat' dir='ltr'><strong>(quia</strong></span> <span class='ocrx_word' id='word_1_88' title='bbox 1120 1344 1458 1399; x_wconf 85' lang='lat' dir='ltr'><strong>raderentur</strong></span> <span class='ocrx_word' id='word_1_89' title='bbox 1486 1345 1708 1409; x_wconf 66' lang='lat' dir='ltr'><strong>fratres,</strong></span> 
     </span>
    </p>
   </div>
   <div class='ocr_carea' id='block_1_14' title="bbox 145 1430 1717 1506">
    <p class='ocr_par' dir='ltr' id='par_1_14' title="bbox 145 1430 1717 1506">
     <span class='ocr_line' id='line_1_14' title="bbox 145 1430 1717 1506; baseline -0.001 -18"><span class='ocrx_word' id='word_1_90' title='bbox 145 1449 253 1488; x_wconf 87' lang='lat' dir='ltr'><strong>cum</strong></span> <span class='ocrx_word' id='word_1_91' title='bbox 274 1432 562 1488; x_wconf 74' lang='lat' dir='ltr'><strong>duodecim</strong></span> <span class='ocrx_word' id='word_1_92' title='bbox 586 1432 855 1487; x_wconf 80' lang='lat' dir='ltr'><strong>lectiones</strong></span> <span class='ocrx_word' id='word_1_93' title='bbox 877 1430 1148 1503; x_wconf 84' lang='lat' dir='ltr'><strong>aguntur)</strong></span> <span class='ocrx_word' id='word_1_94' title='bbox 1163 1437 1317 1497; x_wconf 89' lang='lat' dir='ltr'><strong>tunc,</strong></span> <span class='ocrx_word' id='word_1_95' title='bbox 1332 1431 1584 1506; x_wconf 85' lang='lat' dir='ltr'><strong>inquam,</strong></span> <span class='ocrx_word' id='word_1_96' title='bbox 1610 1433 1717 1487; x_wconf 87' lang='lat' dir='ltr'><strong>hac</strong></span> 
     </span>
    </p>
   </div>
   <div class='ocr_carea' id='block_1_15' title="bbox 145 1520 1497 1594">
    <p class='ocr_par' dir='ltr' id='par_1_15' title="bbox 145 1520 1497 1594">
     <span class='ocr_line' id='line_1_15' title="bbox 145 1520 1497 1594; baseline -0.001 -18"><span class='ocrx_word' id='word_1_97' title='bbox 145 1522 451 1577; x_wconf 68' lang='lat' dir='ltr'><strong>noceasitate</strong></span> <span class='ocrx_word' id='word_1_98' title='bbox 476 1526 733 1594; x_wconf 80' lang='lat' dir='ltr'><strong>‘c&#39;ugente,</strong></span> <span class='ocrx_word' id='word_1_99' title='bbox 765 1522 824 1575; x_wconf 83' lang='lat' dir='ltr'><strong>in</strong></span> <span class='ocrx_word' id='word_1_100' title='bbox 853 1526 1009 1575; x_wconf 81' lang='lat' dir='ltr'><strong>sexta</strong></span> <span class='ocrx_word' id='word_1_101' title='bbox 1036 1520 1175 1575; x_wconf 82' lang='lat' dir='ltr'><strong>feria</strong></span> <span class='ocrx_word' id='word_1_102' title='bbox 1200 1521 1497 1577; x_wconf 81' lang='lat' dir='ltr'><strong>raduntur.</strong></span> 
     </span>
    </p>
   </div>
   <div class='ocr_carea' id='block_1_16' title="bbox 714 1607 1126 1665">
    <p class='ocr_par' dir='ltr' id='par_1_16' title="bbox 714 1607 1126 1665">
     <span class='ocr_line' id='line_1_16' title="bbox 714 1607 1126 1665; baseline -0.005 0"><span class='ocrx_word' id='word_1_103' title='bbox 714 1607 948 1665; x_wconf 80' lang='lat' dir='ltr'><strong>CAPUT</strong></span> <span class='ocrx_word' id='word_1_104' title='bbox 981 1608 1126 1664; x_wconf 77' lang='lat' dir='ltr'><strong>XLI.</strong></span> 
     </span>
    </p>
   </div>
   <div class='ocr_carea' id='block_1_17' title="bbox 616 1698 1215 1766">
    <p class='ocr_par' dir='ltr' id='par_1_17' title="bbox 616 1698 1215 1766">
     <span class='ocr_line' id='line_1_17' title="bbox 616 1698 1215 1766; baseline -0.002 -13"><span class='ocrx_word' id='word_1_105' title='bbox 616 1700 692 1754; x_wconf 77' lang='lat' dir='ltr'><strong>De</strong></span> <span class='ocrx_word' id='word_1_106' title='bbox 718 1698 926 1752; x_wconf 68' lang='lat' dir='ltr'><strong>balneis</strong></span> <span class='ocrx_word' id='word_1_107' title='bbox 944 1699 1215 1766; x_wconf 68' lang='lat' dir='ltr'><strong>lintrem.</strong></span> 
     </span>
    </p>
   </div>
   <div class='ocr_carea' id='block_1_18' title="bbox 199 1772 1719 1858">
    <p class='ocr_par' dir='ltr' id='par_1_18' title="bbox 199 1772 1719 1858">
     <span class='ocr_line' id='line_1_18' title="bbox 199 1772 1719 1858; baseline 0 -17"><span class='ocrx_word' id='word_1_108' title='bbox 199 1786 308 1854; x_wconf 66' lang='lat' dir='ltr'><strong>(ob;</strong></span> <span class='ocrx_word' id='word_1_109' title='bbox 324 1786 831 1857; x_wconf 65' lang='lat' dir='ltr'><strong>cur.)H’ominibus</strong></span> <span class='ocrx_word' id='word_1_110' title='bbox 846 1789 932 1841; x_wconf 85' lang='lat' dir='ltr'><strong>est</strong></span> <span class='ocrx_word' id='word_1_111' title='bbox 940 1772 1237 1851; x_wconf 77' lang='lat' dir='ltr'><strong>familiare,</strong></span> <span class='ocrx_word' id='word_1_112' title='bbox 1257 1780 1553 1858; x_wconf 79' lang='lat' dir='ltr'><strong>postquam</strong></span> <span class='ocrx_word' id='word_1_113' title='bbox 1569 1798 1719 1841; x_wconf 89' lang='lat' dir='ltr'><strong>rase-</strong></span> 
     </span>
    </p>
   </div>
   <div class='ocr_carea' id='block_1_19' title="bbox 146 1863 1779 1941">
    <p class='ocr_par' dir='ltr' id='par_1_19' title="bbox 146 1863 1779 1941">
     <span class='ocr_line' id='line_1_19' title="bbox 146 1863 1779 1941; baseline 0.002 -14"><span class='ocrx_word' id='word_1_114' title='bbox 146 1874 262 1941; x_wconf 83' lang='lat' dir='ltr'><strong>rint,</strong></span> <span class='ocrx_word' id='word_1_115' title='bbox 286 1863 547 1930; x_wconf 81' lang='lat' dir='ltr'><strong>continuo</strong></span> <span class='ocrx_word' id='word_1_116' title='bbox 563 1875 734 1929; x_wconf 84' lang='lat' dir='ltr'><strong>etiam</strong></span> <span class='ocrx_word' id='word_1_117' title='bbox 744 1874 1009 1930; x_wconf 85' lang='lat' dir='ltr'><strong>balneare</strong></span> <span class='ocrx_word' id='word_1_118' title='bbox 1022 1920 1037 1933; x_wconf 93' lang='lat'><strong>.</strong></span> <span class='ocrx_word' id='word_1_119' title='bbox 1064 1875 1172 1930; x_wconf 89' lang='lat' dir='ltr'><strong>Sed</strong></span> <span class='ocrx_word' id='word_1_120' title='bbox 1189 1876 1259 1929; x_wconf 87' lang='lat' dir='ltr'><strong>de</strong></span> <span class='ocrx_word' id='word_1_121' title='bbox 1276 1876 1484 1931; x_wconf 84' lang='lat' dir='ltr'><strong>nostris</strong></span> <span class='ocrx_word' id='word_1_122' title='bbox 1499 1875 1717 1931; x_wconf 83' lang='lat' dir='ltr'><strong>balneis</strong></span> <span class='ocrx_word' id='word_1_123' title='bbox 1734 1864 1779 1931; x_wconf 86' lang='lat' dir='ltr'><strong>B</strong></span> 
     </span>
    </p>
   </div>
   <div class='ocr_carea' id='block_1_20' title="bbox 144 1964 1719 2035">
    <p class='ocr_par' dir='ltr' id='par_1_20' title="bbox 144 1964 1719 2035">
     <span class='ocr_line' id='line_1_20' title="bbox 144 1964 1719 2035; baseline 0.001 -18"><span class='ocrx_word' id='word_1_124' title='bbox 144 1977 242 2018; x_wconf 84' lang='lat' dir='ltr'><strong>non</strong></span> <span class='ocrx_word' id='word_1_125' title='bbox 266 1969 347 2018; x_wconf 75' lang='lat' dir='ltr'><strong>“est</strong></span> <span class='ocrx_word' id='word_1_126' title='bbox 375 1965 641 2032; x_wconf 80' lang='lat' dir='ltr'><strong>multum,</strong></span> <span class='ocrx_word' id='word_1_127' title='bbox 674 1964 823 2035; x_wconf 86' lang='lat' dir='ltr'><strong>quod</strong></span> <span class='ocrx_word' id='word_1_128' title='bbox 850 1964 1167 2035; x_wconf 80' lang='lat' dir='ltr'><strong>loquamur.</strong></span> <span class='ocrx_word' id='word_1_129' title='bbox 1200 1965 1431 2019; x_wconf 85' lang='lat' dir='ltr'><strong>Duabus</strong></span> <span class='ocrx_word' id='word_1_130' title='bbox 1461 1964 1611 2019; x_wconf 87' lang='lat' dir='ltr'><strong>enim</strong></span> <span class='ocrx_word' id='word_1_131' title='bbox 1644 1965 1719 2019; x_wconf 86' lang='lat' dir='ltr'><strong>vi-</strong></span> 
     </span>
    </p>
   </div>
   <div class='ocr_carea' id='block_1_21' title="bbox 146 2052 1720 2124">
    <p class='ocr_par' dir='ltr' id='par_1_21' title="bbox 146 2052 1720 2124">
     <span class='ocr_line' id='line_1_21' title="bbox 146 2052 1720 2124; baseline 0.002 -18"><span class='ocrx_word' id='word_1_132' title='bbox 146 2052 281 2107; x_wconf 78' lang='lat' dir='ltr'><strong>cibus</strong></span> <span class='ocrx_word' id='word_1_133' title='bbox 298 2054 518 2107; x_wconf 79' lang='lat' dir='ltr'><strong>tantum</strong></span> <span class='ocrx_word' id='word_1_134' title='bbox 543 2053 605 2108; x_wconf 86' lang='lat' dir='ltr'><strong>in</strong></span> <span class='ocrx_word' id='word_1_135' title='bbox 624 2064 775 2107; x_wconf 82' lang='lat' dir='ltr'><strong>anno</strong></span> <span class='ocrx_word' id='word_1_136' title='bbox 794 2055 851 2107; x_wconf 74' lang='lat' dir='ltr'><strong>et</strong></span> <span class='ocrx_word' id='word_1_137' title='bbox 878 2056 1014 2108; x_wconf 87' lang='lat' dir='ltr'><strong>tunc</strong></span> <span class='ocrx_word' id='word_1_138' title='bbox 1039 2052 1161 2108; x_wconf 85' lang='lat' dir='ltr'><strong>sine</strong></span> <span class='ocrx_word' id='word_1_139' title='bbox 1188 2053 1434 2116; x_wconf 86' lang='lat' dir='ltr'><strong>licentia,</strong></span> <span class='ocrx_word' id='word_1_140' title='bbox 1473 2052 1569 2124; x_wconf 89' lang='lat' dir='ltr'><strong>&#39;qui</strong></span> <span class='ocrx_word' id='word_1_141' title='bbox 1598 2053 1720 2108; x_wconf 84' lang='lat' dir='ltr'><strong>vult</strong></span> 
     </span>
    </p>
   </div>
   <div class='ocr_carea' id='block_1_22' title="bbox 145 2139 1719 2210">
    <p class='ocr_par' dir='ltr' id='par_1_22' title="bbox 145 2139 1719 2210">
     <span class='ocr_line' id='line_1_22' title="bbox 145 2139 1719 2210; baseline 0.003 -16"><span class='ocrx_word' id='word_1_142' title='bbox 145 2139 375 2210; x_wconf 52' lang='grc' dir='ltr'><strong>δεηθεὶς</strong></span> <span class='ocrx_word' id='word_1_143' title='bbox 406 2142 467 2196; x_wconf 82' lang='lat' dir='ltr'><strong>id</strong></span> <span class='ocrx_word' id='word_1_144' title='bbox 515 2144 624 2206; x_wconf 67' lang='lat' dir='ltr'><strong>est,</strong></span> <span class='ocrx_word' id='word_1_145' title='bbox 668 2146 800 2196; x_wconf 83' lang='lat' dir='ltr'><strong>ante</strong></span> <span class='ocrx_word' id='word_1_146' title='bbox 839 2141 1203 2196; x_wconf 85' lang='lat' dir='ltr'><strong>Nativitatem</strong></span> <span class='ocrx_word' id='word_1_147' title='bbox 1247 2141 1473 2197; x_wconf 78' lang='lat' dir='ltr'><strong>Demini</strong></span> <span class='ocrx_word' id='word_1_148' title='bbox 1505 2148 1561 2196; x_wconf 93' lang='lat' dir='ltr'><strong>et</strong></span> <span class='ocrx_word' id='word_1_149' title='bbox 1588 2147 1719 2198; x_wconf 83' lang='lat' dir='ltr'><strong>ante</strong></span> 
     </span>
    </p>
   </div>
   <div class='ocr_carea' id='block_1_23' title="bbox 147 2220 1719 2301">
    <p class='ocr_par' dir='ltr' id='par_1_23' title="bbox 147 2220 1719 2301">
     <span class='ocr_line' id='line_1_23' title="bbox 147 2220 1719 2301; baseline 0.001 -17"><span class='ocrx_word' id='word_1_150' title='bbox 147 2229 357 2284; x_wconf 77' lang='lat' dir='ltr'><strong>Pascha.</strong></span> <span class='ocrx_word' id='word_1_151' title='bbox 382 2220 405 2255; x_wconf 80' lang='grc'><strong><em>⁴</em></strong></span> <span class='ocrx_word' id='word_1_152' title='bbox 434 2230 562 2285; x_wconf 80' lang='lat' dir='ltr'><strong>Alio</strong></span> <span class='ocrx_word' id='word_1_153' title='bbox 594 2230 788 2301; x_wconf 77' lang='lat' dir='ltr'><strong>quovis</strong></span> <span class='ocrx_word' id='word_1_154' title='bbox 817 2234 1071 2301; x_wconf 84' lang='lat' dir='ltr'><strong>tempore</strong></span> <span class='ocrx_word' id='word_1_155' title='bbox 1101 2238 1200 2301; x_wconf 86' lang='lat' dir='ltr'><strong>pro</strong></span> <span class='ocrx_word' id='word_1_156' title='bbox 1228 2230 1563 2285; x_wconf 80' lang='lat' dir='ltr'><strong>inﬁrmitate</strong></span> <span class='ocrx_word' id='word_1_157' title='bbox 1592 2246 1719 2285; x_wconf 89' lang='lat' dir='ltr'><strong>cum</strong></span> 
     </span>
    </p>
   </div>
   <div class='ocr_carea' id='block_1_24' title="bbox 146 2308 1720 2395">
    <p class='ocr_par' dir='ltr' id='par_1_24' title="bbox 146 2308 1720 2395">
     <span class='ocr_line' id='line_1_24' title="bbox 146 2308 1720 2395; baseline 0.001 -24"><span class='ocrx_word' id='word_1_158' title='bbox 146 2318 351 2373; x_wconf 73' lang='lat' dir='ltr'><strong>licentia</strong></span> <span class='ocrx_word' id='word_1_159' title='bbox 373 2318 614 2390; x_wconf 81' lang='lat' dir='ltr'><strong>quisque</strong></span> <span class='ocrx_word' id='word_1_160' title='bbox 646 2308 910 2373; x_wconf 81' lang='lat' dir='ltr'><strong>balneare</strong></span> <span class='ocrx_word' id='word_1_161' title='bbox 941 2318 1167 2390; x_wconf 87' lang='lat' dir='ltr'><strong>poterit.</strong></span> <span class='ocrx_word' id='word_1_162' title='bbox 1209 2319 1562 2374; x_wconf 87' lang='lat' dir='ltr'><strong>Stamineum</strong></span> <span class='ocrx_word' id='word_1_163' title='bbox 1591 2326 1720 2395; x_wconf 76' lang='lat' dir='ltr'><strong>vero</strong></span> 
     </span>
    </p>
   </div>
   <div class='ocr_carea' id='block_1_25' title="bbox 148 2406 1722 2480">
    <p class='ocr_par' dir='ltr' id='par_1_25' title="bbox 148 2406 1722 2480">
     <span class='ocr_line' id='line_1_25' title="bbox 148 2406 1722 2480; baseline 0.001 -20"><span class='ocrx_word' id='word_1_164' title='bbox 148 2406 302 2471; x_wconf 72' lang='lat' dir='ltr'><strong>aliud,</strong></span> <span class='ocrx_word' id='word_1_165' title='bbox 330 2410 502 2480; x_wconf 61' lang='lat' dir='ltr'><strong>uuam</strong></span> <span class='ocrx_word' id='word_1_166' title='bbox 536 2424 649 2479; x_wconf 89' lang='lat' dir='ltr'><strong>quo</strong></span> <span class='ocrx_word' id='word_1_167' title='bbox 675 2407 807 2462; x_wconf 84' lang='lat' dir='ltr'><strong>illuc</strong></span> <span class='ocrx_word' id='word_1_168' title='bbox 834 2408 1005 2474; x_wconf 87' lang='lat' dir='ltr'><strong>venit,</strong></span> <span class='ocrx_word' id='word_1_169' title='bbox 1038 2407 1289 2475; x_wconf 79' lang='lat' dir='ltr'><strong>indutus,</strong></span> <span class='ocrx_word' id='word_1_170' title='bbox 1334 2424 1449 2463; x_wconf 91' lang='lat' dir='ltr'><strong>non</strong></span> <span class='ocrx_word' id='word_1_171' title='bbox 1487 2408 1617 2462; x_wconf 88' lang='lat' dir='ltr'><strong>licet</strong></span> <span class='ocrx_word' id='word_1_172' title='bbox 1644 2406 1722 2461; x_wconf 85' lang='lat' dir='ltr'><strong>ibi</strong></span> 
     </span>
    </p>
   </div>
   <div class='ocr_carea' id='block_1_26' title="bbox 147 2494 1723 2575">
    <p class='ocr_par' dir='ltr' id='par_1_26' title="bbox 147 2494 1723 2575">
     <span class='ocr_line' id='line_1_26' title="bbox 147 2494 1723 2575; baseline 0.001 -26"><span class='ocrx_word' id='word_1_173' title='bbox 147 2495 377 2563; x_wconf 77' lang='lat' dir='ltr'><strong>induere,</strong></span> <span class='ocrx_word' id='word_1_174' title='bbox 405 2497 492 2551; x_wconf 85' lang='lat' dir='ltr'><strong>vel</strong></span> <span class='ocrx_word' id='word_1_175' title='bbox 522 2497 701 2568; x_wconf 84' lang='lat' dir='ltr'><strong>loqui,</strong></span> <span class='ocrx_word' id='word_1_176' title='bbox 715 2496 802 2551; x_wconf 81' lang='lat' dir='ltr'><strong>vel</strong></span> <span class='ocrx_word' id='word_1_177' title='bbox 829 2497 888 2551; x_wconf 85' lang='lat' dir='ltr'><strong>in</strong></span> <span class='ocrx_word' id='word_1_178' title='bbox 917 2502 1248 2575; x_wconf 85' lang='lat' dir='ltr'><strong>conventum</strong></span> <span class='ocrx_word' id='word_1_179' title='bbox 1279 2494 1513 2551; x_wconf 89' lang='lat' dir='ltr'><strong>humido</strong></span> <span class='ocrx_word' id='word_1_180' title='bbox 1542 2497 1723 2568; x_wconf 86' lang='lat' dir='ltr'><strong>capite</strong></span> 
     </span>
    </p>
   </div>
   <div class='ocr_carea' id='block_1_27' title="bbox 148 2584 1721 2657">
    <p class='ocr_par' dir='ltr' id='par_1_27' title="bbox 148 2584 1721 2657">
     <span class='ocr_line' id='line_1_27' title="bbox 148 2584 1721 2657; baseline 0.001 -20"><span class='ocrx_word' id='word_1_181' title='bbox 148 2584 329 2639; x_wconf 64' lang='lat' dir='ltr'><strong>redire.</strong></span> <span class='ocrx_word' id='word_1_182' title='bbox 353 2586 440 2640; x_wconf 63' lang='lat' dir='ltr'><strong>At!</strong></span> <span class='ocrx_word' id='word_1_183' title='bbox 458 2592 662 2640; x_wconf 77' lang='lat' dir='ltr'><strong>sonum</strong></span> <span class='ocrx_word' id='word_1_184' title='bbox 701 2585 904 2657; x_wconf 82' lang='lat' dir='ltr'><strong>prioris</strong></span> <span class='ocrx_word' id='word_1_185' title='bbox 933 2585 1098 2656; x_wconf 77' lang='lat' dir='ltr'><strong>signi,</strong></span> <span class='ocrx_word' id='word_1_186' title='bbox 1121 2586 1168 2640; x_wconf 90' lang='lat' dir='ltr'><strong>si</strong></span> <span class='ocrx_word' id='word_1_187' title='bbox 1193 2586 1315 2656; x_wconf 87' lang='lat' dir='ltr'><strong>jam</strong></span> <span class='ocrx_word' id='word_1_188' title='bbox 1342 2584 1606 2640; x_wconf 85' lang='lat' dir='ltr'><strong>balneum</strong></span> <span class='ocrx_word' id='word_1_189' title='bbox 1630 2585 1721 2640; x_wconf 50' lang='lat' dir='ltr'><strong>in;</strong></span> 
     </span>
    </p>
   </div>
   <div class='ocr_carea' id='block_1_28' title="bbox 148 2663 1724 2745">
    <p class='ocr_par' dir='ltr' id='par_1_28' title="bbox 148 2663 1724 2745">
     <span class='ocr_line' id='line_1_28' title="bbox 148 2663 1724 2745; baseline 0.001 -18"><span class='ocrx_word' id='word_1_190' title='bbox 148 2674 313 2738; x_wconf 79' lang='lat' dir='ltr'><strong>travit;</strong></span> <span class='ocrx_word' id='word_1_191' title='bbox 343 2663 429 2729; x_wconf 71' lang='lat' dir='ltr'><strong>vel</strong></span> <span class='ocrx_word' id='word_1_192' title='bbox 461 2675 638 2729; x_wconf 82' lang='lat' dir='ltr'><strong>etiam</strong></span> <span class='ocrx_word' id='word_1_193' title='bbox 667 2674 993 2729; x_wconf 86' lang='lat' dir='ltr'><strong>discalciare</strong></span> <span class='ocrx_word' id='word_1_194' title='bbox 1020 2674 1207 2745; x_wconf 77' lang='lat' dir='ltr'><strong>ccepit,</strong></span> <span class='ocrx_word' id='word_1_195' title='bbox 1253 2680 1310 2729; x_wconf 92' lang='lat' dir='ltr'><strong>et</strong></span> <span class='ocrx_word' id='word_1_196' title='bbox 1341 2680 1570 2745; x_wconf 82' lang='lat' dir='ltr'><strong>propter</strong></span> <span class='ocrx_word' id='word_1_197' title='bbox 1617 2668 1724 2729; x_wconf 84' lang='lat' dir='ltr'><strong>hoc</strong></span> 
     </span>
    </p>
   </div>
   <div class='ocr_carea' id='block_1_29' title="bbox 148 2762 1723 2835">
    <p class='ocr_par' dir='ltr' id='par_1_29' title="bbox 148 2762 1723 2835">
     <span class='ocr_line' id='line_1_29' title="bbox 148 2762 1723 2835; baseline -0.002 -18"><span class='ocrx_word' id='word_1_198' title='bbox 148 2762 425 2835; x_wconf 76' lang='lat' dir='ltr'><strong>aliquando</strong></span> <span class='ocrx_word' id='word_1_199' title='bbox 446 2766 623 2819; x_wconf 70' lang='lat' dir='ltr'><strong>unum</strong></span> <span class='ocrx_word' id='word_1_200' title='bbox 637 2764 954 2834; x_wconf 84' lang='lat' dir='ltr'><strong>regularem</strong></span> <span class='ocrx_word' id='word_1_201' title='bbox 981 2763 1179 2818; x_wconf 91' lang='lat' dir='ltr'><strong>horam</strong></span> <span class='ocrx_word' id='word_1_202' title='bbox 1190 2764 1421 2831; x_wconf 88' lang='lat' dir='ltr'><strong>omittit,</strong></span> <span class='ocrx_word' id='word_1_203' title='bbox 1450 2765 1561 2828; x_wconf 76' lang='lat' dir='ltr'><strong>(eo.</strong></span> <span class='ocrx_word' id='word_1_204' title='bbox 1576 2770 1723 2834; x_wconf 79' lang='lat' dir='ltr'><strong>var.)</strong></span> 
     </span>
    </p>
   </div>
   <div class='ocr_carea' id='block_1_30' title="bbox 147 2850 1614 2925">
    <p class='ocr_par' dir='ltr' id='par_1_30' title="bbox 147 2850 1614 2925">
     <span class='ocr_line' id='line_1_30' title="bbox 147 2850 1614 2925; baseline -0.002 -18"><span class='ocrx_word' id='word_1_205' title='bbox 147 2858 244 2907; x_wconf 73' lang='lat' dir='ltr'><strong>non</strong></span> <span class='ocrx_word' id='word_1_206' title='bbox 265 2852 316 2909; x_wconf 74' lang='lat' dir='ltr'><strong>ei</strong></span> <span class='ocrx_word' id='word_1_207' title='bbox 335 2853 689 2925; x_wconf 83' lang='lat' dir='ltr'><strong>imputatur;</strong></span> <span class='ocrx_word' id='word_1_208' title='bbox 717 2852 825 2906; x_wconf 86' lang='lat' dir='ltr'><strong>nisi</strong></span> <span class='ocrx_word' id='word_1_209' title='bbox 864 2852 1072 2906; x_wconf 79' lang='lat' dir='ltr'><strong>iterum</strong></span> <span class='ocrx_word' id='word_1_210' title='bbox 1098 2850 1169 2906; x_wconf 91' lang='lat' dir='ltr'><strong>ab</strong></span> <span class='ocrx_word' id='word_1_211' title='bbox 1204 2865 1271 2907; x_wconf 89' lang='lat' dir='ltr'><strong>eo</strong></span> <span class='ocrx_word' id='word_1_212' title='bbox 1304 2856 1614 2924; x_wconf 85' lang='lat' dir='ltr'><strong>repetatur.</strong></span> 
     </span>
    </p>
   </div>
   <div class='ocr_carea' id='block_1_31' title="bbox 700 2942 1146 3017">
    <p class='ocr_par' dir='ltr' id='par_1_31' title="bbox 700 2942 1146 3017">
     <span class='ocr_line' id='line_1_31' title="bbox 700 2942 1146 3017; baseline 0.004 -3"><span class='ocrx_word' id='word_1_213' title='bbox 700 2958 934 3015; x_wconf 80' lang='lat' dir='ltr'><strong>CAPUT</strong></span> <span class='ocrx_word' id='word_1_214' title='bbox 969 2942 1146 3017; x_wconf 75' lang='lat' dir='ltr'><strong>XLII.</strong></span> 
     </span>
    </p>
   </div>
   <div class='ocr_carea' id='block_1_32' title="bbox 149 3036 1726 3172">
    <p class='ocr_par' dir='ltr' id='par_1_32' title="bbox 149 3036 1726 3172">
     <span class='ocr_line' id='line_1_32' title="bbox 149 3036 1726 3172; baseline 0 -69"><span class='ocrx_word' id='word_1_215' title='bbox 149 3048 357 3116; x_wconf 76' lang='lat' dir='ltr'><strong>Qadng</strong></span> <span class='ocrx_word' id='word_1_216' title='bbox 374 3052 425 3104; x_wconf 74' lang='lat' dir='ltr'><strong>et</strong></span> <span class='ocrx_word' id='word_1_217' title='bbox 454 3046 726 3120; x_wconf 58' lang='lat' dir='ltr'><strong>Quomodo</strong></span> <span class='ocrx_word' id='word_1_218' title='bbox 752 3036 959 3133; x_wconf 63' lang='lat' dir='ltr'><strong>fratres</strong></span> <span class='ocrx_word' id='word_1_219' title='bbox 978 3064 1195 3172; x_wconf 45' lang='lat' dir='ltr'><strong>paganos</strong></span> <span class='ocrx_word' id='word_1_220' title='bbox 1214 3050 1339 3103; x_wconf 73' lang='lat' dir='ltr'><strong>suos</strong></span> <span class='ocrx_word' id='word_1_221' title='bbox 1362 3048 1574 3104; x_wconf 65' lang='lat' dir='ltr'><strong>nouiter</strong></span> <span class='ocrx_word' id='word_1_222' title='bbox 1595 3048 1726 3103; x_wconf 80' lang='lat' dir='ltr'><strong>lotos</strong></span> 
     </span>
     <span class='ocr_line' id='line_1_33' title="bbox 778 3134 1072 3172; baseline 0 0"><span class='ocrx_word' id='word_1_223' title='bbox 778 3134 1028 3172; x_wconf 65' lang='lat' dir='ltr'><strong>T‘CCIDlan</strong></span> <span class='ocrx_word' id='word_1_224' title='bbox 1060 3142 1072 3172; x_wconf 58' lang='grc' dir='ltr'><strong>ὲ</strong></span> 
     </span>
    </p>
   </div>
   <div class='ocr_carea' id='block_1_33' title="bbox 778 3134 1072 3188">
    <p class='ocr_par' dir='ltr' id='par_1_33' title="bbox 778 3134 1072 3188">
     <span class='ocr_line' id='line_1_34' title="bbox 778 3134 1072 3188; baseline 0.003 -16"><span class='ocrx_word' id='word_1_225' title='bbox 778 3134 1072 3188; x_wconf 69' lang='lat' dir='ltr'><strong>rcczpzanz.</strong></span> 
     </span>
    </p>
   </div>
   <div class='ocr_carea' id='block_1_34' title="bbox 1793 634 3383 708">
    <p class='ocr_par' dir='ltr' id='par_1_34' title="bbox 1793 634 3383 708">
     <span class='ocr_line' id='line_1_35' title="bbox 1793 634 3383 708; baseline 0.007 -20"><span class='ocrx_word' id='word_1_226' title='bbox 1793 635 1968 706; x_wconf 85' lang='lat' dir='ltr'><strong>piant.</strong></span> <span class='ocrx_word' id='word_1_227' title='bbox 2003 634 2093 689; x_wconf 91' lang='lat' dir='ltr'><strong>Illi</strong></span> <span class='ocrx_word' id='word_1_228' title='bbox 2119 638 2361 707; x_wconf 84' lang='lat' dir='ltr'><strong>quoque,</strong></span> <span class='ocrx_word' id='word_1_229' title='bbox 2408 637 2503 708; x_wconf 88' lang='lat' dir='ltr'><strong>qui</strong></span> <span class='ocrx_word' id='word_1_230' title='bbox 2530 636 2739 708; x_wconf 85' lang='lat' dir='ltr'><strong>absque</strong></span> <span class='ocrx_word' id='word_1_231' title='bbox 2768 641 3101 695; x_wconf 82' lang='lat' dir='ltr'><strong>necessitate</strong></span> <span class='ocrx_word' id='word_1_232' title='bbox 3129 648 3260 698; x_wconf 91' lang='lat' dir='ltr'><strong>ante</strong></span> <span class='ocrx_word' id='word_1_233' title='bbox 3289 648 3383 699; x_wconf 77' lang='lat' dir='ltr'><strong>ne-</strong></span> 
     </span>
    </p>
   </div>
   <div class='ocr_carea' id='block_1_35' title="bbox 1790 724 3384 797">
    <p class='ocr_par' dir='ltr' id='par_1_35' title="bbox 1790 724 3384 797">
     <span class='ocr_line' id='line_1_36' title="bbox 1790 724 3384 797; baseline 0.006 -20"><span class='ocrx_word' id='word_1_234' title='bbox 1790 724 2104 794; x_wconf 87' lang='lat' dir='ltr'><strong>glexerunt,</strong></span> <span class='ocrx_word' id='word_1_235' title='bbox 2139 741 2270 778; x_wconf 89' lang='lat' dir='ltr'><strong>suos</strong></span> <span class='ocrx_word' id='word_1_236' title='bbox 2295 731 2433 780; x_wconf 90' lang='lat' dir='ltr'><strong>tunc</strong></span> <span class='ocrx_word' id='word_1_237' title='bbox 2459 725 2758 797; x_wconf 87' lang='lat' dir='ltr'><strong>accipiunt.</strong></span> <span class='ocrx_word' id='word_1_238' title='bbox 2782 727 2879 781; x_wconf 92' lang='lat' dir='ltr'><strong>sed</strong></span> <span class='ocrx_word' id='word_1_239' title='bbox 2910 727 2980 782; x_wconf 92' lang='lat' dir='ltr'><strong>ab</strong></span> <span class='ocrx_word' id='word_1_240' title='bbox 3001 730 3196 785; x_wconf 89' lang='lat' dir='ltr'><strong>eodem</strong></span> <span class='ocrx_word' id='word_1_241' title='bbox 3222 730 3384 787; x_wconf 83' lang='lat' dir='ltr'><strong>vesti-</strong></span> 
     </span>
    </p>
   </div>
   <div class='ocr_carea' id='block_1_36' title="bbox 1792 813 3387 888">
    <p class='ocr_par' dir='ltr' id='par_1_36' title="bbox 1792 813 3387 888">
     <span class='ocr_line' id='line_1_37' title="bbox 1792 813 3387 888; baseline 0.006 -23"><span class='ocrx_word' id='word_1_242' title='bbox 1792 818 2112 866; x_wconf 86' lang='lat' dir='ltr'><strong>mentorum</strong></span> <span class='ocrx_word' id='word_1_243' title='bbox 2149 813 2380 867; x_wconf 87' lang='lat' dir='ltr'><strong>custode</strong></span> <span class='ocrx_word' id='word_1_244' title='bbox 2408 817 2699 880; x_wconf 85' lang='lat' dir='ltr'><strong>notantur,</strong></span> <span class='ocrx_word' id='word_1_245' title='bbox 2733 820 2791 868; x_wconf 90' lang='lat' dir='ltr'><strong>et</strong></span> <span class='ocrx_word' id='word_1_246' title='bbox 2818 815 2874 869; x_wconf 92' lang='lat' dir='ltr'><strong>in</strong></span> <span class='ocrx_word' id='word_1_247' title='bbox 2906 816 3172 888; x_wconf 85' lang='lat' dir='ltr'><strong>capitulo,</strong></span> <span class='ocrx_word' id='word_1_248' title='bbox 3218 819 3266 873; x_wconf 87' lang='lat' dir='ltr'><strong>si</strong></span> <span class='ocrx_word' id='word_1_249' title='bbox 3304 828 3387 874; x_wconf 89' lang='lat' dir='ltr'><strong>ta-</strong></span> 
     </span>
    </p>
   </div>
   <div class='ocr_carea' id='block_1_37' title="bbox 1792 900 3389 971">
    <p class='ocr_par' dir='ltr' id='par_1_37' title="bbox 1792 900 3389 971">
     <span class='ocr_line' id='line_1_38' title="bbox 1792 900 3389 971; baseline 0.006 -18"><span class='ocrx_word' id='word_1_250' title='bbox 1792 910 1922 954; x_wconf 88' lang='lat' dir='ltr'><strong>men</strong></span> <span class='ocrx_word' id='word_1_251' title='bbox 1980 900 2308 971; x_wconf 88' lang='lat' dir='ltr'><strong>frequenter</strong></span> <span class='ocrx_word' id='word_1_252' title='bbox 2362 900 2467 956; x_wconf 90' lang='lat' dir='ltr'><strong>hoc</strong></span> <span class='ocrx_word' id='word_1_253' title='bbox 2514 902 2746 967; x_wconf 81' lang='lat' dir='ltr'><strong>faciunt,</strong></span> <span class='ocrx_word' id='word_1_254' title='bbox 2801 905 3199 962; x_wconf 83' lang='lat' dir='ltr'><strong>reclama&#39;ntur.</strong></span> <span class='ocrx_word' id='word_1_255' title='bbox 3255 907 3389 963; x_wconf 88' lang='lat' dir='ltr'><strong>Post</strong></span> 
     </span>
    </p>
   </div>
   <div class='ocr_carea' id='block_1_38' title="bbox 1793 989 3388 1061">
    <p class='ocr_par' dir='ltr' id='par_1_38' title="bbox 1793 989 3388 1061">
     <span class='ocr_line' id='line_1_39' title="bbox 1793 989 3388 1061; baseline 0.006 -20"><span class='ocrx_word' id='word_1_256' title='bbox 1793 989 2224 1060; x_wconf 89' lang='lat' dir='ltr'><strong>completorium</strong></span> <span class='ocrx_word' id='word_1_257' title='bbox 2266 1006 2420 1056; x_wconf 82' lang='lat' dir='ltr'><strong>vero,</strong></span> <span class='ocrx_word' id='word_1_258' title='bbox 2469 991 2515 1044; x_wconf 90' lang='lat' dir='ltr'><strong>si</strong></span> <span class='ocrx_word' id='word_1_259' title='bbox 2555 989 2760 1061; x_wconf 87' lang='lat' dir='ltr'><strong>aliquis</strong></span> <span class='ocrx_word' id='word_1_260' title='bbox 2806 992 3013 1048; x_wconf 89' lang='lat' dir='ltr'><strong>ibidem</strong></span> <span class='ocrx_word' id='word_1_261' title='bbox 3065 995 3265 1050; x_wconf 90' lang='lat' dir='ltr'><strong>viderit</strong></span> <span class='ocrx_word' id='word_1_262' title='bbox 3304 1014 3388 1051; x_wconf 91' lang='lat' dir='ltr'><strong>re-</strong></span> 
     </span>
    </p>
   </div>
   <div class='ocr_carea' id='block_1_39' title="bbox 1793 1077 3387 1156">
    <p class='ocr_par' dir='ltr' id='par_1_39' title="bbox 1793 1077 3387 1156">
     <span class='ocr_line' id='line_1_40' title="bbox 1793 1077 3387 1156; baseline 0.005 -25"><span class='ocrx_word' id='word_1_263' title='bbox 1793 1077 1975 1141; x_wconf 85' lang='lat' dir='ltr'><strong>lictos,</strong></span> <span class='ocrx_word' id='word_1_264' title='bbox 2007 1077 2067 1132; x_wconf 90' lang='lat' dir='ltr'><strong>in</strong></span> <span class='ocrx_word' id='word_1_265' title='bbox 2097 1078 2279 1132; x_wconf 92' lang='lat' dir='ltr'><strong>eundo</strong></span> <span class='ocrx_word' id='word_1_266' title='bbox 2327 1079 2398 1133; x_wconf 87' lang='lat' dir='ltr'><strong>ad</strong></span> <span class='ocrx_word' id='word_1_267' title='bbox 2441 1078 2854 1146; x_wconf 85' lang='lat' dir='ltr'><strong>dormitorium,</strong></span> <span class='ocrx_word' id='word_1_268' title='bbox 2896 1082 3043 1137; x_wconf 89' lang='lat' dir='ltr'><strong>tollit</strong></span> <span class='ocrx_word' id='word_1_269' title='bbox 3087 1090 3387 1156; x_wconf 88' lang='lat' dir='ltr'><strong>portatque</strong></span> 
     </span>
    </p>
   </div>
   <div class='ocr_carea' id='block_1_40' title="bbox 1794 1164 3389 1244">
    <p class='ocr_par' dir='ltr' id='par_1_40' title="bbox 1794 1164 3389 1244">
     <span class='ocr_line' id='line_1_41' title="bbox 1794 1164 3389 1244; baseline 0.006 -25"><span class='ocrx_word' id='word_1_270' title='bbox 1794 1166 1865 1220; x_wconf 92' lang='lat' dir='ltr'><strong>ad</strong></span> <span class='ocrx_word' id='word_1_271' title='bbox 1894 1164 2101 1220; x_wconf 87' lang='lat' dir='ltr'><strong>lectum</strong></span> <span class='ocrx_word' id='word_1_272' title='bbox 2132 1180 2316 1243; x_wconf 83' lang='lat' dir='ltr'><strong>suum,</strong></span> <span class='ocrx_word' id='word_1_273' title='bbox 2340 1174 2398 1221; x_wconf 92' lang='lat' dir='ltr'><strong>et</strong></span> <span class='ocrx_word' id='word_1_274' title='bbox 2428 1166 2487 1222; x_wconf 88' lang='lat' dir='ltr'><strong>in</strong></span> <span class='ocrx_word' id='word_1_275' title='bbox 2516 1168 2774 1238; x_wconf 86' lang='lat' dir='ltr'><strong>sequenti</strong></span> <span class='ocrx_word' id='word_1_276' title='bbox 2803 1169 2891 1223; x_wconf 80' lang='lat' dir='ltr'><strong>die</strong></span> <span class='ocrx_word' id='word_1_277' title='bbox 2930 1172 3160 1241; x_wconf 90' lang='lat' dir='ltr'><strong>ponitin</strong></span> <span class='ocrx_word' id='word_1_278' title='bbox 3175 1174 3389 1244; x_wconf 89' lang='lat' dir='ltr'><strong>capitu-</strong></span> 
     </span>
    </p>
   </div>
   <div class='ocr_carea' id='block_1_41' title="bbox 1794 1253 3386 1331">
    <p class='ocr_par' dir='ltr' id='par_1_41' title="bbox 1794 1253 3386 1331">
     <span class='ocr_line' id='line_1_42' title="bbox 1794 1253 3386 1331; baseline 0.005 -24"><span class='ocrx_word' id='word_1_279' title='bbox 1794 1253 1933 1316; x_wconf 86' lang='lat' dir='ltr'><strong>lum,</strong></span> <span class='ocrx_word' id='word_1_280' title='bbox 1964 1254 2115 1308; x_wconf 90' lang='lat' dir='ltr'><strong>unde</strong></span> <span class='ocrx_word' id='word_1_281' title='bbox 2144 1253 2331 1308; x_wconf 81' lang='lat' dir='ltr'><strong>nullus</strong></span> <span class='ocrx_word' id='word_1_282' title='bbox 2358 1268 2490 1308; x_wconf 88' lang='lat' dir='ltr'><strong>suos</strong></span> <span class='ocrx_word' id='word_1_283' title='bbox 2518 1254 2717 1308; x_wconf 90' lang='lat' dir='ltr'><strong>tollere</strong></span> <span class='ocrx_word' id='word_1_284' title='bbox 2762 1258 3072 1326; x_wconf 65' lang='lat' dir='ltr'><strong>praesumit,</strong></span> <span class='ocrx_word' id='word_1_285' title='bbox 3100 1259 3207 1313; x_wconf 89' lang='lat' dir='ltr'><strong>nisi</strong></span> <span class='ocrx_word' id='word_1_286' title='bbox 3230 1261 3386 1331; x_wconf 90' lang='lat' dir='ltr'><strong>prius</strong></span> 
     </span>
    </p>
   </div>
   <div class='ocr_carea' id='block_1_42' title="bbox 1795 1342 3386 1417">
    <p class='ocr_par' dir='ltr' id='par_1_42' title="bbox 1795 1342 3386 1417">
     <span class='ocr_line' id='line_1_43' title="bbox 1795 1342 3386 1417; baseline 0.005 -22"><span class='ocrx_word' id='word_1_287' title='bbox 1795 1342 2014 1417; x_wconf 83' lang='lat' dir='ltr'><strong>veniam</strong></span> <span class='ocrx_word' id='word_1_288' title='bbox 2065 1342 2319 1413; x_wconf 83' lang='lat' dir='ltr'><strong>petierit;</strong></span> <span class='ocrx_word' id='word_1_289' title='bbox 2354 1342 2401 1396; x_wconf 88' lang='lat' dir='ltr'><strong>si</strong></span> <span class='ocrx_word' id='word_1_290' title='bbox 2450 1348 2640 1397; x_wconf 89' lang='lat' dir='ltr'><strong>tamen</strong></span> <span class='ocrx_word' id='word_1_291' title='bbox 2688 1344 3045 1414; x_wconf 85' lang='lat' dir='ltr'><strong>praevidendo</strong></span> <span class='ocrx_word' id='word_1_292' title='bbox 3082 1362 3215 1402; x_wconf 90' lang='lat' dir='ltr'><strong>suos</strong></span> <span class='ocrx_word' id='word_1_293' title='bbox 3265 1364 3386 1403; x_wconf 90' lang='lat' dir='ltr'><strong>esse</strong></span> 
     </span>
    </p>
   </div>
   <div class='ocr_carea' id='block_1_43' title="bbox 1796 1429 3390 1508">
    <p class='ocr_par' dir='ltr' id='par_1_43' title="bbox 1796 1429 3390 1508">
     <span class='ocr_line' id='line_1_44' title="bbox 1796 1429 3390 1508; baseline 0.004 -23"><span class='ocrx_word' id='word_1_294' title='bbox 1796 1429 2133 1501; x_wconf 79' lang='lat' dir='ltr'><strong>probaverit.</strong></span> <span class='ocrx_word' id='word_1_295' title='bbox 2168 1431 2227 1486; x_wconf 92' lang='lat' dir='ltr'><strong>Si</strong></span> <span class='ocrx_word' id='word_1_296' title='bbox 2253 1432 2441 1485; x_wconf 90' lang='lat' dir='ltr'><strong>autem</strong></span> <span class='ocrx_word' id='word_1_297' title='bbox 2471 1432 2605 1499; x_wconf 80' lang='lat' dir='ltr'><strong>non,</strong></span> <span class='ocrx_word' id='word_1_298' title='bbox 2641 1438 2774 1486; x_wconf 91' lang='lat' dir='ltr'><strong>sunt</strong></span> <span class='ocrx_word' id='word_1_299' title='bbox 2801 1433 2860 1486; x_wconf 90' lang='lat' dir='ltr'><strong>in</strong></span> <span class='ocrx_word' id='word_1_300' title='bbox 2882 1434 3229 1504; x_wconf 84' lang='lat' dir='ltr'><strong>poenitentia,</strong></span> <span class='ocrx_word' id='word_1_301' title='bbox 3254 1452 3390 1508; x_wconf 86' lang='lat' dir='ltr'><strong>quo-</strong></span> 
     </span>
    </p>
   </div>
   <div class='ocr_carea' id='block_1_44' title="bbox 1795 1518 3390 1596">
    <p class='ocr_par' dir='ltr' id='par_1_44' title="bbox 1795 1518 3390 1596">
     <span class='ocr_line' id='line_1_45' title="bbox 1795 1518 3390 1596; baseline 0.006 -24"><span class='ocrx_word' id='word_1_302' title='bbox 1795 1534 1922 1573; x_wconf 89' lang='lat' dir='ltr'><strong>rum</strong></span> <span class='ocrx_word' id='word_1_303' title='bbox 1944 1520 2174 1573; x_wconf 89' lang='lat' dir='ltr'><strong>nomina</strong></span> <span class='ocrx_word' id='word_1_304' title='bbox 2204 1520 2414 1574; x_wconf 81' lang='lat' dir='ltr'><strong>eisdem</strong></span> <span class='ocrx_word' id='word_1_305' title='bbox 2435 1518 2782 1575; x_wconf 73' lang='lat' dir='ltr'><strong>Vestimentis</strong></span> <span class='ocrx_word' id='word_1_306' title='bbox 2800 1528 2933 1575; x_wconf 88' lang='lat' dir='ltr'><strong>sunt</strong></span> <span class='ocrx_word' id='word_1_307' title='bbox 2949 1521 3236 1596; x_wconf 86' lang='lat' dir='ltr'><strong>inscripta;</strong></span> <span class='ocrx_word' id='word_1_308' title='bbox 3255 1526 3390 1581; x_wconf 82' lang='lat' dir='ltr'><strong>tunc</strong></span> 
     </span>
    </p>
   </div>
   <div class='ocr_carea' id='block_1_45' title="bbox 1797 1607 3390 1687">
    <p class='ocr_par' dir='ltr' id='par_1_45' title="bbox 1797 1607 3390 1687">
     <span class='ocr_line' id='line_1_46' title="bbox 1797 1607 3390 1687; baseline 0.006 -26"><span class='ocrx_word' id='word_1_309' title='bbox 1797 1607 2141 1663; x_wconf 88' lang='lat' dir='ltr'><strong>camerarius</strong></span> <span class='ocrx_word' id='word_1_310' title='bbox 2166 1608 2330 1679; x_wconf 80' lang='lat' dir='ltr'><strong>jussu</strong></span> <span class='ocrx_word' id='word_1_311' title='bbox 2360 1608 2562 1679; x_wconf 88' lang='lat' dir='ltr'><strong>prioris</strong></span> <span class='ocrx_word' id='word_1_312' title='bbox 2600 1607 2826 1664; x_wconf 87' lang='lat' dir='ltr'><strong>sublata</strong></span> <span class='ocrx_word' id='word_1_313' title='bbox 2854 1618 3121 1680; x_wconf 84' lang='lat' dir='ltr'><strong>reservat,</strong></span> <span class='ocrx_word' id='word_1_314' title='bbox 3152 1614 3216 1669; x_wconf 87' lang='lat' dir='ltr'><strong>ut</strong></span> <span class='ocrx_word' id='word_1_315' title='bbox 3234 1619 3390 1687; x_wconf 88' lang='lat' dir='ltr'><strong>post-</strong></span> 
     </span>
    </p>
   </div>
   <div class='ocr_carea' id='block_1_46' title="bbox 1798 1695 2786 1767">
    <p class='ocr_par' dir='ltr' id='par_1_46' title="bbox 1798 1695 2786 1767">
     <span class='ocr_line' id='line_1_47' title="bbox 1798 1695 2786 1767; baseline 0.003 -18"><span class='ocrx_word' id='word_1_316' title='bbox 1798 1695 2029 1750; x_wconf 88' lang='lat' dir='ltr'><strong>modum</strong></span> <span class='ocrx_word' id='word_1_317' title='bbox 2053 1711 2124 1750; x_wconf 87' lang='lat' dir='ltr'><strong>ea</strong></span> <span class='ocrx_word' id='word_1_318' title='bbox 2151 1696 2530 1767; x_wconf 81' lang='lat' dir='ltr'><strong>quaerentibus</strong></span> <span class='ocrx_word' id='word_1_319' title='bbox 2568 1697 2786 1752; x_wconf 84' lang='lat' dir='ltr'><strong>reddat.</strong></span> 
     </span>
    </p>
   </div>
   <div class='ocr_carea' id='block_1_47' title="bbox 2365 1786 2814 1841">
    <p class='ocr_par' dir='ltr' id='par_1_47' title="bbox 2365 1786 2814 1841">
     <span class='ocr_line' id='line_1_48' title="bbox 2365 1786 2814 1841; baseline 0.002 -1"><span class='ocrx_word' id='word_1_320' title='bbox 2365 1786 2601 1841; x_wconf 83' lang='lat' dir='ltr'><strong>CAPUT</strong></span> <span class='ocrx_word' id='word_1_321' title='bbox 2620 1786 2814 1841; x_wconf 83' lang='lat' dir='ltr'><strong>XLIII.</strong></span> 
     </span>
    </p>
   </div>
   <div class='ocr_carea' id='block_1_48' title="bbox 2400 1875 2796 1929">
    <p class='ocr_par' dir='ltr' id='par_1_48' title="bbox 2400 1875 2796 1929">
     <span class='ocr_line' id='line_1_49' title="bbox 2400 1875 2796 1929; baseline 0.003 -1"><span class='ocrx_word' id='word_1_322' title='bbox 2400 1875 2472 1928; x_wconf 82' lang='lat' dir='ltr'><strong>Dc</strong></span> <span class='ocrx_word' id='word_1_323' title='bbox 2493 1876 2796 1929; x_wconf 77' lang='lat' dir='ltr'><strong>cellerarz&#39;o.</strong></span> 
     </span>
    </p>
   </div>
   <div class='ocr_carea' id='block_1_49' title="bbox 1870 1962 3394 2037">
    <p class='ocr_par' dir='ltr' id='par_1_49' title="bbox 1870 1962 3394 2037">
     <span class='ocr_line' id='line_1_50' title="bbox 1870 1962 3394 2037; baseline 0.005 -21"><span class='ocrx_word' id='word_1_324' title='bbox 1870 1963 2014 2028; x_wconf 77' lang='grc' dir='ltr'><strong>(συ.)</strong></span> <span class='ocrx_word' id='word_1_325' title='bbox 2030 1962 2367 2017; x_wconf 89' lang='lat' dir='ltr'><strong>Cellerarius</strong></span> <span class='ocrx_word' id='word_1_326' title='bbox 2385 1963 2582 2017; x_wconf 88' lang='lat' dir='ltr'><strong>eadem</strong></span> <span class='ocrx_word' id='word_1_327' title='bbox 2604 1963 3009 2031; x_wconf 89' lang='lat' dir='ltr'><strong>benedictione,</strong></span> <span class='ocrx_word' id='word_1_328' title='bbox 3029 1982 3141 2036; x_wconf 90' lang='lat' dir='ltr'><strong>qua</strong></span> <span class='ocrx_word' id='word_1_329' title='bbox 3156 1966 3394 2037; x_wconf 85' lang='lat' dir='ltr'><strong>prior,et</strong></span> 
     </span>
    </p>
   </div>
   <div class='ocr_carea' id='block_1_50' title="bbox 1801 2050 3395 2126">
    <p class='ocr_par' dir='ltr' id='par_1_50' title="bbox 1801 2050 3395 2126">
     <span class='ocr_line' id='line_1_51' title="bbox 1801 2050 3395 2126; baseline 0.004 -23"><span class='ocrx_word' id='word_1_330' title='bbox 1801 2050 2097 2105; x_wconf 83' lang='lat' dir='ltr'><strong>ordinatur</strong></span> <span class='ocrx_word' id='word_1_331' title='bbox 2114 2056 2170 2106; x_wconf 91' lang='lat' dir='ltr'><strong>et</strong></span> <span class='ocrx_word' id='word_1_332' title='bbox 2181 2051 2505 2105; x_wconf 87' lang='lat' dir='ltr'><strong>absolvitur.</strong></span> <span class='ocrx_word' id='word_1_333' title='bbox 2522 2051 2829 2107; x_wconf 86' lang='lat' dir='ltr'><strong>Ordinatus</strong></span> <span class='ocrx_word' id='word_1_334' title='bbox 2850 2052 3395 2126; x_wconf 87' lang='lat' dir='ltr'><strong>sciredebetquanta</strong></span> 
     </span>
    </p>
   </div>
   <div class='ocr_carea' id='block_1_51' title="bbox 1801 2138 3391 2204">
    <p class='ocr_par' dir='ltr' id='par_1_51' title="bbox 1801 2138 3391 2204">
     <span class='ocr_line' id='line_1_52' title="bbox 1801 2138 3391 2204; baseline 0.004 -12"><span class='ocrx_word' id='word_1_335' title='bbox 1801 2138 2128 2194; x_wconf 81' lang='lat' dir='ltr'><strong>diversitate</strong></span> <span class='ocrx_word' id='word_1_336' title='bbox 2165 2138 2434 2194; x_wconf 83' lang='lat' dir='ltr'><strong>fratribus</strong></span> <span class='ocrx_word' id='word_1_337' title='bbox 2484 2139 2544 2193; x_wconf 91' lang='lat' dir='ltr'><strong>in</strong></span> <span class='ocrx_word' id='word_1_338' title='bbox 2592 2140 2886 2195; x_wconf 86' lang='lat' dir='ltr'><strong>refectorio</strong></span> <span class='ocrx_word' id='word_1_339' title='bbox 2917 2141 2990 2195; x_wconf 90' lang='lat' dir='ltr'><strong>sit</strong></span> <span class='ocrx_word' id='word_1_340' title='bbox 3013 2142 3391 2204; x_wconf 85' lang='lat' dir='ltr'><strong>serviendum.</strong></span> 
     </span>
    </p>
   </div>
   <div class='ocr_carea' id='block_1_52' title="bbox 1805 2226 3396 2299">
    <p class='ocr_par' dir='ltr' id='par_1_52' title="bbox 1805 2226 3396 2299">
     <span class='ocr_line' id='line_1_53' title="bbox 1805 2226 3396 2299; baseline 0.004 -18"><span class='ocrx_word' id='word_1_341' title='bbox 1805 2228 1966 2297; x_wconf 80' lang='grc' dir='ltr'><strong>(υαν.)</strong></span> <span class='ocrx_word' id='word_1_342' title='bbox 1983 2226 2047 2282; x_wconf 85' lang='lat' dir='ltr'><strong>Ih</strong></span> <span class='ocrx_word' id='word_1_343' title='bbox 2070 2228 2386 2299; x_wconf 84' lang='lat' dir='ltr'><strong>septimana</strong></span> <span class='ocrx_word' id='word_1_344' title='bbox 2404 2230 2520 2283; x_wconf 79' lang='lat' dir='ltr'><strong>tres</strong></span> <span class='ocrx_word' id='word_1_345' title='bbox 2535 2228 2675 2295; x_wconf 85' lang='lat' dir='ltr'><strong>dies,</strong></span> <span class='ocrx_word' id='word_1_346' title='bbox 2695 2228 2751 2283; x_wconf 92' lang='lat' dir='ltr'><strong>id</strong></span> <span class='ocrx_word' id='word_1_347' title='bbox 2770 2234 2874 2297; x_wconf 88' lang='lat' dir='ltr'><strong>est,</strong></span> <span class='ocrx_word' id='word_1_348' title='bbox 2898 2230 3039 2285; x_wconf 88' lang='lat' dir='ltr'><strong>scire</strong></span> <span class='ocrx_word' id='word_1_349' title='bbox 3049 2228 3231 2298; x_wconf 89' lang='lat' dir='ltr'><strong>debet,</strong></span> <span class='ocrx_word' id='word_1_350' title='bbox 3254 2231 3396 2287; x_wconf 86' lang='lat' dir='ltr'><strong>feria</strong></span> 
     </span>
    </p>
   </div>
   <div class='ocr_carea' id='block_1_53' title="bbox 1804 2317 3395 2388">
    <p class='ocr_par' dir='ltr' id='par_1_53' title="bbox 1804 2317 3395 2388">
     <span class='ocr_line' id='line_1_54' title="bbox 1804 2317 3395 2388; baseline 0.004 -18"><span class='ocrx_word' id='word_1_351' title='bbox 1804 2322 2005 2387; x_wconf 88' lang='lat' dir='ltr'><strong>quarta</strong></span> <span class='ocrx_word' id='word_1_352' title='bbox 2051 2322 2109 2370; x_wconf 89' lang='lat' dir='ltr'><strong>et</strong></span> <span class='ocrx_word' id='word_1_353' title='bbox 2150 2318 2307 2372; x_wconf 84' lang='lat' dir='ltr'><strong>sexta</strong></span> <span class='ocrx_word' id='word_1_354' title='bbox 2351 2317 2499 2388; x_wconf 88' lang='lat' dir='ltr'><strong>quod</strong></span> <span class='ocrx_word' id='word_1_355' title='bbox 2531 2317 2864 2388; x_wconf 88' lang='lat' dir='ltr'><strong>pietantiam</strong></span> <span class='ocrx_word' id='word_1_356' title='bbox 2919 2318 3215 2388; x_wconf 88' lang='lat' dir='ltr'><strong>habemus,</strong></span> <span class='ocrx_word' id='word_1_357' title='bbox 3254 2321 3395 2376; x_wconf 90' lang='lat' dir='ltr'><strong>alios</strong></span> 
     </span>
    </p>
   </div>
   <div class='ocr_carea' id='block_1_54' title="bbox 1804 2405 3400 2479">
    <p class='ocr_par' dir='ltr' id='par_1_54' title="bbox 1804 2405 3400 2479">
     <span class='ocr_line' id='line_1_55' title="bbox 1804 2405 3400 2479; baseline 0.003 -19"><span class='ocrx_word' id='word_1_358' title='bbox 1804 2410 2046 2475; x_wconf 83' lang='lat' dir='ltr'><strong>quatuor</strong></span> <span class='ocrx_word' id='word_1_359' title='bbox 2071 2407 2357 2477; x_wconf 83' lang='lat' dir='ltr'><strong>generale,</strong></span> <span class='ocrx_word' id='word_1_360' title='bbox 2384 2417 2441 2461; x_wconf 86' lang='lat' dir='ltr'><strong>et</strong></span> <span class='ocrx_word' id='word_1_361' title='bbox 2469 2406 2592 2471; x_wconf 90' lang='lat' dir='ltr'><strong>hoc,</strong></span> <span class='ocrx_word' id='word_1_362' title='bbox 2643 2405 2792 2479; x_wconf 91' lang='lat' dir='ltr'><strong>quod</strong></span> <span class='ocrx_word' id='word_1_363' title='bbox 2817 2407 2874 2460; x_wconf 91' lang='lat' dir='ltr'><strong>in</strong></span> <span class='ocrx_word' id='word_1_364' title='bbox 2902 2407 2994 2461; x_wconf 90' lang='lat' dir='ltr'><strong>die</strong></span> <span class='ocrx_word' id='word_1_365' title='bbox 3025 2406 3314 2463; x_wconf 87' lang='lat' dir='ltr'><strong>Dominica</strong></span> <span class='ocrx_word' id='word_1_366' title='bbox 3341 2408 3400 2464; x_wconf 82' lang='lat' dir='ltr'><strong>et</strong></span> 
     </span>
    </p>
   </div>
   <div class='ocr_carea' id='block_1_55' title="bbox 1802 2493 3401 2566">
    <p class='ocr_par' dir='ltr' id='par_1_55' title="bbox 1802 2493 3401 2566">
     <span class='ocr_line' id='line_1_56' title="bbox 1802 2493 3401 2566; baseline 0.003 -19"><span class='ocrx_word' id='word_1_367' title='bbox 1802 2493 1861 2548; x_wconf 90' lang='lat' dir='ltr'><strong>in</strong></span> <span class='ocrx_word' id='word_1_368' title='bbox 1887 2493 2028 2548; x_wconf 88' lang='lat' dir='ltr'><strong>feria</strong></span> <span class='ocrx_word' id='word_1_369' title='bbox 2058 2495 2255 2566; x_wconf 88' lang='lat' dir='ltr'><strong>quinta</strong></span> <span class='ocrx_word' id='word_1_370' title='bbox 2284 2501 2388 2558; x_wconf 86' lang='lat' dir='ltr'><strong>est,</strong></span> <span class='ocrx_word' id='word_1_371' title='bbox 2430 2494 2500 2549; x_wconf 91' lang='lat' dir='ltr'><strong>de</strong></span> <span class='ocrx_word' id='word_1_372' title='bbox 2544 2493 2828 2565; x_wconf 83' lang='lat' dir='ltr'><strong>piscibus;</strong></span> <span class='ocrx_word' id='word_1_373' title='bbox 2870 2497 2916 2550; x_wconf 88' lang='lat' dir='ltr'><strong>si</strong></span> <span class='ocrx_word' id='word_1_374' title='bbox 2954 2500 3148 2551; x_wconf 91' lang='lat' dir='ltr'><strong>tamen</strong></span> <span class='ocrx_word' id='word_1_375' title='bbox 3204 2497 3401 2553; x_wconf 85' lang='lat' dir='ltr'><strong>haberi</strong></span> 
     </span>
    </p>
   </div>
   <div class='ocr_carea' id='block_1_56' title="bbox 1803 2582 3397 2656">
    <p class='ocr_par' dir='ltr' id='par_1_56' title="bbox 1803 2582 3397 2656">
     <span class='ocr_line' id='line_1_57' title="bbox 1803 2582 3397 2656; baseline 0.004 -20"><span class='ocrx_word' id='word_1_376' title='bbox 1803 2588 2064 2653; x_wconf 81' lang='lat' dir='ltr'><strong>po‘ssunt:</strong></span> <span class='ocrx_word' id='word_1_377' title='bbox 2082 2589 2138 2636; x_wconf 91' lang='lat' dir='ltr'><strong>et</strong></span> <span class='ocrx_word' id='word_1_378' title='bbox 2156 2582 2203 2637; x_wconf 90' lang='lat' dir='ltr'><strong>si</strong></span> <span class='ocrx_word' id='word_1_379' title='bbox 2224 2599 2335 2637; x_wconf 89' lang='lat' dir='ltr'><strong>non</strong></span> <span class='ocrx_word' id='word_1_380' title='bbox 2355 2589 2487 2638; x_wconf 88' lang='lat' dir='ltr'><strong>sunt</strong></span> <span class='ocrx_word' id='word_1_381' title='bbox 2500 2584 3103 2647; x_wconf 88' lang='lat' dir='ltr'><strong>olera,continuabitur</strong></span> <span class='ocrx_word' id='word_1_382' title='bbox 3113 2588 3397 2656; x_wconf 81' lang='lat' dir='ltr'><strong>generale.</strong></span> 
     </span>
    </p>
   </div>
   <div class='ocr_carea' id='block_1_57' title="bbox 1805 2671 3403 2745">
    <p class='ocr_par' dir='ltr' id='par_1_57' title="bbox 1805 2671 3403 2745">
     <span class='ocr_line' id='line_1_58' title="bbox 1805 2671 3403 2745; baseline 0.002 -19"><span class='ocrx_word' id='word_1_383' title='bbox 1805 2672 1945 2726; x_wconf 87' lang='lat' dir='ltr'><strong>Item</strong></span> <span class='ocrx_word' id='word_1_384' title='bbox 1969 2672 2409 2743; x_wconf 81' lang='lat' dir='ltr'><strong>quotiescunque</strong></span> <span class='ocrx_word' id='word_1_385' title='bbox 2440 2671 2733 2726; x_wconf 89' lang='lat' dir='ltr'><strong>duodecim</strong></span> <span class='ocrx_word' id='word_1_386' title='bbox 2763 2673 3030 2727; x_wconf 88' lang='lat' dir='ltr'><strong>lectiones</strong></span> <span class='ocrx_word' id='word_1_387' title='bbox 3062 2676 3213 2738; x_wconf 86' lang='lat' dir='ltr'><strong>sunt,</strong></span> <span class='ocrx_word' id='word_1_388' title='bbox 3235 2690 3403 2745; x_wconf 84' lang='lat' dir='ltr'><strong>gene-</strong></span> 
     </span>
    </p>
   </div>
   <div class='ocr_carea' id='block_1_58' title="bbox 1805 2759 3401 2832">
    <p class='ocr_par' dir='ltr' id='par_1_58' title="bbox 1805 2759 3401 2832">
     <span class='ocr_line' id='line_1_59' title="bbox 1805 2759 3401 2832; baseline 0.003 -19"><span class='ocrx_word' id='word_1_389' title='bbox 1805 2759 1921 2813; x_wconf 87' lang='lat' dir='ltr'><strong>rale</strong></span> <span class='ocrx_word' id='word_1_390' title='bbox 1937 2760 2230 2814; x_wconf 84' lang='lat' dir='ltr'><strong>habemus.</strong></span> <span class='ocrx_word' id='word_1_391' title='bbox 2253 2760 2410 2824; x_wconf 89' lang='lat' dir='ltr'><strong>Quod</strong></span> <span class='ocrx_word' id='word_1_392' title='bbox 2434 2760 2881 2832; x_wconf 86' lang='lat' dir='ltr'><strong>quandocunque</strong></span> <span class='ocrx_word' id='word_1_393' title='bbox 2920 2761 3089 2815; x_wconf 87' lang='lat' dir='ltr'><strong>datur</strong></span> <span class='ocrx_word' id='word_1_394' title='bbox 3108 2762 3283 2829; x_wconf 87' lang='lat' dir='ltr'><strong>aliud,</strong></span> <span class='ocrx_word' id='word_1_395' title='bbox 3302 2763 3401 2817; x_wconf 88' lang='lat' dir='ltr'><strong>ali-</strong></span> 
     </span>
    </p>
   </div>
   <div class='ocr_carea' id='block_1_59' title="bbox 1806 2836 3402 2922">
    <p class='ocr_par' dir='ltr' id='par_1_59' title="bbox 1806 2836 3402 2922">
     <span class='ocr_line' id='line_1_60' title="bbox 1806 2836 3402 2922; baseline 0.004 -21"><span class='ocrx_word' id='word_1_396' title='bbox 1806 2864 1970 2919; x_wconf 90' lang='lat' dir='ltr'><strong>quem</strong></span> <span class='ocrx_word' id='word_1_397' title='bbox 1994 2846 2178 2902; x_wconf 90' lang='lat' dir='ltr'><strong>cibum</strong></span> <span class='ocrx_word' id='word_1_398' title='bbox 2200 2865 2327 2903; x_wconf 91' lang='lat' dir='ltr'><strong>cum</strong></span> <span class='ocrx_word' id='word_1_399' title='bbox 2345 2849 2442 2902; x_wconf 91' lang='lat' dir='ltr'><strong>illo</strong></span> <span class='ocrx_word' id='word_1_400' title='bbox 2465 2850 2788 2903; x_wconf 84' lang='lat' dir='ltr'><strong>cellerarius</strong></span> <span class='ocrx_word' id='word_1_401' title='bbox 2827 2849 2994 2903; x_wconf 86' lang='lat' dir='ltr'><strong>debet</strong></span> <span class='ocrx_word' id='word_1_402' title='bbox 3029 2850 3236 2905; x_wconf 87' lang='lat' dir='ltr'><strong>habere</strong></span> <span class='ocrx_word' id='word_1_403' title='bbox 3265 2836 3402 2922; x_wconf 65' lang='lat' dir='ltr'><strong>prte-</strong></span> 
     </span>
    </p>
   </div>
   <div class='ocr_carea' id='block_1_60' title="bbox 1806 2930 3402 3009">
    <p class='ocr_par' dir='ltr' id='par_1_60' title="bbox 1806 2930 3402 3009">
     <span class='ocr_line' id='line_1_61' title="bbox 1806 2930 3402 3009; baseline 0.003 -19"><span class='ocrx_word' id='word_1_404' title='bbox 1806 2938 2085 3009; x_wconf 80' lang='lat' dir='ltr'><strong>paratum,</strong></span> <span class='ocrx_word' id='word_1_405' title='bbox 2136 2941 2202 2991; x_wconf 90' lang='lat' dir='ltr'><strong>ut</strong></span> <span class='ocrx_word' id='word_1_406' title='bbox 2254 2930 2520 2991; x_wconf 75' lang='lat' dir='ltr'><strong>fratribus</strong></span> <span class='ocrx_word' id='word_1_407' title='bbox 2569 2937 2639 2991; x_wconf 87' lang='lat' dir='ltr'><strong>de</strong></span> <span class='ocrx_word' id='word_1_408' title='bbox 2673 2937 2925 3007; x_wconf 84' lang='lat' dir='ltr'><strong>generali</strong></span> <span class='ocrx_word' id='word_1_409' title='bbox 2968 2937 3260 2993; x_wconf 88' lang='lat' dir='ltr'><strong>comedere</strong></span> <span class='ocrx_word' id='word_1_410' title='bbox 3288 2942 3402 2994; x_wconf 81' lang='lat' dir='ltr'><strong>non</strong></span> 
     </span>
    </p>
   </div>
   <div class='ocr_carea' id='block_1_61' title="bbox 1807 3020 3400 3098">
    <p class='ocr_par' dir='ltr' id='par_1_61' title="bbox 1807 3020 3400 3098">
     <span class='ocr_line' id='line_1_62' title="bbox 1807 3020 3400 3098; baseline 0.003 -21"><span class='ocrx_word' id='word_1_411' title='bbox 1807 3024 2141 3090; x_wconf 88' lang='lat' dir='ltr'><strong>valentibus,</strong></span> <span class='ocrx_word' id='word_1_412' title='bbox 2159 3030 2339 3079; x_wconf 86' lang='lat' dir='ltr'><strong>mutet</strong></span> <span class='ocrx_word' id='word_1_413' title='bbox 2357 3020 2542 3096; x_wconf 71' lang='lat' dir='ltr'><strong>ip&#39;sum</strong></span> <span class='ocrx_word' id='word_1_414' title='bbox 2563 3027 2847 3095; x_wconf 85' lang='lat' dir='ltr'><strong>generale.</strong></span> <span class='ocrx_word' id='word_1_415' title='bbox 2876 3028 2897 3049; x_wconf 79' lang='lat'><strong><em>&#39;</em></strong></span> <span class='ocrx_word' id='word_1_416' title='bbox 2922 3027 3038 3080; x_wconf 90' lang='lat' dir='ltr'><strong>Hoc</strong></span> <span class='ocrx_word' id='word_1_417' title='bbox 3069 3025 3241 3081; x_wconf 83' lang='lat' dir='ltr'><strong>etiam</strong></span> <span class='ocrx_word' id='word_1_418' title='bbox 3274 3036 3400 3098; x_wconf 82' lang='lat' dir='ltr'><strong>pro-</strong></span> 
     </span>
    </p>
   </div>
   <div class='ocr_carea' id='block_1_62' title="bbox 1806 3113 3404 3187">
    <p class='ocr_par' dir='ltr' id='par_1_62' title="bbox 1806 3113 3404 3187">
     <span class='ocr_line' id='line_1_63' title="bbox 1806 3113 3404 3187; baseline 0.002 -20"><span class='ocrx_word' id='word_1_419' title='bbox 1806 3114 1994 3168; x_wconf 86' lang='lat' dir='ltr'><strong>videre</strong></span> <span class='ocrx_word' id='word_1_420' title='bbox 2024 3113 2207 3175; x_wconf 84' lang='lat' dir='ltr'><strong>debet,</strong></span> <span class='ocrx_word' id='word_1_421' title='bbox 2237 3118 2303 3168; x_wconf 89' lang='lat' dir='ltr'><strong>ut</strong></span> <span class='ocrx_word' id='word_1_422' title='bbox 2334 3130 2463 3168; x_wconf 90' lang='lat' dir='ltr'><strong>cum</strong></span> <span class='ocrx_word' id='word_1_423' title='bbox 2502 3114 2773 3185; x_wconf 76' lang='lat' dir='ltr'><strong>pictantia</strong></span> <span class='ocrx_word' id='word_1_424' title='bbox 2822 3114 3008 3181; x_wconf 84' lang='lat' dir='ltr'><strong>‘datur,</strong></span> <span class='ocrx_word' id='word_1_425' title='bbox 3041 3114 3156 3169; x_wconf 88' lang='lat' dir='ltr'><strong>sint</strong></span> <span class='ocrx_word' id='word_1_426' title='bbox 3183 3113 3404 3187; x_wconf 88' lang='lat' dir='ltr'><strong>aliquot</strong></span> 
     </span>
    </p>
   </div>
   <div class='ocr_carea' id='block_1_63' title="bbox 204 3189 3393 3280">
    <p class='ocr_par' dir='ltr' id='par_1_63' title="bbox 204 3189 3393 3280">
     <span class='ocr_line' id='line_1_64' title="bbox 204 3189 3393 3280; baseline -0.002 -16"><span class='ocrx_word' id='word_1_427' title='bbox 204 3210 227 3233; x_wconf 81' lang='lat'><strong><em>‘</em></strong></span> <span class='ocrx_word' id='word_1_428' title='bbox 252 3207 413 3264; x_wconf 80' lang='lat' dir='ltr'><strong>Omni</strong></span> <span class='ocrx_word' id='word_1_429' title='bbox 433 3205 673 3263; x_wconf 74' lang='lat' dir='ltr'><strong>sabbato</strong></span> <span class='ocrx_word' id='word_1_430' title='bbox 700 3210 827 3279; x_wconf 84' lang='lat' dir='ltr'><strong>post</strong></span> <span class='ocrx_word' id='word_1_431' title='bbox 855 3216 1060 3262; x_wconf 87' lang='lat' dir='ltr'><strong>nonam</strong></span> <span class='ocrx_word' id='word_1_432' title='bbox 1108 3208 1165 3262; x_wconf 88' lang='lat' dir='ltr'><strong>et</strong></span> <span class='ocrx_word' id='word_1_433' title='bbox 1193 3207 1252 3262; x_wconf 84' lang='lat' dir='ltr'><strong>in</strong></span> <span class='ocrx_word' id='word_1_434' title='bbox 1283 3208 1727 3280; x_wconf 77' lang='lat' dir='ltr'><strong>Quadragesima</strong></span> <span class='ocrx_word' id='word_1_435' title='bbox 1745 3189 1789 3247; x_wconf 70' lang='grc' dir='ltr'><strong>ί)</strong></span> <span class='ocrx_word' id='word_1_436' title='bbox 1810 3202 2055 3257; x_wconf 71' lang='lat' dir='ltr'><strong>scutellae</strong></span> <span class='ocrx_word' id='word_1_437' title='bbox 2066 3202 2146 3255; x_wconf 87' lang='lat' dir='ltr'><strong>ita</strong></span> <span class='ocrx_word' id='word_1_438' title='bbox 2172 3208 2399 3273; x_wconf 84' lang='lat' dir='ltr'><strong>paratae,</strong></span> <span class='ocrx_word' id='word_1_439' title='bbox 2426 3204 2491 3257; x_wconf 88' lang='lat' dir='ltr'><strong>ut</strong></span> <span class='ocrx_word' id='word_1_440' title='bbox 2519 3202 2567 3256; x_wconf 89' lang='lat' dir='ltr'><strong>si</strong></span> <span class='ocrx_word' id='word_1_441' title='bbox 2596 3203 2685 3257; x_wconf 93' lang='lat' dir='ltr'><strong>cui</strong></span> <span class='ocrx_word' id='word_1_442' title='bbox 2709 3202 2812 3256; x_wconf 89' lang='lat' dir='ltr'><strong>soli</strong></span> <span class='ocrx_word' id='word_1_443' title='bbox 2845 3210 2933 3257; x_wconf 87' lang='lat' dir='ltr'><strong>est</strong></span> <span class='ocrx_word' id='word_1_444' title='bbox 2946 3202 3150 3270; x_wconf 89' lang='lat' dir='ltr'><strong>danda,</strong></span> <span class='ocrx_word' id='word_1_445' title='bbox 3176 3219 3393 3260; x_wconf 90' lang='lat' dir='ltr'><strong>moram</strong></span> 
     </span>
    </p>
   </div>
   <div class='ocr_carea' id='block_1_64' title="bbox 145 3282 1727 3368">
    <p class='ocr_par' dir='ltr' id='par_1_64' title="bbox 145 3282 1727 3368">
     <span class='ocr_line' id='line_1_65' title="bbox 145 3282 1727 3368; baseline 0.001 -18"><span class='ocrx_word' id='word_1_446' title='bbox 145 3301 256 3365; x_wconf 82' lang='lat' dir='ltr'><strong>post</strong></span> <span class='ocrx_word' id='word_1_447' title='bbox 281 3300 516 3361; x_wconf 75' lang='lat' dir='ltr'><strong>cienam,</strong></span> <span class='ocrx_word' id='word_1_448' title='bbox 550 3296 722 3367; x_wconf 76' lang='lat' dir='ltr'><strong>panni</strong></span> <span class='ocrx_word' id='word_1_449' title='bbox 740 3282 978 3351; x_wconf 66' lang='lat' dir='ltr'><strong>fratrum</strong></span> <span class='ocrx_word' id='word_1_450' title='bbox 998 3296 1219 3350; x_wconf 74' lang='lat' dir='ltr'><strong>naviter</strong></span> <span class='ocrx_word' id='word_1_451' title='bbox 1240 3295 1417 3352; x_wconf 87' lang='lat' dir='ltr'><strong>abluti</strong></span> <span class='ocrx_word' id='word_1_452' title='bbox 1438 3297 1727 3368; x_wconf 75' lang='lat' dir='ltr'><strong>ponuntur</strong></span> 
     </span>
    </p>
   </div>
   <div class='ocr_carea' id='block_1_65' title="bbox 145 3374 1728 3461">
    <p class='ocr_par' dir='ltr' id='par_1_65' title="bbox 145 3374 1728 3461">
     <span class='ocr_line' id='line_1_66' title="bbox 145 3374 1728 3461; baseline 0.003 -24"><span class='ocrx_word' id='word_1_453' title='bbox 145 3384 197 3437; x_wconf 88' lang='lat' dir='ltr'><strong>in</strong></span> <span class='ocrx_word' id='word_1_454' title='bbox 222 3374 458 3440; x_wconf 78' lang='lat' dir='ltr'><strong>claustro</strong></span> <span class='ocrx_word' id='word_1_455' title='bbox 491 3390 661 3456; x_wconf 79' lang='lat' dir='ltr'><strong>‘super</strong></span> <span class='ocrx_word' id='word_1_456' title='bbox 688 3392 999 3453; x_wconf 86' lang='lat' dir='ltr'><strong>scamnum,</strong></span> <span class='ocrx_word' id='word_1_457' title='bbox 1039 3386 1187 3457; x_wconf 85' lang='lat' dir='ltr'><strong>quod</strong></span> <span class='ocrx_word' id='word_1_458' title='bbox 1235 3393 1322 3441; x_wconf 91' lang='lat' dir='ltr'><strong>est</strong></span> <span class='ocrx_word' id='word_1_459' title='bbox 1367 3402 1541 3458; x_wconf 83' lang='lat' dir='ltr'><strong>prope</strong></span> <span class='ocrx_word' id='word_1_460' title='bbox 1565 3387 1728 3461; x_wconf 51' lang='lat' dir='ltr'><strong>cella;</strong></span> 
     </span>
    </p>
   </div>
   <div class='ocr_carea' id='block_1_66' title="bbox 146 3471 1723 3545">
    <p class='ocr_par' dir='ltr' id='par_1_66' title="bbox 146 3471 1723 3545">
     <span class='ocr_line' id='line_1_67' title="bbox 146 3471 1723 3545; baseline 0.003 -20"><span class='ocrx_word' id='word_1_461' title='bbox 146 3471 295 3527; x_wconf 75' lang='lat' dir='ltr'><strong>rium;</strong></span> <span class='ocrx_word' id='word_1_462' title='bbox 316 3473 397 3529; x_wconf 84' lang='lat' dir='ltr'><strong>Ibi</strong></span> <span class='ocrx_word' id='word_1_463' title='bbox 419 3474 538 3528; x_wconf 80' lang='lat' dir='ltr'><strong>non</strong></span> <span class='ocrx_word' id='word_1_464' title='bbox 568 3474 727 3528; x_wconf 83' lang='lat' dir='ltr'><strong>deest</strong></span> <span class='ocrx_word' id='word_1_465' title='bbox 746 3474 1017 3545; x_wconf 84' lang='lat' dir='ltr'><strong>magister</strong></span> <span class='ocrx_word' id='word_1_466' title='bbox 1037 3473 1398 3541; x_wconf 78' lang='lat' dir='ltr'><strong>iioviiiorum,</strong></span> <span class='ocrx_word' id='word_1_467' title='bbox 1421 3480 1487 3529; x_wconf 89' lang='lat' dir='ltr'><strong>ut</strong></span> <span class='ocrx_word' id='word_1_468' title='bbox 1516 3475 1723 3544; x_wconf 85' lang='lat' dir='ltr'><strong>videat,</strong></span> 
     </span>
    </p>
   </div>
   <div class='ocr_carea' id='block_1_67' title="bbox 145 3558 1724 3634">
    <p class='ocr_par' dir='ltr' id='par_1_67' title="bbox 145 3558 1724 3634">
     <span class='ocr_line' id='line_1_68' title="bbox 145 3558 1724 3634; baseline 0.003 -22"><span class='ocrx_word' id='word_1_469' title='bbox 145 3574 207 3613; x_wconf 87' lang='lat' dir='ltr'><strong>ne</strong></span> <span class='ocrx_word' id='word_1_470' title='bbox 224 3558 345 3632; x_wconf 67' lang='lat' dir='ltr'><strong>quis</strong></span> <span class='ocrx_word' id='word_1_471' title='bbox 368 3577 473 3633; x_wconf 83' lang='lat' dir='ltr'><strong>per</strong></span> <span class='ocrx_word' id='word_1_472' title='bbox 491 3562 768 3616; x_wconf 82' lang='lat' dir='ltr'><strong>incuriam</strong></span> <span class='ocrx_word' id='word_1_473' title='bbox 790 3566 891 3616; x_wconf 85' lang='lat' dir='ltr'><strong>aut</strong></span> <span class='ocrx_word' id='word_1_474' title='bbox 914 3561 1295 3633; x_wconf 80' lang='lat' dir='ltr'><strong>ignorantiam</strong></span> <span class='ocrx_word' id='word_1_475' title='bbox 1324 3562 1564 3634; x_wconf 82' lang='lat' dir='ltr'><strong>accipiat</strong></span> <span class='ocrx_word' id='word_1_476' title='bbox 1583 3563 1724 3616; x_wconf 89' lang='lat' dir='ltr'><strong>alios</strong></span> 
     </span>
    </p>
   </div>
   <div class='ocr_carea' id='block_1_68' title="bbox 144 3650 1715 3722">
    <p class='ocr_par' dir='ltr' id='par_1_68' title="bbox 144 3650 1715 3722">
     <span class='ocr_line' id='line_1_69' title="bbox 144 3650 1715 3722; baseline 0.003 -18"><span class='ocrx_word' id='word_1_477' title='bbox 144 3663 360 3717; x_wconf 87' lang='lat' dir='ltr'><strong>pannos,</strong></span> <span class='ocrx_word' id='word_1_478' title='bbox 390 3666 564 3722; x_wconf 87' lang='lat' dir='ltr'><strong>quam</strong></span> <span class='ocrx_word' id='word_1_479' title='bbox 586 3650 789 3720; x_wconf 89' lang='lat' dir='ltr'><strong>quibus</strong></span> <span class='ocrx_word' id='word_1_480' title='bbox 822 3666 1027 3705; x_wconf 89' lang='lat' dir='ltr'><strong>nomen</strong></span> <span class='ocrx_word' id='word_1_481' title='bbox 1053 3668 1216 3706; x_wconf 89' lang='lat' dir='ltr'><strong>suum</strong></span> <span class='ocrx_word' id='word_1_482' title='bbox 1242 3658 1329 3706; x_wconf 89' lang='lat' dir='ltr'><strong>est</strong></span> <span class='ocrx_word' id='word_1_483' title='bbox 1354 3652 1685 3722; x_wconf 75' lang='lat' dir='ltr'><strong>inscriptum</strong></span> <span class='ocrx_word' id='word_1_484' title='bbox 1702 3697 1715 3710; x_wconf 93' lang='lat'><strong>.</strong></span> 
     </span>
    </p>
   </div>
   <div class='ocr_carea' id='block_1_69' title="bbox 146 3734 1724 3802">
    <p class='ocr_par' dir='ltr' id='par_1_69' title="bbox 146 3734 1724 3802">
     <span class='ocr_line' id='line_1_70' title="bbox 146 3734 1724 3802; baseline 0.002 -12"><span class='ocrx_word' id='word_1_485' title='bbox 146 3734 251 3791; x_wconf 87' lang='lat' dir='ltr'><strong>Hoc</strong></span> <span class='ocrx_word' id='word_1_486' title='bbox 277 3744 361 3793; x_wconf 90' lang='lat' dir='ltr'><strong>est</strong></span> <span class='ocrx_word' id='word_1_487' title='bbox 387 3738 638 3793; x_wconf 90' lang='lat' dir='ltr'><strong>edictum</strong></span> <span class='ocrx_word' id='word_1_488' title='bbox 664 3744 985 3794; x_wconf 86' lang='lat' dir='ltr'><strong>nostrorum</strong></span> <span class='ocrx_word' id='word_1_489' title='bbox 1006 3739 1260 3802; x_wconf 85' lang='lat' dir='ltr'><strong>Patrum,</strong></span> <span class='ocrx_word' id='word_1_490' title='bbox 1277 3746 1341 3795; x_wconf 93' lang='lat' dir='ltr'><strong>ut</strong></span> <span class='ocrx_word' id='word_1_491' title='bbox 1358 3741 1547 3794; x_wconf 90' lang='lat' dir='ltr'><strong>nullus</strong></span> <span class='ocrx_word' id='word_1_492' title='bbox 1565 3739 1724 3793; x_wconf 86' lang='lat' dir='ltr'><strong>omit-</strong></span> 
     </span>
    </p>
   </div>
   <div class='ocr_carea' id='block_1_70' title="bbox 145 3827 1724 3888">
    <p class='ocr_par' dir='ltr' id='par_1_70' title="bbox 145 3827 1724 3888">
     <span class='ocr_line' id='line_1_71' title="bbox 145 3827 1724 3888; baseline 0.001 -9"><span class='ocrx_word' id='word_1_493' title='bbox 145 3829 237 3888; x_wconf 82' lang='lat' dir='ltr'><strong>tat.</strong></span> <span class='ocrx_word' id='word_1_494' title='bbox 254 3828 533 3882; x_wconf 84' lang='lat' dir='ltr'><strong>stamineo</strong></span> <span class='ocrx_word' id='word_1_495' title='bbox 551 3844 653 3881; x_wconf 90' lang='lat' dir='ltr'><strong>suo</strong></span> <span class='ocrx_word' id='word_1_496' title='bbox 671 3827 729 3881; x_wconf 91' lang='lat' dir='ltr'><strong>in</strong></span> <span class='ocrx_word' id='word_1_497' title='bbox 752 3828 1021 3882; x_wconf 83' lang='lat' dir='ltr'><strong>anteriori</strong></span> <span class='ocrx_word' id='word_1_498' title='bbox 1043 3845 1140 3882; x_wconf 91' lang='lat' dir='ltr'><strong>ore</strong></span> <span class='ocrx_word' id='word_1_499' title='bbox 1155 3829 1493 3883; x_wconf 87' lang='lat' dir='ltr'><strong>intrinsecus</strong></span> <span class='ocrx_word' id='word_1_500' title='bbox 1519 3844 1724 3883; x_wconf 89' lang='lat' dir='ltr'><strong>nomen</strong></span> 
     </span>
    </p>
   </div>
   <div class='ocr_carea' id='block_1_71' title="bbox 146 3914 1719 3989">
    <p class='ocr_par' dir='ltr' id='par_1_71' title="bbox 146 3914 1719 3989">
     <span class='ocr_line' id='line_1_72' title="bbox 146 3914 1719 3989; baseline 0.003 -23"><span class='ocrx_word' id='word_1_501' title='bbox 146 3921 294 3970; x_wconf 80' lang='lat' dir='ltr'><strong>suum</strong></span> <span class='ocrx_word' id='word_1_502' title='bbox 341 3914 573 3970; x_wconf 82' lang='lat' dir='ltr'><strong>inscribi</strong></span> <span class='ocrx_word' id='word_1_503' title='bbox 622 3922 750 3969; x_wconf 81' lang='lat' dir='ltr'><strong>cum</strong></span> <span class='ocrx_word' id='word_1_504' title='bbox 806 3916 1061 3970; x_wconf 85' lang='lat' dir='ltr'><strong>incaust&#39;o</strong></span> <span class='ocrx_word' id='word_1_505' title='bbox 1109 3915 1197 3989; x_wconf 77' lang='lat' dir='ltr'><strong>[id</strong></span> <span class='ocrx_word' id='word_1_506' title='bbox 1242 3923 1319 3971; x_wconf 83' lang='lat' dir='ltr'><strong>est</strong></span> <span class='ocrx_word' id='word_1_507' title='bbox 1361 3914 1719 3985; x_wconf 81' lang='lat' dir='ltr'><strong>atramento],</strong></span> 
     </span>
    </p>
   </div>
   <div class='ocr_carea' id='block_1_72' title="bbox 146 4003 1727 4074">
    <p class='ocr_par' dir='ltr' id='par_1_72' title="bbox 146 4003 1727 4074">
     <span class='ocr_line' id='line_1_73' title="bbox 146 4003 1727 4074; baseline 0.002 -18"><span class='ocrx_word' id='word_1_508' title='bbox 146 4004 482 4074; x_wconf 82' lang='lat' dir='ltr'><strong>coopert&#39;orio</strong></span> <span class='ocrx_word' id='word_1_509' title='bbox 504 4014 636 4058; x_wconf 82' lang='lat' dir='ltr'><strong>vero</strong></span> <span class='ocrx_word' id='word_1_510' title='bbox 661 4003 966 4074; x_wconf 74' lang='lat' dir='ltr'><strong>pulvinaris</strong></span> <span class='ocrx_word' id='word_1_511' title='bbox 994 4007 1051 4058; x_wconf 91' lang='lat' dir='ltr'><strong>et</strong></span> <span class='ocrx_word' id='word_1_512' title='bbox 1069 4004 1451 4070; x_wconf 85' lang='lat' dir='ltr'><strong>femoralibus,</strong></span> <span class='ocrx_word' id='word_1_513' title='bbox 1481 4008 1606 4059; x_wconf 84' lang='lat' dir='ltr'><strong>eum</strong></span> <span class='ocrx_word' id='word_1_514' title='bbox 1633 4003 1727 4059; x_wconf 79' lang='lat' dir='ltr'><strong>fil&#39;o</strong></span> 
     </span>
    </p>
   </div>
   <div class='ocr_carea' id='block_1_73' title="bbox 144 4086 1730 4159">
    <p class='ocr_par' dir='ltr' id='par_1_73' title="bbox 144 4086 1730 4159">
     <span class='ocr_line' id='line_1_74' title="bbox 144 4086 1730 4159; baseline 0.004 -18"><span class='ocrx_word' id='word_1_515' title='bbox 144 4086 345 4150; x_wconf 72' lang='lat' dir='ltr'><strong>itemih</strong></span> <span class='ocrx_word' id='word_1_516' title='bbox 381 4091 690 4159; x_wconf 53' lang='lat' dir='ltr'><strong>emensis;</strong></span> <span class='ocrx_word' id='word_1_517' title='bbox 715 4093 813 4147; x_wconf 77' lang='lat' dir='ltr'><strong>sed</strong></span> <span class='ocrx_word' id='word_1_518' title='bbox 833 4093 1196 4148; x_wconf 68' lang='lat' dir='ltr'><strong>extrinsecus.</strong></span> <span class='ocrx_word' id='word_1_519' title='bbox 1236 4094 1395 4149; x_wconf 80' lang='lat' dir='ltr'><strong>Hanc</strong></span> <span class='ocrx_word' id='word_1_520' title='bbox 1431 4094 1620 4148; x_wconf 84' lang='lat' dir='ltr'><strong>autem</strong></span> <span class='ocrx_word' id='word_1_521' title='bbox 1647 4092 1730 4147; x_wconf 67' lang='lat' dir='ltr'><strong>in:</strong></span> 
     </span>
    </p>
   </div>
   <div class='ocr_carea' id='block_1_74' title="bbox 145 4178 1728 4259">
    <p class='ocr_par' dir='ltr' id='par_1_74' title="bbox 145 4178 1728 4259">
     <span class='ocr_line' id='line_1_75' title="bbox 145 4178 1728 4259; baseline 0.003 -27"><span class='ocrx_word' id='word_1_522' title='bbox 145 4178 492 4249; x_wconf 60' lang='lat' dir='ltr'><strong>scriptionum</strong></span> <span class='ocrx_word' id='word_1_523' title='bbox 515 4180 751 4259; x_wconf 70' lang='lat' dir='ltr'><strong>quilibet</strong></span> <span class='ocrx_word' id='word_1_524' title='bbox 775 4183 909 4236; x_wconf 82' lang='lat' dir='ltr'><strong>ante</strong></span> <span class='ocrx_word' id='word_1_525' title='bbox 938 4182 1179 4253; x_wconf 71' lang='lat' dir='ltr'><strong>primam</strong></span> <span class='ocrx_word' id='word_1_526' title='bbox 1210 4180 1295 4237; x_wconf 83' lang='lat' dir='ltr'><strong>vel</strong></span> <span class='ocrx_word' id='word_1_527' title='bbox 1324 4182 1436 4237; x_wconf 88' lang='lat' dir='ltr'><strong>alio</strong></span> <span class='ocrx_word' id='word_1_528' title='bbox 1474 4184 1728 4253; x_wconf 78' lang='lat' dir='ltr'><strong>tempore</strong></span> 
     </span>
    </p>
   </div>
   <div class='ocr_carea' id='block_1_75' title="bbox 147 4266 1727 4349">
    <p class='ocr_par' dir='ltr' id='par_1_75' title="bbox 147 4266 1727 4349">
     <span class='ocr_line' id='line_1_76' title="bbox 147 4266 1727 4349; baseline 0.003 -29"><span class='ocrx_word' id='word_1_529' title='bbox 147 4266 262 4321; x_wconf 82' lang='lat' dir='ltr'><strong>ante</strong></span> <span class='ocrx_word' id='word_1_530' title='bbox 280 4267 529 4335; x_wconf 71' lang='lat' dir='ltr'><strong>tertiam,</strong></span> <span class='ocrx_word' id='word_1_531' title='bbox 563 4270 637 4324; x_wconf 66' lang='lat' dir='ltr'><strong>id</strong></span> <span class='ocrx_word' id='word_1_532' title='bbox 661 4267 929 4349; x_wconf 76' lang='lat' dir='ltr'><strong>intevalla</strong></span> <span class='ocrx_word' id='word_1_533' title='bbox 953 4277 1176 4343; x_wconf 77' lang='lat' dir='ltr'><strong>qucque</strong></span> <span class='ocrx_word' id='word_1_534' title='bbox 1205 4274 1493 4337; x_wconf 87' lang='lat' dir='ltr'><strong>horarum,</strong></span> <span class='ocrx_word' id='word_1_535' title='bbox 1518 4268 1576 4326; x_wconf 87' lang='lat' dir='ltr'><strong>et</strong></span> <span class='ocrx_word' id='word_1_536' title='bbox 1597 4272 1727 4326; x_wconf 80' lang='lat' dir='ltr'><strong>ante</strong></span> 
     </span>
    </p>
   </div>
   <div class='ocr_carea' id='block_1_76' title="bbox 147 4352 1735 4434">
    <p class='ocr_par' dir='ltr' id='par_1_76' title="bbox 147 4352 1735 4434">
     <span class='ocr_line' id='line_1_77' title="bbox 147 4352 1735 4434; baseline 0.004 -26"><span class='ocrx_word' id='word_1_537' title='bbox 147 4352 433 4429; x_wconf 69' lang='lat' dir='ltr'><strong>utrumque</strong></span> <span class='ocrx_word' id='word_1_538' title='bbox 461 4356 824 4414; x_wconf 72' lang='lat' dir='ltr'><strong>refectionem</strong></span> <span class='ocrx_word' id='word_1_539' title='bbox 862 4358 921 4414; x_wconf 82' lang='lat' dir='ltr'><strong>ili</strong></span> <span class='ocrx_word' id='word_1_540' title='bbox 964 4362 1243 4416; x_wconf 73' lang='lat' dir='ltr'><strong>eonventu</strong></span> <span class='ocrx_word' id='word_1_541' title='bbox 1278 4364 1466 4434; x_wconf 81' lang='lat' dir='ltr'><strong>potest</strong></span> <span class='ocrx_word' id='word_1_542' title='bbox 1494 4358 1735 4415; x_wconf 70' lang='lat' dir='ltr'><strong>licenter</strong></span> 
     </span>
    </p>
   </div>
   <div class='ocr_carea' id='block_1_77' title="bbox 1807 3284 3403 3363">
    <p class='ocr_par' dir='ltr' id='par_1_77' title="bbox 1807 3284 3403 3363">
     <span class='ocr_line' id='line_1_78' title="bbox 1807 3284 3403 3363; baseline 0.003 -19"><span class='ocrx_word' id='word_1_543' title='bbox 1807 3291 1901 3345; x_wconf 85' lang='lat' dir='ltr'><strong>ille</strong></span> <span class='ocrx_word' id='word_1_544' title='bbox 1930 3307 2041 3345; x_wconf 91' lang='lat' dir='ltr'><strong>non</strong></span> <span class='ocrx_word' id='word_1_545' title='bbox 2073 3291 2338 3362; x_wconf 76' lang='lat' dir='ltr'><strong>patiatUr.</strong></span> <span class='ocrx_word' id='word_1_546' title='bbox 2365 3292 2500 3345; x_wconf 91' lang='lat' dir='ltr'><strong>dum</strong></span> <span class='ocrx_word' id='word_1_547' title='bbox 2544 3289 2650 3345; x_wconf 90' lang='lat' dir='ltr'><strong>sibi</strong></span> <span class='ocrx_word' id='word_1_548' title='bbox 2693 3284 2985 3362; x_wconf 68' lang='lat' dir='ltr'><strong>piétdntia,</strong></span> <span class='ocrx_word' id='word_1_549' title='bbox 3018 3302 3141 3363; x_wconf 72' lang='lat' dir='ltr'><strong>quae</strong></span> <span class='ocrx_word' id='word_1_550' title='bbox 3187 3302 3301 3347; x_wconf 87' lang='lat' dir='ltr'><strong>non</strong></span> <span class='ocrx_word' id='word_1_551' title='bbox 3343 3294 3403 3349; x_wconf 75' lang='lat' dir='ltr'><strong>iii</strong></span> 
     </span>
    </p>
   </div>
   <div class='ocr_carea' id='block_1_78' title="bbox 1808 3376 3400 3451">
    <p class='ocr_par' dir='ltr' id='par_1_78' title="bbox 1808 3376 3400 3451">
     <span class='ocr_line' id='line_1_79' title="bbox 1808 3376 3400 3451; baseline 0.003 -17"><span class='ocrx_word' id='word_1_552' title='bbox 1808 3380 2022 3434; x_wconf 84' lang='lat' dir='ltr'><strong>caeteris</strong></span> <span class='ocrx_word' id='word_1_553' title='bbox 2052 3380 2239 3447; x_wconf 87' lang='lat' dir='ltr'><strong>rebus,</strong></span> <span class='ocrx_word' id='word_1_554' title='bbox 2271 3379 2379 3435; x_wconf 87' lang='lat' dir='ltr'><strong>nisi</strong></span> <span class='ocrx_word' id='word_1_555' title='bbox 2411 3380 2593 3451; x_wconf 88' lang='lat' dir='ltr'><strong>pomis</strong></span> <span class='ocrx_word' id='word_1_556' title='bbox 2619 3385 2677 3434; x_wconf 92' lang='lat' dir='ltr'><strong>et</strong></span> <span class='ocrx_word' id='word_1_557' title='bbox 2706 3376 2951 3435; x_wconf 89' lang='lat' dir='ltr'><strong>oleribus</strong></span> <span class='ocrx_word' id='word_1_558' title='bbox 2977 3380 3274 3437; x_wconf 85' lang='lat' dir='ltr'><strong>dividenda</strong></span> <span class='ocrx_word' id='word_1_559' title='bbox 3295 3382 3400 3449; x_wconf 86' lang='lat' dir='ltr'><strong>est,</strong></span> 
     </span>
    </p>
   </div>
   <div class='ocr_carea' id='block_1_79' title="bbox 1808 3469 2095 3523">
    <p class='ocr_par' dir='ltr' id='par_1_79' title="bbox 1808 3469 2095 3523">
     <span class='ocr_line' id='line_1_80' title="bbox 1808 3469 2095 3523; baseline 0 0"><span class='ocrx_word' id='word_1_560' title='bbox 1808 3469 2095 3523; x_wconf 75' lang='lat' dir='ltr'><strong>offeratur.</strong></span> 
     </span>
    </p>
   </div>
   <div class='ocr_carea' id='block_1_80' title="bbox 1879 3552 3398 3630">
    <p class='ocr_par' dir='ltr' id='par_1_80' title="bbox 1879 3552 3398 3630">
     <span class='ocr_line' id='line_1_81' title="bbox 1879 3552 3398 3630; baseline 0.002 -17"><span class='ocrx_word' id='word_1_561' title='bbox 1879 3560 2013 3626; x_wconf 75' lang='grc' dir='ltr'><strong>(ιω.)</strong></span> <span class='ocrx_word' id='word_1_562' title='bbox 2028 3556 2096 3612; x_wconf 90' lang='lat' dir='ltr'><strong>In</strong></span> <span class='ocrx_word' id='word_1_563' title='bbox 2109 3557 2317 3613; x_wconf 87' lang='lat' dir='ltr'><strong>talibus</strong></span> <span class='ocrx_word' id='word_1_564' title='bbox 2335 3558 2512 3621; x_wconf 83' lang='lat' dir='ltr'><strong>festis,</strong></span> <span class='ocrx_word' id='word_1_565' title='bbox 2526 3562 2592 3612; x_wconf 91' lang='lat' dir='ltr'><strong>ut</strong></span> <span class='ocrx_word' id='word_1_566' title='bbox 2611 3564 2692 3613; x_wconf 91' lang='lat' dir='ltr'><strong>est</strong></span> <span class='ocrx_word' id='word_1_567' title='bbox 2715 3559 3011 3614; x_wconf 85' lang='lat' dir='ltr'><strong>translatio</strong></span> <span class='ocrx_word' id='word_1_568' title='bbox 3027 3552 3398 3630; x_wconf 84' lang='lat' dir='ltr'><strong>S.Benedicti,</strong></span> 
     </span>
    </p>
   </div>
   <div class='ocr_carea' id='block_1_81' title="bbox 1807 3634 3406 3717">
    <p class='ocr_par' dir='ltr' id='par_1_81' title="bbox 1807 3634 3406 3717">
     <span class='ocr_line' id='line_1_82' title="bbox 1807 3634 3406 3717; baseline 0.003 -18"><span class='ocrx_word' id='word_1_569' title='bbox 1807 3652 2110 3716; x_wconf 83' lang='lat' dir='ltr'><strong>utrumque</strong></span> <span class='ocrx_word' id='word_1_570' title='bbox 2153 3653 2211 3701; x_wconf 91' lang='lat' dir='ltr'><strong>et</strong></span> <span class='ocrx_word' id='word_1_571' title='bbox 2257 3646 2519 3717; x_wconf 81' lang='lat' dir='ltr'><strong>generale</strong></span> <span class='ocrx_word' id='word_1_572' title='bbox 2556 3642 2615 3701; x_wconf 84' lang='lat' dir='ltr'><strong>et</strong></span> <span class='ocrx_word' id='word_1_573' title='bbox 2653 3646 2983 3717; x_wconf 86' lang='lat' dir='ltr'><strong>pietantiam</strong></span> <span class='ocrx_word' id='word_1_574' title='bbox 3033 3647 3323 3716; x_wconf 79' lang='lat' dir='ltr'><strong>habemus,</strong></span> <span class='ocrx_word' id='word_1_575' title='bbox 3358 3634 3406 3704; x_wconf 89' lang='lat' dir='ltr'><strong>si</strong></span> 
     </span>
    </p>
   </div>
   <div class='ocr_carea' id='block_1_82' title="bbox 1806 3734 3408 3808">
    <p class='ocr_par' dir='ltr' id='par_1_82' title="bbox 1806 3734 3408 3808">
     <span class='ocr_line' id='line_1_83' title="bbox 1806 3734 3408 3808; baseline 0.002 -20"><span class='ocrx_word' id='word_1_576' title='bbox 1806 3734 1929 3789; x_wconf 86' lang='lat' dir='ltr'><strong>ﬁeri</strong></span> <span class='ocrx_word' id='word_1_577' title='bbox 1959 3740 2162 3806; x_wconf 88' lang='lat' dir='ltr'><strong>potest,</strong></span> <span class='ocrx_word' id='word_1_578' title='bbox 2194 3740 2251 3789; x_wconf 91' lang='lat' dir='ltr'><strong>et</strong></span> <span class='ocrx_word' id='word_1_579' title='bbox 2277 3735 2441 3789; x_wconf 90' lang='lat' dir='ltr'><strong>solito</strong></span> <span class='ocrx_word' id='word_1_580' title='bbox 2490 3734 2778 3788; x_wconf 88' lang='lat' dir='ltr'><strong>meliorem</strong></span> <span class='ocrx_word' id='word_1_581' title='bbox 2812 3738 3243 3808; x_wconf 84' lang='lat' dir='ltr'><strong>panem.(var.)</strong></span> <span class='ocrx_word' id='word_1_582' title='bbox 3263 3736 3408 3792; x_wconf 84' lang='lat' dir='ltr'><strong>Sunt</strong></span> 
     </span>
    </p>
   </div>
   <div class='ocr_carea' id='block_1_83' title="bbox 1807 3818 3469 3903">
    <p class='ocr_par' dir='ltr' id='par_1_83' title="bbox 1807 3818 3469 3903">
     <span class='ocr_line' id='line_1_84' title="bbox 1807 3818 3469 3903; baseline 0.002 -24"><span class='ocrx_word' id='word_1_583' title='bbox 1807 3832 1866 3879; x_wconf 90' lang='lat' dir='ltr'><strong>et</strong></span> <span class='ocrx_word' id='word_1_584' title='bbox 1927 3825 2179 3895; x_wconf 84' lang='lat' dir='ltr'><strong>plerique</strong></span> <span class='ocrx_word' id='word_1_585' title='bbox 2243 3822 2610 3877; x_wconf 82' lang='lat' dir='ltr'><strong>anniversarii</strong></span> <span class='ocrx_word' id='word_1_586' title='bbox 2674 3822 2813 3881; x_wconf 84' lang='lat' dir='ltr'><strong>dies.</strong></span> <span class='ocrx_word' id='word_1_587' title='bbox 2878 3824 2974 3903; x_wconf 87' lang='lat' dir='ltr'><strong>qui</strong></span> <span class='ocrx_word' id='word_1_588' title='bbox 3039 3823 3087 3878; x_wconf 90' lang='lat' dir='ltr'><strong>si</strong></span> <span class='ocrx_word' id='word_1_589' title='bbox 3148 3823 3251 3879; x_wconf 87' lang='lat' dir='ltr'><strong>tali</strong></span> <span class='ocrx_word' id='word_1_590' title='bbox 3313 3818 3407 3882; x_wconf 76' lang='lat' dir='ltr'><strong>die</strong></span> <span class='ocrx_word' id='word_1_591' title='bbox 3460 3896 3469 3903; x_wconf 19' lang='grc' dir='ltr'><strong>ᾗ</strong></span> 
     </span>
    </p>
   </div>
   <div class='ocr_carea' id='block_1_84' title="bbox 1809 3909 3408 3984">
    <p class='ocr_par' dir='ltr' id='par_1_84' title="bbox 1809 3909 3408 3984">
     <span class='ocr_line' id='line_1_85' title="bbox 1809 3909 3408 3984; baseline 0.003 -20"><span class='ocrx_word' id='word_1_592' title='bbox 1809 3913 2119 3976; x_wconf 89' lang='lat' dir='ltr'><strong>evenerint,</strong></span> <span class='ocrx_word' id='word_1_593' title='bbox 2156 3928 2265 3981; x_wconf 90' lang='lat' dir='ltr'><strong>quo</strong></span> <span class='ocrx_word' id='word_1_594' title='bbox 2316 3928 2379 3965; x_wconf 80' lang='lat' dir='ltr'><strong>ex</strong></span> <span class='ocrx_word' id='word_1_595' title='bbox 2431 3922 2583 3965; x_wconf 77' lang='lat' dir='ltr'><strong>mare</strong></span> <span class='ocrx_word' id='word_1_596' title='bbox 2631 3911 2800 3964; x_wconf 87' lang='lat' dir='ltr'><strong>datur</strong></span> <span class='ocrx_word' id='word_1_597' title='bbox 2846 3909 3135 3981; x_wconf 83' lang='lat' dir='ltr'><strong>pietantia,</strong></span> <span class='ocrx_word' id='word_1_598' title='bbox 3174 3916 3408 3984; x_wconf 80' lang='lat' dir='ltr'><strong>propter</strong></span> 
     </span>
    </p>
   </div>
   <div class='ocr_carea' id='block_1_85' title="bbox 1809 3996 3407 4072">
    <p class='ocr_par' dir='ltr' id='par_1_85' title="bbox 1809 3996 3407 4072">
     <span class='ocr_line' id='line_1_86' title="bbox 1809 3996 3407 4072; baseline 0.001 -16"><span class='ocrx_word' id='word_1_599' title='bbox 1809 4016 1905 4056; x_wconf 92' lang='lat' dir='ltr'><strong>eos</strong></span> <span class='ocrx_word' id='word_1_600' title='bbox 1933 4008 2155 4072; x_wconf 85' lang='lat' dir='ltr'><strong>quoque</strong></span> <span class='ocrx_word' id='word_1_601' title='bbox 2186 4002 2439 4054; x_wconf 78' lang='lat' dir='ltr'><strong>mutatur</strong></span> <span class='ocrx_word' id='word_1_602' title='bbox 2463 4016 2589 4054; x_wconf 89' lang='lat' dir='ltr'><strong>cum</strong></span> <span class='ocrx_word' id='word_1_603' title='bbox 2619 3996 2884 4071; x_wconf 84' lang='lat' dir='ltr'><strong>generali.</strong></span> <span class='ocrx_word' id='word_1_604' title='bbox 2904 4000 3065 4055; x_wconf 86' lang='lat' dir='ltr'><strong>Tales</strong></span> <span class='ocrx_word' id='word_1_605' title='bbox 3093 3998 3214 4055; x_wconf 88' lang='lat' dir='ltr'><strong>dies</strong></span> <span class='ocrx_word' id='word_1_606' title='bbox 3235 4000 3407 4057; x_wconf 84' lang='lat' dir='ltr'><strong>liabet</strong></span> 
     </span>
    </p>
   </div>
   <div class='ocr_carea' id='block_1_86' title="bbox 1810 4080 3405 4160">
    <p class='ocr_par' dir='ltr' id='par_1_86' title="bbox 1810 4080 3405 4160">
     <span class='ocr_line' id='line_1_87' title="bbox 1810 4080 3405 4160; baseline 0.001 -16"><span class='ocrx_word' id='word_1_607' title='bbox 1810 4091 2135 4145; x_wconf 85' lang='lat' dir='ltr'><strong>celle‘rarius</strong></span> <span class='ocrx_word' id='word_1_608' title='bbox 2165 4080 2314 4160; x_wconf 84' lang='lat' dir='ltr'><strong>apud</strong></span> <span class='ocrx_word' id='word_1_609' title='bbox 2345 4102 2405 4143; x_wconf 89' lang='lat' dir='ltr'><strong>se</strong></span> <span class='ocrx_word' id='word_1_610' title='bbox 2446 4084 2596 4158; x_wconf 72' lang='lat'><strong>(143)</strong></span> <span class='ocrx_word' id='word_1_611' title='bbox 2623 4088 3004 4158; x_wconf 86' lang='lat' dir='ltr'><strong>imbreviatos;</strong></span> <span class='ocrx_word' id='word_1_612' title='bbox 3047 4089 3142 4144; x_wconf 82' lang='lat' dir='ltr'><strong>sed</strong></span> <span class='ocrx_word' id='word_1_613' title='bbox 3171 4089 3297 4145; x_wconf 88' lang='lat' dir='ltr'><strong>illo&#39;s</strong></span> <span class='ocrx_word' id='word_1_614' title='bbox 3345 4091 3405 4147; x_wconf 80' lang='lat' dir='ltr'><strong>in</strong></span> 
     </span>
    </p>
   </div>
   <div class='ocr_carea' id='block_1_87' title="bbox 1811 4176 3405 4252">
    <p class='ocr_par' dir='ltr' id='par_1_87' title="bbox 1811 4176 3405 4252">
     <span class='ocr_line' id='line_1_88' title="bbox 1811 4176 3405 4252; baseline 0.001 -19"><span class='ocrx_word' id='word_1_615' title='bbox 1811 4178 2013 4252; x_wconf 88' lang='lat' dir='ltr'><strong>quibus</strong></span> <span class='ocrx_word' id='word_1_616' title='bbox 2043 4178 2390 4232; x_wconf 84' lang='lat' dir='ltr'><strong>abstinemus</strong></span> <span class='ocrx_word' id='word_1_617' title='bbox 2410 4176 2479 4231; x_wconf 91' lang='lat' dir='ltr'><strong>ab</strong></span> <span class='ocrx_word' id='word_1_618' title='bbox 2507 4178 2672 4249; x_wconf 88' lang='lat' dir='ltr'><strong>adipe</strong></span> <span class='ocrx_word' id='word_1_619' title='bbox 2699 4178 2960 4249; x_wconf 79' lang='lat' dir='ltr'><strong>ignorare</strong></span> <span class='ocrx_word' id='word_1_620' title='bbox 2989 4196 3100 4234; x_wconf 91' lang='lat' dir='ltr'><strong>non</strong></span> <span class='ocrx_word' id='word_1_621' title='bbox 3129 4180 3311 4247; x_wconf 87' lang='lat' dir='ltr'><strong>debet,</strong></span> <span class='ocrx_word' id='word_1_622' title='bbox 3346 4179 3405 4236; x_wconf 91' lang='lat' dir='ltr'><strong>id</strong></span> 
     </span>
    </p>
   </div>
   <div class='ocr_carea' id='block_1_88' title="bbox 1810 4264 3403 4340">
    <p class='ocr_par' dir='ltr' id='par_1_88' title="bbox 1810 4264 3403 4340">
     <span class='ocr_line' id='line_1_89' title="bbox 1810 4264 3403 4340; baseline 0.001 -17"><span class='ocrx_word' id='word_1_623' title='bbox 1810 4274 1898 4323; x_wconf 90' lang='lat' dir='ltr'><strong>est</strong></span> <span class='ocrx_word' id='word_1_624' title='bbox 1925 4269 1981 4323; x_wconf 90' lang='lat' dir='ltr'><strong>in</strong></span> <span class='ocrx_word' id='word_1_625' title='bbox 2011 4264 2267 4321; x_wconf 83' lang='lat' dir='ltr'><strong>Adventu</strong></span> <span class='ocrx_word' id='word_1_626' title='bbox 2296 4264 2546 4332; x_wconf 89' lang='lat' dir='ltr'><strong>Domini,</strong></span> <span class='ocrx_word' id='word_1_627' title='bbox 2572 4267 2679 4321; x_wconf 91' lang='lat' dir='ltr'><strong>nisi</strong></span> <span class='ocrx_word' id='word_1_628' title='bbox 2716 4269 3157 4340; x_wconf 84' lang='lat' dir='ltr'><strong>quotiescunque</strong></span> <span class='ocrx_word' id='word_1_629' title='bbox 3187 4268 3403 4324; x_wconf 88' lang='lat' dir='ltr'><strong>duode-</strong></span> 
     </span>
    </p>
   </div>
   <div class='ocr_carea' id='block_1_89' title="bbox 1810 4352 3405 4429">
    <p class='ocr_par' dir='ltr' id='par_1_89' title="bbox 1810 4352 3405 4429">
     <span class='ocr_line' id='line_1_90' title="bbox 1810 4352 3405 4429; baseline 0.001 -18"><span class='ocrx_word' id='word_1_630' title='bbox 1810 4358 1921 4412; x_wconf 86' lang='lat' dir='ltr'><strong>cim</strong></span> <span class='ocrx_word' id='word_1_631' title='bbox 1966 4355 2235 4410; x_wconf 86' lang='lat' dir='ltr'><strong>lectiones</strong></span> <span class='ocrx_word' id='word_1_632' title='bbox 2282 4352 2445 4421; x_wconf 75' lang='lat' dir='ltr'><strong>fiunt,</strong></span> <span class='ocrx_word' id='word_1_633' title='bbox 2481 4361 2539 4409; x_wconf 92' lang='lat' dir='ltr'><strong>et</strong></span> <span class='ocrx_word' id='word_1_634' title='bbox 2585 4370 2619 4407; x_wconf 89' lang='lat' dir='ltr'><strong>a</strong></span> <span class='ocrx_word' id='word_1_635' title='bbox 2660 4356 3089 4427; x_wconf 86' lang='lat' dir='ltr'><strong>Septuagesiina</strong></span> <span class='ocrx_word' id='word_1_636' title='bbox 3129 4375 3307 4429; x_wconf 91' lang='lat' dir='ltr'><strong>usque</strong></span> <span class='ocrx_word' id='word_1_637' title='bbox 3334 4359 3405 4413; x_wconf 90' lang='lat' dir='ltr'><strong>ad</strong></span> 
     </span>
    </p>
   </div>
   <div class='ocr_carea' id='block_1_90' title="bbox 147 4439 3406 4520">
    <p class='ocr_par' dir='ltr' id='par_1_90' title="bbox 147 4439 3406 4520">
     <span class='ocr_line' id='line_1_91' title="bbox 147 4439 3406 4520; baseline 0.001 -22"><span class='ocrx_word' id='word_1_638' title='bbox 147 4439 333 4511; x_wconf 66' lang='lat' dir='ltr'><strong>fauere,</strong></span> <span class='ocrx_word' id='word_1_639' title='bbox 352 4443 612 4516; x_wconf 66' lang='lat' dir='ltr'><strong>quamvis</strong></span> <span class='ocrx_word' id='word_1_640' title='bbox 638 4448 855 4517; x_wconf 71' lang='lat' dir='ltr'><strong>petilius</strong></span> <span class='ocrx_word' id='word_1_641' title='bbox 874 4445 989 4502; x_wconf 77' lang='lat' dir='ltr'><strong>iidii</strong></span> <span class='ocrx_word' id='word_1_642' title='bbox 1013 4450 1206 4520; x_wconf 76' lang='lat' dir='ltr'><strong>aperte</strong></span> <span class='ocrx_word' id='word_1_643' title='bbox 1234 4454 1511 4504; x_wconf 74' lang='lat' dir='ltr'><strong>conventu</strong></span> <span class='ocrx_word' id='word_1_644' title='bbox 1540 4458 1728 4502; x_wconf 84' lang='lat' dir='ltr'><strong>coram</strong></span> <span class='ocrx_word' id='word_1_645' title='bbox 1748 4506 1794 4520; x_wconf 48' lang='grc' dir='ltr'>ἢ</span> <span class='ocrx_word' id='word_1_646' title='bbox 1813 4446 2025 4501; x_wconf 87' lang='lat' dir='ltr'><strong>Pascha</strong></span> <span class='ocrx_word' id='word_1_647' title='bbox 2061 4463 2073 4498; x_wconf 90' lang='lat'><strong><em>:</em></strong></span> <span class='ocrx_word' id='word_1_648' title='bbox 2102 4450 2237 4498; x_wconf 90' lang='lat' dir='ltr'><strong>tunc</strong></span> <span class='ocrx_word' id='word_1_649' title='bbox 2264 4450 2393 4498; x_wconf 82' lang='lat' dir='ltr'><strong>cum</strong></span> <span class='ocrx_word' id='word_1_650' title='bbox 2425 4446 2667 4497; x_wconf 75' lang='lat' dir='ltr'><strong>Alleluia</strong></span> <span class='ocrx_word' id='word_1_651' title='bbox 2689 4444 2976 4515; x_wconf 86' lang='lat' dir='ltr'><strong>sepelitur.</strong></span> <span class='ocrx_word' id='word_1_652' title='bbox 2998 4445 3233 4517; x_wconf 63' lang='lat' dir='ltr'><strong>“Itaque</strong></span> <span class='ocrx_word' id='word_1_653' title='bbox 3252 4448 3406 4503; x_wconf 90' lang='lat' dir='ltr'><strong>omni</strong></span> 
     </span>
    </p>
   </div>
   <div class='ocr_carea' id='block_1_91' title="bbox 146 4506 3401 4609">
    <p class='ocr_par' dir='ltr' id='par_1_91' title="bbox 146 4506 3401 4609">
     <span class='ocr_line' id='line_1_92' title="bbox 146 4506 3401 4609; baseline 0.001 -23"><span class='ocrx_word' id='word_1_654' title='bbox 146 4506 477 4600; x_wconf 35' lang='lat' dir='ltr'><strong>posito&#39;illuc</strong></span> <span class='ocrx_word' id='word_1_655' title='bbox 503 4506 706 4589; x_wconf 61' lang='lat' dir='ltr'><strong>debeat</strong></span> <span class='ocrx_word' id='word_1_656' title='bbox 728 4542 973 4607; x_wconf 76' lang='lat' dir='ltr'><strong>portare.</strong></span> <span class='ocrx_word' id='word_1_657' title='bbox 995 4506 1266 4609; x_wconf 70' lang='lat' dir='ltr'><strong>Acceptos</strong></span> <span class='ocrx_word' id='word_1_658' title='bbox 1298 4532 1490 4607; x_wconf 81' lang='lat' dir='ltr'><strong>itaque</strong></span> <span class='ocrx_word' id='word_1_659' title='bbox 1518 4506 2045 4607; x_wconf 80' lang='lat' dir='ltr'><strong>pannostabbato</strong></span> <span class='ocrx_word' id='word_1_660' title='bbox 2075 4533 2428 4587; x_wconf 84' lang='lat' dir='ltr'><strong>collationem</strong></span> <span class='ocrx_word' id='word_1_661' title='bbox 2457 4531 2590 4586; x_wconf 84' lang='lat' dir='ltr'><strong>facit</strong></span> <span class='ocrx_word' id='word_1_662' title='bbox 2618 4506 2965 4604; x_wconf 44' lang='lat' dir='ltr'><strong>cum-priore</strong></span> <span class='ocrx_word' id='word_1_663' title='bbox 2990 4538 3047 4588; x_wconf 90' lang='lat' dir='ltr'><strong>et</strong></span> <span class='ocrx_word' id='word_1_664' title='bbox 3071 4506 3401 4601; x_wconf 57' lang='lat' dir='ltr'><strong>cainerario,</strong></span> 
     </span>
    </p>
   </div>
   <div class='ocr_carea' id='block_1_92' title="bbox 147 4619 3408 4697">
    <p class='ocr_par' dir='ltr' id='par_1_92' title="bbox 147 4619 3408 4697">
     <span class='ocr_line' id='line_1_93' title="bbox 147 4619 3408 4697; baseline 0.002 -24"><span class='ocrx_word' id='word_1_665' title='bbox 147 4619 257 4675; x_wconf 85' lang='lat' dir='ltr'><strong>sine</strong></span> <span class='ocrx_word' id='word_1_666' title='bbox 270 4638 428 4678; x_wconf 87' lang='lat' dir='ltr'><strong>mora</strong></span> <span class='ocrx_word' id='word_1_667' title='bbox 442 4622 514 4677; x_wconf 87' lang='lat' dir='ltr'><strong>ad</strong></span> <span class='ocrx_word' id='word_1_668' title='bbox 531 4623 703 4679; x_wconf 89' lang='lat' dir='ltr'><strong>lectos</strong></span> <span class='ocrx_word' id='word_1_669' title='bbox 742 4634 874 4679; x_wconf 78' lang='lat' dir='ltr'><strong>suos</strong></span> <span class='ocrx_word' id='word_1_670' title='bbox 903 4620 1141 4697; x_wconf 67' lang='lat' dir='ltr'><strong>ponunt,</strong></span> <span class='ocrx_word' id='word_1_671' title='bbox 1166 4633 1222 4681; x_wconf 91' lang='lat' dir='ltr'><strong>et</strong></span> <span class='ocrx_word' id='word_1_672' title='bbox 1241 4627 1288 4680; x_wconf 92' lang='lat' dir='ltr'><strong>si</strong></span> <span class='ocrx_word' id='word_1_673' title='bbox 1310 4627 1526 4690; x_wconf 90' lang='lat' dir='ltr'><strong>volunt,</strong></span> <span class='ocrx_word' id='word_1_674' title='bbox 1558 4625 1733 4678; x_wconf 88' lang='lat' dir='ltr'><strong>disso-</strong></span> <span class='ocrx_word' id='word_1_675' title='bbox 1814 4630 1872 4679; x_wconf 86' lang='lat' dir='ltr'><strong>et</strong></span> <span class='ocrx_word' id='word_1_676' title='bbox 1908 4624 2035 4678; x_wconf 85' lang='lat' dir='ltr'><strong>cum</strong></span> <span class='ocrx_word' id='word_1_677' title='bbox 2078 4623 2205 4676; x_wconf 88' lang='lat' dir='ltr'><strong>aliis</strong></span> <span class='ocrx_word' id='word_1_678' title='bbox 2233 4622 2302 4676; x_wconf 92' lang='lat' dir='ltr'><strong>ad</strong></span> <span class='ocrx_word' id='word_1_679' title='bbox 2333 4621 2437 4675; x_wconf 89' lang='lat' dir='ltr'><strong>hoc</strong></span> <span class='ocrx_word' id='word_1_680' title='bbox 2465 4621 2793 4676; x_wconf 88' lang='lat' dir='ltr'><strong>necessariis</strong></span> <span class='ocrx_word' id='word_1_681' title='bbox 2834 4624 2903 4677; x_wconf 87' lang='lat' dir='ltr'><strong>de</strong></span> <span class='ocrx_word' id='word_1_682' title='bbox 2943 4623 3181 4694; x_wconf 85' lang='lat' dir='ltr'><strong>singulis</strong></span> <span class='ocrx_word' id='word_1_683' title='bbox 3210 4624 3408 4681; x_wconf 91' lang='lat' dir='ltr'><strong>diebus</strong></span> 
     </span>
    </p>
   </div>
   <div class='ocr_carea' id='block_1_93' title="bbox 148 4708 3405 4791">
    <p class='ocr_par' dir='ltr' id='par_1_93' title="bbox 148 4708 3405 4791">
     <span class='ocr_line' id='line_1_94' title="bbox 148 4708 3405 4791; baseline 0.002 -30"><span class='ocrx_word' id='word_1_684' title='bbox 148 4708 269 4764; x_wconf 90' lang='lat' dir='ltr'><strong>lutis</strong></span> <span class='ocrx_word' id='word_1_685' title='bbox 289 4711 655 4767; x_wconf 86' lang='lat' dir='ltr'><strong>femoralibus</strong></span> <span class='ocrx_word' id='word_1_686' title='bbox 683 4713 908 4784; x_wconf 75' lang='lat' dir='ltr'><strong>cingula</strong></span> <span class='ocrx_word' id='word_1_687' title='bbox 953 4715 1229 4782; x_wconf 85' lang='lat' dir='ltr'><strong>inserunt,</strong></span> <span class='ocrx_word' id='word_1_688' title='bbox 1254 4732 1326 4791; x_wconf 83' lang='lat' dir='ltr'><strong>ac</strong></span> <span class='ocrx_word' id='word_1_689' title='bbox 1355 4714 1726 4786; x_wconf 90' lang='lat' dir='ltr'><strong>suspendunt.</strong></span> <span class='ocrx_word' id='word_1_690' title='bbox 1809 4711 2082 4766; x_wconf 84' lang='lat' dir='ltr'><strong>venientis</strong></span> <span class='ocrx_word' id='word_1_691' title='bbox 2109 4710 2455 4781; x_wconf 76' lang='lat' dir='ltr'><strong>septimanae.</strong></span> <span class='ocrx_word' id='word_1_692' title='bbox 2489 4714 2554 4764; x_wconf 92' lang='lat' dir='ltr'><strong>ut</strong></span> <span class='ocrx_word' id='word_1_693' title='bbox 2581 4710 2854 4781; x_wconf 89' lang='lat' dir='ltr'><strong>quidquid</strong></span> <span class='ocrx_word' id='word_1_694' title='bbox 2884 4712 2939 4765; x_wconf 91' lang='lat' dir='ltr'><strong>in</strong></span> <span class='ocrx_word' id='word_1_695' title='bbox 2972 4712 3068 4766; x_wconf 90' lang='lat' dir='ltr'><strong>illo</strong></span> <span class='ocrx_word' id='word_1_696' title='bbox 3110 4718 3167 4767; x_wconf 91' lang='lat' dir='ltr'><strong>et</strong></span> <span class='ocrx_word' id='word_1_697' title='bbox 3192 4714 3269 4791; x_wconf 88' lang='lat' dir='ltr'><strong>in</strong></span> <span class='ocrx_word' id='word_1_698' title='bbox 3308 4714 3405 4769; x_wconf 93' lang='lat' dir='ltr'><strong>illo</strong></span> 
     </span>
    </p>
   </div>
   <div class='ocr_carea' id='block_1_94' title="bbox 149 4788 3406 4875">
    <p class='ocr_par' dir='ltr' id='par_1_94' title="bbox 149 4788 3406 4875">
     <span class='ocr_line' id='line_1_95' title="bbox 149 4788 3406 4875; baseline 0.002 -22"><span class='ocrx_word' id='word_1_699' title='bbox 149 4795 247 4853; x_wconf 82' lang='lat' dir='ltr'><strong>Sed</strong></span> <span class='ocrx_word' id='word_1_700' title='bbox 272 4800 595 4872; x_wconf 76' lang='lat' dir='ltr'><strong>quicunque</strong></span> <span class='ocrx_word' id='word_1_701' title='bbox 620 4802 760 4868; x_wconf 73' lang='lat' dir='ltr'><strong>vult,</strong></span> <span class='ocrx_word' id='word_1_702' title='bbox 793 4803 1037 4874; x_wconf 64' lang='lat' dir='ltr'><strong>exceptis</strong></span> <span class='ocrx_word' id='word_1_703' title='bbox 1074 4788 1394 4875; x_wconf 82' lang='lat' dir='ltr'><strong>juvenibus,</strong></span> <span class='ocrx_word' id='word_1_704' title='bbox 1422 4814 1525 4875; x_wconf 86' lang='lat' dir='ltr'><strong>pro</strong></span> <span class='ocrx_word' id='word_1_705' title='bbox 1554 4800 1732 4857; x_wconf 87' lang='lat' dir='ltr'><strong>chari-</strong></span> <span class='ocrx_word' id='word_1_706' title='bbox 1811 4802 1902 4857; x_wconf 88' lang='lat' dir='ltr'><strong>die</strong></span> <span class='ocrx_word' id='word_1_707' title='bbox 1931 4799 2052 4855; x_wconf 84' lang='lat' dir='ltr'><strong>dari</strong></span> <span class='ocrx_word' id='word_1_708' title='bbox 2068 4800 2251 4863; x_wconf 88' lang='lat' dir='ltr'><strong>debet,</strong></span> <span class='ocrx_word' id='word_1_709' title='bbox 2275 4799 2607 4870; x_wconf 86' lang='lat' dir='ltr'><strong>tempestive</strong></span> <span class='ocrx_word' id='word_1_710' title='bbox 2626 4799 3004 4869; x_wconf 71' lang='lat' dir='ltr'><strong>providentur.</strong></span> <span class='ocrx_word' id='word_1_711' title='bbox 3030 4788 3324 4875; x_wconf 71' lang='lat' dir='ltr'><strong>(bD.)Item</strong></span> <span class='ocrx_word' id='word_1_712' title='bbox 3346 4804 3406 4858; x_wconf 92' lang='lat' dir='ltr'><strong>in</strong></span> 
     </span>
    </p>
   </div>
   <div class='ocr_carea' id='block_1_95' title="bbox 147 4878 1730 4964">
    <p class='ocr_par' dir='ltr' id='par_1_95' title="bbox 147 4878 1730 4964">
     <span class='ocr_line' id='line_1_96' title="bbox 147 4878 1730 4964; baseline 0.003 -23"><span class='ocrx_word' id='word_1_713' title='bbox 147 4888 254 4941; x_wconf 83' lang='lat' dir='ltr'><strong>tate</strong></span> <span class='ocrx_word' id='word_1_714' title='bbox 277 4884 509 4944; x_wconf 72' lang='lat' dir='ltr'><strong>alterius</strong></span> <span class='ocrx_word' id='word_1_715' title='bbox 540 4895 758 4961; x_wconf 73' lang='lat' dir='ltr'><strong>pannos</strong></span> <span class='ocrx_word' id='word_1_716' title='bbox 781 4878 965 4962; x_wconf 70' lang='lat' dir='ltr'><strong>potest</strong></span> <span class='ocrx_word' id='word_1_717' title='bbox 1000 4893 1275 4964; x_wconf 84' lang='lat' dir='ltr'><strong>accipere,</strong></span> <span class='ocrx_word' id='word_1_718' title='bbox 1309 4892 1366 4946; x_wconf 87' lang='lat' dir='ltr'><strong>et</strong></span> <span class='ocrx_word' id='word_1_719' title='bbox 1394 4892 1465 4946; x_wconf 90' lang='lat' dir='ltr'><strong>ad</strong></span> <span class='ocrx_word' id='word_1_720' title='bbox 1497 4893 1620 4962; x_wconf 88' lang='lat' dir='ltr'><strong>ejus</strong></span> <span class='ocrx_word' id='word_1_721' title='bbox 1644 4891 1730 4945; x_wconf 85' lang='lat' dir='ltr'><strong>le-</strong></span> 
     </span>
    </p>
   </div>
   <div class='ocr_carea' id='block_1_96' title="bbox 150 4968 1435 5053">
    <p class='ocr_par' dir='ltr' id='par_1_96' title="bbox 150 4968 1435 5053">
     <span class='ocr_line' id='line_1_97' title="bbox 150 4968 1435 5053; baseline 0.005 -24"><span class='ocrx_word' id='word_1_722' title='bbox 150 4979 288 5030; x_wconf 75' lang='lat' dir='ltr'><strong>ctum</strong></span> <span class='ocrx_word' id='word_1_723' title='bbox 312 4986 541 5050; x_wconf 70' lang='lat' dir='ltr'><strong>ponere,</strong></span> <span class='ocrx_word' id='word_1_724' title='bbox 573 4979 622 5034; x_wconf 78' lang='lat' dir='ltr'><strong>si</strong></span> <span class='ocrx_word' id='word_1_725' title='bbox 664 4968 873 5036; x_wconf 68' lang='lat' dir='ltr'><strong>dormit</strong></span> <span class='ocrx_word' id='word_1_726' title='bbox 897 4980 956 5036; x_wconf 88' lang='lat' dir='ltr'><strong>in</strong></span> <span class='ocrx_word' id='word_1_727' title='bbox 979 4983 1104 5053; x_wconf 81' lang='lat' dir='ltr'><strong>ejus</strong></span> <span class='ocrx_word' id='word_1_728' title='bbox 1134 4976 1435 5037; x_wconf 77' lang='lat' dir='ltr'><strong>vicinitate.</strong></span> 
     </span>
    </p>
   </div>
   <div class='ocr_carea' id='block_1_97' title="bbox 215 5063 1733 5142">
    <p class='ocr_par' dir='ltr' id='par_1_97' title="bbox 215 5063 1733 5142">
     <span class='ocr_line' id='line_1_98' title="bbox 215 5063 1733 5142; baseline 0.002 -22"><span class='ocrx_word' id='word_1_729' title='bbox 215 5063 271 5120; x_wconf 83' lang='lat' dir='ltr'><strong>Si</strong></span> <span class='ocrx_word' id='word_1_730' title='bbox 288 5066 386 5137; x_wconf 73' lang='lat' dir='ltr'><strong>qui</strong></span> <span class='ocrx_word' id='word_1_731' title='bbox 398 5068 471 5121; x_wconf 82' lang='lat' dir='ltr'><strong>de</strong></span> <span class='ocrx_word' id='word_1_732' title='bbox 479 5067 691 5123; x_wconf 77' lang='lat' dir='ltr'><strong>eisdem</strong></span> <span class='ocrx_word' id='word_1_733' title='bbox 705 5069 908 5141; x_wconf 78' lang='lat' dir='ltr'><strong>pannis</strong></span> <span class='ocrx_word' id='word_1_734' title='bbox 925 5069 1073 5126; x_wconf 76' lang='lat' dir='ltr'><strong>infra</strong></span> <span class='ocrx_word' id='word_1_735' title='bbox 1090 5071 1468 5142; x_wconf 71' lang='lat' dir='ltr'><strong>puISationem</strong></span> <span class='ocrx_word' id='word_1_736' title='bbox 1481 5069 1733 5124; x_wconf 87' lang='lat' dir='ltr'><strong>omnium</strong></span> 
     </span>
    </p>
   </div>
   <div class='ocr_carea' id='block_1_98' title="bbox 150 5151 1735 5235">
    <p class='ocr_par' dir='ltr' id='par_1_98' title="bbox 150 5151 1735 5235">
     <span class='ocr_line' id='line_1_99' title="bbox 150 5151 1735 5235; baseline 0.004 -30"><span class='ocrx_word' id='word_1_737' title='bbox 150 5151 448 5222; x_wconf 73' lang='lat' dir='ltr'><strong>signorum,</strong></span> <span class='ocrx_word' id='word_1_738' title='bbox 460 5156 518 5211; x_wconf 83' lang='lat' dir='ltr'><strong>in</strong></span> <span class='ocrx_word' id='word_1_739' title='bbox 530 5156 689 5221; x_wconf 78' lang='lat' dir='ltr'><strong>Qiiati</strong></span> <span class='ocrx_word' id='word_1_740' title='bbox 697 5158 974 5235; x_wconf 79' lang='lat' dir='ltr'><strong>rages&#39;inia</strong></span> <span class='ocrx_word' id='word_1_741' title='bbox 988 5158 1118 5215; x_wconf 79' lang='lat' dir='ltr'><strong>vero</strong></span> <span class='ocrx_word' id='word_1_742' title='bbox 1132 5154 1204 5216; x_wconf 85' lang='lat' dir='ltr'><strong>ad</strong></span> <span class='ocrx_word' id='word_1_743' title='bbox 1225 5158 1638 5232; x_wconf 81' lang='lat' dir='ltr'><strong>percussionem</strong></span> <span class='ocrx_word' id='word_1_744' title='bbox 1653 5162 1735 5212; x_wconf 72' lang='lat' dir='ltr'><strong>ta-</strong></span> 
     </span>
    </p>
   </div>
   <div class='ocr_carea' id='block_1_99' title="bbox 151 5237 1737 5313">
    <p class='ocr_par' dir='ltr' id='par_1_99' title="bbox 151 5237 1737 5313">
     <span class='ocr_line' id='line_1_100' title="bbox 151 5237 1737 5313; baseline 0.004 -19"><span class='ocrx_word' id='word_1_745' title='bbox 151 5237 284 5297; x_wconf 66' lang='lat' dir='ltr'><strong>bulae</strong></span> <span class='ocrx_word' id='word_1_746' title='bbox 304 5242 377 5299; x_wconf 79' lang='lat' dir='ltr'><strong>ad</strong></span> <span class='ocrx_word' id='word_1_747' title='bbox 407 5245 753 5313; x_wconf 76' lang='lat' dir='ltr'><strong>mandatum;</strong></span> <span class='ocrx_word' id='word_1_748' title='bbox 780 5247 841 5302; x_wconf 86' lang='lat' dir='ltr'><strong>in</strong></span> <span class='ocrx_word' id='word_1_749' title='bbox 867 5248 1115 5303; x_wconf 82' lang='lat' dir='ltr'><strong>claustro</strong></span> <span class='ocrx_word' id='word_1_750' title='bbox 1145 5248 1458 5313; x_wconf 78' lang='lat' dir='ltr'><strong>remanent,</strong></span> <span class='ocrx_word' id='word_1_751' title='bbox 1494 5248 1594 5301; x_wconf 92' lang='lat' dir='ltr'><strong>hos</strong></span> <span class='ocrx_word' id='word_1_752' title='bbox 1623 5256 1737 5300; x_wconf 85' lang='lat' dir='ltr'><strong>ma-</strong></span> 
     </span>
    </p>
   </div>
   <div class='ocr_carea' id='block_1_100' title="bbox 151 5327 1735 5408">
    <p class='ocr_par' dir='ltr' id='par_1_100' title="bbox 151 5327 1735 5408">
     <span class='ocr_line' id='line_1_101' title="bbox 151 5327 1735 5408; baseline 0.001 -23"><span class='ocrx_word' id='word_1_753' title='bbox 151 5327 316 5398; x_wconf 77' lang='lat' dir='ltr'><strong>gister</strong></span> <span class='ocrx_word' id='word_1_754' title='bbox 339 5328 637 5402; x_wconf 56' lang='lat' dir='ltr'><strong>praedictus</strong></span> <span class='ocrx_word' id='word_1_755' title='bbox 666 5335 894 5407; x_wconf 79' lang='lat' dir='ltr'><strong>c’elligit,</strong></span> <span class='ocrx_word' id='word_1_756' title='bbox 924 5336 983 5391; x_wconf 85' lang='lat' dir='ltr'><strong>et</strong></span> <span class='ocrx_word' id='word_1_757' title='bbox 1004 5344 1177 5408; x_wconf 84' lang='lat' dir='ltr'><strong>super</strong></span> <span class='ocrx_word' id='word_1_758' title='bbox 1201 5336 1475 5391; x_wconf 82' lang='lat' dir='ltr'><strong>cancellos</strong></span> <span class='ocrx_word' id='word_1_759' title='bbox 1506 5334 1735 5405; x_wconf 83' lang='lat' dir='ltr'><strong>capituli</strong></span> 
     </span>
    </p>
   </div>
   <div class='ocr_carea' id='block_1_101' title="bbox 153 5418 1737 5495">
    <p class='ocr_par' dir='ltr' id='par_1_101' title="bbox 153 5418 1737 5495">
     <span class='ocr_line' id='line_1_102' title="bbox 153 5418 1737 5495; baseline 0.003 -23"><span class='ocrx_word' id='word_1_760' title='bbox 153 5418 317 5486; x_wconf 83' lang='lat' dir='ltr'><strong>ponit,</strong></span> <span class='ocrx_word' id='word_1_761' title='bbox 348 5425 415 5474; x_wconf 75' lang='lat' dir='ltr'><strong>ut</strong></span> <span class='ocrx_word' id='word_1_762' title='bbox 449 5422 546 5492; x_wconf 84' lang='lat' dir='ltr'><strong>qui</strong></span> <span class='ocrx_word' id='word_1_763' title='bbox 591 5424 721 5478; x_wconf 70' lang='lat' dir='ltr'><strong>ante</strong></span> <span class='ocrx_word' id='word_1_764' title='bbox 765 5423 842 5478; x_wconf 83' lang='lat' dir='ltr'><strong>ibi</strong></span> <span class='ocrx_word' id='word_1_765' title='bbox 892 5426 1007 5479; x_wconf 72' lang='lat' dir='ltr'><strong>non</strong></span> <span class='ocrx_word' id='word_1_766' title='bbox 1060 5424 1239 5491; x_wconf 78' lang='lat' dir='ltr'><strong>erant,</strong></span> <span class='ocrx_word' id='word_1_767' title='bbox 1271 5426 1357 5479; x_wconf 78' lang='lat' dir='ltr'><strong>vel</strong></span> <span class='ocrx_word' id='word_1_768' title='bbox 1403 5436 1503 5495; x_wconf 80' lang='lat' dir='ltr'><strong>pro</strong></span> <span class='ocrx_word' id='word_1_769' title='bbox 1548 5424 1737 5494; x_wconf 81' lang='lat' dir='ltr'><strong>aliqua</strong></span> 
     </span>
    </p>
   </div>
   <div class='ocr_carea' id='block_1_102' title="bbox 154 5502 1740 5586">
    <p class='ocr_par' dir='ltr' id='par_1_102' title="bbox 154 5502 1740 5586">
     <span class='ocr_line' id='line_1_103' title="bbox 154 5502 1740 5586; baseline 0.002 -24"><span class='ocrx_word' id='word_1_770' title='bbox 154 5508 301 5574; x_wconf 74' lang='lat' dir='ltr'><strong>gravi</strong></span> <span class='ocrx_word' id='word_1_771' title='bbox 327 5510 692 5581; x_wconf 70' lang='lat' dir='ltr'><strong>occupatione</strong></span> <span class='ocrx_word' id='word_1_772' title='bbox 730 5516 863 5568; x_wconf 83' lang='lat' dir='ltr'><strong>suos</strong></span> <span class='ocrx_word' id='word_1_773' title='bbox 912 5514 1167 5586; x_wconf 70' lang='lat' dir='ltr'><strong>‘ac’cipe‘re</strong></span> <span class='ocrx_word' id='word_1_774' title='bbox 1202 5514 1316 5570; x_wconf 73' lang='lat' dir='ltr'><strong>non</strong></span> <span class='ocrx_word' id='word_1_775' title='bbox 1341 5517 1619 5586; x_wconf 82' lang='lat' dir='ltr'><strong>poterant,</strong></span> <span class='ocrx_word' id='word_1_776' title='bbox 1651 5502 1740 5567; x_wconf 81' lang='lat' dir='ltr'><strong>vel</strong></span> 
     </span>
    </p>
   </div>
   <div class='ocr_carea' id='block_1_103' title="bbox 157 5594 1741 5674">
    <p class='ocr_par' dir='ltr' id='par_1_103' title="bbox 157 5594 1741 5674">
     <span class='ocr_line' id='line_1_104' title="bbox 157 5594 1741 5674; baseline 0.004 -26"><span class='ocrx_word' id='word_1_777' title='bbox 157 5594 318 5651; x_wconf 67' lang='lat' dir='ltr'><strong>etiam</strong></span> <span class='ocrx_word' id='word_1_778' title='bbox 343 5600 657 5669; x_wconf 67' lang='lat' dir='ltr'><strong>quisi-emes</strong></span> <span class='ocrx_word' id='word_1_779' title='bbox 704 5602 817 5657; x_wconf 75' lang='lat' dir='ltr'><strong>non</strong></span> <span class='ocrx_word' id='word_1_780' title='bbox 870 5602 1248 5670; x_wconf 75' lang='lat' dir='ltr'><strong>inveniebant,</strong></span> <span class='ocrx_word' id='word_1_781' title='bbox 1288 5600 1463 5659; x_wconf 78' lang='lat' dir='ltr'><strong>ﬁnitis</strong></span> <span class='ocrx_word' id='word_1_782' title='bbox 1497 5600 1741 5674; x_wconf 79' lang='lat' dir='ltr'><strong>veSperis</strong></span> 
     </span>
    </p>
   </div>
   <div class='ocr_carea' id='block_1_104' title="bbox 223 5701 1317 5786">
    <p class='ocr_par' dir='ltr' id='par_1_104' title="bbox 223 5701 1317 5786">
     <span class='ocr_line' id='line_1_105' title="bbox 223 5701 1317 5786; baseline 0.011 -28"><span class='ocrx_word' id='word_1_783' title='bbox 223 5701 369 5778; x_wconf 64' lang='lat' dir='ltr'><strong>(il-3)</strong></span> <span class='ocrx_word' id='word_1_784' title='bbox 389 5705 454 5764; x_wconf 88' lang='lat' dir='ltr'><strong>Id</strong></span> <span class='ocrx_word' id='word_1_785' title='bbox 477 5710 584 5779; x_wconf 79' lang='lat' dir='ltr'><strong>est,</strong></span> <span class='ocrx_word' id='word_1_786' title='bbox 613 5707 924 5784; x_wconf 82' lang='lat' dir='ltr'><strong>descriptos</strong></span> <span class='ocrx_word' id='word_1_787' title='bbox 948 5711 1010 5769; x_wconf 87' lang='lat' dir='ltr'><strong>in</strong></span> <span class='ocrx_word' id='word_1_788' title='bbox 1036 5712 1317 5786; x_wconf 78' lang='lat' dir='ltr'><strong>catalogo.</strong></span> 
     </span>
    </p>
   </div>
   <div class='ocr_carea' id='block_1_105' title="bbox 1810 4889 3409 4964">
    <p class='ocr_par' dir='ltr' id='par_1_105' title="bbox 1810 4889 3409 4964">
     <span class='ocr_line' id='line_1_106' title="bbox 1810 4889 3409 4964; baseline 0.003 -20"><span class='ocrx_word' id='word_1_789' title='bbox 1810 4890 1964 4945; x_wconf 91' lang='lat' dir='ltr'><strong>brevi</strong></span> <span class='ocrx_word' id='word_1_790' title='bbox 1989 4889 2206 4944; x_wconf 86' lang='lat' dir='ltr'><strong>notabit</strong></span> <span class='ocrx_word' id='word_1_791' title='bbox 2235 4904 2515 4942; x_wconf 90' lang='lat' dir='ltr'><strong>summam</strong></span> <span class='ocrx_word' id='word_1_792' title='bbox 2566 4892 2861 4957; x_wconf 85' lang='lat' dir='ltr'><strong>porcorum</strong></span> <span class='ocrx_word' id='word_1_793' title='bbox 2916 4894 2972 4942; x_wconf 91' lang='lat' dir='ltr'><strong>et</strong></span> <span class='ocrx_word' id='word_1_794' title='bbox 3018 4891 3277 4953; x_wconf 86' lang='lat' dir='ltr'><strong>arietum.</strong></span> <span class='ocrx_word' id='word_1_795' title='bbox 3311 4893 3409 4964; x_wconf 84' lang='lat' dir='ltr'><strong>qui</strong></span> 
     </span>
    </p>
   </div>
   <div class='ocr_carea' id='block_1_106' title="bbox 1813 4975 3408 5039">
    <p class='ocr_par' dir='ltr' id='par_1_106' title="bbox 1813 4975 3408 5039">
     <span class='ocr_line' id='line_1_107' title="bbox 1813 4975 3408 5039; baseline 0.002 -4"><span class='ocrx_word' id='word_1_796' title='bbox 1813 4981 2091 5035; x_wconf 90' lang='lat' dir='ltr'><strong>debentur</strong></span> <span class='ocrx_word' id='word_1_797' title='bbox 2121 4978 2190 5032; x_wconf 90' lang='lat' dir='ltr'><strong>de</strong></span> <span class='ocrx_word' id='word_1_798' title='bbox 2227 4975 2560 5031; x_wconf 90' lang='lat' dir='ltr'><strong>obedientiis</strong></span> <span class='ocrx_word' id='word_1_799' title='bbox 2601 4976 2737 5039; x_wconf 85' lang='lat' dir='ltr'><strong>suis,</strong></span> <span class='ocrx_word' id='word_1_800' title='bbox 2770 4982 2836 5030; x_wconf 91' lang='lat' dir='ltr'><strong>ut</strong></span> <span class='ocrx_word' id='word_1_801' title='bbox 2871 4978 3160 5034; x_wconf 83' lang='lat' dir='ltr'><strong>confestim</strong></span> <span class='ocrx_word' id='word_1_802' title='bbox 3192 4980 3261 5037; x_wconf 90' lang='lat' dir='ltr'><strong>de</strong></span> <span class='ocrx_word' id='word_1_803' title='bbox 3302 4982 3408 5037; x_wconf 92' lang='lat' dir='ltr'><strong>hoc</strong></span> 
     </span>
    </p>
   </div>
   <div class='ocr_carea' id='block_1_107' title="bbox 1816 5063 3411 5142">
    <p class='ocr_par' dir='ltr' id='par_1_107' title="bbox 1816 5063 3411 5142">
     <span class='ocr_line' id='line_1_108' title="bbox 1816 5063 3411 5142; baseline -0.001 -18"><span class='ocrx_word' id='word_1_804' title='bbox 1816 5068 2179 5142; x_wconf 81' lang='lat' dir='ltr'><strong>quaestionem</strong></span> <span class='ocrx_word' id='word_1_805' title='bbox 2204 5064 2440 5129; x_wconf 87' lang='lat' dir='ltr'><strong>moveat,</strong></span> <span class='ocrx_word' id='word_1_806' title='bbox 2464 5064 2510 5118; x_wconf 91' lang='lat' dir='ltr'><strong>si</strong></span> <span class='ocrx_word' id='word_1_807' title='bbox 2533 5063 2667 5135; x_wconf 88' lang='lat' dir='ltr'><strong>quid</strong></span> <span class='ocrx_word' id='word_1_808' title='bbox 2689 5081 2789 5135; x_wconf 92' lang='lat' dir='ltr'><strong>per</strong></span> <span class='ocrx_word' id='word_1_809' title='bbox 2808 5065 3083 5121; x_wconf 85' lang='lat' dir='ltr'><strong>incuriam</strong></span> <span class='ocrx_word' id='word_1_810' title='bbox 3099 5068 3168 5124; x_wconf 86' lang='lat' dir='ltr'><strong>de</strong></span> <span class='ocrx_word' id='word_1_811' title='bbox 3188 5087 3411 5125; x_wconf 89' lang='lat' dir='ltr'><strong>summa</strong></span> 
     </span>
    </p>
   </div>
   <div class='ocr_carea' id='block_1_108' title="bbox 1817 5150 3411 5231">
    <p class='ocr_par' dir='ltr' id='par_1_108' title="bbox 1817 5150 3411 5231">
     <span class='ocr_line' id='line_1_109' title="bbox 1817 5150 3411 5231; baseline 0.001 -18"><span class='ocrx_word' id='word_1_812' title='bbox 1817 5166 2010 5213; x_wconf 86' lang='lat' dir='ltr'><strong>eorum</strong></span> <span class='ocrx_word' id='word_1_813' title='bbox 2057 5156 2389 5225; x_wconf 78' lang='lat' dir='ltr'><strong>Cujusquam</strong></span> <span class='ocrx_word' id='word_1_814' title='bbox 2427 5150 2815 5208; x_wconf 77' lang='lat' dir='ltr'><strong>obe‘dientiarii</strong></span> <span class='ocrx_word' id='word_1_815' title='bbox 2861 5154 3115 5209; x_wconf 75' lang='lat' dir='ltr'><strong>decedat.</strong></span> <span class='ocrx_word' id='word_1_816' title='bbox 3158 5158 3241 5213; x_wconf 88' lang='lat' dir='ltr'><strong>Ab</strong></span> <span class='ocrx_word' id='word_1_817' title='bbox 3289 5159 3411 5231; x_wconf 88' lang='lat' dir='ltr'><strong>ipsa</strong></span> 
     </span>
    </p>
   </div>
   <div class='ocr_carea' id='block_1_109' title="bbox 1816 5236 3411 5319">
    <p class='ocr_par' dir='ltr' id='par_1_109' title="bbox 1816 5236 3411 5319">
     <span class='ocr_line' id='line_1_110' title="bbox 1816 5236 3411 5319; baseline 0.001 -18"><span class='ocrx_word' id='word_1_818' title='bbox 1816 5246 2039 5319; x_wconf 74' lang='lat' dir='ltr'><strong>&#39;quoqiie</strong></span> <span class='ocrx_word' id='word_1_819' title='bbox 2058 5236 2332 5299; x_wconf 71' lang='lat' dir='ltr'><strong>Cellerarii</strong></span> <span class='ocrx_word' id='word_1_820' title='bbox 2361 5241 2681 5296; x_wconf 84' lang='lat' dir='ltr'><strong>obedientia</strong></span> <span class='ocrx_word' id='word_1_821' title='bbox 2707 5240 2952 5312; x_wconf 85' lang='lat' dir='ltr'><strong>pendent</strong></span> <span class='ocrx_word' id='word_1_822' title='bbox 2979 5242 3180 5316; x_wconf 65' lang='lat' dir='ltr'><strong>aliquae</strong></span> <span class='ocrx_word' id='word_1_823' title='bbox 3207 5247 3411 5303; x_wconf 76' lang='lat' dir='ltr'><strong>villulae</strong></span> 
     </span>
    </p>
   </div>
   <div class='ocr_carea' id='block_1_110' title="bbox 1817 5329 3413 5406">
    <p class='ocr_par' dir='ltr' id='par_1_110' title="bbox 1817 5329 3413 5406">
     <span class='ocr_line' id='line_1_111' title="bbox 1817 5329 3413 5406; baseline 0.001 -16"><span class='ocrx_word' id='word_1_824' title='bbox 1817 5336 1876 5390; x_wconf 89' lang='lat' dir='ltr'><strong>in</strong></span> <span class='ocrx_word' id='word_1_825' title='bbox 1898 5336 2075 5389; x_wconf 85' lang='lat' dir='ltr'><strong>vicino</strong></span> <span class='ocrx_word' id='word_1_826' title='bbox 2105 5344 2263 5406; x_wconf 78' lang='lat' dir='ltr'><strong>aquae</strong></span> <span class='ocrx_word' id='word_1_827' title='bbox 2292 5332 2503 5403; x_wconf 72' lang='lat' dir='ltr'><strong>positae.</strong></span> <span class='ocrx_word' id='word_1_828' title='bbox 2540 5331 2706 5404; x_wconf 59' lang='lat' dir='ltr'><strong>(rain)</strong></span> <span class='ocrx_word' id='word_1_829' title='bbox 2736 5331 2813 5384; x_wconf 87' lang='lat' dir='ltr'><strong>De</strong></span> <span class='ocrx_word' id='word_1_830' title='bbox 2847 5329 2932 5385; x_wconf 87' lang='lat' dir='ltr'><strong>his</strong></span> <span class='ocrx_word' id='word_1_831' title='bbox 2962 5334 3139 5403; x_wconf 82' lang='lat' dir='ltr'><strong>pascit</strong></span> <span class='ocrx_word' id='word_1_832' title='bbox 3168 5336 3413 5391; x_wconf 86' lang='lat' dir='ltr'><strong>caballos</strong></span> 
     </span>
    </p>
   </div>
   <div class='ocr_carea' id='block_1_111' title="bbox 1819 5412 3467 5496">
    <p class='ocr_par' dir='ltr' id='par_1_111' title="bbox 1819 5412 3467 5496">
     <span class='ocr_line' id='line_1_112' title="bbox 1819 5412 3467 5496; baseline -0.002 -16"><span class='ocrx_word' id='word_1_833' title='bbox 1819 5442 1978 5488; x_wconf 87' lang='lat' dir='ltr'><strong>suos;</strong></span> <span class='ocrx_word' id='word_1_834' title='bbox 2009 5421 2086 5477; x_wconf 90' lang='lat' dir='ltr'><strong>ibi</strong></span> <span class='ocrx_word' id='word_1_835' title='bbox 2118 5426 2370 5476; x_wconf 78' lang='lat' dir='ltr'><strong>moratur</strong></span> <span class='ocrx_word' id='word_1_836' title='bbox 2388 5421 2565 5493; x_wconf 78' lang='lat' dir='ltr'><strong>pisces</strong></span> <span class='ocrx_word' id='word_1_837' title='bbox 2594 5421 3041 5489; x_wconf 78' lang='lat' dir='ltr'><strong>comparaturus,</strong></span> <span class='ocrx_word' id='word_1_838' title='bbox 3075 5412 3159 5475; x_wconf 88' lang='lat' dir='ltr'><strong>vel</strong></span> <span class='ocrx_word' id='word_1_839' title='bbox 3187 5422 3416 5496; x_wconf 86' lang='lat' dir='ltr'><strong>ingenia</strong></span> <span class='ocrx_word' id='word_1_840' title='bbox 3456 5466 3467 5476; x_wconf 87' lang='lat'><strong>.</strong></span> 
     </span>
    </p>
   </div>
   <div class='ocr_carea' id='block_1_112' title="bbox 1819 5508 2949 5582">
    <p class='ocr_par' dir='ltr' id='par_1_112' title="bbox 1819 5508 2949 5582">
     <span class='ocr_line' id='line_1_113' title="bbox 1819 5508 2949 5582; baseline -0.004 -13"><span class='ocrx_word' id='word_1_841' title='bbox 1819 5516 2155 5578; x_wconf 85' lang='lat' dir='ltr'><strong>structurus,</strong></span> <span class='ocrx_word' id='word_1_842' title='bbox 2189 5508 2391 5582; x_wconf 83' lang='lat' dir='ltr'><strong>quibus</strong></span> <span class='ocrx_word' id='word_1_843' title='bbox 2422 5510 2601 5581; x_wconf 85' lang='lat' dir='ltr'><strong>pisces</strong></span> <span class='ocrx_word' id='word_1_844' title='bbox 2630 5509 2949 5581; x_wconf 85' lang='lat' dir='ltr'><strong>capiuntur.</strong></span> 
     </span>
    </p>
   </div>
   <div class='ocr_carea' id='block_1_113' title="bbox 1896 5588 3418 5674">
    <p class='ocr_par' dir='ltr' id='par_1_113' title="bbox 1896 5588 3418 5674">
     <span class='ocr_line' id='line_1_114' title="bbox 1896 5588 3418 5674; baseline 0 -16"><span class='ocrx_word' id='word_1_845' title='bbox 1896 5602 1954 5659; x_wconf 89' lang='lat' dir='ltr'><strong>Si</strong></span> <span class='ocrx_word' id='word_1_846' title='bbox 1985 5588 2113 5674; x_wconf 87' lang='lat' dir='ltr'><strong>quis</strong></span> <span class='ocrx_word' id='word_1_847' title='bbox 2148 5592 2387 5655; x_wconf 68' lang='lat' dir='ltr'><strong>fratrum</strong></span> <span class='ocrx_word' id='word_1_848' title='bbox 2435 5598 2577 5656; x_wconf 65' lang='lat' dir='ltr'><strong>aueo</strong></span> <span class='ocrx_word' id='word_1_849' title='bbox 2615 5598 2703 5654; x_wconf 80' lang='lat' dir='ltr'><strong>est</strong></span> <span class='ocrx_word' id='word_1_850' title='bbox 2736 5599 3015 5666; x_wconf 77' lang='lat' dir='ltr'><strong>inﬁrmus,</strong></span> <span class='ocrx_word' id='word_1_851' title='bbox 3050 5600 3113 5656; x_wconf 75' lang='lat' dir='ltr'><strong>ut</strong></span> <span class='ocrx_word' id='word_1_852' title='bbox 3157 5601 3230 5657; x_wconf 91' lang='lat' dir='ltr'><strong>de</strong></span> <span class='ocrx_word' id='word_1_853' title='bbox 3274 5600 3418 5659; x_wconf 82' lang='lat' dir='ltr'><strong>lecto</strong></span> 
     </span>
    </p>
   </div>
  </div>
