3934 6414
408 440 547 500 1103

1448 434 1506 486 S.
1548 431 1942 486 GUILLELMI
1980 432 2283 486 ABBATIS
2321 432 2660 487 HlRSAUG.

3542 428 3677 487 1104

405 580 639 635 surgere
667 578 779 616 non
801 559 998 632 possit.
1030 559 1099 611 ad
1128 558 1276 611 hunc
1322 556 1568 627 quotidie
1612 572 1831 609 summo
1856 555 1998 610 dilu-
2013 555 2067 615 A
2085 556 2401 627 cymbalum
2422 573 2523 611 suo
2542 557 2598 611 in
2618 564 2871 627 tempore
2890 554 3283 626 percutiatura
3300 554 3504 625 priore,
3529 555 3683 626 quod

406 654 532 708 culo
561 652 714 706 venit
744 651 1054 704 simulcum
1080 646 1412 709 infirmario,
1442 645 1630 714 ibique
1646 650 1777 697 ante
1799 644 2004 698 lectum

407 745 547 810 ejus,
591 757 719 794 cum
765 739 1006 791 dixerint
1035 751 1253 788 versum
1302 737 1565 797 Pretiosa,
1611 733 1679 785 de
1722 732 2001 797 omnibus,

407 848 531 901 qua:
555 828 744 892 habet,
777 827 861 879 vel
892 824 1181 895 acquirere
1213 828 1413 893 potest,
1452 822 1774 886 suscitatur,
1799 821 1846 874 si
1867 821 2000 891 quid

407 919 499 983 sit,
525 916 673 988 quod
705 915 810 969 sibi
828 914 1099 974 videatur,
1132 918 1194 965 ut
1224 915 1500 981 praeparet
1528 909 1599 962 ad
1628 910 1749 978 ejus
1784 926 2000 979 praepa-

404 1007 704 1060 rationem.
740 1006 760 1027 "
795 1003 922 1057 Alio
970 1000 1138 1055 etiam
1186 1005 1440 1069 tempore
1491 998 1625 1051 illuc
1668 998 1858 1051 venire
1889 1014 1999 1051 non

406 1094 633 1155 omittit,
668 1099 730 1147 ut
764 1091 858 1145 alii
896 1089 1125 1152 infirmi,
1178 1088 1225 1141 si
1269 1087 1400 1157 quid
1428 1103 1657 1140 necesse
1679 1085 1906 1153 habent,
1930 1086 1999 1140 ab

405 1200 472 1238 eo
506 1197 757 1253 quaerere
786 1179 1017 1251 possint.
1044 1180 1188 1245 inn.)
1210 1176 1440 1242 Quoties
1468 1176 1732 1244 generale
1762 1176 1999 1245 pisaium

403 1272 572 1326 datur
600 1276 728 1341 post
769 1272 983 1322 sextam
1012 1265 1225 1328 statim,
1269 1265 1356 1317 vel
1390 1264 1438 1317 si
1477 1263 1673 1317 tandiu
1707 1264 2001 1333 jejunatur

404 1367 532 1432 post
550 1374 777 1422 nonam,
800 1362 981 1410 totum
1013 1371 1134 1408 esse
1156 1353 1321 1407 debet
1337 1352 1669 1423 dispositum
1697 1358 1755 1406 et
1780 1353 2002 1407 ordina-

402 1455 523 1504 tum
554 1448 613 1502 in
644 1446 892 1502 scutellis
920 1461 1090 1514 super
1116 1443 1528 1511 tabulam,quze
1555 1440 1709 1494 estin
1728 1442 1999 1496 vestibulo
2044 1506 2054 1519 δ

405 1536 637 1600 cellarii,
671 1540 736 1590 ut
765 1535 917 1605 prior
947 1533 1031 1584 vel
1074 1531 1243 1585 etiam
1290 1530 1529 1583 domnus
1563 1528 1705 1583 abba
1748 1530 1992 1595 veniens,

403 1632 706 1696 antequam
730 1621 1018 1677 consideat
1045 1620 1114 1673 ad
1144 1619 1377 1685 scillam,
1409 1619 1596 1672 videre
1635 1619 1826 1689 possit,
1870 1619 2000 1689 quid

403 1714 480 1767 sit
506 1714 566 1766 in
595 1710 830 1780 singulis
859 1707 1125 1771 scutellis,
1171 1707 1218 1760 si
1264 1706 1338 1760 sit
1375 1707 1607 1778 aequale,
1639 1712 1696 1760 et
1736 1707 1816 1761 ita
1863 1708 2001 1761 divi-

403 1819 553 1866 sum,
606 1807 670 1855 ut
713 1798 991 1872 prioribus
1038 1812 1150 1850 non
1202 1794 1430 1849 veniant
1476 1794 1733 1849 meliores
1788 1801 1996 1866 partes,

2086 652 2273 699 tamen
2328 646 2567 717 ipsemet
2617 645 2806 700 statim
2859 645 3118 716 percutit,
3165 660 3292 698 cum
3350 643 3681 714 praedictum

2086 733 2269 786 cibum
2296 734 2413 802 jam
2451 740 2711 803 paratum
2744 750 2865 787 esse
2893 733 3115 795 viderit,
3153 731 3422 787 fratribus
3448 732 3683 787 interim

2085 820 2143 873 in
2172 821 2342 875 choro
2383 822 2607 875 lectioni
2635 821 2979 875 vacantibus.
3013 820 3085 873 Hi
3123 825 3257 874 sunt
3297 825 3507 886 autem,
3539 836 3685 890 quos

2084 910 2406 963 cellerarius
2436 910 2821 980 sufl‘raganeos
2850 909 3038 963 habet.
3066 908 3291 964 Primus
3313 908 3409 979 qui
3440 925 3540 978 per
3565 925 3686 963 om-

2083 999 2177 1051 nia
2206 999 2382 1053 vicem
2415 1000 2535 1068 ejus
2552 998 2801 1053 absentis
2826 998 2963 1069 agit,
2996 1004 3052 1052 et
3080 998 3150 1052 de
3175 997 3435 1052 omnibus
3455 1014 3685 1069 respon-

2082 1086 2197 1153 det,
2229 1087 2298 1141 de
2323 1086 2526 1158 quibus
2556 1087 2676 1159 ipse
2707 1088 2850 1141 solet
2871 1087 3229 1157 respondere.

2640 1176 2882 1231 CAPUT
2928 1175 3124 1231 XLIV.

2660 1266 2734 1320 Dc
2755 1268 3107 1333 granatario.

2156 1355 2287 1420 (UD.)
2310 1352 2599 1407 Secundus
2621 1358 2726 1419 est,
2752 1353 2851 1423 qui
2872 1369 3155 1423 annonam
3194 1352 3412 1424 recipit,
3434 1369 3601 1424 quem
3622 1358 3685 1408 et

2080 1446 2481 1507 granatarium
2508 1456 2793 1494 vocamus.
2810 1441 2955 1495 Huic
2982 1440 3204 1511 quando
3237 1441 3435 1496 messis
3463 1446 3547 1495 est
3558 1447 3686 1496 tota

2081 1529 2329 1593 collecta,
2367 1530 2519 1599 prior
2539 1529 2856 1595 innotescit,
2880 1531 3077 1601 quanti
3109 1530 3282 1584 modii
3311 1530 3382 1584 de
3409 1530 3506 1584 illa
3535 1536 3594 1584 et
3607 1530 3683 1585 de

2082 1618 2180 1671 illa
2215 1617 2534 1672 obedientia
2579 1618 2693 1671 sint
2720 1618 2959 1684 venturi,
3003 1623 3062 1672 et
3108 1618 3255 1689 quod
3285 1619 3459 1673 semel
3496 1618 3677 1684 audit,

2082 1723 2260 1777 usque
2276 1707 2407 1761 dum
2423 1707 2498 1761 sit
2527 1707 2902 1783 redditum,in
2923 1708 3231 1778 composito
3247 1708 3369 1778 [al.,
3391 1706 3685 1781 computo]

2082 1812 2184 1849 suo
2213 1795 2446 1851 tenebit.
2478 1796 2723 1850 Pistores
2750 1802 2883 1852 sunt
2905 1795 3008 1851 sub
3037 1797 3160 1868 ejus
3185 1813 3378 1852 manu.
3401 1797 3528 1862 Qui,
3551 1812 3682 1851 cum

402 1867 759 1960 multumque
786 1887 844 1941 in
873 1887 977 1940 hoc
1001 1901 1209 1955 genere
1230 1899 1597 1954 personarum
1632 1883 1879 1953 acceptio
1904 1900 1995 1937 ca-
2019 1867 2428 1938 Bfrumentuni
2485 1885 2822 1955 acceperint,
2883 1885 3023 1939 duas
3069 1886 3281 1956 species
3335 1885 3498 1957 panis
3544 1891 3685 1940 sunt

400 1985 582 2034 vetur.

476 2071 499 2093 *
520 2067 699 2122 Debet
718 2064 887 2119 etiam
907 2062 1055 2117 idem
1089 2060 1412 2116 cellerarius
1432 2077 1644 2127 cavere,
1671 2076 1741 2114 ne
1760 2059 1819 2113 in
1839 2076 1993 2114 com-

403 2156 561 2211 muni
588 2156 821 2209 fratrum
853 2151 1088 2224 prandio
1119 2151 1205 2203 vel
1235 2165 1392 2203 omna
1422 2149 1541 2220 ipse
1570 2165 1698 2202 cum
1726 2148 1995 2203 fratribus

401 2246 473 2302 ad
497 2242 859 2299 reficiendum
886 2241 1077 2295 sedeat
1107 2254 1377 2308 unquam,
1409 2237 1518 2292 nisi
1564 2248 1664 2291 aut
1706 2236 1994 2307 phleboto-

402 2339 609 2398 matus,
644 2338 744 2385 aut
772 2330 882 2383 alia
913 2328 1240 2381 infirmitate
1252 2331 1536 2396 gravatus.
1555 2325 1695 2379 Cum
1719 2324 1999 2378 servitori—

399 2422 506 2476 bus
536 2419 789 2475 reficiens
817 2418 887 2471 ad
922 2432 1172 2469 mensam
1219 2415 1489 2484 majorem
1520 2413 1566 2467 si
1596 2413 1807 2484 aliquid
1837 2430 1999 2483 spar-

401 2510 562 2576 serit,
592 2509 678 2562 vel
707 2505 957 2576 fregerit,
984 2505 1042 2558 in
1064 2503 1309 2574 capitulo
1332 2503 1548 2556 veniam
1573 2501 1744 2572 petit;
1778 2501 1825 2555 si
1854 2501 1999 2555 soni-

398 2605 524 2655 tum
550 2597 763 2659 fecerit,
796 2600 1017 2648 tantum
1047 2592 1302 2646 inclinat.
1334 2596 1470 2659 (un.)
1503 2591 1578 2644 Eo
1610 2590 1720 2654 die,
1745 2606 1854 2660 quo
1876 2606 1999 2643 sen-

398 2685 580 2741 tentia
607 2683 836 2753 Regulae
878 2683 946 2746 (c.
1000 2679 1092 2750 3|)
1136 2679 1205 2732 de
1256 2678 1351 2731 illo
1396 2677 1622 2747 legitur,
1664 2677 1724 2730 in
1752 2677 1994 2747 capitulo

398 2775 609 2829 habent
637 2773 706 2826 de
726 2772 846 2842 ipso
876 2769 1077 2823 fratres
1107 2767 1462 2821 rharitatem.
1492 2766 1513 2790 ⁴¹
1544 2766 1702 2830 Quod
1727 2771 1916 2821 tamen
1947 2767 1996 2820 si

404 2864 668 2927 secunda,
718 2866 918 2932 quarta
961 2858 1047 2912 vel
1093 2863 1249 2911 sexta
1305 2855 1441 2909 feria
1469 2855 1525 2909 in
1558 2855 1999 2926 Quadragesima

400 2952 668 3016 evenerit,
710 2966 887 3020 usque
918 2948 976 3001 in
1005 2945 1314 3000 crastinum
1356 2944 1632 3010 differtur,
1667 2960 1732 2998 eo
1764 2946 1911 3015 quod
1936 2945 1996 2999 in

398 3043 489 3097 his
532 3036 953 3112 pramominatis
993 3034 1208 3092 diebus.
1243 3050 1356 3087 non
1399 3032 1508 3086 nisi
1555 3033 1666 3086 duo
1704 3033 1997 3104 pulmenta

398 3125 936 3184 consuetudinaliter
961 3124 1185 3179 dentur.
1228 3121 1334 3176 Ubi
1355 3122 1487 3175 dum
1516 3121 1740 3190 legitur,
1772 3138 1997 3193 semper

2079 1972 2374 2039 reddituri,
2407 1980 2471 2027 ut
2500 1972 2773 2044 quidquid
2810 1973 2885 2028 sit
2920 1973 2991 2028 ab
3040 1974 3148 2028 alio
3184 1974 3463 2029 conductu
3491 1974 3678 2045 panis,

2077 2065 2270 2115 tamen
2298 2061 2394 2132 qui
2423 2062 2643 2115 dandus
2662 2066 2750 2115 est
2769 2060 3054 2126 fratribus,
3074 2062 3252 2133 possit
3269 2078 3390 2117 esse
3407 2063 3676 2133 optimus.

2078 2146 2228 2220 Ergo
2277 2149 2345 2203 de
2387 2152 2590 2205 maltro
2639 2150 2800 2221 panis
2848 2149 2963 2204 albi
3008 2150 3291 2220 octoginta
3318 2149 3496 2219 librae,
3528 2151 3679 2221 nigri

2080 2237 2247 2291 etiam
2271 2238 2430 2310 panis
2463 2240 2533 2294 de
2563 2240 2767 2294 maltro
2791 2240 3095 2310 octoginta,
3119 2257 3259 2310 quas
3288 2240 3407 2311 ipse
3434 2240 3681 2311 diligen-

2080 2330 2167 2379 ter
2193 2326 2483 2398 dispensat
2510 2327 2788 2394 omnibus,
2833 2334 3003 2399 prout
3042 2329 3478 2396 constitutionis,
3512 2331 3674 2399 (ναν.)

2079 2415 2168 2468 vel
2210 2417 2484 2487 cujusque
2526 2433 2708 2471 causae
2765 2417 2911 2471 ratio
2957 2416 3149 2484 dictat,
3199 2418 3282 2472 vel
3326 2418 3679 2490 providentia

2083 2503 2360 2557 cellerarii
2383 2504 2623 2574 judicat.
2658 2506 2679 2528 ⁶
2708 2508 3005 2559 Annonam
3044 2521 3265 2576 quoque
3286 2506 3677 2576 jumentorum

2080 2590 2446 2646 nihilominus
2475 2592 2597 2663 ipse
2623 2591 2823 2646 tribuit
2851 2593 3082 2647 ostiario
3118 2594 3288 2647 etiam
3326 2592 3398 2649 ad
3422 2610 3557 2648 usus
3579 2595 3679 2648 ho-

2078 2678 2308 2748 spitum,
2362 2680 2807 2751 quotiescunque
2837 2681 3140 2736 necessitas
3181 2683 3379 2753 poscit.
3419 2683 3507 2738 Ad
3552 2684 3678 2755 ejus

2078 2766 2249 2820 etiam
2289 2784 2481 2822 curam
2520 2769 2625 2823 hoc
2654 2769 2973 2840 specialiter
3019 2771 3269 2841 respicit,
3307 2786 3379 2826 ne
3424 2787 3677 2843 unquam

2077 2856 2239 2926 panis
2267 2857 2683 2927 aliquantulum
2717 2858 2917 2912 melior
2941 2858 3206 2913 fratribus
3236 2860 3295 2914 in
3313 2860 3453 2914 lecto
3476 2861 3676 2931 jacen-

2077 2944 2228 2998 tibns
2257 2945 2422 2999 desit.
2442 2946 2585 3017 (0D,)
2606 2947 2664 3000 Si
2686 2963 2853 3017 quam
2874 2948 3276 3018 negligentiam
3307 2949 3414 3020 ipsi
3435 2948 3677 3020 pistores

2078 3033 2501 3102 commiserunt,
2544 3035 2628 3089 vel
2683 3042 3014 3090 consuetum
3046 3053 3343 3091 numerum
3374 3038 3534 3110 panis
3562 3055 3677 3094 non

2077 3121 2379 3185 reddendo,
2401 3124 2487 3176 vel
2505 3123 2690 3194 ipsum
2721 3140 2923 3194 panem
2953 3142 3067 3179 non
3094 3130 3210 3179 tam
3242 3125 3472 3192 bonum,
3501 3143 3675 3198 quam

400 3217 565 3272 debet
586 3217 676 3287 ipe
693 3221 896 3286 praesto
913 3229 1055 3266 esse.
1083 3210 1340 3279 (uu.)Qui
1360 3209 1529 3264 etiam
1557 3210 1613 3263 in
1625 3211 1883 3281 sequenti
1904 3210 1995 3263 die
2015 3223 2058 3282 ρ
2076 3215 2301 3281 oportet
2327 3211 2602 3279 faciendo,
2634 3212 2804 3281 (υαν.)
2828 3214 2949 3269 ,hoc
2977 3213 3096 3285 ipse
3133 3215 3306 3270 refert
3327 3216 3397 3270 ad
3429 3216 3672 3287 priorem

398 3321 596 3359 rursus
618 3303 678 3356 in
701 3300 945 3371 capitulo
965 3297 1181 3352 veniam
1206 3297 1365 3367 petit,
1383 3312 1554 3366 seque
1576 3312 1734 3350 reum
1766 3296 1834 3349 de
1855 3297 1996 3349 mul-

396 3393 470 3448 tis
500 3388 855 3461 negligentiis
884 3404 983 3458 per
1009 3386 1352 3440 occasionem
1401 3383 1732 3438 obedientia:
1761 3386 1992 3438 confite-

394 3480 547 3533 tur.‘
579 3478 738 3542 Quod
768 3477 815 3531 si
835 3477 928 3530 ille
958 3481 1186 3546 propter
1214 3472 1598 3529 infirmitatem
1632 3474 1714 3526 vel
1744 3473 1990 3544 aliquam

393 3563 774 3618 inevitabilem
793 3562 1181 3616 necessitatem
1209 3575 1452 3632 praesens
1481 3575 1593 3613 non
1620 3558 1806 3625 fuerit,
1827 3560 1916 3630 adj
1927 3576 1990 3613 u-

393 3656 485 3706 tor
514 3652 634 3721 ejus
666 3650 812 3705 idem
844 3650 975 3704 facit
1004 3666 1102 3721 pro
1134 3666 1193 3703 se
1232 3654 1289 3702 et
1318 3664 1421 3720 pro
1451 3647 1566 3712 illo,
1599 3646 1803 3718 quibus
1820 3648 1991 3702 etiam

394 3747 551 3812 prior
568 3739 975 3810 indulgentiam
1008 3739 1219 3809 pariter
1243 3742 1486 3808 exoptat.
1525 3736 1633 3790 Sed
1652 3735 1766 3789 sive
1784 3736 1850 3802 is,
1874 3737 1991 3791 sive

392 3830 487 3883 ille
525 3829 670 3883 hanc
712 3828 928 3881 veniam
973 3826 1190 3896 fecerit,
1233 3842 1358 3879 cum
1410 3824 1603 3878 eadem
1656 3826 1991 3880 nominatim

393 3919 527 3973 dicit
556 3935 833 3979 excessus,
885 3916 933 3971 si
979 3933 1119 3986 quos
1160 3914 1379 3967 noviter
1425 3912 1720 3967 commisit.
1771 3914 1908 3968 lnde
1957 3931 1992 3968 a

390 4008 576 4080 priore
604 4007 896 4061 absolutus
926 4005 997 4057 ad
1027 4003 1195 4074 pedes
1226 4002 1348 4071 ejus
1381 4001 1531 4054 venit
1557 4015 1568 4049 :
1596 4004 1733 4071 (υῡ.)
1753 4007 1810 4056 et
1838 4003 1993 4073 prior

390 4098 635 4168 imperat
651 4101 715 4149 ut
726 4095 976 4166 psalmus
990 4091 1207 4162 primus
1218 4089 1382 4143 simul
1401 4104 1529 4143 cum
1545 4090 1794 4155 collecta,
1808 4091 1993 4145 Omni-

386 4191 576 4253 potens
595 4184 921 4252 sempiterne
936 4182 1076 4234 Deus
1098 4194 1199 4250 pro
1222 4178 1302 4232 eis
1321 4178 1696 4247 communiter
1714 4178 1785 4232 ab
1804 4179 1990 4234 omni-

392 4273 496 4328 bus
525 4278 652 4345 post
678 4270 925 4342 psalmos
959 4271 1118 4322 Verba
1142 4284 1259 4321 mea
1283 4272 1542 4320 cantetur
1561 4271 1758 4337 (van);
1781 4274 1839 4322 et
1855 4275 1991 4323 tunc

388 4364 593 4416 fratres
623 4365 777 4414 stant
800 4356 973 4412 versis
1010 4356 1081 4411 ad
1110 4356 1343 4410 invicem
1383 4356 1626 4410 vultibus
1658 4374 1669 4408 :
1699 4363 1756 4410 et
1783 4356 1828 4411 si
1859 4358 1988 4414 talis

393 4456 482 4505 est
509 4450 649 4509 dies,
682 4448 751 4501 ad
781 4446 1036 4501 ordinem
1084 4444 1494 4517 procumbunt;
1530 4445 1617 4499 sin
1647 4452 1857 4513 autem,
1889 4465 1988 4502 su-

389 4555 492 4610 per
519 4537 718 4591 sedilia
746 4534 1105 4589 submittunt.
1141 4533 1198 4588 Si
1246 4550 1311 4587 ea
1340 4533 1429 4587 die
1459 4549 1561 4603 pro
1591 4533 1852 4589 defuncto
1879 4536 1985 4589 ali-

390 4643 501 4698 quo
540 4626 703 4679 Verba
726 4640 864 4689 mea,
885 4622 1175 4694 praemissa
1203 4622 1457 4676 omnium
1485 4622 1771 4691 signorum
1802 4625 1989 4696 pulsa-

386 4716 542 4769 tione
563 4711 784 4767 recitari
810 4712 996 4778 debet,
1031 4713 1133 4765 hoc
1158 4710 1424 4781 primum,
1457 4709 1661 4765 deinde
1690 4713 1987 4783 praedictus

382 4803 633 4876 psalmus
663 4801 900 4865 canitur,
916 4800 987 4854 ad
1014 4799 1272 4853 ultimum
1306 4805 1421 4852 tres
1448 4799 1650 4869 psalmi
1680 4817 1779 4871 pro
1807 4801 1985 4855 tribu-

385 4891 595 4945 latione
619 4897 753 4945 sunt
779 4887 1036 4955 canendi,
1070 4894 1129 4942 et
1155 4903 1282 4942 cum
1333 4888 1725 4943 Benedica-mus
1752 4890 1988 4946 Domino

386 4979 744 5033 clauduntur.

457 5077 598 5132 fUD.)
620 5069 719 5123 Est
737 5072 927 5121 autem
941 5062 1305 5131 consuetudo,
1330 5069 1394 5119 ut
1422 5065 1471 5119 si
1494 5063 1822 5119 cellerarius
1846 5081 1984 5136 prae»

2076 3305 2134 3353 et
2159 3299 2534 3365 cellerarium,
2569 3306 2636 3354 ut
2665 3317 2768 3371 per
2794 3318 2890 3355 eos
2922 3303 3231 3357 secundum
3248 3305 3477 3358 modum
3495 3306 3675 3377 culpa:

2074 3386 2466 3457 corripiantur.
2512 3388 2671 3442 Unde
2702 3389 2759 3442 in
2792 3390 3118 3445 dormitorio
3156 3408 3396 3463 semper,
3429 3392 3528 3447 sed
3566 3393 3676 3447 ali-

2075 3475 2300 3545 quando
2351 3476 2557 3531 alicubi
2601 3483 2831 3548 propter
2870 3476 3120 3533 laborem
3152 3479 3382 3548 dormit,
3408 3481 3541 3552 quia
3568 3481 3677 3536 fre-

2074 3569 2313 3634 quenter
2339 3564 2389 3618 ei
2415 3565 2710 3636 contingit,
2738 3572 2802 3621 ut
2831 3567 3147 3623 necessario
3176 3570 3395 3625 tardius
3420 3570 3675 3626 se-collo-

2072 3658 2159 3707 cet
2188 3669 2359 3725 quam
2389 3654 2503 3709 alii.
3356 3658 3378 3667 “

2648 3744 2883 3802 CAPUT
2920 3745 3085 3801 XLV.

2603 3834 2678 3888 De
2727 3835 2943 3889 custode
2983 3837 3129 3893 vini.

2146 3919 2264 3985 (ω).
2296 3917 2447 3987 var.)
2464 3921 2686 3976 Tertius
2718 3928 2806 3976 est
2833 3922 3221 3994 suffraganeus
3249 3923 3544 3991 cellerarii,
3577 3926 3675 3997 qui

2074 4006 2263 4060 vinum
2291 4012 2349 4060 et
2376 4010 2702 4064 cerevisiam
2731 4011 2950 4082 recipit,
2983 4016 3042 4065 et
3077 4012 3340 4068 custodit.
3381 4014 3676 4069 Vindemia

2073 4103 2478 4161 consummata,
2523 4098 2672 4154 sicut
2712 4099 3037 4170 granatario
3076 4101 3146 4154 de
3176 4116 3420 4168 annona,
3456 4103 3509 4157 ei
3540 4120 3678 4175 quo-

2073 4200 2181 4254 que
2209 4183 2489 4239 indicatur
2516 4203 2551 4240 a
2578 4187 2767 4258 priore
2801 4194 3043 4259 quantas
3086 4189 3195 4244 vini
3230 4190 3495 4245 carradas
3521 4190 3671 4262 (144)

2071 4272 2141 4327 de
2169 4273 2265 4327 illo
2295 4281 2352 4328 et
2371 4275 2440 4329 de
2470 4276 2562 4330 illo
2593 4276 2800 4331 debeat
2827 4284 3168 4349 exspectare.
3196 4276 3326 4350 Ipse
3365 4286 3587 4335 acetum
3617 4287 3676 4336 et

2070 4361 2265 4432 sinape
2292 4362 2390 4416 dat
2409 4365 2791 4431 refectorario,
2812 4367 2835 4390 '
2861 4367 3083 4437 quoties
3112 4367 3217 4422 scit
3232 4384 3299 4422 ea
3327 4367 3674 4424 infundenda

2068 4466 2191 4505 esse
2236 4450 2378 4505 cibo.
2422 4452 2487 4507 In
2531 4454 2758 4508 cellario
2799 4453 3010 4509 dormit
3053 4472 3183 4511 cum
3229 4456 3538 4526 cellerario,
3571 4459 3673 4515 sed

2068 4555 2359 4610 nunquam
2389 4540 2511 4596 sine
2540 4542 2772 4598 lumine.
2811 4546 2949 4613 (ιω.)

2638 4631 2874 4688 CAPUT
2899 4633 3097 4690 XLVI.

2601 4722 2675 4775 De
2717 4722 2920 4776 decano
2967 4725 3132 4777 υίιιε.

2143 4808 2168 4833 ‘
2182 4805 2432 4871 Quartus
2449 4812 2535 4862 est
2548 4808 2701 4862 cellae
2730 4810 2986 4880 provisor
3005 4810 3063 4865 in
3086 4809 3478 4877 exterioribus,
3500 4827 3670 4884 quem

2069 4893 2345 4951 decaan
2390 4895 2535 4951 villae
2573 4898 2962 4968 appellamus;
3005 4899 3097 4953 hic
3134 4906 3402 4972 procurat
3445 4902 3670 4970 cellam,

2067 4982 2281 5047 hoxtos,
2312 4981 2505 5038 vineas
2528 4991 2587 5039 et
2611 4991 2772 5056 prata
2798 5004 2922 5057 quae
2953 4987 3110 5043 cellae
3130 4988 3411 5060 adjacent,
3441 4989 3671 5061 sepibus

2066 5071 2435 5140 circumdare,
2466 5072 2623 5143 ligna
2661 5074 2732 5128 ad
2776 5075 2962 5131 focum
3014 5076 3351 5145 faciendum,
3381 5082 3442 5133 et
3467 5078 3517 5132 si
3545 5095 3672 5151 qua:

383 5156 524 5211 scire
556 5163 740 5229 potest
766 5171 968 5226 panem
1001 5154 1085 5206 vel
1114 5153 1287 5207 alium
1316 5153 1502 5209 cibum
1549 5159 1684 5208 tunc
1725 5170 1981 5209 necessa-
2063 5164 2197 5214 sunt
2246 5161 2570 5230 hujusmodi
2612 5161 2761 5216 infra
2794 5165 2883 5219 vel
2928 5171 3086 5221 extra
3129 5167 3437 5223 claustrum
3479 5183 3672 5223 neces-

380 5246 529 5300 rium
550 5242 881 5316 tempestive
901 5242 1205 5313 praeparari
1226 5258 1338 5296 non
1356 5258 1535 5313 posse,
1553 5241 1728 5312 signis
1745 5249 1848 5296 aut
1866 5260 1981 5297 ver-
2061 5246 2240 5314 saria;
2268 5248 2479 5303 faenum
2509 5265 2734 5321 quoque
2763 5250 2823 5305 in
2853 5252 3012 5308 lectis
3037 5253 3281 5310 fratrum
3308 5255 3547 5326 singulis
3570 5272 3672 5311 an-

377 5332 464 5389 bis
481 5333 774 5389 sacristam
792 5332 1116 5393 admoneat,
1138 5337 1297 5400 (ram)
1324 5336 1602 5400 quatenus
1625 5331 1837 5398 horam,
1860 5349 1982 5403 qua:

2065 5334 2153 5389 nis
2170 5337 2557 5404 sternendum,
2590 5344 2646 5393 et
2666 5341 3043 5412 sarcophagos
3058 5343 3115 5397 in
3129 5344 3479 5415 sepulturam
3508 5344 3670 5415 ipso-

380 5424 613 5477 missam
640 5421 1021 5492 subsequitur,
1053 5436 1180 5472 cum
1214 5418 1531 5488 pulsatione
1573 5419 1795 5475 differat
1839 5438 1980 5491 quo-
2063 5438 2189 5487 rum
2219 5429 2278 5479 et
2304 5424 2525 5479 tabulas
2552 5426 2765 5496 ligneas
2795 5444 2924 5482 cum
2958 5431 3666 5487 malleolisadministrare.

379 5528 557 5582 usque
586 5518 808 5583 tempus
830 5525 952 5563 esse
972 5508 1305 5580 pulsationis
1329 5507 1398 5561 ab
1420 5524 1486 5562 eo
1508 5515 1793 5578 agnoscat.
1819 5511 1979 5573 Quod
2063 5511 2167 5565 Hic
2205 5512 2378 5567 etiam
2422 5520 2628 5584 praeest
2666 5515 2940 5586 tignariis,
2963 5534 3203 5590 quorum
3241 5537 3491 5592 operam,
3531 5537 3666 5577 cum

381 5598 429 5652 si
455 5600 600 5655 forte
628 5598 955 5669 neglexerit,
993 5597 1114 5667 ipse
1147 5595 1315 5652 debet
1348 5597 1617 5652 malleum
1631 5598 1874 5666 auferre,
1908 5615 1978 5654 ne
2060 5600 2445 5672 multipliciter
2472 5603 2532 5659 in
2559 5604 2904 5663 monasterio
2945 5609 3128 5665 soleat
3156 5608 3506 5682 impendere,
3537 5626 3666 5665 ma-

452 5705 598 5775 (144)
632 5703 900 5771 Carrada,
927 5701 1264 5772 vehiculum,
1298 5703 1615 5776 plaustrum
1649 5723 1660 5758 :
1697 5704 1842 5759 Gali.
1872 5705 2160 5773 charrette,
2193 5709 2427 5764 chariot.
