3934 6366
207 324 338 384 1105

1243 341 1662 399 CONSTITUT.
1703 343 2043 398 llIRSAUG.
2086 375 2151 386 —
2190 346 2326 402 LIB.
2366 349 2440 405 II.
3326 348 3469 407 1106

196 448 345 545 xima
378 455 578 511 tamen
605 456 976 516 sollicitudine
995 463 1185 519 studet
1216 482 1317 538 per
1343 484 1437 521 eos
1466 467 1625 540 lapsa
1650 468 1867 529 clau-A
1952 469 2081 523 Haec
2119 474 2205 524 est
2250 477 2439 526 autem
2487 472 2817 544 psalmodia.
2849 489 2973 545 quae
3008 479 3269 529 cantatur
3318 477 3470 530 inter

196 538 295 634 stri
320 543 473 634 tecta
503 545 815 614 reficere,et
843 565 1076 621 quaeque
1102 553 1188 606 vel
1219 570 1318 624 per
1352 538 1554 626 ipsum,
1584 558 1668 610 vel
1700 573 1798 628 per
1877 559 2244 627 operandum.
2271 538 2517 615 Primum
2551 579 2674 632 qum
2696 538 2968 617 remansit
2995 570 3121 634 post
3147 565 3387 634 primam
3410 570 3468 620 et

191 627 361 721 alium
377 631 1405 703 admonitusnovit,exsuaobedientia
1422 645 1661 699 fratrum
1689 646 1797 700 usi-
1877 651 2002 715 post
2022 647 2350 717 capitulum.
2376 650 2579 704 Postea
2608 667 2801 704 omnes
2822 652 3107 721 regulares
3137 653 3287 706 horae
3312 670 3467 706 more

194 716 303 812 bus.
320 719 382 812 in
409 722 662 778 claustro
677 726 969 796 profutura
992 728 1274 784 ferventer
1292 737 1349 785 et
1366 732 1619 797 indilate,
1643 742 1792 806 post-
1875 716 2291 790 canonicorum.
2325 739 2480 792 Inter
2507 740 2664 809 cujus
2693 739 2862 793 etiam
2883 716 3080 811 preces
3108 741 3470 812 subjungitur

187 807 829 901 positis_exterioribus,
878 816 1158 872 exhibere.
1212 820 1298 873 Ad
1350 824 1790 893 perpetrandum
1872 823 2143 892 psalmus,
2200 827 2362 880 Verba
2391 843 2532 894 mea,
2575 807 2633 881 et
2673 807 2900 898 septem-
2935 829 3136 901 psalmi
3184 807 3284 900 per
3317 807 3470 885 alias

187 903 374 952 autem
405 899 534 955 haec
560 903 751 956 omnia
790 920 824 958 a
859 906 1150 962 cellerario
1196 908 1367 963 habet
1412 928 1646 983 quaeque
1683 913 1789 967 sibi
1869 910 2055 978 horas,
2081 913 2319 981 divisio;
2352 920 2467 969 tres
2484 916 2578 987 qui
2602 922 2898 971 remanent
2916 899 3084 971 simul
3110 899 3467 989 interpreces

152 992 316 1079 ‘sunt
342 990 691 1079 necessaria.
741 992 902 1059 Huic,
934 995 1081 1050 sicut
1108 1002 1164 1051 et
1194 999 1410 1053 caeteris
1439 1000 1786 1057 obedientia-
1869 1000 2229 1072 Completorii
2252 1002 2534 1058 dicuntur.
2559 1004 2628 1059 Et
2653 1004 2839 1076 ipsum
2858 1004 3298 1077 Completorium
3328 1023 3470 1079 prae-

182 1073 298 1142 riiS,
326 1078 563 1147 quando
593 1096 821 1136 necesse
849 1082 1038 1152 habet,
1072 1101 1238 1140 mane
1263 1086 1332 1140 de
1369 1088 1612 1145 claustro
1636 1091 1786 1146 exire
1865 1087 2030 1141 cedit.
2061 1088 2292 1159 Vesperi
2321 1106 2422 1160 pro
2451 1073 2709 1147 ﬁdelibus
2737 1073 3032 1148 defunctis.
3071 1073 3467 1149 Annectuhtur

181 1163 329 1253 licet,
363 1170 629 1238 tempore
655 1170 894 1242 hyemali
926 1190 1054 1227 mox
1097 1174 1256 1229 ﬁnita
1288 1175 1478 1230 litania
1509 1178 1784 1234 diurnali-
1866 1176 2202 1248 psalmi.qui
2234 1179 2416 1233 solent
2443 1179 2549 1234 dici
2577 1197 2677 1251 pro
2699 1180 3071 1235 familiaribus
3094 1182 3460 1253 posttertiam

179 1249 281 1306 bus
312 1270 376 1308 se
405 1256 672 1324 calciare,
708 1259 894 1315 lavare
939 1267 996 1316 et
1030 1270 1269 1334 pectere,
1321 1265 1509 1338 sicque
1547 1267 1615 1321 ad
1648 1268 1782 1324 ohe-
1864 1270 1922 1317 et
1941 1270 2068 1335 post
2091 1267 2230 1320 duas
2245 1249 2749 1339 horasscquentes.
2777 1270 2835 1324 Si
2859 1271 3034 1324 visum
3056 1249 3231 1325 fuerit
3249 1271 3458 1325 domno

178 1341 454 1430 dientiam
507 1362 669 1400 suam
708 1349 897 1419 exire;
939 1351 1037 1405 sed
1076 1358 1272 1423 postea
1305 1359 1418 1407 tam
1449 1358 1779 1426 tempestive
1862 1351 2071 1417 abbati.
2125 1361 2189 1408 ut
2230 1356 2473 1426 amplius
2528 1364 2849 1429 operentur,
2901 1358 3205 1430 ampliatur
3233 1374 3456 1430 quoque

176 1429 343 1485 debet
362 1432 576 1502 redire,
619 1440 684 1491 ut
709 1453 838 1491 cum
883 1447 1159 1495 conventu
1197 1458 1344 1512 aqua
1373 1441 1665 1500 benedicta
1694 1464 1780 1502 as-
1861 1442 2174 1511 psalmodia
2195 1445 2262 1498 de
2283 1445 2522 1516 psalmo,
2551 1448 2637 1501 Ad
2653 1448 2955 1501 Dominum
2997 1429 3123 1501 cum
3150 1429 3458 1502 tribularer

176 1535 371 1589 persus
405 1523 592 1594 possit
626 1524 808 1580 tribus
840 1529 1185 1584 orationibus
1218 1531 1506 1586 interesse.
1862 1546 2040 1600 usque
2068 1532 2139 1586 ad
2170 1533 2341 1587 finem
2375 1534 2650 1596 Psalterii,
2682 1541 2739 1588 et
2766 1540 2901 1589 tunc
2921 1536 3090 1589 etiam
3126 1535 3453 1607 aprincipio

739 1616 973 1672 CAPUT
999 1619 1216 1674 XLVII.
1861 1618 2134 1689 psalterii,
2177 1622 2365 1678 leria
2413 1624 2573 1676 Patri
2615 1629 2741 1694 post
2786 1629 2902 1677 tres
2950 1625 3194 1695 psalmos
3231 1640 3454 1689 semper

780 1706 850 1759 De
884 1706 1199 1762 hortulano.
1861 1707 2209 1779 interposito.
2236 1711 2445 1765 Verum
2478 1711 2650 1765 ﬁnitis
2675 1712 2798 1766 istis
2826 1713 3059 1783 psalmis
3088 1730 3188 1784 pro
3209 1713 3453 1767 familia-

246 1788 378 1860 (ιτυ.)
405 1789 523 1844 Sed
545 1795 603 1845 et
626 1791 958 1849 hortulanus
989 1797 1278 1852 cellerario
1307 1799 1473 1855 debet
1501 1818 1622 1856 esse
1649 1802 1778 1856 sub-
1796 1860 1839 1871 _
1861 1795 2034 1862 ribus,
2068 1803 2264 1868 postea
2292 1799 2533 1853 domnus
2575 1799 2737 1866 abba,
2763 1817 2887 1854 cum
2921 1801 3165 1871 primum
3192 1802 3450 1869 voluerit,

167 1877 372 1945 jectus,
392 1884 463 1933 ut
483 1880 533 1933 si
564 1881 697 1952 quid
727 1882 897 1938 fuerit
916 1885 972 1938 in
1003 1885 1185 1952 horto,
1222 1889 1366 1959 quod
1391 1889 1509 1961 ipse
1538 1860 2047 1946 volucritBiImUilI
2068 1860 2342 1941 irall'ibus
2389 1887 2459 1941 ab
2508 1904 2675 1959 Opere
2718 1860 2956 1954 έθδεὲὶΐέ,
2989 1896 3047 1943 et
3086 1890 3155 1943 ad
3190 1908 3249 1944 se
3275 1860 3454 1961 magis

176 1966 243 2019 ad
274 1968 579 2023 servitium
605 1971 863 2036 fratrum,
893 1973 1218 2030 obedienter
1244 1977 1449 2032 habeat
1476 1978 1546 2032 ab
1576 1979 1687 2033 illo.
1716 1980 1776 2035 Si

174 2055 296 2125 quis
348 2056 597 2113 fratrum
651 2060 721 2114 ab
779 2078 844 2115 eo
892 2063 1105 2133 aliquid
1156 2069 1267 2120 tale
1313 2067 1383 2121 de
1420 2069 1777 2124 nascentibus

172 2142 319 2199 horti
340 2147 602 2217 postulat
626 2165 726 2219 pro
756 2149 1087 2207 inﬁrmitate
1121 2154 1330 2226 aliqua,
1377 2156 1481 2210 hoc
1527 2173 1639 2211 non
1668 2158 1777 2213 nisi

179 2248 306 2288 cum
356 2237 641 2291 cellerarii
682 2238 908 2294 licentia
953 2240 1119 2296 debet
1148 2243 1198 2297 ei
1241 2244 1585 2316 impendere.
1618 2251 1644 2274 *
1673 2248 1777 2302 Cui

171 2323 324 2377 nullo
350 2325 528 2380 modo
558 2332 644 2381 est
677 2344 1024 2384 concessum.
1062 2332 1193 2400 wn.)
1224 2338 1290 2386 ut
1325 2350 1571 2405 unquam
1604 2337 1775 2390 meri-

170 2409 397 2468 dianam
433 2415 631 2470 horam
662 2417 981 2487 regularem
1010 2420 1216 2475 audeat
1244 2424 1633 2494 supersedere,
1661 2425 1770 2479 nisi

169 2500 476 2572 aliquando
504 2503 563 2558 in
596 2521 706 2558 uno
732 2505 823 2560 die
850 2507 926 2560 sit
954 2508 1004 2561 ei
1035 2525 1241 2580 magna
1270 2512 1571 2567 necessitas
1592 2531 1772 2569 rema-

168 2591 334 2645 nendi
360 2598 535 2647 :tunc
561 2593 847 2649 licentiam
873 2612 908 2649 a
938 2596 1123 2668 priore
1144 2600 1365 2670 quaerit.
1399 2604 1424 2628 *
1452 2602 1605 2656 Idem
1638 2621 1765 2658 cum

167 2677 368 2736 viderit
412 2698 583 2753 poma
633 2689 858 2738 matura
900 2702 1041 2752 esse,
1071 2692 1128 2740 et
1174 2688 1406 2743 inutiles
1453 2690 1657 2745 herbas
1710 2693 1767 2747 in

168 2765 326 2823 horto
355 2771 690 2838 excrevisse,
720 2773 886 2829 debet
914 2774 1088 2846 priori
1125 2776 1475 2833 innotescere
1501 2798 1514 2848 ;
1546 2780 1693 2835 sicut
1714 2788 1771 2835 et

167 2856 512 2926 cellerarius,
564 2861 611 2915 si
661 2878 926 2930 necesse,
983 2864 1139 2919 fabas
1172 2883 1343 2922 novas
1389 2868 1459 2922 de
1506 2869 1769 2924 folliculis

166 2947 279 3001 suis
308 2965 564 3019 egerere,
598 2956 663 3005 ut
689 2951 801 3006 sive
830 2953 902 3007 ad
926 2954 1240 3010 evellendus
1289 2956 1513 3024 herbas,
1552 2959 1665 3012 sive
1695 2960 1766 3013 ad

166 3036 484 3109 colligenda
501 3055 668 3110 poma
694 3040 870 3111 ipsius
892 3043 1056 3113 jussu
1077 3043 1260 3113 prima
1292 3045 1349 3098 in
1379 3047 1637 3118 sequenti
1675 3048 1766 3102 die

1859 1975 2208 2047 appropiare.
2237 1976 2404 2029 Jubet
2440 1981 2505 2030 ut
2541 1977 2753 2047 aliquid
2782 1977 2857 2030 ibi
2899 1978 3137 2047 legatur,
3171 1979 3336 2033 citius
3360 1986 3450 2033 ta-

1860 2079 1989 2116 men
2020 2063 2326 2118 ﬁniendum
2352 2084 2366 2133 ;
2417 2065 2549 2136 quia
2583 2066 2703 2137 ipse
2737 2066 2820 2119 vel
2841 2065 2984 2120 alius
3012 2083 3078 2120 eo
3101 2062 3339 2135 jubente
3368 2067 3452 2121 fa-

1859 2157 2052 2205 cturus
2092 2158 2178 2206 est
2212 2153 2344 2207 inde
2382 2170 2697 2208 sermonem
2723 2173 2736 2221 ;
2782 2159 2839 2208 et
2868 2154 2972 2208 hoc
3000 2160 3086 2209 est
3109 2156 3350 2210 maxime
3381 2156 3451 2210 de

1858 2240 1973 2294 vita
1991 2240 2076 2294 vel
2095 2241 2165 2294 de
2185 2242 2575 2296 collationibus
2627 2243 2882 2310 Patrum,
2918 2244 3065 2313 quod
3093 2244 3330 2298 aediﬁcet
3356 2261 3455 2299 au-

1857 2329 2221 2394 dientes.Quo
2242 2331 2419 2396 ﬁnito,
2439 2332 2641 2385 iterum
2657 2332 2920 2402 imposita
2937 2332 3456 2403 psalmodia,rever-

1851 2423 2055 2473 tuntur
2082 2436 2192 2473 non
2222 2419 2489 2474 facientes
2528 2424 2660 2473 ante
2691 2426 2748 2474 et
2770 2425 2938 2474 retro.
2973 2422 3154 2485 Quam
3185 2428 3242 2476 et
3267 2423 3450 2492 pueri,

1852 2507 1900 2561 si
1928 2508 1986 2561 in
2013 2508 2133 2562 loco
2163 2514 2316 2576 sunt,
2356 2509 2471 2562 sive
2502 2510 2756 2579 juvenes,
2787 2526 2914 2563 cum
2942 2510 3183 2581 primum
3224 2511 3454 2566 claustri

1853 2596 2026 2650 limen
2061 2597 2375 2667 attigerint,
2405 2597 2606 2652 altiore
2630 2614 2760 2652 voce
2786 2598 2974 2652 levant
2992 2615 3095 2652 nec
3124 2598 3454 2670 priusquam

1850 2691 2157 2739 conventus
2195 2691 2325 2739 ante
2362 2687 2674 2756 capitulum
2721 2688 3010 2749 consistat,
3045 2692 3448 2752 conticescunt,

1853 2774 2061 2828 domno
2110 2774 2312 2828 abbate
2365 2775 2764 2845 pronuntiante
2819 2792 3041 2829 versum
3091 2777 3451 2843 Adjutorium

1853 2867 2130 2928 nostrum,
2163 2863 2375 2917 faciunt
2396 2880 2590 2917 omnes
2616 2870 2748 2917 ante
2764 2869 2821 2917 et
2842 2864 3291 2932 retro,etiterum
3315 2881 3453 2935 prie-

1849 2950 2022 3004 misso
2054 2953 2372 3018 Benediciic,
2409 2952 2691 3022 accipiunt
2720 2951 3002 3006 licentiam
3037 2952 3322 3022 loquendi,
3351 2953 3452 3007 sed

1847 3039 2004 3111 prius
2031 3039 2161 3093 lotis
2185 3040 2445 3095 manibus
2474 3040 2649 3094 libros
2678 3040 2977 3111 accipiunt,
3022 3056 3192 3110 quam
3235 3040 3449 3111 aliquid

167 3127 553 3198 tempestivius
581 3129 854 3200 pulsetur,
896 3137 952 3184 et
979 3132 1293 3201 psalmodia
1312 3134 1371 3188 in
1398 3134 1641 3206 idipsum
1663 3138 1763 3191 dif-
1781 3136 1823 3196 C
1846 3128 2175 3200 loquantur.

166 3212 379 3272 feratur
402 3235 416 3285 ;
449 3217 546 3271 sed
566 3234 855 3289 nunquam
871 3223 1063 3274 tamen
1085 3221 1216 3292 quid
1245 3221 1767 3297 hujusmodioperis

170 3319 201 3357 a
228 3309 348 3360 toto
380 3312 658 3361 conventu
689 3307 895 3377 agitur,
937 3308 1046 3363 nisi
1089 3311 1426 3380 regulariter
1451 3313 1761 3369 ordinetur.

168 3391 472 3464 Siquando
512 3400 701 3449 autem
750 3396 863 3450 tale
903 3397 1037 3467 quid
1082 3405 1168 3452 est
1212 3400 1514 3469 agendum,
1547 3402 1618 3456 ad
1659 3403 1764 3457 hoc

168 3482 398 3551 quidem
427 3482 497 3537 de
538 3484 838 3551 conversis,
883 3491 1117 3557 rogante
1162 3488 1453 3543 cellerario
1493 3490 1765 3560 jubentur

167 3567 245 3624 ire
274 3572 348 3626 de
379 3573 703 3626 matutinali
732 3573 923 3638 missa,
959 3575 1039 3628 vel
1069 3576 1312 3647 capitulo
1333 3577 1392 3630 in
1416 3578 1758 3633 auditorium

170 3656 477 3732 hospitum,
498 3661 614 3716 sive
644 3661 702 3716 in
728 3663 903 3717 alium
933 3663 1114 3718 locum
1152 3666 1475 3736 bujusmodi
1513 3669 1758 3723 claustro

165 3750 492 3820 contiguum
517 3768 531 3818 ;
563 3756 620 3804 et
644 3756 838 3805 tamen
864 3752 999 3807 dum
1028 3754 1128 3807 tali
1158 3754 1313 3826 operi
1344 3755 1632 3825 insistunt,
1648 3757 1760 3812 nisi

167 3839 390 3907 quando
418 3836 611 3892 tabula
637 3838 708 3892 ad
731 3839 1074 3910 loquendum
1094 3841 1660 3914 percutitur,omnino
1680 3844 1760 3899 eis

164 3921 314 3995 loqui
339 3939 454 3977 non
483 3923 849 3994 permittitur.

716 4014 957 4069 CAPUT
985 4014 1234 4074 XLVIII.

272 4103 349 4156 De
368 4116 524 4169 opere
552 4118 847 4164 manuum,
880 4106 1124 4173 qualiter
1153 4109 1492 4173 regulariter
1509 4109 1626 4175 ﬁat.

228 4191 253 4214 ’
283 4188 764 4253 Qualiter‘autem
795 4207 935 4262 opus
972 4208 1241 4247 manuum
1269 4195 1606 4265 regulariter
1634 4197 1751 4263 ﬁat,

163 4281 221 4331 ut
248 4278 358 4332 hoc
398 4278 570 4332 etiam
616 4279 869 4349 digeram
919 4281 977 4334 in
1022 4280 1131 4348 die,
1179 4299 1288 4353 quo
1331 4286 1610 4354 agendum
1646 4292 1750 4353 est,

163 4364 307 4421 illico
336 4373 401 4422 ut
425 4367 629 4421 fratres
651 4369 1015 4435 surrexerint,
1034 4369 1193 4425 factis
1220 4373 1585 4439 orationibus,
1610 4380 1749 4429 nutu

1922 3219 2067 3288 Ergo
2093 3235 2242 3273 nona
2283 3235 2506 3290 quoque
2536 3218 2716 3289 magis
2746 3235 2916 3290 quam
2970 3219 3028 3272 in
3076 3218 3202 3272 aliis
3251 3218 3447 3274 diebus

1847 3308 2217 3362 acceleratur.
2247 3307 2554 3379 Postquam
2586 3312 2814 3362 ventum
2840 3307 3013 3361 fuerit
3039 3308 3106 3362 ad
3138 3307 3336 3362 horam
3368 3309 3447 3362 lo-

1847 3396 2075 3466 quendi,
2109 3413 2305 3450 rursus
2326 3397 2397 3450 ad
2428 3413 2569 3468 opus
2599 3412 2871 3450 manuum
2898 3396 2979 3450 ire
3010 3385 3442 3468 compellantur.

1845 3484 1974 3539 Haec
2004 3489 2090 3539 est
2126 3485 2459 3556 psalmodia,
2494 3502 2661 3556 quam
2712 3490 2847 3538 tunc
2898 3485 3272 3539 adoriuntur:
3309 3486 3446 3540 Post

1842 3574 1984 3627 Deus
2019 3575 2254 3628 auribus
2285 3575 2486 3645 psalmi
2515 3573 2841 3638 familiares,
2891 3574 2986 3644 qui
3014 3574 3160 3628 infra
3188 3590 3444 3645 vesperos

1842 3678 1911 3715 ex
1938 3679 2092 3717 more
2119 3662 2400 3727 dicuntur,
2437 3662 2492 3716 id
2523 3669 2609 3715 est
2636 3664 2869 3716 Domine
2889 3664 3094 3715 exaudi
3113 3666 3440 3719 orationem.

1840 3753 2176 3806 Benediristi
2197 3768 2335 3805 cum.
2352 3750 2584 3821 reliquis
2608 3751 2728 3804 sine
2747 3750 3319 3821 appenditio,vespcri
3341 3768 3442 3821 pro

1843 3839 2100 3894 fidelibus
2129 3840 2424 3894 defunctis.
2447 3840 2589 3894 Cum
2624 3845 2810 3892 autem
2846 3838 3089 3892 ofﬁcium
3117 3855 3218 3909 pro
3247 3839 3443 3893 defun-

1840 3929 1945 3982 ctis
1974 3929 2184 4001 absque
2215 3930 2493 3985 Matutino
2526 3930 2608 3994 ﬁt,
2646 3944 2869 3998 semper
2906 3927 2976 3980 ad
3006 3934 3226 3981 noctem
3256 3944 3439 3981 reser-

1837 4025 2042 4073 vantur
2091 4036 2216 4073 cum
2287 4020 2451 4071 Verba
2498 4034 2637 4081 mea,
2671 4015 2719 4070 si
2762 4014 2972 4069 habent
3016 4015 3384 4069 tricenarium
3420 4032 3436 4072 :

1839 4113 2033 4178 postea
2062 4108 2360 4162 inchoatur
2388 4106 2718 4178 psalmodia,
2735 4105 2828 4159 ubi
2859 4104 3034 4175 priori
3062 4104 3177 4158 vice
3206 4103 3441 4159 dimissa

1838 4202 1941 4251 est.
1966 4197 2268 4267 Postquam
2293 4195 2497 4249 reversi
2521 4194 2895 4259 consederint,
2921 4210 2987 4247 ea
3012 4192 3129 4247 vice
3148 4192 3437 4262 praemisso

1836 4287 2156 4350 Benedicite,
2219 4301 2403 4338 sermo
2452 4284 2643 4354 agitur
2697 4282 2753 4337 in
2803 4283 3067 4346 claustro,
3116 4282 3274 4336 scilla
3306 4289 3437 4336 ante

1835 4375 2141 4445 capitulum
2192 4389 2475 4443 percussa.
2508 4375 2555 4426 A
2585 4389 2697 4444 qua
2745 4376 3080 4440 exurgentes
3100 4374 3157 4424 et
3182 4375 3319 4425 tunc
3345 4370 3440 4424 de-

159 4456 364 4525 prioris
395 4457 656 4528 pulsatur
699 4457 769 4510 ad
810 4458 1071 4529 primam,
1113 4476 1280 4530 quam
1316 4463 1547 4532 psalmis
1583 4463 1818 4553 inter-1)
1838 4479 1990 4516 mum
2022 4467 2149 4517 ante
2179 4466 2227 4515 et
2247 4467 2395 4516 retro
2434 4461 2723 4523 facientes,
2756 4461 2966 4515 domno
2997 4459 3198 4514 abbate
3223 4476 3288 4514 ex
3317 4464 3437 4514 toto

160 4545 341 4600 missis
371 4545 492 4599 sola
530 4546 786 4617 sequitur
822 4546 1017 4601 litania
1054 4565 1337 4621 missaque
1382 4552 1749 4608 matutinalis.

159 4632 480 4705 Capitulum
510 4651 733 4706 quoque
783 4636 910 4706 plus
957 4636 1261 4704 breviatur,
1314 4657 1482 4711 quam
1530 4642 1587 4695 in
1626 4643 1751 4696 aliis

158 4722 371 4790 diebus,
407 4728 463 4777 et
486 4740 612 4778 mox
638 4740 903 4795 percussa
928 4725 1143 4792 tabula,
1175 4735 1232 4781 et
1262 4729 1552 4800 prmmisso
1582 4732 1753 4785 Bene-

157 4811 316 4867 dicite
371 4812 645 4868 Dominus
682 4812 824 4868 abba
862 4815 1212 4886 pronuntiat.
1251 4819 1458 4872 Eamus
1497 4820 1572 4873 ad
1619 4836 1752 4888 opus

160 4916 457 4957 manuum.
485 4902 804 4974 Imponitur
834 4904 1164 4975 psalmodia,
1208 4923 1330 4978 quae
1358 4913 1486 4977 post
1510 4909 1750 4979 primam

157 4996 238 5045 est
275 4991 623 5049 intermissa.
668 4992 940 5047 Incedunt
977 5010 1103 5048 cum
1144 4996 1517 5065 processione,
1565 4997 1645 5052 ita
1690 5003 1756 5052 ut

150 5079 398 5148 juniores
453 5082 569 5135 sint
615 5081 804 5152 primi,
838 5082 1054 5153 priores
1081 5084 1284 5138 ultimi.
1332 5084 1475 5140 Cum
1519 5095 1746 5141 ventum

154 5168 320 5225 fuerit
348 5170 421 5224 ad
449 5171 633 5225 locum
663 5172 954 5241 operandi,
980 5173 1126 5226 versi
1147 5190 1343 5227 omnes
1373 5174 1442 5227 ad
1473 5173 1747 5229 orientem

156 5275 251 5330 per
274 5260 533 5316 ordinem
561 5260 894 5314 consistunt.
928 5261 1014 5315 Ad
1045 5263 1215 5315 finem
1245 5262 1413 5316 unius
1442 5263 1647 5333 psalmi
1674 5261 1753 5316 fa-

158 5349 307 5404 ciunt
332 5354 466 5403 ante
489 5354 548 5404 et
584 5354 756 5414 retro,
786 5354 844 5403 et
881 5349 1088 5403 domno
1118 5349 1319 5404 abbate
1345 5352 1753 5422 pronuntiante

157 5442 283 5493 tunc
309 5438 461 5493 dicto
489 5454 690 5492 versu:
733 5439 874 5494 Deus
908 5440 973 5492 in
1004 5440 1358 5506 adjutorium
1392 5457 1577 5494 meum
1609 5461 1625 5495 :
1658 5441 1753 5495 Se-

155 5527 343 5598 quitur
400 5543 415 5581 :
470 5527 642 5595 Kyrie
669 5529 889 5582 eleison.
943 5529 1104 5581 Pater
1143 5535 1342 5584 noster.
1386 5532 1753 5596 Adjutorium

155 5623 428 5685 nostrum,
468 5616 640 5684 Facta
666 5633 862 5679 rursus
889 5616 1278 5683 inclinatione,
1309 5618 1590 5705 incipiunt
1626 5635 1756 5692 ope-

155 5719 280 5769 rari,

1836 4552 2258 4623 pronuntiante,
2293 4555 2428 4603 tunc
2481 4550 2629 4603 dicto
2662 4550 2767 4604 hoc
2817 4565 3001 4615 versu,
3043 4550 3354 4603 Benedictus
3386 4564 3438 4602 es

1833 4640 2081 4698 Domine.
2141 4638 2398 4709 sequitur
2435 4639 2604 4708 Kyrie
2646 4639 2847 4692 eleison.
2893 4653 3021 4690 cum
3065 4636 3438 4692 familiaribus

1834 4727 2176 4801 appendiciis
2222 4729 2587 4797 Adjuiorium
2617 4732 2891 4781 nostrum.
2925 4727 2995 4780 Et
3031 4725 3179 4780 facto
3225 4733 3356 4780 ante
3380 4732 3439 4781 et

1833 4825 1985 4871 retro
2035 4817 2229 4870 dicunt
2286 4818 2599 4882 lienedicite,
2652 4820 2709 4870 et
2752 4815 2833 4870 sic
2878 4815 3048 4869 datur
3084 4814 3315 4869 licentia
3360 4815 3441 4869 lo-

1834 4906 2061 4977 quendi.

1908 4996 1975 5049 Et
2014 4993 2147 5064 quia
2194 4996 2282 5046 est
2308 4992 2677 5062 consuetudo,
2715 4997 2781 5047 ut
2815 5008 2984 5063 opere
3019 4992 3168 5047 facto
3218 4991 3434 5052 bibant.

1836 5088 2132 5154 postquam
2166 5081 2386 5152 pulsato
2413 5082 2574 5149 signo
2608 5082 2679 5135 ad
2709 5098 2996 5151 vesperam
3028 5082 3264 5136 fecerint
3293 5081 3438 5135 ordi-

1832 5190 1963 5228 nem
1994 5171 2062 5226 ab
2102 5170 2291 5240 aliquo
2327 5170 2520 5235 fratre,
2554 5170 2642 5222 cui
2673 5169 2780 5222 hoc
2811 5169 2966 5239 prior
2990 5170 3253 5239 injunxit,
3287 5186 3437 5243 cym-

1836 5261 1961 5316 balo
1985 5276 2250 5332 percusso
2266 5258 2477 5312 vadunt
2491 5258 2548 5311 in
2570 5257 2926 5311 refectorium
2959 5257 3245 5313 bibere.Et
3261 5259 3438 5313 scien-

1836 5351 1992 5415 dum,
2027 5349 2158 5421 quia
2207 5348 2432 5419 quando
2481 5347 2587 5401 hoc
2615 5345 2934 5415 contigerit,
2984 5351 3181 5416 postea
3220 5363 3439 5417 nequa-

1837 5455 2027 5511 quam,
2052 5444 2118 5492 ut
2146 5437 2417 5508 alioquin,
2440 5437 2624 5490 solent
2652 5434 2842 5488 bibere
2871 5433 3017 5487 infra
3056 5434 3432 5490 collationem.

1836 5528 1997 5592 Quod
2037 5528 2084 5581 si
2126 5543 2235 5581 non
2287 5525 2394 5580 nisi
2437 5525 2612 5579 semel
2643 5528 2967 5595 operantur,
2999 5532 3133 5576 tunc
3160 5527 3437 5577 sermonis

1838 5618 1993 5671 locus
2016 5624 2103 5670 est
2122 5615 2178 5669 in
2196 5616 2443 5669 claustro
2484 5620 2543 5670 et
2576 5629 2756 5685 usque
2794 5611 2865 5666 ad
2894 5611 3213 5666 Benedictus
3245 5627 3296 5664 es
3323 5628 3438 5667 non

1838 5706 2096 5760 differtur
2140 5723 2151 5757 :
2206 5705 2305 5759 sed
2353 5704 2590 5759 strictim
2636 5702 2859 5769 dicitur,
2899 5700 3190 5772 praemissa
3218 5717 3283 5756 ac
3311 5700 3440 5755 sub-
