3934 6360
146 304 288 387 ΜΨ

1185 307 1606 381 CONSTFI‘UT.
1648 308 1990 373 HIRSAUG.
2038 340 2099 352 -—
2138 309 2275 367 LIB.
2316 309 2389 366 Π.

3292 308 3436 371 1110

148 434 414 505 peractus
432 445 552 507 non
578 436 836 505 moratur
862 431 1173 491 dormitum
1201 431 1547 498 ire.Quando
1568 437 1756 491 autem
1772 435 1823 493 A
1843 433 1915 487 ad
1931 433 2264 489 alterutram
2298 433 2528 488 missam
2559 433 2700 488 albis
2718 432 3032 491 induuntur
3054 434 3115 490 in
3134 435 3294 492 festis
3309 451 3443 489 san-

152 524 469 597 conventus
507 537 621 599 non
649 521 1002 596 meridiatur,
1023 522 1138 576 sive
1171 522 1366 592 semel,
1385 521 1499 579 sive
1519 520 1604 576 bis
1629 520 1760 588 reﬁ-

151 606 356 691 giatur,
542 610 663 690 ipse
703 627 873 687 quam
923 611 1213 684 adjutores
1262 610 1372 682 sui,
1406 610 1453 665 si
1482 627 1621 680 opus
1654 617 1757 678 est,

154 696 326 777 idem,
347 714 478 774 quia
498 698 571 775 ad
600 715 662 767 se
683 699 992 776 pertinent,
1020 699 1318 772 provisuri,
1335 700 1472 767 illuc
1499 700 1758 766 redeunt,

148 785 477 869 ppchlearia
503 788 775 867 apfei'pnt
801 793 859 863 et
885 788 958 857 ad
980 788 1211 857 fontem,
1249 788 1395 857 sicut
1414 793 1472 856 et
1498 788 1613 851 illa,
1639 804 1762 859 quae

152 875 220 959 pd
247 875 620 957 mfeptipnem
648 876 1023 951 abstulerunt,
1056 876 1314 949 abluunt.
1336 877 1491 946 Tunc
1509 877 1682 937 etiam
1713 876 1762 931 si

214 964 325 1045 ῳβξ
355 965 697 1045 eomeditur.
727 965 875 1039 sicut
903 969 1033 1037 post
1059 981 1298 1039 canam,
1326 965 1511 1035 aufert
1536 981 1761 1021 mensa-

1842 529 2082 589 ctorum,
2104 540 2227 594 quae
2245 523 2305 577 in
2331 516 2776 593 Quadragesima
2804 530 3123 589 occurrunt,
3142 525 3200 577 in
3232 523 3437 594 vigiliis

1844 611 2093 682 quinque
2122 610 2514 682 principalium
2527 612 2890 665 festivitatum
2907 618 2964 665 et
2984 613 3231 683 quinque
3249 612 3439 666 Domi-

1842 699 2002 765 nicis,
2026 700 2082 755 id
2113 704 2200 754 est
2229 699 2287 754 in
2308 700 2494 771 prima
2507 700 2797 753 Adventus
2808 700 3053 761 Domini,
3079 700 3440 771 Septuagesi-

1842 804 1970 855 mm,
1995 788 2469 860 Quadragesimaa,
2517 788 2734 854 Mediae,
2765 793 2822 841 et
2865 788 2925 842 in
2953 788 3182 849 Palmis.
3222 789 3288 843 In
3313 788 3438 842 aliis

1842 893 1973 939 vero
1992 877 2188 937 diebus
2214 893 2324 933 non
2358 876 2467 931 nisi
2486 875 2755 944 dimidiae,
2777 882 2981 948 praeter
2998 892 3253 932 mensam
3280 877 3440 948 prin-

1842 965 2099 1037 cipalem,
2144 965 2561 1037 cooperiuntur,
2598 969 2657 1019 et
2700 965 2799 1031 ita,
2830 970 2898 1019 ut
2924 981 3028 1021 nec
3053 965 3299 1021 scutellae
3334 980 3440 1020 nec

158 1052 247 1137 lia,
268 1069 396 1127 qua;
416 1055 601 1134 cernit
625 1070 749 1131 esse
780 1069 976 1130 μορε.
1004 1053 1116 1109 Pro
1139 1060 1329 1108 tamen
1354 1054 1642 1120 auferendi
1667 1071 1765 1126 0p-
1837 1054 2077 1124 justitia
2102 1070 2270 1125 super
2296 1054 2569 1109 mensalia
2596 1058 2899 1124 ponantur.

152 1142 508 1226 portunitate
528 1143 719 1215 nullus
735 1143 805 1218 de
832 1158 1029 1218 mensa
1045 1142 1118 1196 ad
1137 1158 1390 1213 mensam
1417 1143 1763 1199 transeundo

153 1230 245 1306 alii
274 1246 337 1289 se
368 1230 542 1297 debet
592 1231 921 1307 adjungere.
951 1230 1086 1285 Post
1124 1247 1342 1303 coenam
1387 1235 1578 1303 tamen
1607 1230 1763 1301 prius

151 1335 277 1391 pum
305 1319 528 1399 pateris
544 1319 732 1394 induit
752 1319 1130 1390 nocturnales;
1155 1319 1252 1389 sed
1276 1325 1529 1390 tempore
1540 1319 1761 1390 hyemis

152 1413 276 1494 post
298 1410 609 1485 Benedicite
639 1408 712 1463 ad
742 1424 1000 1482 vesperos
1026 1409 1087 1467 in
1124 1408 1484 1478 refecton'um
1531 1407 1761 1463 veniens

155 1495 307 1569 prius
337 1496 601 1571 prpvidet
623 1495 694 1551 de
731 1503 870 1569 potu
904 1496 1144 1557 fratrum
1183 1502 1241 1567 et
1290 1496 1465 1553 finitis
1491 1496 1755 1567 veSperis,

152 1574 270 1665 ipso
301 1600 535 1667 quoque
565 1602 694 1645 cum
725 1586 939 1661 caeteris
995 1585 1354 1657 nocturnales
1391 1584 1593 1653 induit.
1624 1583 1764 1656 Post

152 1688 367 1757 pinnam
399 1680 690 1754 prppurat,
716 1679 780 1729 ut
804 1690 1011 1747 mensae
1035 1690 1101 1729 ex
1128 1679 1247 1747 toto
1275 1678 1593 1745 scqpentur.

222 1762 324 1835 Sui
346 1762 498 1839 juris
529 1766 620 1831 est
645 1763 935 1840 cuitellum
967 1762 1160 1817 domni
1180 1761 1401 1833 abbatis
1430 1778 1672 1833 servare,
1704 1766 1762 1819 et

154 1851 210 1937 i9
238 1852 481 1927 ερμιθιιρ
511 1851 662 1925 βίουὲ
689 1856 746 1907 et
773 1851 1032 1926 cochlear
1059 1851 1111 1913 ei
1138 1852 1612 1924 apportareipse,
1648 1867 1762 1921 non

153 1920 329 2006 aiius,
381 1920 523 1994 cum
548 1920 907 2009 manutergio
936 1940 1099 1994 affert
1132 1920 1193 1994 ei
1208 1920 1432 2011 panem,
1465 1920 1631 2009 quem
1662 1920 1762 2010 pa-

153 2032 314 2104 terna
342 2029 667 2099 reverentia
694 2045 760 2107 ex
788 2045 894 2105 usu
916 2029 1097 2103 poscit
1116 2028 1401 2101 communi
1415 2044 1536 2085 esse
1554 2028 1763 2083 melio-

153 2108 288 2201 ξ’θῐῃτ
325 2119 678 2201 Siligepeum
707 2134 910 2193 panem
942 2134 1167 2188 semper
1206 2116 1373 2178 debet
1412 2117 1471 2173 in
1499 2122 1763 2190 promptu

154 2197 383 2281 habere,
420 2197 486 2290 iit
515 2197 644 2285 cum
674 2206 877 2278 aliquis
904 2223 1005 2278 pro
1061 2206 1167 2273 hoc
1221 2205 1444 2277 signum
1486 2205 1636 2277 facit,
1677 2206 1762 2259 vel

157 2311 254 2370 §ua
281 2299 490 2377 Sppnte
518 2294 804 2371 fratribus,
829 2311 969 2367 quos
998 2293 1240 2367 libenter
1267 2293 1413 2361 vesci
1443 2294 1622 2365 novit,
1642 2298 1762 2348 sta-

156 2378 253 2461 tim
284 2383 427 2444 dare
459 2382 656 2463 possit.
681 2384 825 2457 Nam
853 2383 1063 2447 nullius
1079 2382 1302 2453 generis
1330 2383 1493 2454 panis
1531 2382 1589 2441 in
1617 2382 1762 2436 refe-

159 2472 333 2547 ptorio
365 2472 706 2547 cpmeditur,
740 2472 835 2549 qui
863 2488 977 2548 ppu
1001 2471 1072 2537 ab
1120 2473 1241 2545 ipso
1265 2488 1330 2526 ex
1358 2471 1763 2545 consuetudine

159 2559 448 2637 deferatur
468 2552 492 2628 ;Δ
521 2578 632 2637 pop
672 2566 864 2637 tamen
895 2578 1024 2635 cum
1053 2561 1408 2635 manutergio
1438 2559 1623 2630 alicui,
1653 2560 1762 2615 nisi

157 2650 254 2725 soli
284 2640 500 2725 domno
529 2649 737 2727 abbati.

223 2738 518 2815 Reliquias
548 2738 709 2813 panis
755 2743 875 2819 tam
930 2743 1057 2815 post
1082 2737 1443 2811 refectionem
1475 2737 1762 2811 ministro-

158 2844 298 2900 i‘um,
337 2844 513 2899 quam
546 2827 785 2905 fratrum
805 2844 932 2904 cum
955 2828 1208 2898 cophinis
1253 2828 1373 2898 ipse
1397 2843 1499 2898 per
1525 2842 1760 2881 consue-

161 2915 419 2993 tudinem
456 2916 678 2989 aufert;
708 2915 819 2982 nisi
839 2916 1063 2990 quando
1096 2916 1167 2971 ad
1193 2916 1607 2985 eleemosynam
1627 2931 1757 2985 per-

2476 1142 2710 1197 CAPUT
2736 1142 2806 1200 L.

2266 1233 2340 1287 De
2366 1232 2726 1300 suscipiendis
2742 1232 3006 1299 personis.

1914 1322 1937 1344 θ
1965 1319 2024 1379 Si
2046 1319 2307 1391 quaelibet
2329 1336 2570 1391 persona
2588 1336 2717 1374 cum
2740 1319 3092 1391 processione
3112 1318 3437 1391 suscipitur,

1841 1409 2045 1467 fratres
2071 1424 2268 1464 omnes
2287 1406 2602 1465 induuntur
2629 1407 2788 1473 albis,
2822 1413 2880 1463 et
2900 1408 3011 1462 nisi
3042 1425 3075 1462 a
3102 1409 3309 1463 domno
3336 1408 3440 1463 ab-

1842 1497 1972 1555 bate
1992 1497 2366 1569 pmdpiatur,
2384 1512 2551 1551 nemo
2568 1502 3072 1568 unquam,excepto
3086 1514 3238 1568 rege,
3270 1513 3436 1569 papa,

1843 1593 1900 1651 et
1914 1587 2038 1658 ipso
2058 1592 2216 1658 patre
2239 1586 2582 1653 monasterii,
2598 1586 2658 1641 in
2686 1586 2878 1657 cappis
2902 1586 3225 1657 suscipitur.
3252 1586 3432 1640 Debet

1778 1706 1826 1767 B
1845 1672 2034 1733 autem
2065 1674 2355 1746 providere
2384 1674 2668 1743 ostiarius,
2700 1691 2771 1729 ne
2801 1675 2861 1728 in
2905 1675 3040 1729 hora
3071 1674 3439 1747 susceptionis

1843 1764 2082 1823 nimium
2109 1764 2184 1817 sit
2210 1768 2479 1827 remotus,
2515 1763 2836 1834 quicunque
2886 1767 2973 1817 est
3027 1763 3437 1834 suscipiendus.

1843 1853 1989 1923 Ergo
2015 1851 2276 1907 omnibus
2295 1852 2511 1907 vestitis
2554 1857 2613 1905 et
2638 1851 2699 1921 in
2729 1851 2901 1905 choro
2931 1852 3303 1922 congregatis,
3345 1853 3443 1923 qui

1842 1941 2185 2013 processioni
2213 1941 2527 1997 inserviunt
2569 1940 2826 1994 ordinate
2861 1944 3016 1994 stant
3043 1945 3176 1994 ante
3199 1941 3441 2010 gradum

1844 2030 2020 2089 versis
2035 2029 2279 2087 vultibus
2296 2029 2366 2084 ad
2381 2028 3014 2085 conventum.Sacerdos
3043 2029 3127 2082 vel
3150 2028 3438 2096 diaconus,

1847 2119 1943 2190 qui
1991 2118 2101 2181 fert
2125 2124 2346 2173 textum
2382 2116 2664 2187 Evangelii
2690 2117 2747 2170 in
2779 2117 2985 2183 medio,
3027 2121 3085 2172 et
3109 2117 3377 2188 utrinque
3407 2134 3443 2172 a

1842 2208 2018 2271 latere
2039 2209 2161 2277 ejus
2180 2206 2556 2276 conversi,qui
2580 2210 2777 2259 tenent
2804 2205 3159 2273 candelabra;
3186 2206 3282 2277 qui
3308 2223 3441 2261 vero

1844 2312 2051 2367 aquam
2080 2302 2138 2350 et
2166 2295 2517 2352 thuribulum
2546 2294 2781 2349 extremi
2807 2294 2940 2348 hinc
2984 2300 3042 2349 et
3092 2295 3240 2360 inde,
3297 2300 3355 2350 et
3380 2295 3442 2349 hi

1844 2401 2039 2440 omnes
2068 2384 2276 2445 debent
2304 2401 2426 2441 esse
2455 2383 2513 2438 in
2533 2384 2746 2454 cappis,
2763 2383 2910 2438 sicut
2937 2389 2996 2438 et
3013 2384 3253 2438 domnus
3273 2383 3437 2453 abba,

1843 2475 1948 2539 vel,
1982 2491 2047 2528 eo
2077 2474 2330 2537 absente,
2364 2473 2537 2543 prior.
2569 2472 3081 2543 Appropinquante
3137 2478 3329 2528 autem
3375 2489 3441 2528 eo

1845 2564 1942 2635 qui
1973 2562 2362 2633 suscipiendus
2383 2568 2483 2625 est,
2501 2561 2780 2631 incipiunt
2806 2560 3020 2632 pulsari
3048 2562 3237 2616 omnia
3259 2563 3439 2633 signa,

1844 2658 1902 2707 et
1918 2669 2044 2706 mox
2074 2652 2132 2709 in
2156 2651 2408 2705 exeundo
2435 2650 2774 2722 praecedunt,
2820 2650 2917 2721 qui
2950 2666 3156 2721 aquam
3185 2656 3242 2705 et
3265 2651 3447 2705 thuri-

1842 2740 2038 2796 bulum
2070 2740 2292 2797 ferunt:
2324 2755 2463 2810 quos
2492 2744 2823 2809 sequuntur,
2857 2738 2951 2809 qui
2977 2742 3208 2809 portant
3236 2738 3442 2793 cande-

1842 2829 2004 2885 labra
2025 2835 2082 2885 et
2124 2834 2337 2885 textum
2406 2827 2691 2897 Evangelii
2740 2828 2892 2880 inter
2930 2825 3055 2897 ipsa
3085 2826 3439 2895 candelabra,

1841 2918 2047 2973 domno
2074 2916 2276 2971 abbate
2314 2916 2539 2969 eosdem
2592 2915 2914 2969 comitante.
2947 2914 3086 2969 Post
3131 2931 3226 2969 eos
3279 2914 3435 2968 ince-

159 3002 357 3058 tinent;
394 3004 590 3079 Potest
637 3004 825 3075 etiam,
858 3004 905 3059 si
932 3005 1072 3069 adeo
1109 3021 1234 3059 sero
1264 3009 1368 3075 est,
1400 3020 1558 3058 omna
1584 3003 1754 3073 mini-
1773 3019 1817 3079 α
1839 3006 1983 3077 dunt
2023 3006 2239 3077 priores
2268 3004 2467 3058 eodem
2495 3003 2712 3069 ordine,
2759 3019 2870 3072 quo
2905 3003 3088 3057 solent
3115 3004 3186 3056 ad
3215 3019 3440 3058 crucem

157 3097 407 3168 strqrum
438 3108 568 3151 cum
597 3093 756 3171 micis
814 3093 1009 3164 accipi,
1043 3109 1115 3169 ne
1154 3100 1385 3169 propter
1413 3092 1519 3151 hoc
1547 3091 1757 3146 diutius
1782 3083 1786 3087 ’

163 3180 409 3257 debeant
432 3181 747 3257 immorari.
779 3182 838 3258 Si
863 3181 1163 3255 contigerit
1191 3182 1435 3253 aliquem
1467 3185 1599 3236 ante
1643 3181 1761 3251 coi-

159 3268 428 3347 iatiqiieip
447 3270 793 3347 reﬁcere,iili
840 3271 1232 3347 refeptprarius
1255 3287 1459 3344 panem
1484 3275 1541 3325 et
1566 3275 1761 3347 potum

159 3356 325 3439 debet
382 3358 725 3439 ministrare.
778 3359 1108 3435 Quicunque
1158 3376 1289 3425 vero
1337 3365 1532 3431 postea
1558 3359 1756 3431 reﬁcit.

161 3438 289 3523 iiuic
317 3438 645 3525 ceilerariqs
671 3450 991 3511 necessaria
1021 3446 1381 3521 ministrabit.
1415 3448 1499 3507 Ad
1532 3447 1760 3507 manda-

160 3540 279 3613 tum
301 3524 455 3614 eum2
481 3536 578 3621 qui
597 3526 916 3616 cymbalum
941 3553 1306 3613 percussurus
1329 3536 1760 3607 egreditur,ipse

159 3625 426 3702 ςοηβηᾳρ
469 3625 851 3703 subsequitur.
884 3625 1218 3699 Cymbalum
1250 3631 1308 3681 et
1346 3625 1533 3685 scillas
1566 3624 1625 3681 in
1660 3640 1761 3695 pa-

161 3731 386 3790 rasceve
423 3714 591 3791 lavat,
625 3718 683 3772 et
705 3715 763 3775 in
793 3716 989 3791 eodem
1019 3716 1140 3779 loco
1180 3714 1469 3787 malleolos
1514 3713 1753 3784 ligneos,

162 3789 298 3881 quos
318 3820 355 3879 a
381 3789 593 3879 decano
624 3804 767 3875 villae
797 3789 1015 3879 accipit,
1048 3820 1168 3865 esse
1201 3808 1482 3876 procurat.
1506 3801 1758 3875 Hospiti-

161 3890 262 3971 bus
289 3892 838 3971 supervenientibus,
888 3898 1058 3975 prout
1105 3892 1255 3965 videt
1301 3892 1381 3947 eis
1421 3892 1563 3958 dari,
1598 3895 1760 3946 curat

160 3982 461 4057 stationem
498 3981 556 4039 in
586 3982 776 4049 chqro,
799 3980 920 4055 ipse
949 3998 1171 4055 quoque
1190 3982 1287 4041 dat
1315 3980 1544 4051 sedendi
1572 3981 1757 4034 locum

161 4069 216 4145 in
252 4070 571 4143 refectorip,
603 4070 818 4147 Quibus
865 4076 920 4132 et
958 4070 1209 4149 justitias
1250 4070 1469 4124 noviter
1505 4069 1668 4133 lotas,
1710 4067 1758 4124 si

163 4174 300 4235 Opus
341 4164 451 4237 est,
471 4160 831 4237 utiaventpr,
862 4160 1103 4231 reponit.
1139 4160 1283 4230 Nam
1310 4163 1541 4229 propter
1568 4157 1673 4230 hoc
1696 4162 1760 4229 ut

163 4248 367 4329 aliquis
407 4249 490 4323 vei
512 4247 783 4325 exiturus,
806 4249 893 4323 vei
924 4249 993 4304 de
1022 4247 1227 4305 itinere
1259 4248 1505 4317 rediens,
1539 4246 1761 4301 benedi-

163 4338 406 4435 ctionem
435 4337 653 4435 accipit,
670 4338 790 4411 ipse
810 4339 895 4413 vei
919 4338 1143 4408 adiutor
1159 4338 1279 4407 eius
1309 4337 1609 4407 diligenter
1636 4352 1760 4407 pro-
1777 4378 1827 4438 Β

162 4424 342 4501 spicit,
370 4424 467 4500 qui
496 4426 583 4483 vel
611 4432 749 4499 quot
774 4426 976 4487 fratres
1015 4425 1465 4485 benedictionem
1494 4430 1628 4497 tunc
1669 4440 1757 4479 ac-

164 4502 414 4593 .cipiant';
445 4519 510 4595 ut
532 4514 673 4591 sciat
712 4515 963 4593 justitias
1002 4531 1302 4589 apponere,
1334 4513 1655 4580 observans,
1695 4518 1758 4567 ut

164 4603 379 4679 pullum
399 4602 631 4679 iratrem
646 4603 718 4659 ad
738 4620 994 4677 mensam
1014 4602 1246 4677 alterius
1281 4603 1366 4659 vel
1387 4601 1622 4675 inferius
1648 4600 1759 4673 coi-

163 4688 323 4771 iqcet,
353 4691 492 4767 quip
519 4693 657 4765 seiat
683 4693 802 4767 eius
830 4692 1086 4765 ordinem
1110 4708 1250 4765 esse.

229 4772 474 4857 ad
502 4780 663 4859 iiium
690 4782 955 4859 pertinet,
986 4787 1053 4836 ut
1079 4781 1231 4851 omni
1258 4779 1350 4834 die
1378 4778 1671 4853 Dominica
1704 4785 1761 4835 et

165 4866 297 4948 feria
307 4869 507 4951 quinta
522 4875 650 4941 post
672 4871 980 4951 capitulum
1011 4870 1109 4937 illa
1130 4868 1508 4941 manutergia,
1557 4886 1679 4942 quae
1702 4868 1759 4939 in

165 4952 403 5037 plaustro
424 4950 671 5037 pendent
697 4950 769 5017 ad
792 4960 1094 5033 tergendas
1139 4975 1359 5033 manus,
1393 4962 1591 5013 mutet.
1623 4959 1764 5014 Item

166 5036 225 5125 ες
242 5045 387 5121 sciat
406 5036 611 5123 quibus
625 5036 824 5119 diebus
837 5065 1045 5124 mensae
1061 5065 1127 5102 ex
1143 5052 1262 5121 toto
1274 5062 1401 5101 cum
1423 5045 1764 5117 mensalibus

166 5134 274 5196 sint
297 5130 702 5211 cooperiendae.
733 5139 803 5211 Et
831 5139 937 5213 hoc
964 5142 1053 5210 est
1080 5136 1300 5209 quoties
1325 5136 1513 5209 cuncti
1560 5134 1763 5193 fratres

237 5279 381 5350 (147)
416 5283 581 5336 Porta
622 5280 884 5350 Paradisi
905 5296 931 5350 :7
974 5278 1278 5336 Paradisus
1314 5275 1764 5350 quadripprticus

170 5348 452 5408 eratante
476 5350 766 5405 basilicam
811 5348 1140 5404 Vaticanam
1199 5366 1234 5403 a
1277 5348 1644 5403 Constantino
1683 5348 1757 5403 M.

253 5424 459 5492 meets.
491 5438 528 5487 ξι
566 5420 853 5493 Simplicia.
883 5426 942 5481 et
966 5419 1534 5493 Symachoﬁomanis
1565 5418 1760 5493 Rom-

210 5487 399 5573 citatis!
416 5487 732 5573 temisve".
760 5487 821 5573 et.
873 5487 1301 5573 Suessana.“
1330 5487 1451 5573 X11?
1485 5487 1652 5573 Urbis
1671 5505 1761 5544 θο-

221 5554 377 5646 es‘iis'.
400 5554 685 5646 erasas
700 5554 1100 5646 dimensis.
1116 5554 1758 5646 laetissimis-Qesn:

173 5579 351 5626 clesus
400 5579 459 5620 et.
474 5579 682 5619 Paulus
700 5579 735 5617 α
791 5579 1023 5636 angens
1035 5579 1093 5616 in
1156 5579 1263 5635 ous
1282 5579 1354 5616 aa
1372 5579 1531 5629 noui.
1546 5579 1758 5619 uanon.

173 5579 773 5693 Porro‘ut'ih‘Vet'eri’
804 5628 1105 5690 orationali
1116 5579 1376 5689 giesilicze
1402 5628 1581 5689 sancti
1604 5626 1763 5685 Petri

1838 3094 2158 3165 procedere.
2198 3092 2374 3158 Tunc,
2409 3091 2624 3153 caeteris
2653 3090 2801 3145 infra
2830 3091 3118 3145 ecclesiam
3148 3107 3442 3146 remanen-

1840 3182 2012 3249 tibus,
2031 3181 2270 3237 domnus
2291 3178 2434 3242 abba
2454 3194 2582 3235 cum
2601 3178 2846 3247 praefatis
2862 3178 3283 3249 processeribus
3307 3194 3441 3250 pro-

1842 3271 1990 3325 cedit
2016 3270 2232 3324 obviam
2262 3285 2441 3338 usque
2463 3268 2535 3322 ad
2556 3268 2740 3323 valvas
2772 3267 3035 3322 ecclesiae.

1916 3360 1975 3415 Si
1997 3363 2083 3413 est
2114 3375 2262 3429 papa
2279 3357 2364 3410 vel
2391 3372 2506 3421 rex,
2533 3356 2619 3410 vel
2654 3354 2825 3409 Pater
2849 3355 3197 3422 monasterii,
3227 3356 3325 3427 qui
3350 3373 3441 3411 su-

1841 3450 2097 3520 scipitur,
2117 3453 2272 3502 totus
2288 3450 2594 3500 conventus
2623 3460 2803 3515 usque
2831 3444 2902 3498 ad
2936 3449 3155 3514 portam
3184 3445 3442 3500 Paradisi

1843 3538 1985 3608 (147)
2015 3535 2394 3608 progreditur,
2427 3538 2484 3587 et
2532 3533 2579 3586 si
2616 3537 2702 3586 est
2730 3549 2877 3603 papa
2905 3533 2990 3586 vel
3022 3534 3314 3604 episcopus
3342 3535 3439 3589 ﬂa-

1841 3626 2053 3681 bellum
2085 3624 2135 3679 ei
2165 3624 2356 3687 datur,
2385 3638 2494 3693 quo
2515 3620 2761 3691 seipsum
2790 3627 3085 3691 aspergat:
3120 3622 3206 3676 sin
3224 3628 3436 3690 autem,

1840 3714 1978 3785 ipse,
2014 3713 2109 3783 qui
2130 3712 2497 3783 suscipientes
2526 3709 2793 3780 aspergit,
2821 3714 2879 3763 et
2920 3710 3209 3763 incensum
3240 3725 3342 3781 per
3377 3728 3439 3765 se

1836 3803 2163 3873 impositum
2217 3802 2419 3866 eidem,
2452 3800 2830 3869 cujuscunque
2867 3799 2943 3851 sit
2991 3796 3222 3863 ordinis,
3254 3798 3437 3853 offert.

1838 3891 2051 3959 Deinde
2073 3896 2228 3945 textu
2251 3888 2523 3960 evangelii
2541 3886 2863 3942 deosculato
2875 3891 3156 3956 cantuque
3176 3886 3438 3957 imposito

1838 3980 2139 4044 revertitur
2158 3979 2455 4049 processio,
2472 3978 2677 4033 domno
2715 3974 2915 4029 abbate
2940 3990 3089 4039 eum,
3124 3974 3219 4045 qui
3248 3992 3439 4030 susce-

1840 4076 1971 4142 ptus
2001 4073 2087 4133 est
2107 4084 2206 4138 per
2233 4083 2461 4121 manum
2484 4066 2723 4119 ducente
2751 4079 2930 4134 usque
2958 4062 3030 4116 ad
3060 4067 3248 4134 tapete
3287 4064 3438 4134 quod

1840 4164 2079 4214 stratum
2093 4161 2179 4210 est
2192 4160 2323 4210 ante
2345 4156 2524 4209 altare
2562 4159 2768 4208 sanctae
2784 4151 2979 4207 Crucis
2998 4167 3167 4222 super
3178 4152 3433 4222 juncum.

1841 4247 1924 4304 Ibi
1938 4246 2202 4301 dimissus
2223 4244 2293 4297 ab
2314 4260 2398 4308 eo,
2424 4242 2732 4313 prosternit
2748 4258 2809 4295 se
2827 4241 2901 4295 ad
2913 4240 3246 4294 orationem.
3278 4240 3440 4299 Abba

1843 4341 2033 4389 autem
2073 4332 2187 4386 illic
2227 4335 2527 4401 exspectat,
2563 4330 2740 4383 donec
2776 4329 3090 4383 orationem
3117 4328 3295 4382 finiat.
3330 4329 3439 4392 Qui

1843 4440 1973 4478 vero
1993 4420 2335 4494 processioni
2355 4418 2685 4483 inserviunt,
2710 4418 2855 4471 sicut
2879 4433 3051 4488 supra
3079 4417 3151 4471 ad
3176 4417 3439 4488 gradum,

1838 4513 1917 4567 ita
1942 4511 2033 4565 hic
2057 4516 2188 4575 ante
2218 4509 2396 4571 altare
2427 4506 2672 4565 ordinati
2699 4506 3038 4561 consistunt.
3057 4505 3246 4560 Finito
3274 4511 3442 4561 cantu

1839 4606 2091 4655 cessatur
2118 4614 2153 4653 a
2180 4596 2519 4669 pulsatione,
2540 4593 2902 4664 subjungitur
2930 4610 3078 4649 unus
3107 4594 3177 4648 de
3206 4594 3295 4648 his
3315 4610 3439 4648 ver-

1840 4689 2050 4756 siculis,
2078 4688 2176 4759 qui
2229 4688 2504 4755 congruat
2540 4689 2827 4754 susceptae‘
2851 4699 3122 4753 personae,
3163 4688 3442 4752 protector

1840 4783 2041 4839 noster,
2070 4778 2247 4845 aspice
2270 4776 2428 4830 Deus.
2474 4774 2595 4827 Fiat
2623 4788 2826 4829 manus
2858 4776 2957 4825 tua
2994 4786 3161 4840 super
3186 4786 3303 4826 nos.
3334 4774 3444 4826 [)0-

1847 4870 2038 4923 minus
2067 4865 2334 4923 custodiat
2365 4864 2665 4915 introitum
2697 4865 2859 4914 tuum
2915 4865 2964 4913 et
2992 4864 3222 4914 exitum.
3257 4861 3445 4916 Sacer-

1846 4957 1991 5021 dotes
2023 4957 2109 5009 tui
2136 4954 2375 5013 induant
2393 4952 2700 5019 justitiam.

1918 5044 2179 5107 Redeunt
2225 5055 2418 5095 omnes
2465 5053 2594 5091 cum
2653 5034 2879 5090 silentio
2904 5035 2963 5089 in
2992 5035 3248 5101 chorum,
3273 5048 3448 5088 unus-

1848 5132 2085 5205 quisque
2109 5130 2169 5186 in
2196 5129 2381 5184 locum
2411 5142 2611 5192 suum;
2642 5124 2725 5180 ita
2752 5130 2816 5179 ut
2842 5124 3059 5194 priores
3082 5123 3199 5178 sint
3206 5122 3448 5194 proximi

1846 5291 2005 5331 num.
2035 5272 2070 5330 8
2129 5270 2386 5345 habetur,
2432 5273 2575 5345 erat
2609 5265 2918 5345 oratorium
2968 5262 3451 5345 quadriporticum

1845 5345 2108 5408 basilicae,
2145 5334 2481 5397 Paradis‘um
2522 5339 2757 5402 dictum,
2783 5336 2932 5391 unde
2977 5334 3046 5388 ab
3080 5334 3452 5408 Aeo‘oratori‘o

1884 5435 1946 5472 er
1974 5404 2311 5471 Paradisum
2342 5409 2719 5483 procedebant
2742 5409 2802 5483 in
2852 5405 3205 5483 processipne
3233 5404 3439 5483 clerici.

1924 5488 2054 5543 dem
2081 5486 2310 5553 nomine
2329 5477 2610 5553 nodisque
2622 5480 2771 5553 apud
2801 5495 2905 5534 nos
2927 5477 3225 5553 appellant
3242 5477 3451 5553 atrium

1845 5552 2095 5639 egolfsiae
2136 5547 2371 5626 majoris
2419 5547 2919 5639 quadi‘iporticum,
2945 5547 3134 5622 {vulgo
3190 5547 3453 5639 Paradeis

1849 5622 2059 5697 nam.
