3934 6386
473 296 606 352 illi

1509 300 1565 354 S.
1609 300 2001 356 GUILLELMI
2041 299 2343 356 ABBA'I‘lS
2382 298 2719 356 HlRSAUG.

3605 291 3763 349 1112

477 420 645 474 altari
670 422 985 493 principali.
1009 424 1233 478 Ultimis
1250 430 1435 478 autem
1458 425 1664 479 domno
1687 425 1888 479 abbate
1913 432 2073 495 eteo,
2096 431 2140 488 Α
2162 426 2387 480 licentia
2439 425 2594 478 ducit
2635 439 2762 477 eum
2808 422 2864 476 in
2894 425 3219 476 claustrum.
3243 422 3313 476 Et
3344 420 3391 475 si
3437 435 3551 473 non
3598 418 3769 473 novit

482 510 579 580 qui
609 517 902 582 susceptus
929 518 1015 566 est
1049 506 1193 567 cum'
1232 514 1340 575 his,
1365 514 1461 584 qui
1503 514 1843 583 processioni
1896 516 2079 568 inser-

476 598 656 665 viunt,
690 601 926 655 chorum
956 601 1323 658 intrantibus:
1353 604 1399 656 si
1427 603 1595 656 Pater
1608 604 1930 657 monasterii
1960 621 2074 668 rex,

482 687 570 741 vel
592 689 952 757 apostolicus,
987 691 1313 761 suscipitur,
1344 692 1477 745 item
1506 697 1702 745 cantus
1731 691 2072 763 imponitur:

488 775 537 828 si
564 792 694 830 vero
715 778 1007 849 episcopus
1034 780 1117 832 vel
1141 779 1331 847 abbas,
1364 782 1609 851 psalmus
1632 782 1845 852 primus
1882 783 2081 835 decan-

485 868 666 922 tatur.
705 867 935 921 Interim
958 868 1198 922 domnus
1222 869 1393 923 abbas
1452 887 1511 924 se
1560 870 1828 937 disvestit,
1866 876 1924 923 et
1959 870 2080 923 sine

486 969 646 1006 mora
676 955 896 1009 rediens
928 963 1053 1026 post
1083 958 1360 1028 psalmum
1401 960 1644 1030 primum
1683 965 1740 1013 et
1769 959 2079 1013 orationem

487 1040 837 1096 Dominicam
865 1043 1159 1105 subinfert,
1180 1064 1281 1116 pro
1304 1048 1561 1118 episcopo
1590 1064 1762 1102 unum
1789 1048 1859 1102 de
1887 1048 2084 1119 praedi-

490 1129 595 1183 ctis
625 1130 892 1201 quinque,
927 1150 1093 1203 quem
1125 1140 1317 1188 tamen
1367 1136 1522 1206 prius
1563 1152 1674 1190 non
1712 1137 1933 1193 dixerit.
1975 1137 2084 1190 Pro

487 1217 690 1273 abbate
727 1220 1089 1291 subjungitur
1116 1239 1311 1277 versus
1331 1226 1559 1278 Salvum
1583 1228 1672 1292 [ac
1691 1227 2086 1280 sm‘rzmzdlz'llc

487 1309 542 1360 ei
568 1309 815 1371 Domine,
851 1326 979 1364 cum
1002 1312 1197 1365 ordine
1226 1312 1279 1365 ei
1300 1320 1662 1382 congruente.
1691 1314 1849 1376 Quod
1879 1314 1927 1365 si
1965 1313 2085 1382 epi-

490 1398 646 1468 scopi
671 1399 757 1452 vel
785 1398 957 1454 abbas
985 1401 1156 1455 simul
1185 1402 1863 1472 suscipiuntur,dicuntur
1882 1403 1939 1455 hi
1962 1419 2084 1456 ver-

490 1502 607 1544 sus.
630 1487 945 1543 Sacerdotes
978 1494 1079 1543 tui.
1115 1493 1269 1544 Mitte
1298 1494 1393 1543 eis.
1424 1492 1580 1544 Tunc
1615 1491 1660 1543 si
1690 1497 1775 1544 est
1801 1491 1972 1544 abbas
2003 1492 2085 1544 vel

492 1574 786 1646 episcopus
814 1577 993 1630 nostri
1014 1578 1244 1643 ordinis,
1269 1580 1499 1645 ducunt,
1548 1579 1605 1632 in
1637 1596 1802 1650 quem
1842 1580 1948 1633 sibi
1969 1579 2085 1650 pla-

2159 521 2415 569 nostrum
2471 514 2746 582 ordinem,
2776 513 2933 583 prius
2976 512 3027 565 ei
3072 511 3364 565 humiliter
3402 509 3651 564 ostendit
3682 508 3769 562 de

2160 603 2565 658 consuetudine
2593 609 2806 667 nostra,
2834 601 3046 655 scilicet
3085 606 3151 654 ut
3179 599 3227 653 si
3255 599 3307 653 ei
3343 599 3544 670 placet,
3568 599 3769 652 intra-

2159 698 2323 747 turus
2353 692 2642 746 ecclesiam
2663 690 2735 743 ad
2765 690 2936 743 limen
2955 689 3174 743 veniam
3196 694 3352 759 petat
3367 693 3425 742 et
3435 690 3777 758 prosternat

2160 798 2219 836 se
2250 780 2318 835 ad
2347 781 2678 845 orationem,
2709 780 2756 833 si
2786 784 2871 833 est
2899 779 3020 832 dies
3060 779 3262 834 festus.
3291 777 3555 832 Adhaeret
3593 775 3644 829 ei
3662 777 3776 847 ju-

2160 871 2308 941 giter
2334 876 2391 923 et
2418 874 2697 922 monstrat
2712 868 2769 922 in
2792 867 2993 938 quibus
3010 867 3147 921 locis
3162 866 3364 921 debeat
3387 865 3774 937 orare,primo

2163 960 2232 1014 ad
2252 960 2308 1014 S.
2330 957 2658 1021 Crucem,in
2689 957 2856 1010 choro
2875 956 2947 1010 ad
2976 956 3154 1010 altare
3185 955 3512 1026 principale,
3546 955 3596 1008 si
3623 969 3776 1009 con-

2162 1053 2362 1103 ventus
2390 1064 2499 1101 non
2524 1053 2608 1099 est
2637 1046 2691 1098 in
2720 1061 2805 1109 eo,
2829 1050 2928 1098 aut
2968 1044 3014 1097 si
3041 1044 3276 1097 ecclesia
3302 1060 3415 1098 non
3437 1047 3524 1097 est
3541 1043 3769 1103 clausa,

2165 1144 2223 1192 et
2251 1138 2401 1191 intus
2440 1141 2572 1191 sunt
2598 1134 2769 1205 aliqui
2820 1133 3138 1204 populares,
3176 1137 3401 1187 tantum
3430 1133 3501 1186 ad
3554 1133 3770 1197 altare,

2169 1227 2313 1298 quod
2339 1232 2425 1279 est
2452 1225 2506 1278 in
2528 1224 2721 1278 dextra
2745 1226 2904 1294 parte
2944 1221 3117 1283 chori,
3150 1230 3207 1275 et
3250 1222 3320 1275 ad
3359 1222 3415 1276 S.
3440 1220 3679 1275 Mariam
3706 1220 3778 1274 in

2170 1316 2353 1368 medio
2374 1314 2551 1385 ipsius
2578 1312 2895 1383 capellai.Si
2916 1315 3184 1380 tempore,
3218 1326 3327 1380 quo
3360 1310 3563 1363 fratres
3591 1308 3779 1362 meri-

2169 1403 2399 1456 diantur
2422 1402 2614 1456 eadem
2638 1417 2804 1454 causa
2837 1398 3243 1469 supervenerit,
3275 1404 3402 1469 post
3445 1413 3651 1451 nonam
3683 1397 3783 1451 in-

2167 1492 2511 1556 troducitur;
2553 1490 2600 1543 si
2642 1506 2771 1542 vero
2826 1493 2951 1559 post
2995 1487 3419 1559 completorium
3458 1503 3525 1540 ex
3562 1486 3776 1540 eadem

2166 1597 2335 1635 causa
2352 1580 2625 1633 adventus
2645 1577 2819 1649 ipsius
2842 1594 2960 1631 esse
2980 1576 3347 1646 dignoscitur,
3378 1592 3445 1629 ea
3463 1580 3627 1629 nocte
3649 1576 3782 1629 exit

493 1667 601 1726 cet,
636 1663 843 1717 locum.
894 1665 953 1718 Si
1001 1683 1130 1719 vero
1179 1683 1344 1738 papa,
1374 1669 1460 1721 vel
1515 1685 1630 1730 rex,
1662 1668 1743 1722 vel
1794 1660 2480 1740 episcopusBclaustrum
2518 1683 2833 1731 remanens,
2863 1667 2920 1718 in
2951 1665 3205 1735 sequenti
3235 1665 3325 1718 die
3362 1669 3493 1718 ante
3520 1664 3780 1734 primam

493 1751 768 1805 clericalis
824 1753 1056 1818 ordinis,
1102 1755 1318 1810 ducunt
1355 1774 1484 1811 eum
1530 1757 1587 1810 in
1627 1758 1872 1827 aliquem
1902 1758 2084 1812 locum

495 1838 651 1908 prius
681 1841 752 1893 ad
780 1841 885 1896 hoc
923 1843 1157 1898 honeste
1176 1845 1457 1915 tapetibus
1486 1852 1542 1900 et
1567 1846 1797 1900 cortinis
1811 1862 2086 1917 praepara-

498 1933 640 1994 tum,
668 1928 856 1999 ibique
885 1931 1015 1985 data
1043 1933 1430 1988 benedictione
1474 1935 1606 1989 facit
1633 1936 1844 2006 aliquid
1870 1936 1939 1989 de
1962 1936 2084 2005 lege

494 2016 683 2071 divina
710 2035 896 2073 coram
929 2038 994 2074 eo
1023 2022 1332 2088 recitari,et
1351 2024 1507 2078 lectis
1534 2024 1714 2079 tribus
1733 2029 1832 2078 aut
1846 2030 2089 2096 quatuor

495 2105 702 2172 verbis,
738 2108 924 2177 signat
954 2110 1195 2165 domnus
1247 2111 1391 2165 abba
1447 2114 1658 2176 lectori,
1692 2119 1757 2167 ut
1794 2114 2088 2167 lectionem

495 2194 673 2255 ﬁniat.
706 2195 966 2267 dictoque
995 2200 1296 2254 Bcncdz'cz'te
1324 2202 1610 2255 osculatur
1655 2208 1997 2273 susceptum,
2035 2206 2094 2256 et

496 2283 594 2336 alii
642 2283 862 2351 fratres,
897 2286 988 2356 qui
1021 2303 1147 2340 cum
1198 2305 1262 2343 eo
1293 2297 1423 2343 sunt
1461 2290 1529 2343 ad
1569 2291 1736 2361 pedes
1774 2293 1897 2358 ejus
1918 2291 2092 2344 semel

495 2371 667 2424 iidem
699 2377 831 2426 ante
859 2374 1112 2428 osculum
1146 2376 1360 2431 veniam
1389 2384 1662 2448 petentes,
1691 2379 1736 2432 si
1767 2385 1853 2433 est
1875 2380 2090 2450 episco-

499 2476 605 2530 pus
631 2460 715 2512 vel
741 2460 932 2525 abbas;
964 2462 1009 2515 si
1039 2471 1226 2517 autem
1253 2482 1368 2527 rex,
1393 2467 1475 2519 vel
1499 2467 1838 2537 apostolicus
1879 2473 1935 2521 et
1963 2473 2093 2522 ante

499 2553 557 2600 et
587 2553 799 2617 postea.
837 2550 1049 2604 Deinde
1076 2568 1203 2605 cum
1252 2570 1317 2606 eo
1368 2554 1618 2625 loquitur
1661 2557 1807 2625 quod
1838 2555 1937 2609 sibi
1965 2573 2094 2609 con-

498 2653 705 2706 gruum
720 2637 956 2691 videtur.
982 2640 1226 2694 Tandem
1246 2642 1375 2696 facit
1397 2660 1523 2697 eum
1543 2645 1612 2697 ad
1630 2645 1930 2715 hospitium
1944 2645 2089 2710 duci,

499 2724 800 2796 ipsumque
821 2744 944 2781 cum
970 2729 1230 2783 omnibus
1267 2731 1385 2785 suis
1426 2733 1754 2786 charitative
1778 2739 1835 2787 et
1864 2735 2095 2788 honeste

497 2814 749 2868 tractari.
777 2815 1074 2870 Sciendum
1096 2824 1310 2890 autem,
1332 2820 1476 2890 quod
1501 2822 1709 2886 nullus,
1743 2823 1837 2892 qui
1864 2822 1939 2875 sit
1966 2839 2096 2892 pro-

498 2902 758 2957 fessionis
812 2904 871 2958 in
924 2906 1366 2977 Quadragesima
1395 2926 1520 2963 cum
1553 2915 1718 2964 cantu
1765 2911 2089 2982 suscipitur,

498 3008 681 3062 neque
718 2993 774 3046 in
805 2994 946 3048 albis
973 3013 984 3057 ;
1012 3003 1244 3066 excepto
1285 2999 1432 3067 quod
1463 2999 1521 3052 hi
1560 3005 1804 3064 tantum,
1831 3001 1925 3069 qui
1967 3017 2094 3071 pro-

499 3081 736 3134 cessioni
770 3082 1084 3137 inserviunt
1112 3084 1253 3138 albis
1277 3092 1334 3140 et
1378 3088 1569 3158 cappis
1587 3094 1719 3141 sunt
1749 3088 1951 3142 induti.
1986 3089 2093 3143 Ne-

500 3170 712 3224 minem
738 3172 908 3226 etiam
927 3189 1176 3244 unquam
1198 3192 1325 3228 cum
1359 3177 1709 3246 processione
1739 3177 2094 3249 suscipimus,

501 3264 802 3330 postquam
820 3263 1192 3316 Inocturnales
1220 3264 1530 3320 induimus.

1117 3352 1351 3407 CAPUT
1378 3351 1474 3407 LI.

787 3438 861 3491 De
887 3441 1133 3504 ostiario,
1168 3441 1227 3493 id
1254 3445 1330 3493 est
1359 3442 1573 3495 custode
1598 3443 1841 3509 hospitii.

580 3525 860 3595 (ωλυαν.)
915 3528 1193 3598 Hospites,
1246 3529 1343 3598 qui
1392 3530 1709 3600 equitantes
1762 3532 2085 3599 adveniunt,

506 3615 811 3668 monachos
840 3631 1061 3686 quoque
1105 3623 1158 3669 et
1210 3616 1557 3672 honestiores
1599 3620 1828 3674 clericos
1858 3622 2090 3692 pedites,

506 3718 707 3757 uxores
735 3704 907 3757 etiam
948 3704 1257 3759 villicorum
1286 3712 1342 3759 et
1385 3724 1579 3761 omnes
1614 3707 1762 3762 brevi
1793 3710 2098 3780 portitores

507 3798 695 3847 custos
723 3792 970 3864 hospitii,
1000 3794 1095 3864 qui
1123 3812 1187 3848 ex
1240 3796 1643 3851 consuetudine
1697 3804 1783 3851 est
1817 3800 2097 3865 sacerdos,

507 3897 635 3934 cum
664 3881 818 3936 omni
838 3882 1038 3953 recipit
1057 3883 1420 3953 benignitate.
1444 3885 1726 3956 Quidquid
1743 3904 1883 3957 opus
1910 3888 2098 3952 fuerit,

509 3986 543 4023 a
572 3971 859 4025 cellerario
890 3970 1105 4042 quaerit,
1136 3980 1193 4025 et
1221 3973 1267 4025 si
1324 3973 1467 4026 forte
1492 3974 1815 4029 cellerarius
1854 3993 1963 4030 non
1995 3983 2098 4042 est,

510 4061 1125 4131 quaeritacamerario,
1175 4069 1239 4114 ut
1288 4061 1333 4115 si
1383 4062 1509 4116 talis
1538 4068 1625 4116 est
1675 4064 1850 4128 locus,
1891 4066 2102 4136 absque

510 4149 663 4202 omni
693 4149 1052 4203 excusatione
1079 4155 1456 4220 comparetur.
1505 4152 1665 4215 Quod
1694 4153 1740 4207 si
1779 4154 1922 4207 forte
1941 4153 2104 4206 celle-

510 4237 694 4291 rarius
722 4238 899 4303 abest,
938 4243 995 4292 et
1028 4238 1140 4291 tale
1186 4238 1320 4309 quid
1367 4246 1453 4294 est
1503 4241 1801 4303 inclusum,
1846 4242 1994 4312 quod
2033 4242 2104 4295 ad

510 4326 816 4396 hospitium
845 4327 1102 4398 protinus
1128 4328 1504 4382 necessarium
1542 4336 1628 4383 est
1652 4347 1839 4394 usum,
1874 4330 1967 4384 ille
1992 4345 2103 4393 vas,

2109 3018 2242 3112 CP"

2170 1759 2253 1813 vel
2281 1758 2392 1813 alio
2420 1765 2674 1828 tempore
2699 1760 2830 1810 ante
2849 1755 3074 1808 tertiam
3101 1754 3271 1807 simili
3292 1754 3456 1807 modo
3476 1759 3781 1819 oraturus,

2170 1854 2225 1903 et
2251 1863 2472 1902 versum
2491 1850 2619 1918 post
2644 1844 2894 1914 singulas
2922 1844 3090 1898 horas
3143 1850 3474 1914 accepturus
3502 1838 3784 1897 introdu—

2166 1937 2328 1991 citur.

2244 2026 2419 2079 Porro
2447 2023 2495 2076 si
2526 2022 2801 2091 ejusmodi
2830 2022 3036 2092 hos’pes
3076 2036 3176 2092 per
3203 2022 3418 2091 aliquot
3434 2025 3663 2092 tempus
3715 2020 3782 2074 in

2172 2113 2510 2168 monasterio
2557 2127 2624 2166 ex
2680 2126 3015 2181 quacunque
3059 2126 3228 2163 causa
3266 2109 3477 2163 morari
3506 2109 3779 2175 voluerit,

2172 2202 2303 2256 talis
2333 2218 2456 2255 esse
2487 2206 2689 2272 potest,
2724 2205 2789 2253 ut
2824 2200 2994 2253 etiam
3022 2199 3070 2252 si
3102 2198 3273 2252 abbas
3310 2198 3403 2257 sit,
3434 2215 3546 2252 non
3575 2204 3785 2253 tamen

2171 2291 2350 2345 facilis
2371 2291 2422 2344 ei
2450 2289 2790 2343 concedatur
2816 2289 3118 2357 ingressus.
3144 2287 3253 2341 Sed
3273 2287 3540 2359 quamdiu
3559 2286 3785 2342 domno

2174 2379 2363 2434 abbati
2392 2379 2570 2433 visum
2593 2377 2783 2440 fuerit,
2814 2377 2948 2431 foris
2995 2383 3270 2440 moratur,
3293 2380 3488 2447 postea
3517 2376 3788 2430 introdu-

2174 2469 2348 2534 citur;
2382 2466 2771 2538 przrscriptum
2805 2473 2994 2519 tamen
3017 2464 3269 2518 ordinem
3296 2463 3614 2518 orationum
3638 2481 3786 2535 pro-

2174 2563 2301 2628 pter
2329 2561 2443 2610 tam
2476 2556 2702 2624 longum
2738 2554 3008 2608 adventus
3033 2559 3091 2607 et
3136 2552 3566 2607 introductionis
3590 2553 3783 2607 inter-

2174 2646 2380 2700 vallum
2412 2662 2524 2698 non
2542 2643 3327 2713 observaturus.Capellanum
3352 2641 3455 2695 etsi
3475 2642 3780 2713 proprium

2174 2735 2400 2800 habeat,
2427 2735 2580 2804 prior
2607 2732 2797 2786 abbati
2837 2731 3089 2803 providet
3126 2732 3321 2797 alium,
3356 2731 3451 2801 qui
3483 2732 3788 2786 lucernam

2179 2842 2210 2878 a
2242 2823 2551 2877 camerario
2583 2829 2866 2893 acceptam
2914 2825 3045 2874 ante
3093 2837 3221 2874 eum
3264 2826 3431 2874 noctu
3458 2825 3663 2890 portet,
3713 2837 3787 2874 ex

2174 2913 2334 2982 cujus
2361 2911 2529 2964 etiam
2556 2909 2850 2979 diligentia
2884 2908 2942 2961 in
2986 2907 3218 2973 caeteris,
3256 2924 3379 2978 quae
3413 2907 3483 2961 ad
3516 2908 3786 2962 ordinem

2248 3000 2475 3065 rtinent,
2510 2999 2807 3068 adjuvetur
2829 2997 2979 3051 illius
3010 2997 3350 3066 ignorantia.

2250 3090 2390 3143 Cum
2416 3092 2641 3142 ventum
2670 3086 2839 3140 fuerit
2864 3085 2934 3139 ad
2963 3086 3158 3139 horam
3177 3085 3515 3147 refectionis,
3539 3085 3697 3155 prior
3729 3090 3791 3139 et

2181 3178 2352 3233 abbas
2372 3177 2540 3231 simul
2573 3177 2789 3230 intrant
2810 3174 3186 3232 refectorium.
3219 3180 3277 3228 et
3305 3174 3425 3245 pari
3455 3174 3679 3230 incessu
3713 3175 3789 3229 si-

2180 3269 2298 3322 mul
2320 3266 2677 3338 progreditur
2700 3281 2825 3318 cum
2856 3264 2951 3317 illo
2973 3263 3045 3317 ad
3090 3278 3362 3329 mensam,
3399 3268 3457 3317 et
3482 3262 3671 3333 priore
3695 3278 3789 3318 se-

2180 3359 2348 3412 dente
2377 3356 2447 3409 ad
2462 3354 2694 3415 scillam,
2728 3353 2908 3424 ipsam
2931 3352 3090 3406 sedet
3109 3352 3179 3406 ad
3207 3353 3329 3422 ejus
3368 3352 3680 3418 sinistram,
3727 3357 3790 3407 et

2178 3447 2275 3500 dat
2295 3443 2490 3498 lectori
2513 3442 2982 3496 benedictionem.
3018 3440 3311 3512 Capellani
3349 3441 3487 3510 ejus,
3513 3441 3611 3512 qui
3648 3458 3785 3496 cum

2176 3535 2299 3606 ipso
2319 3536 2610 3595 venerunt,
2630 3531 2677 3584 si
2694 3530 2804 3584 duo
2850 3534 3002 3599 sunt,
3028 3531 3197 3583 simul
3222 3529 3420 3583 sedent
3442 3531 3588 3584 sicut
3607 3535 3665 3584 et
3685 3530 3788 3587 alii

2179 3622 2447 3693 hospites,
2474 3619 2794 3691 quamvisin
2817 3619 2986 3673 choro
3016 3624 3073 3673 et
3092 3619 3162 3672 ad
3191 3618 3567 3685 collationem,
3612 3626 3789 3690 prout

2181 3712 2355 3785 priori
2378 3711 2617 3773 videtur,
2646 3707 2959 3761 abinvicem
2983 3712 3333 3778 separentur.
3376 3708 3485 3762 Sed
3513 3708 3563 3762 si
3592 3708 3790 3779 plures

2184 3806 2334 3860 sunt,
2352 3816 2519 3870 quam
2539 3798 2751 3852 dictum
2781 3803 2884 3859 est,
2900 3812 3010 3850 non
3029 3812 3223 3850 omnes
3238 3796 3783 3851 simulcollocantur.

2184 3893 2258 3945 At
2285 3890 2331 3942 si
2360 3905 2427 3942 ea
2447 3886 2837 3958 supervenerit
2866 3886 3022 3950 hora,
3074 3901 3185 3955 qua
3226 3885 3525 3939 servitores
3552 3886 3677 3956 jam
3714 3885 3791 3940 ad

2186 3977 2547 4032 reﬁciendum
2578 3974 2968 4037 consederunt,
2991 3972 3513 4027 detineturinterim
3536 3990 3571 4028 a
3599 3975 3790 4045 priore

2184 4084 2286 4139 per
2311 4065 2562 4137 spiritale
2591 4062 2951 4133 colloquium,
2989 4066 3045 4115 et
3063 4069 3360 4133 postquam
3385 4063 3685 4118 servitores
3705 4079 3793 4117 re-

2184 4156 2435 4219 fecerint,
2467 4153 2645 4207 reﬁcit
2674 4158 2730 4206 et
2757 4153 2877 4222 ipse
2924 4151 3125 4205 sedens
3159 4151 3228 4204 ad
3259 4158 3428 4222 caput
3455 4153 3788 4207 alterutrius

2186 4260 2460 4315 supremae
2479 4242 2700 4299 tabulae.
2724 4239 3019 4294 comitibus
3035 4240 3156 4309 ejus
3170 4239 3496 4294 sedentibus
3522 4241 3684 4310 juxta
3703 4258 3780 4295 se.

2191 4332 2349 4397 Quod
2396 4331 2441 4385 si
2469 4336 2585 4384 tam
2611 4345 2735 4382 sero
2786 4328 3096 4396 advenerit,
3127 4333 3191 4382 ut
3247 4334 3377 4381 ante
3425 4328 3784 4383 collationem

510 4416 571 4469 in
594 4432 704 4485 quo
724 4422 912 4485 sperat
939 4415 1075 4468 illud
1109 4416 1400 4482 contineri,
1435 4418 1526 4488 pie
1548 4419 1825 4472 violentus
1860 4435 1973 4472 non
2008 4408 2159 4473 du-D
2189 4421 2342 4476 reﬁci
2368 4437 2480 4474 non
2501 4418 2698 4490 possit,
2722 4434 2901 4486 usque
2956 4422 3083 4487 post
3128 4417 3557 4488 completorium
3587 4434 3786 4489 exspe-

510 4503 656 4557 bitat
683 4503 944 4574 frangere
972 4503 1030 4557 in
1056 4505 1154 4557 tali
1176 4507 1528 4569 necessitate,
1559 4511 1624 4559 ut
1651 4506 1944 4577 integritas
1972 4508 2108 4562 cha-

510 4593 697 4647 ritatis
734 4609 836 4663 per
862 4593 1051 4647 omnia
1092 4594 1339 4649 salvetur
1378 4596 1429 4648 in
1462 4595 1775 4650 exhibenda
1798 4596 2109 4668 hospitibus

511 4681 883 4736 humanitate.

583 4772 681 4826 Est
702 4772 870 4826 etiam
895 4773 1261 4835 consuetudo,
1293 4772 1340 4826 si
1362 4772 1651 4827 cellerario
1677 4789 1787 4828 non
1817 4781 1922 4840 est,
1955 4775 2107 4847 quod

511 4861 591 4915 eis
620 4865 884 4933 apponat,
924 4866 1000 4915 ut
1045 4861 1100 4914 in
1150 4861 1508 4914 refectorium
1560 4867 1690 4915 ante
1729 4863 1989 4917 abbatem
2020 4865 2106 4918 vel

509 4952 756 5022 priorem
778 4951 982 5015 veniat,
1009 4956 1063 5004 et
1080 4950 1208 5003 inde
1228 4950 1453 5019 signum
1476 4950 1822 5007 faciat.’l‘unc
1840 4953 2104 5007 continuo

510 5056 545 5095 a
572 5040 905 5111 praesidente
932 5039 1014 5092 illi
1035 5039 1308 5101 innuitur,
1332 5044 1397 5092 ut
1427 5055 1615 5093 coram
1653 5058 1712 5095 se
1750 5042 1931 5113 posita
1960 5041 2104 5095 acci-

507 5131 646 5202 piat.
678 5130 1086 5183 Verumtamen
1114 5128 1363 5181 studiose
1384 5135 1557 5196 cavet,
1586 5136 1651 5183 ut
1690 5146 1979 5201 nunquam
2010 5146 2105 5182 ex-

508 5234 769 5284 traneum
802 5218 1140 5272 monachum
1173 5218 1464 5289 permittat
1518 5221 1825 5274 claustrum
1875 5221 2107 5278 intrare.

507 5325 798 5382 quousque
826 5309 1065 5362 solerter
1091 5307 1421 5378 inquisitum
1453 5309 1657 5363 habeat
1681 5308 1749 5362 ab
1770 5325 1854 5372 eo,
1883 5309 1952 5361 ad
1977 5308 2111 5378 quid

503 5399 712 5463 veniat,
736 5414 809 5451 an
836 5398 1006 5452 etiam
1033 5397 1272 5467 legatus,
1305 5399 1420 5453 sive
1463 5405 1785 5452 moraturus
1818 5398 2097 5462 adveniat,

505 5487 605 5541 sed
624 5486 852 5557 aliquod
871 5486 1200 5542 iterfaciens
1230 5488 1503 5559 hospitari
1524 5494 1745 5542 tantum
1776 5487 1928 5541 velit.
1960 5490 2099 5555 (UD.)

506 5573 667 5637 Quod
705 5574 753 5629 si
806 5576 912 5630 hoc
940 5581 1165 5633 tantum
1216 5577 1439 5646 quaerit,
1470 5576 1592 5636 sine
1621 5592 1779 5633 mora
1809 5580 1867 5631 et
1894 5574 2105 5646 absque

2190 4515 2323 4575 ctat,
2355 4515 2693 4579 acceptaque
2738 4504 3138 4566 benedictione,
3164 4506 3220 4559 in
3256 4505 3522 4577 praedicto
3550 4506 3672 4561 loco
3703 4523 3787 4560 se-

2191 4599 2331 4653 dens
2351 4598 2550 4663 reﬁcit,
2582 4596 2677 4649 ubi
2705 4602 2896 4649 tamen
2925 4594 3069 4648 alius
3092 4594 3266 4648 frater
3293 4611 3358 4648 eo
3389 4599 3643 4666 tempore
3671 4611 3785 4650 non

2193 4688 2350 4743 sedet
2378 4687 2653 4753 reﬁciens;
2687 4684 2786 4738 sed
2816 4684 2885 4737 ad
2915 4684 3084 4737 ﬁnem
3133 4683 3336 4737 tabulae
3365 4690 3645 4738 extremae.
3679 4683 3786 4749 Qui

2191 4778 2383 4843 etiam,
2426 4774 2630 4830 siinfra
2644 4773 3000 4827 refectionem
3016 4773 3401 4828 ministrorum
3430 4772 3511 4827 ita
3536 4773 3786 4843 advenit,

2188 4873 2251 4921 ut
2268 4883 2393 4921 cum
2412 4865 2493 4919 eis
2532 4863 2773 4934 pleniter
2791 4863 3019 4916 reﬁcere
3039 4862 3373 4932 nequiverit,
3419 4862 3532 4916 illis
3557 4879 3789 4933 surgen-

2188 4956 2339 5010 tibus
2367 4956 2488 5025 ipse
2517 4960 2658 5007 nutu
2688 4951 3040 5023 praesidentis
3068 4956 3340 5015 remanet,
3363 4956 3420 5005 et
3454 4967 3631 5021 usque
3650 4952 3785 5006 dum

2188 5048 2601 5116 pertranseant,
2635 5048 2745 5096 stat
2769 5040 2990 5094 inclinis
3036 5041 3389 5111 refectusque
3416 5057 3637 5095 versum
3659 5057 3784 5095 cum

2187 5134 2404 5204 psalmo
2431 5137 2563 5185 ante
2589 5130 2843 5184 eamdem
2866 5129 3117 5183 tabulam
3141 5129 3284 5182 ﬁnit.

2265 5220 2571 5274 Praedictus
2585 5218 2778 5281 abbas,
2801 5219 2847 5272 si
2864 5219 3189 5272 societatem
3208 5224 3458 5272 nostram
3481 5218 3780 5288 quaesierit,

2194 5315 2491 5382 postquam
2519 5308 2866 5377 disputatum
2910 5307 3083 5361 fuerit
3115 5307 3170 5360 in
3201 5307 3444 5377 capitulo
3473 5307 3542 5361 de
3567 5308 3779 5373 ordine,

2193 5405 2467 5470 quantum
2490 5397 2663 5469 priori
2692 5397 2929 5460 videtur,
2963 5396 3139 5450 mittit
3155 5412 3258 5467 pro
3297 5412 3381 5449 eo.
3409 5396 3653 5450 Veniens
3680 5414 3782 5451 au-

2184 5493 2298 5540 tem
2331 5486 2392 5540 in
2443 5485 2772 5554 capitulum,
2823 5489 2941 5537 tam
2997 5483 3117 5554 ipse
3147 5499 3317 5554 quam
3371 5483 3604 5537 comites
3658 5486 3775 5553 eius

2188 5574 2503 5645 (interiores
2528 5572 2722 5631 tamen
2779 5572 2875 5628 illo
2917 5572 3287 5646 procidentes)
3320 5578 3522 5644 petunt
3557 5573 3774 5633 veniam
