3934 6362
144 328 276 388 1113

1167 337 1585 396 OONSTITUT.
1631 339 1969 395 HIRSAUG.
2014 368 2077 380 —
2118 340 2254 396 LIB.
2296 340 2368 395 II.
3278 340 3413 398 1114

138 472 236 528 pro
265 455 394 527 ipsa
416 457 705 513 societate.
748 457 871 523 Qua
895 461 1072 532 petita
1100 466 1157 516 et
1184 470 1446 536 exoptata
1474 464 1801 525 societateA
1824 464 1979 519 cinas
2024 464 2274 531 claustri,
2307 465 2539 535 quaesita
2584 464 2831 529 licentia,
2866 469 3053 521 custos
3093 464 3318 537 hospitii
3349 463 3422 518 ad

138 550 410 616 surgunt;
444 547 603 618 prior
623 564 843 619 quoque
872 550 1018 604 sicut
1048 551 1289 607 domnus
1318 554 1481 620 abba,
1513 554 1559 608 si
1586 554 1745 608 ades—
1824 554 2153 607 alterutram
2187 554 2417 608 missam
2448 553 2665 608 inducit
2691 570 2786 609 eos
2815 555 3061 626 primum
3101 554 3157 608 in
3194 554 3425 609 domum

136 640 236 699 set,
288 640 349 689 et
398 642 560 691 totus
587 643 890 693 conventus
916 655 1211 710 assurgere
1248 647 1306 696 et
1349 643 1566 697 tamdiu
1593 649 1744 697 stare
1825 641 2345 712 eleemosynariam,
2380 641 2439 695 in
2469 642 2782 708 cellarium,
2814 642 2871 696 in
2903 642 3220 713 coquinam,
3253 641 3310 695 in
3341 657 3429 695 re-

137 722 316 787 debet,
372 739 673 796 usquequo
702 726 822 797 ipse
861 732 918 781 et
953 729 1089 782 socii
1128 729 1280 784 illius
1333 730 1745 784 fraternitatem
1826 729 2141 795 fectorium,
2173 730 2230 783 in
2265 730 2463 784 cellam
2512 731 2875 793 novitiorum,
2925 732 2982 785 in
3013 730 3426 798 dormitorium,
3475 762 3502 779 α

136 812 429 884 accipiant.
467 813 647 877 Quam
675 820 969 885 postquam
1001 819 1335 888 acceperint,
1359 825 1426 874 ut
1449 825 1535 874 est
1554 821 1743 885 moris,

137 917 258 955 cum
313 902 487 970 libro,
545 904 779 973 rogatur
817 908 878 958 ut
913 905 1126 972 sedeat,
1160 923 1262 961 nec
1301 909 1648 979 permittitur
1683 914 1749 963 ut

136 990 374 1061 amplius
421 991 643 1045 veniam
684 998 859 1063 petat.
903 993 1049 1048 Socii
1104 1011 1236 1050 vero
1284 998 1406 1067 ejus
1459 1014 1638 1068 usque
1675 998 1747 1052 ad

137 1079 460 1148 analogiam
509 1081 943 1146 retrocedentes,
981 1087 1172 1137 ternas
1201 1089 1403 1155 petunt
1428 1086 1620 1140 venias
1649 1103 1747 1141 su-

137 1182 232 1237 per
257 1183 468 1222 manus
499 1175 558 1223 et
581 1186 769 1239 genua
795 1175 990 1225 contra
1017 1172 1260 1242 priorem
1293 1174 1362 1227 ad
1405 1174 1659 1229 dextram
1692 1180 1749 1229 et

135 1255 201 1310 ad
248 1255 570 1321 sinistram,
619 1258 887 1313 fratribus
942 1267 1170 1315 econtra
1215 1278 1519 1334 parumper
1563 1279 1748 1317 assur-

134 1344 313 1414 gendo
342 1345 772 1401 inclinantibus.
819 1348 892 1402 Et
932 1349 1065 1403 licet
1101 1352 1409 1421 capitulum
1460 1352 1626 1406 citius
1673 1352 1749 1406 sit

136 1432 468 1502 finiendum,
501 1441 692 1490 tamen
734 1442 793 1490 et
820 1436 900 1490 eis
935 1438 1434 1508 designaturlocus
1461 1441 1534 1494 ad
1559 1441 1753 1496 seden-

1823 816 1885 871 in
1909 819 2138 872 domum
2166 819 2542 873 infirmorum.
2579 819 2686 876 Ubi
2714 820 2917 876 fratres
2954 837 3065 875 non
3096 820 3425 892 loquuntur,

1828 923 1931 960 nec
1976 907 2096 979 ipse
2146 907 2377 962 verbum
2425 908 2575 963 facit.
2626 910 2798 964 Cavet
2839 914 3028 963 autem
3077 908 3309 964 omnino
3357 924 3429 962 ne

1829 1012 1994 1066 quem
2018 996 2337 1050 introducat
2356 997 2414 1051 in
2440 997 2745 1052 claustrum
2769 1014 2896 1051 cum
2916 997 3226 1053 calcaribus
3251 1002 3352 1052 aut
3372 997 3431 1051 in

1829 1084 1963 1137 solis
1992 1085 2366 1140 femoralibus.
2397 1086 2632 1150 Quando
2664 1086 2925 1158 episc0pi,
2955 1087 3144 1152 duces,
3172 1087 3428 1153 comites,

1828 1178 1886 1226 et
1913 1173 2035 1227 aliae
2067 1190 2282 1245 magnae
2310 1174 2697 1229 zestimationis
2723 1192 2972 1245 personae
3001 1174 3423 1245 superveniunt,

1829 1260 1940 1314 duo
1969 1260 2116 1315 cerei
2160 1278 2345 1316 coram
2395 1262 2493 1329 eis,
2528 1263 2705 1317 donec
2750 1280 2811 1317 se
2848 1263 2902 1318 in
2948 1265 3091 1319 lecto
3134 1263 3427 1329 collocent,

1824 1349 2038 1420 jugiter
2063 1350 2282 1404 ardent.
2337 1351 2500 1405 Alius
2529 1352 2697 1406 etiam
2730 1369 2925 1409 cereus
2964 1352 3040 1407 ibi
3072 1368 3300 1406 arsurus
3331 1366 3433 1422 per

1832 1442 2012 1491 totam
2042 1443 2263 1492 noctem
2312 1455 2423 1493 non
2469 1439 2668 1495 deerit.
2724 1441 2875 1504 Quos
2917 1457 3105 1495 cereos
3133 1457 3168 1494 a
3194 1440 3432 1494 sacrista

137 1522 369 1577 dum.ln
398 1525 642 1578 ecclesia
664 1524 914 1581 defertur
935 1527 1115 1581 eidem
1140 1527 1347 1593 abbati,
1377 1535 1438 1583 ut
1462 1535 1573 1583 stet
1591 1531 1753 1600 juxta
1835 1527 2117 1598 quaesitos.
2168 1533 2354 1581 custos
2400 1528 2624 1599 hospitii
2672 1530 3047 1583 administrat.
3096 1529 3156 1584 Si
3200 1545 3328 1582 vero
3359 1527 3430 1582 ad

137 1613 307 1668 sedile
344 1614 570 1669 domini
607 1615 825 1670 abbatis
855 1617 925 1671 ad
967 1617 1219 1671 dextram
1261 1619 1374 1673 sive
1404 1637 1648 1690 praesens
1678 1620 1753 1675 sit
1835 1631 2066 1669 manum
2115 1616 2275 1670 illum
2322 1633 2436 1671 non
2480 1617 2772 1679 invenerit,
2807 1618 2926 1689 ipse
2973 1634 3069 1672 eos
3112 1617 3433 1688 ubicunque

138 1702 247 1767 ille,
274 1703 395 1757 sive
423 1703 651 1770 absens,
674 1710 739 1759 ut
767 1705 1017 1776 imponat
1048 1707 1435 1777 antiphonam,
1458 1709 1554 1763 det
1583 1708 1750 1764 bene-
1834 1710 2089 1775 repertos
2118 1705 2331 1775 absque
2361 1706 2547 1760 delicti
2578 1711 2714 1760 nota
2740 1705 2961 1778 accipit.
2992 1707 3102 1760 Dat
3130 1706 3298 1761 etiam
3331 1704 3436 1759 eis-

140 1791 444 1846 dictionem
474 1793 797 1861 lectoribus,
826 1796 852 1820 *
881 1800 938 1848 et
964 1802 1138 1866 ponat
1164 1796 1454 1851 incensum
1489 1798 1545 1852 in
1577 1778 1962 1852 thuri-Bdem
2004 1794 2240 1848 sacrista
2285 1795 2477 1848 lumen
2523 1812 2782 1849 arsurum
2830 1812 2929 1867 per
2957 1799 3135 1850 totam
3185 1799 3429 1862 noctem,

140 1879 288 1935 bulo.
320 1882 592 1937 Armario
631 1888 820 1937 autem
868 1884 1175 1938 cavendum
1207 1891 1293 1939 est
1320 1903 1411 1949 ne,
1441 1886 1512 1940 ad
1557 1888 1755 1941 lectio-

138 1986 285 2037 nem,
317 1972 770 2043 responsorium,
794 1974 1165 2044 evangelium,
1193 1975 1463 2044 majorem
1496 1974 1579 2028 vel
1610 1974 1755 2045 prio-

139 2073 253 2112 rem
300 2060 543 2113 missam
585 2060 706 2114 sine
751 2076 1026 2115 consensu
1056 2060 1257 2131 prioris
1294 2078 1421 2115 eum
1454 2062 1750 2127 admittat;

140 2148 282 2218 quod
329 2154 533 2203 tamen
581 2154 786 2203 nostrae
831 2149 1277 2220 congregationis
1321 2149 1508 2204 abbati
1539 2167 1638 2222 per
1664 2167 1753 2203 se-

140 2235 319 2306 ipsum
341 2244 538 2309 potest
556 2238 871 2309 injungere.
898 2237 964 2292 In
986 2239 1337 2310 processione
1358 2240 1607 2310 qualibet
1626 2256 1751 2293 cum

141 2324 290 2396 virga
318 2327 600 2397 pastorali
627 2328 935 2397 eodemque
965 2334 1260 2399 apparatu,
1293 2345 1402 2399 quo
1432 2336 1488 2383 et
1516 2329 1755 2383 domnus

141 2414 326 2479 abbas,
354 2416 479 2470 sive
508 2416 584 2470 sit
601 2433 845 2487 praesens
871 2417 985 2470 sive
1014 2416 1234 2482 absens,
1266 2418 1494 2473 incedit.

210 2504 433 2576 Hospes
484 2511 674 2559 autem
728 2507 1034 2560 monachus
1090 2507 1417 2577 aliquandiu
1464 2506 1753 2560 nobiscum

144 2608 501 2649 commorans
520 2595 813 2649 lectionem
830 2595 984 2665 legit,
1008 2596 1381 2666 reSponsoria,
1401 2595 1755 2666 privatasque

147 2683 341 2737 missas
390 2683 544 2737 canit
570 2684 815 2737 armario
846 2683 1190 2753 injungehte,
1227 2690 1283 2737 et
1325 2683 1370 2737 si
1410 2684 1647 2737 voluerit
1683 2683 1754 2736 ad

148 2772 456 2827 tenendum
486 2772 717 2827 chorum
748 2772 852 2826 sibi
895 2789 1024 2826 eum
1066 2772 1340 2842 adjungit.
1369 2773 1473 2826 Hic
1497 2773 1666 2838 idem,
1708 2772 1756 2825 si

150 2860 274 2930 quid
306 2865 513 2915 contra
559 2861 810 2931 regulam
838 2861 926 2914 vel
958 2861 1211 2915 ordinem
1242 2861 1424 2915 facere
1452 2861 1759 2932 deprehen-

150 2948 315 3016 ditur,
346 2955 414 3004 ut
442 2950 723 3013 emendet,
756 2949 939 3004 verbis
968 2950 1304 3020 aliquotiens
1324 2950 1678 3018 admonetur,
1702 2956 1759 3005 et

150 3038 193 3092 si
234 3056 350 3094 non
382 3038 779 3105 emendaverit,
817 3039 1123 3093 secundum
1172 3039 1423 3109 regulam
1463 3055 1594 3109 erga
1628 3055 1758 3093 eum

150 3127 353 3199 agitur.

214 3220 345 3289 (an.
364 3217 510 3287 var.)
528 3217 740 3287 Hospes
764 3216 858 3287 qui
881 3232 1238 3271 comessurus
1258 3221 1343 3271 est
1362 3216 1421 3271 in
1441 3216 1755 3285 refectorio,

151 3306 197 3360 si
230 3312 320 3361 est
345 3306 600 3371 clericus,
640 3305 894 3360 habitum
929 3321 1151 3376 quoque
1180 3306 1514 3372 clericalem,
1555 3323 1754 3377 super-

153 3396 436 3466 pellicium
465 3395 680 3450 scilicet
715 3401 774 3449 et
798 3395 1041 3466 desuper
1069 3410 1306 3465 cappam
1337 3394 1539 3450 induit.
1566 3396 1754 3450 Addu-

153 3490 271 3539 ctus
305 3484 381 3539 ad
413 3484 616 3538 ostium
660 3483 888 3537 claustri
925 3489 1211 3554 exspectat
1252 3499 1432 3554 usque
1458 3484 1590 3538 dum
1618 3484 1754 3538 invi-

154 3578 322 3641 tetur,
363 3577 427 3625 ut
468 3572 708 3627 domnus
752 3569 942 3637 abbas,
993 3572 1078 3625 vel
1126 3589 1191 3626 eo
1246 3572 1475 3626 absente
1516 3573 1672 3644 prior
1701 3573 1752 3627 ei

154 3678 352 3733 aquam
386 3662 458 3717 ad
488 3677 689 3715 manus
714 3659 978 3732 praebeat.
1006 3660 1115 3724 Qui
1144 3666 1199 3713 et
1227 3662 1510 3731 przecedit,
1538 3667 1605 3716 ut
1633 3662 1754 3716 scil-

156 3750 260 3806 lam
302 3752 511 3823 pulset.
546 3751 668 3815 Qua
698 3749 891 3803 audita
920 3754 1109 3803 custos
1149 3750 1377 3820 hospitii
1406 3751 1623 3804 inducit
1648 3751 1752 3805 ho-

156 3841 378 3911 spitem,
420 3846 478 3893 et
517 3839 567 3892 si
610 3854 721 3893 non
768 3843 856 3891 est
904 3837 1199 3908 episcopus
1242 3838 1328 3891 vel
1365 3837 1556 3903 abbas,
1600 3843 1754 3893 stant

157 3944 331 4000 usque
348 3929 485 3983 dum
506 3944 696 3982 versus
716 3926 947 3980 finiatur
963 3927 1125 3995 juxta
1145 3926 1438 3980 introitum
1456 3928 1751 3995 refectorii,

161 4017 358 4089 hospes
386 4023 628 4081 erectus,
669 4020 856 4069 custos
893 4014 1215 4085 inclinatus,
1243 4016 1388 4069 sicut
1423 4022 1481 4069 et
1522 4032 1757 4071 conven-

159 4111 272 4164 tus.
321 4106 508 4162 Finito
556 4121 718 4159 versu
765 4104 920 4157 ducit
965 4120 1094 4157 eum
1140 4104 1337 4158 sedere
1382 4104 1453 4158 ad
1502 4122 1753 4160 mensam

162 4198 544 4270 principalem.
575 4198 599 4221 θ
629 4197 750 4260 Quo
778 4195 924 4249 facto
954 4194 1023 4248 ad
1053 4194 1235 4248 locum
1266 4211 1429 4248 suum
1462 4196 1662 4266 pergit,
1696 4202 1754 4251 et

161 4294 454 4357 postquam
484 4284 644 4338 sedet
670 4289 801 4337 ante
832 4289 889 4336 et
930 4288 1081 4336 retro
1118 4282 1306 4336 faciat.
1340 4282 1399 4336 Si
1430 4288 1515 4336 est
1545 4284 1754 4354 episco-

161 4392 279 4445 pus,
294 4377 395 4430 dat
404 4374 846 4429 benedictionem
867 4372 1503 4441 lectori.Qualiscunque
1513 4372 1751 4427 fratrum

160 4465 230 4520 sit
254 4465 436 4531 cibus,
471 4464 677 4534 hospiti
725 4462 893 4517 simul
924 4478 1051 4515 cum
1089 4460 1275 4531 priore
1319 4460 1626 4515 liberaliter
1668 4467 1755 4515 est

159 4554 531 4609 serviendum.
561 4551 702 4607 Cum
724 4556 914 4606 autem
944 4550 1014 4603 de
1058 4566 1253 4603 mensa
1278 4549 1478 4604 fratres
1502 4565 1754 4604 surrexe-

158 4644 286 4708 rint,
315 4647 505 4697 custos
532 4640 760 4711 hospitii
789 4638 1125 4693 novissimus
1161 4638 1275 4692 exit
1302 4654 1428 4691 cum
1457 4637 1579 4708 ipso
1597 4638 1754 4691 ince-

160 4732 291 4788 dens
312 4730 678 4804 pedetentim,
700 4730 841 4797 (00.)
858 4733 915 4782 et
933 4728 1212 4798 psalmum
1239 4729 1475 4781 Laudate
1495 4731 1750 4790 cantans,

162 4838 323 4893 quem
366 4821 425 4875 in
469 4818 750 4875 auditorio
800 4818 1084 4888 hospitum
1130 4816 1270 4879 finit,
1319 4833 1384 4870 eo
1423 4817 1607 4881 modo,
1643 4832 1753 4887 quo

164 4917 466 4966 conventus
493 4925 621 4963 cum
650 4924 813 4962 versu
842 4907 1052 4977 absque
1075 4906 1451 4959 inclinatione.
1486 4906 1756 4960 Similiter

166 5017 293 5071 erga
312 4998 640 5072 peregrinos
661 4997 963 5051 monachos
984 5001 1041 5049 et
1060 4995 1288 5048 clericos
1309 4994 1515 5064 agitur,
1530 5000 1757 5066 excepto

169 5089 313 5160 quod
347 5105 475 5143 cum
504 5087 653 5158 peris
680 5086 796 5140 suis
827 5090 884 5139 et
909 5084 1030 5138 sine
1061 5084 1480 5156 superpelliceis
1508 5083 1760 5138 introdu-

169 5184 389 5233 cantur.
438 5175 592 5231 Nulli
636 5180 823 5229 autem
872 5173 1124 5229 saeculari
1171 5173 1310 5227 laico
1349 5173 1675 5227 conceditur
1700 5173 1758 5227 in

171 5273 359 5322 nostro
392 5265 686 5320 comedere
715 5264 1030 5318 refectorio.

238 5356 698 5425 Quandocunque
716 5354 921 5425 hospes
942 5352 1143 5423 aliquis
1164 5368 1576 5406 commessurus
1597 5356 1683 5405 est
1703 5352 1761 5405 in

174 5461 255 5511 eo,
279 5446 439 5518 prior
463 5444 552 5499 vel
597 5442 858 5498 ostiarius
899 5441 1066 5496 debet
1105 5443 1210 5495 hoc
1237 5442 1588 5495 innotescere
1616 5440 1761 5495 refe-

173 5535 431 5590 ctorario.
455 5533 515 5589 Si
541 5531 695 5586 laicis
716 5531 929 5586 clericis
957 5530 1195 5585 societas
1227 5531 1395 5587 datur
1414 5531 1469 5583 in
1491 5530 1757 5600 capitulo,

172 5623 228 5681 hi
256 5624 476 5689 veniam
507 5638 620 5677 non
650 5625 868 5693 petunt.
900 5621 1031 5692 (und
1061 5619 1119 5687 Si
1152 5620 1337 5691 videre
1362 5618 1615 5700 gestiunt
1635 5618 1760 5681 offi-

1836 1883 2059 1954 quando
2091 1882 2262 1953 aliqui
2312 1883 2513 1937 fratres
2560 1885 2616 1938 in
2667 1884 2908 1955 hospitio
2952 1885 3258 1949 dormiunt,
3292 1884 3437 1939 sicut

1834 1988 1984 2042 saepe
2012 1971 2304 2041 contingit,
2331 1973 2478 2043 quod
2503 1973 2736 2027 veniunt
2763 1974 2915 2027 cellis
2944 1974 3152 2027 nostris
3174 1973 3258 2027 vel
3284 1973 3437 2027 novi-

1835 2060 1919 2123 tii,
1954 2061 2038 2114 vel
2068 2061 2163 2114 alii
2192 2061 2412 2126 fratres,
2445 2068 2510 2115 ut
2537 2061 2743 2116 faciant
2767 2062 3185 2133 professionem.

1906 2148 2237 2220 Priusquam
2266 2150 2514 2220 hospites
2539 2151 2848 2216 discedant,
2879 2154 3155 2222 quotquot
3174 2152 3435 2221 jumenta

1836 2254 1949 2292 non
1979 2239 2188 2292 ferrata
2217 2239 2442 2302 habent,
2468 2230 2543 2293 ad'
2560 2256 2753 2293 omnes
2773 2240 2870 2293 dat
2896 2253 3043 2293 nova
3070 2240 3429 2294 ferramenta.

1838 2327 2059 2381 Ostium
2079 2328 2306 2382 claustri
2325 2344 2661 2399 unaquaque
2681 2334 2842 2383 nocte
2862 2334 2988 2400 post
3007 2345 3127 2382 com
3137 2328 3436 2399 pletorium

1838 2415 1909 2469 ab
1941 2416 2059 2486 ipso
2085 2423 2169 2470 est
2192 2417 2586 2482 claudendum,
2612 2422 2671 2471 et
2697 2423 2862 2489 porta
2883 2416 3139 2472 vestibuli
3169 2416 3434 2482 ecclesiae,

1834 2504 1980 2559 sicut
2010 2506 2178 2559 etiam
2206 2522 2240 2559 a
2266 2506 2477 2560 famulo
2505 2506 2624 2576 ejus
2655 2506 2899 2561 exterior
2923 2512 3088 2577 porta
3117 2521 3433 2561 murorum.

1837 2594 1905 2647 Et
1932 2594 2236 2648 claustrum
2261 2595 2485 2665 quidem
2511 2601 2642 2649 ante
2668 2595 2916 2649 sonitum
2941 2596 3025 2648 vel
3054 2595 3165 2649 alio
3184 2601 3438 2665 tempore

1836 2687 1967 2736 ante
2017 2682 2233 2736 ﬁnitam
2287 2683 2541 2737 litaniam
2583 2699 2940 2754 nequaquam
2971 2684 3247 2755 aperitur.
3288 2683 3435 2737 Illud

1839 2787 1966 2824 vero
1982 2772 2188 2825 ostium
2212 2772 2497 2838 auditorii,
2524 2773 2670 2843 quod
2698 2779 2784 2826 est
2807 2774 3068 2837 exterius,
3095 2773 3286 2827 ﬁrmat
3306 2778 3437 2825 ante

1837 2859 2162 2929 capitulum,
2201 2864 2258 2913 et
2293 2860 2426 2914 dum
2455 2861 2657 2914 fratres
2691 2867 2825 2915 sunt
2853 2861 2911 2915 in
2937 2861 3202 2933 capitulo,
3234 2861 3278 2914 si
3310 2861 3437 2931 quis

1837 2948 2043 3019 pulsat,
2084 2949 2154 3002 ad
2198 2949 2337 3003 illud
2380 2950 2501 3019 ejus
2539 2955 2626 3003 est
2656 2967 2907 3019 surgere,
2943 2951 3215 3021 signoque
3260 2948 3438 3020 petita

1838 3037 2068 3091 licentia
2105 3036 2368 3101 abeundi,
2412 3039 2464 3092 ei
2504 3038 2743 3109 aperire.
2788 3039 3057 3094 Similiter
3093 3038 3153 3092 in
3202 3037 3437 3092 meridie

1774 3130 1817 3190 C,
1838 3127 2042 3181 ostium
2070 3126 2300 3181 claustri
2331 3143 2433 3198 per
2463 3144 2586 3181 cum
2631 3128 2913 3193 firmatur,
2946 3128 3044 3183 sed
3088 3144 3198 3182 non
3250 3127 3436 3198 prius-

1841 3231 2009 3286 quam
2041 3216 2428 3270 ministrorum
2460 3216 2687 3271 refectio
2717 3217 2970 3272 finiatur.

2450 3339 2684 3395 CAPUT
2720 3340 2837 3397 LlI.
2872 3302 2881 3309 ’

2355 3465 2427 3518 De
2463 3466 2911 3532 elecmosynarz‘o.

1907 3570 2542 3639 (UD.)Quemadmodum
2559 3587 2593 3624 a
2606 3571 3072 3642 custodehospitii
3090 3572 3441 3643 recipiuntur

1834 3676 2049 3728 omnes,
2095 3660 2191 3732 qui
2234 3659 2446 3714 faciunt
2490 3659 2601 3713 iter
2661 3660 2985 3731 equitando,
3038 3660 3234 3715 eodem
3276 3659 3441 3715 modo

1834 3754 2112 3820 quotquot
2141 3749 2356 3820 pedites
2382 3749 2611 3810 vadunt,
2636 3748 2705 3802 ab
2736 3749 3198 3820 eleemosynario,
3223 3749 3322 3820 qui
3355 3753 3441 3804 est

1834 3838 2121 3903 sacerdos,
2152 3842 2285 3892 sunt
2312 3837 2613 3908 recipiendi
2643 3856 2656 3904 ;
2699 3837 2941 3907 exceptis
2981 3836 3250 3905 uxoribus
3291 3837 3438 3892 villi-

1837 3944 2031 3983 corum
2085 3933 2141 3981 et
2192 3928 2410 3997 legatis,
2452 3927 2548 3997 qui
2586 3926 2778 3980 breves
2815 3930 3134 3996 apportant,
3179 3926 3440 3981 omnibus

1839 4032 2062 4088 quoque
2106 4016 2396 4070 monachis
2445 4021 2502 4069 et
2553 4014 2968 4069 honestioribus
3017 4014 3253 4081 clericis,
3294 4032 3442 4086 quos

1838 4109 2130 4169 omnes,ut
2146 4104 2530 4175 supradictum
2552 4109 2655 4168 est,
2681 4104 2852 4158 etiam
2879 4104 2927 4157 si
2947 4103 3162 4175 pedites
3185 4103 3439 4166 veniunt,

1837 4201 2023 4249 custos
2051 4194 2280 4264 hospitii
2312 4194 2542 4263 colligit.
2574 4194 2649 4248 At
2678 4192 2724 4247 si
2753 4193 2970 4263 aliquos
2999 4192 3140 4247 forte
3170 4192 3228 4246 in
3263 4194 3440 4248 comi-

1837 4290 1960 4339 tatu
2002 4300 2104 4337 suo
2149 4282 2393 4337 caballos
2431 4288 2531 4336 aut
2579 4283 2768 4336 asinos
2813 4280 3130 4345 habuerint,
3175 4285 3201 4307 "
3252 4287 3441 4337 custos

1838 4373 2065 4444 hospitii
2094 4372 2337 4426 caballos
2356 4389 2482 4425 cum
2506 4372 2743 4426 totidem
2771 4370 3095 4425 hominibus
3123 4370 3358 4443 suscipit
3384 4377 3443 4427 et

1836 4468 2136 4535 procurat;
2169 4468 2226 4516 et
2262 4462 2739 4534 eleemosynarius
2769 4463 2957 4517 asinos
2988 4461 3111 4527 (nisi
3138 4461 3281 4517 forte
3310 4478 3439 4517 cum

1835 4554 1915 4607 eis
1949 4552 2160 4623 aliquid
2213 4568 2313 4623 pro
2362 4551 2636 4606 charitate
2688 4552 3012 4606 conferatur
3057 4552 3438 4621 monasterio;

1834 4647 1969 4695 tunc
1999 4641 2149 4695 enim
2179 4658 2274 4695 eos
2304 4640 2541 4711 suscipit
2569 4644 2759 4694 custos
2786 4640 3016 4711 hospitii
3045 4656 3172 4693 cum
3205 4639 3439 4694 totidem

1834 4730 2157 4785 hominibus
2187 4729 2609 4800 procurandos).
2640 4729 2716 4784 Ut
2746 4735 2936 4783 autem
2968 4727 3173 4783 habeat
3203 4729 3442 4783 eleemo-

1834 4818 2095 4892 synarius
2122 4819 2272 4872 unde
2313 4818 2399 4871 his
2430 4823 2487 4872 et
2514 4817 2746 4881 caeteris,
2782 4818 2878 4888 qui
2909 4818 2980 4872 ad
3024 4834 3084 4872 se
3130 4817 3438 4889 pertinent,

1837 4908 2155 4963 necessaria
2202 4907 2509 4978 provideat,
2543 4906 2911 4961 constitutum
2956 4912 3059 4969 est,
3102 4915 3167 4961 ut
3204 4907 3447 4979 exceptis

1839 4996 2088 5053 decimis.
2126 5012 2248 5066 quae
2276 5013 2341 5049 ex
2384 4994 2642 5048 instituto
2681 5010 2957 5049 canonum
2988 4995 3197 5049 dantur
3224 4995 3295 5049 ad
3325 4995 3444 5051 sin-

1838 5086 2001 5158 gulas
2030 5084 2310 5147 ecclesias,
2341 5083 2400 5137 in
2431 5098 2669 5153 quarum
2699 5082 2957 5137 terminis
2987 5084 3107 5139 sitae
3145 5088 3281 5138 sunt
3315 5100 3447 5155 pos~

1842 5175 2116 5230 sessiones
2155 5179 2379 5235 nostrae,
2414 5171 2665 5226 omnium
2697 5188 2892 5226 earum
2943 5188 3157 5235 rerum,
3210 5189 3333 5244 quae
3373 5174 3446 5228 ad

1844 5264 2246 5319 monasterium
2267 5267 2436 5333 atque
2460 5261 2519 5314 in
2546 5276 2680 5313 usus
2706 5265 2929 5313 nostros
2954 5260 3328 5332 undecunque
3353 5262 3449 5316 de-

1843 5355 2122 5419 feruntur,
2155 5352 2383 5407 decimae
2430 5350 2635 5404 dentur
2676 5348 3140 5419 eleemosynario,
3187 5349 3447 5407 videlicet

1843 5440 2092 5512 frugum,
2127 5441 2261 5507 vini,
2283 5439 2410 5505 olei,
2457 5437 2824 5508 leguminum,
2856 5452 3172 5508 pomorum,
3209 5437 3446 5506 olerum,

1843 5531 2100 5602 piscium,
2118 5530 2466 5591 animalium,
2484 5543 2762 5592 vasorum,
2777 5525 3037 5596 vestium,
3053 5525 3435 5595 denariorum,

1843 5619 1969 5674 auri
1998 5626 2055 5679 et
2078 5618 2318 5698 argenti,
2343 5622 2401 5675 et
2428 5617 2560 5675 ferri
2590 5616 2673 5671 vel
2704 5614 3004 5686 cujuslibet
3039 5614 3275 5681 metalli,
3307 5615 3441 5683 feni,
