3934 6420
496 348 629 406 1119
1541 354 1601 408 S.
1642 350 2033 412 GUlLLELMI
2071 355 2092 409 Δ

2183 350 2375 407 BATIS
2411 349 2751 409 HIRSAUG.
3643 339 3811 397 1120

489 476 858 544 praeveniunt.
881 476 967 531 Ad
992 492 1229 548 quarum
1248 482 1442 534 tamen
1463 480 1832 551 singularum,
1851 480 1960 535 nisi
1977 481 2150 552 pri-A
2169 487 2290 541 loca
2317 486 2469 541 intra
2495 485 2730 541 chorum
2771 499 2831 538 se
2852 481 3061 536 habere
3090 478 3339 551 sperant)
3367 476 3705 538 introeunt,
3746 470 3809 524 in

491 579 597 618 ma?
628 565 1024 635 PUIsationema
1047 567 1153 638 iPSi
1183 584 1310 622 Cum
1340 574 1637 634 οοηνϐηΐιι,
1666 570 1756 624 cui
1782 575 1917 624 tunc
1945 588 2089 624 sem-
2170 577 2264 630 illa
2294 592 2444 642 vero,
2477 592 2599 646 quae
2629 574 2751 628 sine
2791 572 2932 626 albis
2977 570 3183 641 agitur,
3217 571 3348 621 ante
3393 564 3643 620 chorum
3712 560 3810 617 di-

492 672 594 726 per
621 656 920 724 intersunt,
953 676 1095 724 eam,
1146 677 1268 731 quae
1303 662 1527 715 easdem
1564 663 1846 736 praecedit,
1888 663 2090 719 oratio-
2170 670 2412 719 vertunt.

492 758 644 809 nem,
677 750 808 800 ante
828 746 1061 801 chorum
1093 747 1323 803 faciunt.
2243 753 2572 824 Quicunque
2589 757 2792 824 praeter
2809 748 3244 804 obedientiarios
3266 746 3592 800 illitteratos
3613 760 3810 814 regu-

563 830 855 888 Interdum
885 840 1073 889 autem
1112 837 1296 891 evenit
1321 843 1387 892 ut
1418 838 1666 906 interim,
1700 840 1834 895 dum
1877 840 2091 895 eisdem
2171 844 2347 898 larem
2377 857 2603 896 cursum
2637 841 2707 894 ad
2734 840 2791 895 S.
2824 839 3059 894 Mariam
3110 836 3370 905 audiunt,
3409 834 3815 906 quotiescun-

491 918 733 976 inﬁrmis
763 923 933 978 missa
961 925 1199 991 canitur,
1224 926 1291 980 ad
1314 926 1573 997 primam,
1604 930 1687 983 vel
1708 930 1817 983 alio
1836 936 2090 1001 tempore
2171 948 2281 1003 que
2299 932 2502 985 fratres
2530 927 2905 984 communiter
2924 924 3406 990 albisinduuntur,
3431 922 3589 976 nullo
3619 920 3812 974 modo

493 1008 566 1064 ad
590 1011 813 1067 tertiam
845 1014 1120 1085 pulsetur.
1159 1017 1335 1083 Tunc,
1378 1017 1608 1072 dimisso
1654 1017 1834 1090 signo,
1870 1035 2084 1083 omnes,
2169 1020 2412 1091 idipsum
2439 1018 2742 1090 aliquando
2769 1016 3031 1071 omittere
3073 1016 3439 1086 praesumunt,
3473 1011 3572 1065 sed
3609 1008 3815 1063 albati

495 1097 705 1170 absque
756 1101 994 1157 inﬁrmis
1048 1106 1378 1177 caeterisque
1426 1107 1663 1161 eandem
1714 1108 1940 1162 missam
1985 1125 2086 1161 au-
2171 1115 2301 1164 ante
2330 1108 2576 1170 tertiam,
2614 1105 2848 1161 instanti
2878 1105 3060 1159 ofﬁcio
3077 1121 3205 1159 cum
3226 1102 3440 1157 caeteris
3466 1101 3808 1160 intersunt;

493 1186 796 1253 dientibus,
820 1197 951 1246 ante
990 1197 1048 1247 et
1068 1198 1219 1247 retro
1250 1194 1482 1259 faciunt,
1514 1200 1573 1248 et
1597 1196 1758 1265 signo
1796 1197 1975 1250 crucis
2029 1213 2089 1250 se
2171 1198 2279 1253 nisi
2316 1197 2448 1251 talis
2497 1197 2579 1250 eis
2625 1195 2925 1250 inﬁrmitas
2974 1200 3109 1248 tunc
3152 1192 3467 1256 immineat,
3502 1207 3640 1261 quae
3706 1205 3814 1243 eos

496 1278 777 1347 muniunt,
832 1282 929 1336 sed
981 1288 1171 1337 tamen
1228 1301 1518 1355 quousque
1560 1285 1721 1339 ﬁnita
1777 1285 1848 1340 sit
1896 1285 2088 1353 missa,
2173 1285 2355 1339 eidem
2392 1284 2620 1338 omnino
2664 1284 2937 1337 interesse
2965 1281 3272 1353 praepediat
3304 1298 3317 1347 ;
3351 1279 3451 1333 sed
3481 1295 3585 1332 nec
3657 1283 3812 1331 tunc

493 1366 690 1422 horam
717 1368 1021 1450 instantem
1050 1388 1252 1427 canere
1292 1373 1575 1428 differunt.
1622 1373 1745 1437 Qua
1772 1375 1951 1440 ﬁnita,
1973 1379 2088 1429 tam
2173 1366 2293 1428 sine
2321 1374 2546 1428 licentia
2594 1373 2855 1426 omittere
2894 1371 3124 1426 audent.
3192 1368 3345 1425 Nulli
3397 1366 3811 1428 sacerdotum,

492 1454 705 1511 inﬁrmi
727 1476 894 1530 quam
917 1462 1121 1526 caeteri,
1146 1461 1243 1532 qui
1265 1462 1490 1525 missam
1513 1463 1766 1516 eamdem
1790 1463 2093 1519 audierunt
2173 1463 2270 1534 qui
2309 1462 2379 1516 ad
2409 1460 2727 1533 praedictam
2758 1460 3028 1532 capellam
3047 1458 3262 1530 jugiter
3290 1457 3445 1510 horis
3472 1455 3807 1521 intersunt,

493 1549 625 1599 ante
655 1552 714 1600 et
738 1552 890 1601 retro
918 1548 1183 1603 facientes
1212 1566 1384 1620 seque
1412 1550 1720 1621 signantes,
1770 1567 1963 1606 omnes
1998 1569 2092 1624 pa-
2174 1553 2304 1606 licet
2358 1552 2628 1621 majorem
2688 1551 2919 1604 missam
2975 1554 3223 1613 cantare,
3281 1562 3462 1617 neque
3507 1546 3808 1618 priorem,

494 1632 633 1687 riter
680 1635 914 1689 eandem
972 1638 1169 1695 horam
1240 1643 1492 1705 cantant.
1547 1640 1691 1709 Ergo
1754 1642 2095 1711 percantatis
2174 1641 2283 1696 nisi
2314 1641 2597 1695 interdum
2623 1640 2682 1693 in
2706 1638 3000 1693 duodecim
3029 1635 3380 1700 lectionibus,
3413 1635 3550 1706 quin
3580 1634 3809 1689 eadem

494 1720 650 1776 horis
671 1723 858 1778 nullus
885 1725 994 1779 nisi
1023 1743 1123 1796 pro
1164 1742 1369 1796 magna
1422 1727 1755 1782 necessitate
1803 1730 2096 1799 praesumit
2117 1797 2150 1802 _
2176 1729 2330 1802 prior
2368 1730 2537 1783 missa
2570 1735 2696 1800 post
2722 1727 3031 1799 capitulum
3047 1726 3239 1780 statim
3272 1724 3431 1778 nulla
3458 1724 3603 1777 hora
3668 1738 3808 1776 eam

496 1809 652 1880 prius
684 1813 834 1867 exire
858 1813 927 1868 de
952 1815 1202 1879 ecclesia,
1236 1832 1402 1886 quam
1423 1816 1640 1870 instans
1669 1816 1808 1871 hora
1835 1817 1893 1872 in
1923 1819 2091 1873 choro
2114 1797 2157 1854 Β
2177 1819 2521 1891 praecedente
2563 1797 2804 1871 canitur.
2839 1816 2896 1871 Si
2949 1815 3075 1887 quis
3128 1830 3229 1884 pro
3283 1829 3545 1867 concessa
3597 1811 3811 1881 gratia

495 1896 667 1952 fuerit
696 1900 855 1954 ﬁnita
891 1902 1000 1956 nisi
1056 1910 1385 1975 accepturus
1433 1904 1900 1959 benedictionem.
1933 1907 2093 1970 Quod
2178 1910 2342 1964 horas
2366 1910 2573 1963 ibidem
2606 1910 2843 1965 audiens
2870 1926 2973 1981 pro
2997 1907 3332 1962 inﬁrmitate
3352 1904 3699 1976 aliquandiu
3741 1903 3809 1956 in

497 1986 546 2040 si
584 1988 707 2057 quis
737 2005 928 2044 eorum
960 1992 1029 2045 ad
1060 1992 1308 2063 aliquam
1341 1992 1474 2047 illuc
1499 2000 1623 2065 post
1646 1995 1896 2050 Gloriam
1926 1995 2094 2066 primi
2178 1998 2492 2053 inﬁrmaria
2515 1999 2799 2070 quiescere
2832 1998 3025 2068 jussus
3053 1995 3243 2060 fuerit,
3273 1994 3509 2048 eandem
3549 1992 3810 2045 missam

496 2076 698 2147 psalmi
736 2080 993 2146 occurrit,
1036 2087 1321 2151 procurat,
1363 2083 1410 2135 si
1449 2088 1535 2136 est
1589 2083 1873 2137 litteratus
1926 2090 1991 2137 ut
2034 2085 2092 2139 in
2175 2103 2300 2143 cum
2358 2087 2597 2159 pristina
2649 2086 2873 2141 licentia
2928 2084 3177 2151 habebit,
3226 2100 3353 2138 cum
3401 2081 3667 2143 redierit,
3754 2079 3807 2133 si

499 2166 771 2221 minorem
794 2169 1046 2236 chorum,
1066 2172 1151 2226 vel
1172 2172 1218 2226 si
1241 2178 1326 2226 est
1345 2172 1687 2238 illitteratus,
1707 2173 2089 2242 antefchorum
2174 2176 2416 2231 domnus
2443 2175 2586 2229 abba
2615 2175 2666 2229 ei
2690 2174 2982 2233 concessit.
3015 2179 3071 2229 et
3099 2173 3144 2228 si
3176 2171 3424 2226 nondum
3472 2168 3803 2225 convaluit.

497 2260 627 2310 ante
647 2256 795 2311 idem
828 2260 1016 2315 Gloria
1053 2261 1241 2315 venire
1265 2262 1459 2331 possit.
1484 2261 1643 2325 Quod
1671 2262 1717 2316 si
1744 2268 1800 2315 et
1830 2263 1934 2316 hoc
1980 2278 2090 2317 non
2175 2266 2333 2320 Hanc
2370 2271 2560 2320 autem
2588 2264 2869 2319 licentiam
2920 2264 3128 2330 nullus,
3183 2261 3293 2316 nisi
3338 2260 3578 2314 domnus
3645 2255 3805 2312 abba

497 2343 721 2415 poterit,
755 2346 825 2400 ad
864 2348 1102 2416 gradum
1163 2350 1329 2407 venit.
1370 2349 1509 2404 Inde
1557 2351 2095 2405 consuetudinaliter
2173 2359 2359 2426 potest
2388 2354 2445 2408 in
2474 2359 2808 2424 perpetuum
2836 2354 2990 2408 dare.

495 2431 779 2495 recedens,
836 2436 1072 2502 caeteris,
1132 2455 1254 2508 quae
1316 2445 1651 2509 sequuntur,
1700 2439 1781 2493 ita
1824 2444 1911 2508 (ut
1959 2437 2092 2493 alibi
2762 2441 3001 2498 CAPUT
3036 2440 3180 2497 LIV.

494 2519 718 2588 plenius
747 2528 831 2576 est
850 2523 1079 2585 dictum)
1119 2527 1378 2597 peractis,
1423 2533 1579 2581 extra
1617 2528 1843 2582 secedit.
1880 2528 2089 2582 Verum
2615 2533 2688 2585 De
2718 2532 2999 2599 capellam
3027 2528 3081 2584 S.
3108 2530 3316 2583 Μαθητρυ.

497 2607 545 2661 si
575 2609 700 2678 quis
727 2610 1166 2669 obedientiarius
1194 2616 1406 2686 aliquid
1457 2616 1642 2687 operis
1691 2623 1803 2670 tam
1851 2617 2015 2687 longe
2057 2632 2091 2670 a
2247 2618 2270 2642 θ
2293 2617 2626 2688 Capellanus
2658 2618 2875 2672 Sanctae
2904 2615 3097 2670 Mariae
3126 2616 3198 2670 ad
3227 2614 3516 2669 sinistrum
3534 2602 3799 2668 ‘chorum

495 2697 635 2752 cella
655 2707 919 2770 operatus
948 2702 1135 2770 fuerit,
1166 2710 1231 2758 ut
1268 2705 1339 2759 ad
1388 2705 1582 2759 horam
1638 2707 1954 2776 regularem
2004 2721 2092 2759 oc-
2175 2707 2421 2761 ecclesiae
2449 2707 2507 2761 in
2533 2711 2692 2778 parte
2723 2706 3052 2760 occidentali
3081 2720 3305 2777 semper
3347 2709 3460 2757 stat
3488 2703 3560 2757 ad
3592 2703 3798 2773 parie-

495 2802 725 2842 currere
754 2806 865 2844 non
897 2792 1090 2862 possit,
1124 2793 1170 2847 is
1209 2809 1331 2871 eam
1370 2793 1465 2848 ubi
1493 2801 1776 2865 operatur,
1810 2794 2086 2849 cantabit:
2173 2800 2308 2861 tem,
2342 2812 2454 2850 non
2499 2801 2690 2850 tamen
2739 2811 2958 2849 summo
3016 2795 3177 2862 loco;
3231 2792 3340 2847 nisi
3390 2797 3624 2846 caeteros
3676 2791 3798 2845 illic

496 2879 682 2935 caeteri
703 2895 897 2934 omnes
916 2881 1109 2936 audito
1147 2882 1307 2953 signo
1349 2899 1475 2937 mox
1527 2884 1596 2937 ad
1640 2884 1952 2946 ecclesiam,
2003 2882 2091 2937 cui
2174 2888 2388 2938 stantes
2415 2884 2472 2938 in
2505 2884 2702 2939 ordine
2731 2884 3033 2956 praecellat.
3085 2882 3300 2937 Inﬁrmi
3330 2885 3520 2935 autem
3548 2881 3711 2935 sicut
3739 2885 3801 2934 et

495 2966 748 3038 deputati
777 2974 928 3036 sunt,
949 2978 1265 3026 occurrunt.
1297 2972 1627 3043 Quicunque
1658 2989 1787 3027 vero
1825 2973 1895 3027 de
1922 2972 2091 3026 itine-
2175 2973 2271 3027 alii
2300 2973 2360 3026 in
2390 2990 2455 3028 eo
2485 2978 2639 3028 stant
2669 2974 2858 3039 choro,
2905 2988 3015 3042 quo
3058 2972 3117 3026 in
3155 2971 3354 3041 majori
3414 2969 3657 3024 ecclesia
3708 2973 3798 3024 est

495 3057 752 3113 rentibus
809 3060 970 3114 ﬁnita
1022 3062 1163 3115 hora
1210 3061 1534 3126 adveniunt,
1568 3062 1639 3115 ad
1687 3062 1977 3116 ecclesiam
2030 3062 2086 3115 S.
2115 3116 2152 3132 η
2174 3062 2361 3116 statio.
2383 3063 2623 3116 Juvenes
2652 3079 2778 3116 vero
2808 3062 2868 3116 in
2882 3061 3133 3116 custodia
3160 3059 3346 3132 positi,
3376 3064 3508 3114 ante
3535 3059 3793 3113 formam

494 3144 684 3200 Maria:
704 3163 771 3200 ex
810 3163 917 3202 usu
962 3150 1203 3203 eandem
1260 3150 1456 3203 horam
1515 3166 1716 3203 canere
1758 3150 1843 3204 vel
1893 3116 2344 3216 audireCstant,
2384 3156 2449 3204 ut
2476 3150 2546 3204 ab
2580 3151 2838 3204 omnibus
2866 3150 3039 3203 videri
3069 3149 3310 3220 possint.
3349 3147 3509 3212 Quod
3552 3146 3600 3201 si
3645 3163 3798 3218 opus

494 3240 745 3303 possunt.
781 3235 1009 3291 Missam
1038 3243 1228 3291 autem
1259 3238 1503 3308 priorem
1535 3243 1591 3292 et
1621 3240 1917 3309 majorem,
1946 3238 2092 3292 sicut
2173 3255 2293 3294 esse
2324 3239 2543 3305 viderit,
2588 3239 2738 3294 idem
2793 3239 3113 3310 capellanus
3148 3243 3268 3292 tam
3321 3236 3577 3291 inﬁrmos
3612 3251 3795 3307 quam

494 3328 554 3377 et
581 3323 735 3377 illam
752 3325 970 3393 horam,
1004 3342 1174 3397 quam
1205 3326 1413 3380 inﬁrmi
1447 3332 1578 3381 ante
1627 3327 1926 3398 prandium
1957 3344 2090 3381 can-

493 3416 638 3478 tant,
670 3418 804 3467 ante
840 3414 1093 3481 chorum,
1145 3415 1231 3469 vel
1294 3415 1354 3469 in
1404 3416 1609 3470 minori
1664 3417 1834 3471 choro
1886 3416 2093 3470 debent

495 3501 722 3569 audire;
755 3502 1029 3574 Vesperos
1059 3520 1280 3576 quoque
1309 3504 1369 3559 in
1392 3505 1589 3559 diebus
1610 3505 2088 3575 Quadragesimae,

495 3596 723 3662 excepto
753 3594 870 3646 solo
890 3593 1198 3648 cellerario.

564 3680 641 3734 At
666 3681 713 3733 si
743 3680 1042 3752 aliquando
1071 3682 1369 3753 contigerit
1385 3680 1629 3751 aliquem
1655 3680 2093 3736 obedientiario-

493 3785 622 3822 rum
651 3770 888 3841 collegio
907 3772 1098 3825 domni
1152 3771 1371 3825 abbatis
1404 3771 1487 3824 vel
1518 3770 1718 3840 prioris
1734 3771 1897 3841 jussu
1925 3770 2096 3824 inter-

2173 3329 2333 3393 alios,
2363 3328 2458 3399 qui
2505 3328 2583 3382 ibi
2624 3333 2775 3394 sunt,
2817 3329 2887 3382 ad
2941 3335 3249 3399 utrumque
3304 3326 3535 3380 chorum
3594 3324 3798 3379 videre

2175 3422 2561 3488 competenter
2589 3418 2815 3488 poterit.

2244 3506 2582 3560 Matutinum
2615 3506 2867 3576 aliasque
2897 3505 3064 3559 horas
3078 3502 3797 3573 regularessonalitercan-

2174 3599 2278 3657 tat,
2309 3611 2448 3665 quas
2471 3600 2660 3649 tamen
2686 3612 2798 3649 non
2821 3600 2952 3648 ante
2982 3593 3196 3664 incipit,
3232 3610 3398 3665 quam
3429 3592 3485 3646 in
3516 3592 3695 3646 choro
3712 3591 3793 3645 in-

2175 3688 2364 3755 ceptas
2396 3700 2518 3738 esse
2583 3684 2940 3754 cognoverit;
2974 3687 3202 3753 excepto
3251 3699 3284 3735 a
3358 3681 3795 3753 Septuagesima

2176 3789 2354 3843 usque
2383 3773 2454 3826 ad
2482 3773 2733 3827 Pascha:
2769 3776 2903 3826 tunc
2959 3772 3107 3826 enim
3162 3771 3396 3824 dimissa
3443 3770 3601 3824 scilla
3655 3773 3792 3824 ante

494 3874 635 3925 esse,
669 3860 761 3913 hic
809 3860 1191 3931 supradictam
1238 3860 1437 3915 horam
1485 3876 1609 3913 cum
1663 3860 1857 3914 eodem
1912 3865 2098 3932 potest
2178 3867 2483 3915 nocturnos
2512 3862 2701 3915 statim
2744 3861 3055 3914 orationem
3101 3860 3245 3925 ﬁnit,
3297 3865 3353 3912 et
3409 3858 3790 3929 psalmodiam

490 3948 706 4011 audire,
738 3950 832 4004 illo
860 3956 1051 4005 tamen
1082 3948 1455 4020 praecipiente.
1491 3949 1697 4003 Verum
1731 3950 1777 4003 si
1804 3950 1922 4021 qui'
1945 3950 2095 4005 inter
2174 3950 2391 4021 incipit,
2416 3955 2612 4020 postea
2640 3949 2759 4004 sine
2782 3965 2943 4003 mora
2967 3955 3272 4003 nocturnos
3301 3946 3611 4017 subjungit.
3646 3946 3789 4012 Qui-

489 4039 839 4109 supradictos
867 4045 1040 4093 tantae
1068 4038 1404 4093 valetudinis
1423 4039 1767 4104 sentiuntur,
1789 4045 1853 4093 ut
1874 4040 2093 4094 caeteris
2180 4037 2281 4094 bus
2312 4039 2485 4093 ﬁnitis
2513 4055 2638 4092 cum
2674 4039 2907 4109 psalmis
2940 4036 3314 4091 familiaribus
3345 4036 3689 4090 matutinum
3719 4035 3789 4089 de

492 4126 549 4181 in
571 4128 850 4182 audiendo
877 4133 1043 4182 cantu
1066 4128 1288 4200 aliquod
1318 4128 1663 4197 adjutorium
1714 4128 1929 4198 possint
1961 4146 2094 4182 con-
2178 4127 2439 4182 omnibus
2464 4128 2690 4194 sanctis,
2720 4126 2788 4180 de
2818 4127 3025 4181 Sancta
3049 4126 3248 4192 Maria,
3275 4143 3375 4196 pro
3397 4125 3679 4179 defunctis
3705 4124 3788 4177 in-

492 4215 657 4281 ferre,
681 4233 792 4271 non
814 4217 995 4271 solum
1019 4217 1085 4271 ad
1110 4223 1408 4288 utramque
1431 4217 1659 4270 missam
1683 4217 1738 4270 in
1758 4217 2092 4272 alterutrum
2177 4215 2333 4281 serit,
2364 4216 2508 4270 sicut
2534 4222 2591 4270 et
2621 4232 2719 4287 per
2747 4221 2923 4269 totam
2946 4216 3215 4286 hyemem
3236 4215 3387 4268 facit.
3412 4214 3632 4268 Deinde
3665 4228 3788 4267 ora-

491 4308 727 4361 chorum
756 4307 968 4361 intrare
1017 4307 1437 4378 permittuntur,
1462 4308 1555 4362 sed
1580 4307 1753 4362 etiam
1782 4308 1962 4363 sinon
2013 4308 2095 4362 in-
2175 4305 2330 4359 tione
2388 4306 2536 4359 facta
2586 4304 2877 4375 regulares
2932 4302 3239 4357 matutinos
3267 4302 3523 4374 imponit.
3568 4303 3787 4356 Caetera

491 4396 783 4460 traverint,
806 4396 1039 4467 proinde
1065 4397 1464 4468 corripiuntur.

568 4484 1111 4540 Obedientiariorum
1159 4486 1379 4557 aliquis,
1431 4487 1477 4540 si
1522 4487 1779 4554 voluerit,
1845 4486 2094 4554 missam,

495 4590 619 4645 quae
643 4574 881 4629 inﬁrmis
909 4592 1076 4630 mane
1115 4581 1393 4640 cantatur,
1428 4576 1611 4631 audit:
1661 4576 1832 4648 aliqui
1890 4593 2097 4632 eorun-

493 4663 621 4718 dem
651 4663 783 4718 alibi
821 4665 1061 4719 audiunt
1082 4664 1174 4719 ubi
1224 4664 1482 4737 privatim
1527 4666 1767 4720 canitur.
1810 4668 1871 4720 In
1929 4666 2087 4721 festis

493 4758 684 4807 autem
713 4753 1006 4810 duodecim
1037 4754 1341 4808 lectionum
1384 4753 1551 4809 iidem
1582 4754 1993 4823 obedientiarii,
2034 4759 2091 4807 et

495 4843 680 4899 caeteri
708 4843 977 4914 praedicti,
1003 4843 1099 4914 qui
1127 4848 1360 4913 possunt
1389 4849 1445 4897 et
1467 4844 1674 4910 volunt,
1717 4843 1787 4897 ad
1818 4844 2090 4913 majorem

494 4932 784 4988 ecclesiam
818 4933 1067 4997 veniunt,
1087 4939 1144 4985 et
1170 4932 1214 4986 si
1251 4932 1486 4986 litterati
1539 4937 1693 4997 sunt,
1752 4932 2091 4986 alterutrum

492 5022 989 5078 chorumintrare:
1025 5022 1110 5076 sin
1139 5028 1349 5085 autem,
1382 5028 1513 5076 ante
1529 5023 1784 5085 chorum,
1810 5021 1878 5075 ad
1903 5027 2095 5075 utros-

493 5130 601 5184 que
650 5129 927 5184 vesperos,
993 5112 1060 5166 ad
1125 5112 1432 5166 matutinos
1479 5128 1703 5182 quoque
1759 5116 1815 5164 et
1865 5116 2095 5165 caeteras

491 5204 660 5259 horas
685 5218 976 5258 remanere
996 5208 1250 5273 possunt.
1278 5202 1451 5256 Porro
1471 5202 1517 5255 si
1540 5201 1738 5255 eadem
1785 5200 1924 5255 festa
1964 5215 2092 5255 cum

492 5293 633 5349 albis
658 5300 715 5347 et
742 5291 1095 5364 processione
1119 5291 1493 5354 celebrantur,
1523 5305 1738 5354 omnes,
1773 5306 1913 5360 quos
1933 5289 2093 5342 inﬁr-

489 5384 659 5438 mitas
710 5399 822 5436 non
876 5380 1128 5452 impedit,
1174 5380 1315 5434 albis
1367 5377 1697 5432 induuntur.
1757 5378 1917 5443 Quod
1960 5383 2093 5433 tunc

493 5472 717 5544 quando
757 5471 1035 5541 processio
1066 5486 1177 5524 non
1208 5469 1412 5539 agitur,
1457 5467 1528 5522 ab
1557 5467 1656 5532 eis,
1691 5469 1791 5539 qui
1820 5468 1969 5522 inter
1998 5484 2093 5522 eos

491 5561 743 5616 illiterati
773 5566 923 5624 sunt,
957 5578 1068 5614 non
1097 5559 1360 5631 exigitur.
1384 5559 1660 5614 Caeterum
1710 5558 1771 5613 in
1820 5558 1919 5612 illa
1969 5574 2096 5629 pro-

491 5652 759 5716 Cessione,
793 5650 882 5703 cui
911 5649 1085 5709 albati
1114 5649 1398 5707 intersunt
1415 5663 1542 5711 cum
1571 5648 1787 5703 caeteris
1812 5647 1875 5720 (si
1903 5651 2095 5702 tamen

2106 4392 2154 4449 D
2173 4393 2254 4448 ita
2272 4393 2517 4460 ordinat,
2551 4398 2617 4447 ut
2649 4392 2850 4464 psalmi
2879 4392 3187 4445 familiares
3217 4392 3287 4445 ad
3318 4392 3558 4462 primam
3612 4389 3786 4462 perti-

2180 4488 2378 4537 nentes
2410 4499 2535 4537 cum
2562 4488 2776 4554 septem
2819 4481 3050 4552 psalmis
3077 4487 3134 4535 et
3156 4480 3354 4534 litania
3384 4487 3516 4535 ante
3546 4480 3785 4551 primam

2179 4578 2496 4626 cantentur.
2528 4571 2759 4626 Librum
2791 4571 2848 4625 in
2870 4587 2981 4641 quo
3011 4571 3078 4624 ad
3113 4569 3455 4624 matutinum
3486 4567 3780 4639 legendum

2177 4665 2282 4728 est,
2315 4661 2483 4714 alicui
2519 4660 2774 4731 porrigit,
2811 4675 2976 4730 quem
3024 4659 3095 4713 ad
3138 4659 3244 4712 hoc
3290 4659 3558 4712 idoneum
3610 4656 3781 4711 novit.

2174 4748 2551 4820 Responsoria
2576 4766 2609 4802 a
2641 4748 2837 4820 quovis
2866 4748 3042 4802 fratre
3058 4748 3113 4801 in
3134 4747 3240 4802 hoc
3264 4747 3443 4818 magis
3459 4746 3629 4801 sciolo
3652 4747 3785 4799 sunt

2174 4839 2444 4893 canenda.
2481 4839 2656 4902 Quem
2680 4838 2782 4892 hoc
2810 4843 3031 4908 oportet
3067 4836 3230 4903 scire,
3256 4836 3404 4907 quod
3434 4836 3632 4890 horam
3684 4850 3783 4889 ca-

2175 4928 2346 4982 nendi
2376 4926 2705 4998 tempestive
2734 4925 3016 4995 surgendo
3072 4925 3383 4995 anticipare
3435 4924 3623 4979 debet.
3676 4920 3781 4978 Sed

2176 5017 2335 5071 ﬁnito
2358 5015 2736 5087 responsorio,
2766 5015 2852 5068 vel
2873 5014 3043 5067 etiam
3069 5013 3387 5067 invitatorio
3410 5019 3541 5066 ante
3558 5018 3615 5067 et
3635 5017 3783 5066 retro

2176 5122 2288 5160 non
2330 5104 2482 5160 facit.
2515 5104 2724 5158 Versus
2755 5108 2943 5157 autem
2975 5108 3032 5156 et
3062 5102 3249 5156 brevia
3294 5100 3671 5173 rcsponsoria,
3700 5101 3781 5153 le-

2175 5194 2389 5249 ctiones
2420 5209 2641 5264 quoque
2671 5192 2740 5246 de
2766 5193 2820 5246 S.
2858 5192 3062 5259 Maria,
3088 5199 3144 5245 et
3187 5191 3257 5245 ad
3302 5191 3546 5245 ofﬁcium
3587 5189 3781 5244 defun-

2175 5289 2393 5337 ctorum
2419 5298 2546 5335 cum
2579 5279 2949 5351 responsoriis
2979 5280 3180 5335 stando
3212 5280 3347 5351 legit
3376 5285 3433 5334 et
3478 5285 3667 5336 cantat
3695 5280 3779 5349 ju-

2180 5372 2355 5437 venis,
2386 5369 2433 5424 si
2464 5371 2589 5442 quis
2612 5371 2788 5424 adest.

2246 5461 2392 5530 Ergo
2414 5460 2735 5531 capellanus
2757 5458 2906 5533 idem
2943 5462 3196 5528 tempore
3222 5457 3467 5529 hyemali
3490 5456 3663 5530 ﬁnitis
3689 5455 3773 5509 in-

2176 5552 2469 5605 ﬁrmorum
2492 5536 2803 5611 matutinis,
2830 5546 3047 5600 caeteris
3070 5563 3311 5618 quoque,
3335 5564 3457 5617 quae
3470 5549 3775 5617 sequuntur

2177 5636 2539 5719 appendiciis,
2575 5636 2814 5709 primam
2841 5634 3120 5715 adjungit,
3171 5636 3301 5697 licet
3331 5635 3631 5719 saepissime
3670 5645 3774 5689 non
