3934 6380
96 355 216 413 Il‘Zl

1100 349 1520 406 CONSTITUT.
1562 350 1904 406 HIRSAUG.
1946 381 2016 394 —
2053 354 2191 409 LIB.
2232 355 2306 410 ΙΙ.

3196 362 3224 415 1
3243 358 3340 418 122

95 478 294 533 modica
321 492 451 548 pars
496 476 675 531 noctis
710 474 895 531 adhuc
935 474 1222 547 supersit:
1255 479 1313 529 et
1350 474 1480 546 qui-.1
1517 476 1726 534 nun-A
1743 480 1879 530 sunt
1915 478 2171 543 canendi,
2222 478 2391 533 horas
2436 494 2550 533 non
2601 484 2834 535 cantant
2877 480 3107 550 inﬁrmi,
3159 498 3340 555 neque

95 583 244 639 quam
265 576 390 638 post
416 565 760 619 matutinum
802 565 873 619 ad
901 565 1107 619 lectum
1150 580 1319 618 causa
1347 562 1669 634 quiescendi

95 656 283 727 absque
333 654 559 709 licentia
587 654 750 719 redit,
783 654 892 709 nisi
921 658 1226 708 conventus
1252 651 1495 722 idipsum
1521 652 1666 706 fece—

96 746 174 807 rit,
196 745 249 797 in
275 743 469 797 eadem
510 743 744 797 ecclesia
768 748 1022 797 moratur
1066 758 1357 812 quousque
1386 740 1666 811 processio

96 837 211 892 illuc
250 847 465 906 agatur.
515 835 671 889 Tunc
715 835 940 905 quidem
984 833 1173 887 exiens
1219 838 1349 887 ante
1395 832 1667 903 capellam

97 942 264 979 versus
290 925 601 978 claustrum
618 923 996 987 infirmorum,
1022 923 1109 975 vel
1129 923 1187 976 in
1216 921 1395 992 ipsam
1420 921 1670 974 inﬁrma-

97 998 238 1072 riam.
268 1012 463 1066 tandiu
504 1011 583 1066 ibi
612 1016 914 1082 exspectat,
959 1027 1137 1081 usque
1183 1010 1315 1064 dum
1363 1014 1669 1063 conventus

98 1101 465 1157 dormitorium
485 1101 774 1155 ascendat.
804 1100 961 1165 Quod
975 1099 1020 1154 si
1043 1106 1279 1170 tempus
1296 1116 1413 1155 non
1433 1105 1536 1166 est,
1558 1116 1668 1169 quo

100 1196 377 1245 conventus
408 1190 658 1244 dormire
698 1194 827 1261 post
876 1189 1183 1243 matutinos
1211 1188 1431 1255 debeat,
1462 1187 1583 1260 ipse
1610 1188 1668 1242 in

100 1281 271 1335 eadem
294 1279 528 1350 capella,
552 1279 802 1350 quandiu
829 1284 885 1332 et
913 1278 1118 1341 caeteri,
1151 1282 1452 1348 exspectat.

158 1369 234 1422 Ad
259 1369 495 1422 eundem
529 1384 753 1439 quoque
781 1367 1044 1439 pertinet,
1069 1373 1133 1421 ut
1157 1365 1398 1421 infirmis
1423 1366 1671 1437 quotidie

100 1457 304 1511 missam
331 1473 557 1512 summo
586 1473 752 1511 mane
778 1461 997 1524 cantet;
1022 1455 1081 1509 in
1101 1456 1393 1510 duodecim
1421 1455 1670 1509 lectioni-

101 1545 188 1599 bus
205 1552 257 1599 et
282 1546 337 1599 in
365 1546 579 1616 vigilia,
620 1552 677 1599 et
715 1545 773 1599 in
806 1550 1048 1616 quatuor
1078 1549 1395 1615 temporum
1416 1543 1666 1615 jejuniis,

101 1634 212 1689 etin
234 1635 696 1705 Quadragesima,
729 1650 952 1706 semper
978 1634 1049 1689 de
1091 1633 1214 1700 die;
1242 1633 1367 1688 aliis
1390 1650 1520 1688 vero
1550 1633 1671 1687 die-

100 1723 186 1777 bus
213 1742 304 1794 pro
329 1724 630 1789 defunctis,
666 1724 749 1777 vel
771 1740 941 1794 quam
972 1723 1229 1777 voluerit.
1250 1723 1319 1777 Et
1333 1723 1381 1776 si
1404 1722 1461 1776 in
1477 1722 1670 1792 aliquo

95 1812 272 1882 jejunii
293 1812 382 1866 die
410 1812 709 1867 duodecim
738 1813 1004 1867 lectiones
1034 1817 1447 1882 aguntur,tunc
1465 1811 1733 1882 deipsoB

96 1901 286 1970 jejunio
308 1901 537 1956 missam
566 1900 641 1955 ibi
655 1906 862 1955 cantat.
879 1901 963 1955 Ad
979 1900 1290 1972 quamlibet
1306 1900 1533 1954 missam
1556 1915 1669 1953 non

100 1988 217 2058 legit
246 1996 503 2058 cantum,
525 1989 672 2043 sicut
705 1988 776 2042 ad
825 1988 966 2042 alias
1010 1989 1256 2059 privatas
1310 1988 1529 2051 missas,
1572 1987 1668 2041 sed

102 2084 283 2133 cantat.
324 2078 573 2149 Quaeque
618 2077 689 2131 ad
727 2077 957 2130 missam
989 2076 1095 2131 sibi
1126 2076 1442 2131 necessaria
1479 2077 1671 2130 omnia

101 2166 200 2220 illic
225 2166 385 2221 habet
400 2167 622 2238 jugiter
648 2165 890 2237 reposita
914 2182 928 2229 ;
950 2164 1141 2219 vinum
1169 2171 1227 2219 et
1244 2182 1391 2236 aqua
1420 2164 1587 2219 etiam
1609 2165 1666 2220 in

103 2263 241 2310 nocte
268 2254 340 2309 ibi
368 2271 661 2327 nunquam
692 2253 889 2319 deerit,
913 2259 977 2307 ut
1003 2252 1050 2307 si
1083 2253 1207 2324 quis
1235 2253 1407 2307 fuerit
1428 2253 1497 2306 ad
1515 2269 1670 2307 com-

104 2344 476 2398 municandum
497 2343 856 2398 inﬁrmum...
890 2342 947 2396 in
975 2348 1240 2413 promptu
1269 2342 1561 2396 habeatur.

163 2433 215 2487 Si
256 2433 556 2504 aliquando
588 2431 903 2502 contigerit,
953 2436 1018 2484 ut
1062 2430 1243 2500 prima
1297 2431 1462 2485 solito
1506 2430 1672 2484 citius

107 2522 347 2591 pulsanda
365 2523 458 2586 sit,
486 2522 603 2575 imo
632 2521 850 2591 quoties
876 2519 1129 2584 voluerit,
1163 2524 1295 2573 ante
1332 2520 1579 2573 sonitum
1611 2536 1671 2573 se

105 2610 244 2675 levat,
266 2610 585 2682 ubicunque
610 2609 872 2674 dormiat,
898 2613 955 2663 et
976 2625 1103 2662 mox
1144 2608 1275 2662 lotis
1304 2608 1562 2663 manibus
1600 2608 1671 2662 ad

104 2697 403 2753 lavatorium
446 2701 689 2753 fratrum
740 2699 998 2769 factaque
1037 2697 1308 2762 oratione,
1346 2698 1671 2768 priusquam

106 2784 259 2853 prima
280 2787 555 2856 pulsetur,
581 2786 709 2839 alba
729 2785 984 2856 stolaque
1009 2785 1283 2840 induitur.
1313 2787 1455 2839 Nam
1484 2785 1530 2839 si
1562 2791 1674 2839 sto-

106 2872 198 2926 lam
237 2882 361 2929 ante
411 2874 791 2946 pulsationem
826 2874 1021 2944 primae
1069 2890 1180 2927 non
1232 2874 1502 2932 induerit.
1538 2880 1674 2928 tunc

105 2960 287 3033 absque
322 2962 553 3018 licentia
597 2979 712 3017 non
757 2962 1025 3030 cantabit,
1073 2963 1171 3017 sed
1219 2963 1388 3017 misso
1416 2963 1674 3032 adjutore

105 3063 189 3102 suo
211 3049 489 3105 licentiam
511 3050 674 3121 petit.
719 3051 806 3104 Ad
843 3059 1074 3104 caeteras
1093 3050 1260 3104 etiam
1292 3050 1460 3103 horas
1490 3066 1591 3105 suo
1615 3050 1672 3104 in

104 3139 328 3207 tempore
358 3138 744 3192 decantandas
770 3154 885 3191 non
916 3138 1115 3202 deerit,
1136 3144 1383 3208 excepto,
1406 3154 1531 3192 cum
1551 3154 1679 3209 pro-

106 3232 210 3297 pter
224 3231 420 3286 festum
436 3230 670 3302 aliquod
685 3230 814 3284 alba
832 3230 914 3285 vel
936 3246 1114 3301 cappa
1128 3230 1360 3285 indutus
1376 3232 1676 3286 conventui

106 3315 396 3374 interfuerit
411 3338 425 3389 ;
438 3325 580 3373 tunc
592 3318 700 3390 ipsi
716 3335 816 3390 per
826 3336 887 3373 se
903 3319 1131 3373 tertiam
1153 3324 1211 3373 et
1228 3325 1440 3374 sextam
1453 3336 1678 3391 quoque

107 3407 411 3477 cantabunt;
446 3408 595 3462 sicut
616 3408 788 3462 etiam
819 3415 954 3462 tunc
984 3408 1219 3474 faciunt,
1240 3408 1287 3462 si
1317 3410 1540 3479 quando
1560 3409 1674 3475 ille,

107 3508 220 3550 casu
244 3496 428 3569 aliquo
449 3496 779 3568 impeditus,
798 3495 858 3550 in
875 3503 1129 3568 tempore
1149 3496 1283 3551 illuc
1304 3513 1415 3551 non
1443 3498 1674 3552 venerit.

166 3586 188 3609 "
201 3585 370 3641 Debet
389 3602 617 3658 quoque
637 3585 757 3656 ipse
777 3584 1025 3656 quotidie
1039 3585 1110 3640 ad
1137 3595 1435 3658 utramque
1447 3587 1675 3641 missam

109 3688 210 3727 esse
243 3676 300 3730 in
335 3677 616 3730 alterutro
642 3675 832 3740 choro,
878 3679 1105 3744 excepto
1132 3673 1179 3726 si
1204 3674 1443 3728 infirmis
1465 3675 1677 3730 eisdem

108 3761 235 3818 infra
255 3767 525 3836 majorem
546 3764 773 3819 missam
796 3770 1029 3829 sextam,
1055 3764 1139 3817 vel
1158 3763 1217 3817 in
1237 3764 1679 3835 Quadragesima

108 3866 340 3922 vesperos
381 3860 614 3909 cantare
637 3853 819 3907 debet.
854 3854 939 3907 Ad
971 3870 1137 3924 quam
1170 3860 1358 3908 tamen
1394 3859 1589 3925 postea
1618 3854 1676 3908 in

110 3940 255 3996 choro
301 3945 383 3998 vel
439 3949 572 3998 ante
614 3944 845 3997 chorum
893 3959 1005 3996 non
1059 3942 1259 4006 deerit,
1300 3943 1347 3996 si
1378 3942 1681 3996 necessitas

111 4030 276 4100 aliqua
294 4049 406 4087 non
431 4032 838 4103 supervenerit.
884 4032 1049 4085 Illum
1076 4030 1247 4085 etiam
1276 4031 1417 4085 scire
1438 4036 1677 4102 oportet,

113 4120 303 4188 quodin
316 4121 407 4177 die
428 4120 757 4175 Nativitatis
788 4120 1031 4187 Domini,
1061 4126 1117 4174 et
1144 4120 1202 4173 in
1239 4121 1361 4190 ejus
1381 4126 1594 4186 octava,
1628 4125 1682 4175 et

112 4204 470 4265 infestivitate
493 4209 761 4273 Omnium
796 4211 1146 4271 Sanctorum,
1179 4225 1376 4263 cursus
1406 4209 1684 4280 quotidia-

113 4310 202 4350 nus
227 4297 292 4352 de
321 4300 376 4354 S.
405 4299 591 4353 Maria
635 4297 960 4353 recitandus
1002 4303 1105 4363 est,
1159 4298 1420 4368 quodque
1466 4315 1687 4369 semper

1690 3094 1733 3156 Ο

1748 563 2076 633 psalterium
2125 566 2183 619 in
2229 583 2545 637 parascevc.
2593 567 2873 623 Praeterea
2905 569 3344 644 quotiescunque

1747 653 2009 721 regulare
2031 655 2310 724 jejunium
2349 657 2556 726 agitur,
2591 662 2647 710 et
2675 657 2745 711 ab
2778 658 2969 712 Idibus
2999 660 3344 731 Septembris

1748 757 1926 811 usque
1953 742 2025 796 ad
2054 744 2336 798 Kalendas
2349 744 2697 811 Novembris,
2714 762 2747 799 a
2767 747 3191 819 Septuagesima
3213 768 3348 821 quo-

1749 846 1858 900 que
1885 846 2064 902 usque
2093 832 2151 885 in
2174 833 2696 902 Quadragesimam,
2729 835 2904 890 ﬁnitis
2923 839 3167 909 vesperis
3193 840 3348 896 infir-

1750 934 1992 984 morum,
2024 926 2325 991 antequam
2353 922 2419 975 ad
2443 923 2775 977 coenandum
2817 926 3194 995 egrediantur,
3224 930 3347 985 offi-

1749 1007 1897 1061 cium
1929 1008 2315 1064 defunctorum
2337 1027 2508 1081 agere
2537 1028 2647 1065 non
2670 1018 2942 1068 moratur.
2979 1015 3156 1071 Debet
3174 1018 3345 1074 etiam

1749 1102 1997 1160 cantare,
2032 1100 2250 1152 Placabo
2289 1101 2538 1161 Domino,
2580 1099 2638 1153 in
2679 1102 2926 1156 secunda
2952 1119 3183 1175 vespera
3211 1107 3348 1162 duo-

1750 1184 1929 1238 decim
1951 1185 2272 1251 lectionum,
2297 1188 2519 1257 quando
2539 1188 2597 1242 in
2617 1190 2861 1243 crastino
2886 1196 3349 1251 commemoratio

1750 1272 1987 1343 alicujus
2005 1274 2253 1329 defuncti
2277 1276 2524 1330 maxima
2551 1277 2663 1331 ritu
2692 1280 2913 1348 agenda
2940 1287 3042 1335 est.
3067 1282 3124 1336 Si
3153 1300 3348 1339 versus

1750 1363 1838 1416 vel
1859 1363 2108 1434 psalmus
2127 1364 2410 1434 aliquisin
2437 1367 2789 1436 regularibus
2817 1369 2972 1423 horis
3012 1370 3085 1424 ad
3121 1371 3178 1425 S.
3225 1371 3346 1428 Ma-

1753 1451 1894 1505 riam
1935 1453 2454 1523 praatermittentur,
2493 1462 2722 1527 propter
2751 1457 2854 1511 hoc
2880 1459 2998 1529 ipse
3027 1461 3348 1531 capellanus

1753 1545 1811 1593 et
1837 1540 1953 1601 alii,
1978 1540 2073 1610 qui
2105 1541 2175 1595 ad
2210 1541 2517 1611 capitulum
2554 1543 2804 1609 veniunt,
2840 1546 2888 1599 si
2917 1564 2975 1601 se
2998 1548 3054 1602 in
3086 1549 3190 1602 hoc
3213 1550 3348 1604 deli-

1753 1629 1941 1699 quisse
1969 1637 2327 1699 cognoscunt,
2359 1631 2579 1685 veniam
2611 1638 2829 1703 petunt.

2358 1720 2593 1775 CAPUT
2631 1722 2742 1775 LV.

2103 1808 2178 1860 De
2206 1810 2563 1875 inﬁrmariis,
2594 1812 2703 1863 sive
2724 1812 2990 1877 inﬁrmis.

1819 1894 1937 1965 (un.
1976 1896 2129 1963 ear.)
2173 1897 2544 1965 Inﬁrmarius,
2582 1898 2677 1968 qui
2706 1901 2964 1955 sacerdos
3002 1902 3169 1958 debet
3205 1921 3346 1973 esse,

1751 1984 1820 2037 ad
1843 1983 2172 2055 obsequium
2207 1985 2558 2040 infirmorum
2589 1988 2890 2058 separatim
2916 1990 3084 2045 habet
3107 2010 3349 2065 coquum
3392 2050 3397 2055 ,

1752 2078 1809 2125 et
1837 2073 2155 2143 coquinum.
2202 2074 2267 2127 Et
2308 2074 2427 2144 ipse
2456 2091 2677 2145 quoque
2701 2077 2952 2147 quotidie
2980 2096 3009 2132 a
3039 2083 3350 2138 ramerario

1751 2162 1969 2232 quaerit.
2001 2162 2149 2232 quod
2198 2179 2338 2233 opus
2386 2162 2663 2230 habuerit,
2722 2171 2787 2219 ut
2824 2167 2973 2236 quod
3000 2168 3241 2225 inﬁrmis
3278 2172 3350 2227 ad

1751 2250 2107 2305 refectionem
2132 2256 2218 2305 est
2238 2253 2687 2323 praeparandum,
2713 2257 3042 2325 tempestive
3070 2276 3350 2331 praepare-

1753 2345 1865 2396 tur.
1899 2341 1921 2364 ⁶
1951 2341 2167 2395 Inﬁrmi
2181 2341 2652 2411 autem,quamvis
2664 2343 2915 2412 quotidie
2932 2344 3161 2400 missam
3179 2364 3349 2419 quam

1754 2427 2053 2498 praedictus
2081 2428 2400 2498 capellanus
2431 2429 2512 2482 eis
2540 2435 2750 2496 cantat,
2782 2431 3039 2499 audiunt,
3062 2435 3133 2490 ad
3162 2442 3351 2492 matu-

1752 2517 1934 2571 tinum
1965 2523 2156 2571 tamen
2185 2534 2405 2588 semper
2433 2524 2854 2573 commorantur
2872 2537 3050 2593 usque
3065 2524 3198 2579 dum
3231 2544 3352 2583 ora-

1754 2607 1834 2660 tio
1866 2605 2047 2675 prima
2098 2612 2226 2676 post
2271 2607 2722 2661 communionem
2769 2609 3017 2664 finiatur.
3065 2613 3151 2667 Ad
3183 2632 3354 2686 quam

1757 2694 2005 2752 missam,
2037 2712 2163 2748 cum
2186 2695 2843 2762 intraverintecclesiam,
2864 2697 2932 2752 ab
2963 2716 3047 2762 eo,
3087 2703 3183 2772 qui
3203 2703 3354 2759 inter

1755 2799 1851 2836 eos
1876 2782 2028 2853 prior
2056 2789 2140 2836 est
2172 2782 2235 2846 (si
2266 2789 2454 2837 tamen
2480 2790 2564 2837 est
2580 2783 2880 2855 litteratus)
2897 2803 3041 2858 aqua
3061 2788 3354 2848 benedicta

1754 2878 2148 2941 asperguntur,
2182 2871 2313 2925 licet
2338 2873 2507 2926 etiam
2538 2873 2783 2927 diluculo
2823 2876 2890 2928 ad
2927 2878 3194 2948 capellam
3237 2881 3353 2936 sint

1754 2959 1985 3030 aspersi.
2018 2960 2321 3031 Postquam
2348 2977 2543 3015 omnes
2563 2962 2935 3030 consederint,
2966 2964 3024 3019 in
3053 2983 3247 3024 eorum
3267 2987 3354 3024 ar-

1758 3048 1922 3103 bitrio
1943 3054 2028 3102 est
2056 3053 2248 3103 utrum
2279 3049 2392 3103 illic
2420 3057 2682 3121 cooperto
2714 3068 2786 3105 an
2817 3053 3025 3109 nudato
3055 3057 3237 3127 capite
3262 3075 3353 3114 se-

1758 3137 1950 3206 deant,
1990 3137 2248 3192 similiter
2283 3142 2341 3190 et
2386 3138 2456 3192 ad
2501 3139 2555 3193 S.
2606 3139 2865 3195 Mariam.
2916 3142 3002 3197 Ibi
3043 3162 3264 3216 quoque
3308 3148 3358 3203 si

1759 3227 1884 3298 quis
1914 3227 2053 3281 adeo
2083 3226 2279 3280 debilis
2321 3233 2424 3290 est,
2459 3243 2630 3297 super
2650 3229 2906 3298 juncum.
2939 3232 3033 3303 qui
3064 3235 3270 3290 talibus
3297 3237 3356 3294 in

1759 3316 1989 3370 modum
2015 3315 2345 3369 lectisternii
2365 3315 2583 3385 jugiter
2610 3316 2727 3371 illic
2753 3318 2824 3372 ab
2853 3322 3099 3377 armario
3128 3326 3211 3378 vel
3234 3328 3281 3396 ej
3293 3343 3357 3381 us

1759 3405 1849 3476 adj
1859 3410 2017 3459 utore
2038 3410 2383 3475 praeparatus
2392 3406 2560 3476 jacet,
2580 3405 2801 3476 pellicio
2824 3409 2992 3480 capiti
3005 3415 3357 3486 superposito

1760 3509 2001 3565 pausare
2027 3499 2232 3564 potest.

1829 3581 2127 3636 Sciendum
2167 3587 2377 3649 tamen,
2411 3581 2559 3653 quia,
2612 3599 2724 3654 qua
2762 3583 2853 3638 die
2882 3587 3215 3649 radendum.
3257 3607 3358 3648 seu

1757 3671 1992 3725 radendi
2021 3676 2173 3738 sunt,
2200 3672 2269 3725 ad
2298 3671 2688 3725 matutinalem
2715 3672 2941 3728 missam
2965 3692 3078 3730 non
3107 3679 3360 3748 veniunt,

1759 3760 1855 3814 sed
1900 3759 2127 3813 interim
2168 3760 2444 3814 raduntur
2475 3776 2486 3810 :
2518 3761 2796 3814 raduntur
2830 3769 3021 3817 autem
3062 3766 3261 3836 pridie,
3298 3774 3361 3822 ut

1759 3865 1930 3919 supra
1976 3847 2184 3901 dictum
2233 3856 2337 3913 est,
2372 3866 2539 3920 quam
2587 3855 2921 3918 conventus;
2969 3852 3017 3906 si
3065 3855 3209 3908 forte
3255 3857 3361 3911 hoc

1762 3937 1966 3990 festum
1998 3936 2225 4007 aliquod
2267 3939 2351 3990 vel
2383 3938 2679 3992 defunctus
2708 3955 2819 3992 non
2859 3938 3094 4011 impedit
3126 3960 3138 4009 ;
3181 3950 3238 3998 et
3287 3945 3360 3999 ad

1763 4026 1870 4081 hoc
1904 4025 2237 4097 singulatim
2267 4027 2482 4081 rasoria
2512 4033 2570 4081 et
2596 4028 2770 4081 lintea
2799 4026 2868 4081 ab
2901 4028 3210 4087 inﬁrmario
3239 4050 3360 4088 ser-

1765 4120 1986 4182 vantur,
2021 4132 2144 4186 quae
2177 4114 2345 4168 etiam
2390 4132 2424 4169 a
2467 4116 2678 4170 famulo
2717 4122 3013 4184 acuuntur,
3049 4120 3192 4174 etin
3220 4127 3361 4176 tem-

1767 4221 1902 4275 pore
1932 4221 2141 4258 rasurae
2181 4203 2251 4257 ab
2281 4204 2477 4258 eodem
2508 4205 2793 4259 rasoribus
2828 4206 3262 4267 distribuuntur.
3296 4213 3361 4267 In

1766 4294 1876 4357 die,
1909 4310 2020 4364 qua
2049 4293 2250 4347 fratres
2278 4293 2651 4347 communiter
2694 4294 2751 4348 in
2789 4295 3034 4351 claustro
3063 4299 3358 4355 raduntur.

112 4398 206 4438 uno
221 4387 523 4460 eodemque
544 4387 709 4442 modo
740 4386 814 4440 sit
840 4386 1164 4453 canendus;
1201 4386 1307 4440 nisi
1341 4386 1399 4439 in
1428 4387 1745 4460 Adventu_
1768 4389 1895 4454 post
1936 4382 2349 4453 percussionem
2407 4382 2612 4437 tabulae
2650 4399 2829 4454 usque
2867 4384 3001 4439 dum
3051 4389 3365 4459 psalmodia

112 4470 331 4543 Domini,
376 4484 438 4531 et
472 4476 621 4530 infra
657 4476 991 4530 Natalitium
1031 4474 1247 4546 ipsius;
1290 4492 1325 4529 a
1360 4481 1495 4529 tunc
1533 4448 2089 4542 enimDincipiatur,
2112 4470 2322 4525 inﬁrmi
2342 4471 2513 4525 etiam
2548 4470 2877 4541 loquuntur.
2906 4474 2982 4528 At
3010 4477 3366 4547 quotiescun-

112 4568 286 4619 cantus
325 4566 510 4620 eidem
547 4565 788 4636 tempori
836 4580 1117 4634 congruas
1158 4564 1227 4618 de
1257 4580 1325 4617 ea
1349 4564 1590 4629 canitur,
1634 4571 1692 4619 et

114 4653 240 4719 quod
276 4653 333 4708 in
376 4653 673 4710 duodecim
704 4653 1038 4707 lectionibus
1067 4653 1138 4706 ad
1170 4652 1509 4706 matutinum
1541 4653 1689 4723 ejus-

114 4737 221 4794 dem
249 4759 461 4804 cursus,
497 4744 739 4814 hymnus
785 4744 851 4796 Te
888 4743 1060 4796 Deum
1109 4743 1404 4796 laudamus
1454 4758 1563 4796 non
1605 4747 1691 4797 est

120 4832 614 4896 praetermittendus
637 4850 650 4899 ;
674 4836 732 4885 et
752 4830 899 4901 quod
926 4836 1052 4901 post
1095 4832 1257 4884 Verba
1285 4847 1405 4884 mea
1434 4830 1691 4885 anniver-

122 4915 238 4970 salis
273 4919 450 4972 oratio
491 4918 740 4989 quotidie
781 4917 928 4971 sicut
963 4924 1021 4971 et
1046 4917 1105 4971 in
1143 4924 1439 4985 conventu,
1489 4919 1560 4973 ab
1598 4919 1694 4977 illo

116 5009 192 5057 est
217 5006 464 5062 dicenda.
520 5007 665 5062 Item
708 5006 756 5061 si
788 5007 1012 5077 quando
1056 5023 1157 5078 pro
1186 5007 1551 5062 tribulatione
1580 5013 1692 5063 tres

116 5093 314 5162 psalmi,
340 5096 398 5151 id
419 5101 523 5162 est,
554 5098 806 5162 Domine,
831 5097 967 5164 quid
997 5097 1381 5164 multiplicati.
1407 5098 1546 5152 Deus
1564 5113 1691 5151 nos-

119 5185 188 5233 ter
212 5186 511 5253 refugium.
534 5185 620 5240 Ad
644 5189 692 5238 lc
713 5186 890 5238 levavi
912 5203 928 5237 :
952 5190 1080 5255 post
1100 5185 1405 5255 capitulum
1419 5192 1551 5239 sunt
1566 5202 1694 5239 can-

118 5273 274 5337 tandi,
307 5274 363 5328 hi
400 5279 458 5327 et
496 5272 566 5327 ab
600 5272 838 5327 inﬁrmis
869 5290 980 5327 non
1010 5281 1144 5328 sunt
1171 5274 1520 5345 negligendi;
1553 5274 1690 5345 quin

120 5373 200 5412 eos
229 5367 349 5430 post
383 5362 698 5432 regularem
727 5361 945 5425 horam,
982 5378 1104 5432 qua:
1131 5362 1437 5433 capitulum
1476 5368 1694 5416 antece-

120 5446 206 5511 dit,
230 5451 510 5519 prostrati,
533 5451 581 5505 si
613 5449 744 5504 talis
766 5457 854 5504 est
872 5450 1012 5515 dies,
1053 5456 1111 5504 et
1128 5451 1237 5520 ipsi
1256 5455 1500 5506 cantent.
1530 5451 1693 5505 Atta-

123 5549 237 5590 men
255 5538 300 5592 si
327 5539 550 5610 quando
581 5540 741 5594 Verba
756 5555 875 5594 mea
894 5545 1025 5611 post
1041 5539 1349 5611 capitulum
1377 5556 1477 5612 pro
1504 5539 1694 5610 aliquo

125 5622 389 5697 defuncto,
417 5629 581 5700 cujus
602 5627 788 5684 brevis
814 5627 875 5682 in
900 5620 1022 5700 ipso
1035 5628 1279 5700 capitulo
1299 5632 1691 5700 praesentatur,

1772 4577 1880 4631 que
1908 4566 2213 4613 conventus
2260 4559 2477 4613 duabus
2523 4560 2731 4616 vicibus
2771 4566 3094 4633 comederit,
3120 4568 3205 4622 vel
3234 4568 3366 4623 uni-

1771 4650 1984 4703 versale
2010 4648 2288 4719 jejunium
2328 4648 2677 4719 persolverit,
2706 4657 2840 4706 tunc
2872 4655 2967 4725 qui
2992 4655 3049 4710 in
3078 4656 3220 4711 lecto
3250 4672 3364 4712 non

1765 4738 2065 4808 jacuerint,
2103 4754 2211 4792 non
2240 4739 2512 4792 omittunt
2535 4739 2606 4792 ad
2637 4741 2906 4810 majorem
2940 4745 3165 4799 missam
3195 4745 3367 4801 inter-

1770 4827 2251 4897 esse,(UD.)usque
2272 4826 2406 4880 dum
2430 4827 2793 4898 Evangelium
2813 4830 2888 4884 sit
2910 4831 3135 4901 lectum,
3159 4839 3214 4888 et
3232 4839 3368 4889 tunc

1775 4916 2043 4969 recedunt
2062 4916 2131 4968 ad
2156 4916 2211 4969 S.
2248 4915 2506 4976 Mariam,
2540 4923 2605 4970 ut
2633 4922 2861 4972 cantent
2889 4927 3124 4987 sextam,
3151 4939 3253 4978 nec
3280 4924 3368 4978 ul-

1773 5004 1950 5071 terius
1980 5004 2258 5076 prandere
2287 5009 2598 5069 morantur,
2644 5005 2751 5059 nisi
2805 5007 2863 5061 in
2910 5008 3001 5063 die
3046 5018 3239 5067 sancto
3267 5028 3370 5084 pa-

1773 5110 2012 5159 resceve,
2034 5095 2054 5115 ¹’
2089 5099 2225 5148 tunc
2255 5093 2405 5148 enim
2435 5110 2612 5164 usque
2643 5095 2713 5147 ad
2740 5095 2908 5149 finem
2939 5098 3113 5152 ofﬁcii
3142 5100 3219 5154 ibi
3247 5119 3373 5173 per-

1774 5184 2001 5248 sistunt,
2016 5187 2074 5235 et
2091 5181 2413 5236 discalciati.
2433 5186 2564 5249 (UD.)
2581 5182 2640 5237 Si
2662 5188 2851 5237 autem
2865 5194 3170 5243 conventus
3190 5205 3370 5263 usque

1773 5272 1845 5325 ad
1875 5288 2080 5325 nonam
2116 5271 2628 5342 jejunaverit,‘ipsi
2660 5278 2785 5342 post
2831 5274 3158 5345 capitulum,
3196 5281 3282 5333 vel
3321 5282 3369 5336 si

1774 5359 2080 5430 capitulum
2111 5367 2213 5423 est,
2248 5365 2379 5414 ante
2407 5360 2656 5425 tertiam,
2691 5367 2747 5414 et
2775 5361 2845 5415 ab
2889 5363 3077 5417 Idibus
3113 5365 3371 5437 Septem-

1774 5447 1889 5502 bris
1906 5465 2082 5519 usque
2098 5449 2166 5502 ad
2186 5450 2466 5503 Kalendas
2480 5449 2735 5505 Octobris
2751 5456 2876 5522 post
2891 5452 3115 5506 tertiam
3132 5459 3368 5522 stantes,

1775 5544 2004 5591 cantant
2051 5542 2263 5593 sextam
2297 5539 2585 5610 praemissa
2625 5540 2896 5606 oratione,
2938 5547 2994 5595 et
3033 5541 3103 5595 ad
3134 5544 3373 5602 eandem

1781 5626 2115 5695 orationem,
2138 5626 2286 5682 sicut
2314 5629 2484 5682 etiam
2514 5629 2587 5684 ad
2626 5629 2953 5701 quamlibet,
2977 5631 3024 5686 si
3048 5635 3269 5704 tempus
3289 5642 3375 5692 est
