3934 6366
489 339 630 395 1423

1523 329 1581 382 S.
1618 326 2018 384 GUILLELMI
2052 322 2356 379 ﬁBBATIS
2391 322 2732 382 HIRSAUG.

3630 321 3779 390 11%

484 459 907 535 procumbendi,
931 456 1030 528 qui
1053 459 1226 510 tantae
1246 469 1359 510 non
1379 459 1513 508 sunt
1537 452 1902 518 inﬁrmitatis,
1921 453 2156 522 δορα-Α
2175 453 2286 515 tur,
2319 449 2375 503 in
2407 450 2642 505 coclesia
2679 451 2737 506 S.
2773 452 2962 506 Mariae
2989 446 3264 519 moratur;
3294 455 3568 526 ﬁnitoque
3586 458 3777 527 mai-9.»

487 552 699 607 formas
738 545 1134 620 procumbunt,
1185 547 1243 596 et
1278 548 1410 596 ante
1440 547 1499 596 et
1527 547 1680 596 retro
1712 541 1940 596 faciunt.
1984 540 2090 604 Qui

486 657 618 695 vero
644 639 783 692 adeo
812 633 1021 690 inﬁrmi
1051 638 1202 698 sunt,
1246 632 1490 685 sedendo
1545 639 1768 684 tantum
1805 629 2091 699 signaculo

488 728 670 784 crucis
699 743 760 781 se
787 723 1069 788 muniunt,
1104 720 1374 790 ﬁnitaque
1416 720 1556 772 hora
1579 735 1639 772 se
1668 718 1944 772 reﬁciunt.

561 818 626 874 In
657 814 948 870 duodecim
983 808 1316 864 lectionibus
1333 807 1602 878 quotidie,
1624 812 1825 860 moxut
1844 805 2090 860 sonitum

492 905 752 967 audiunt,
785 918 846 956 se
870 901 1118 954 levantes
1144 902 1201 950 et
1227 913 1377 966 aqua
1409 894 1704 950 benedicta
1731 900 2092 964 aspergentes

489 993 562 1048 ad
608 993 665 1050 S;
722 988 959 1043 Mariam
1008 986 1259 1051 veniunt,
1304 984 1614 1038 orationem
1661 988 1882 1037 tantum
1918 997 2092 1035 unam

489 1057 708 1145 stando,
736 1079 820 1131 vel
850 1076 945 1147 qui
981 1075 1122 1130 adeo
1166 1079 1300 1128 sunt
1334 1073 1580 1132 invalidi,
1625 1071 1868 1125 sedendo
1897 1076 1998 1125 aut
2030 1070 2091 1124 in

485 1169 718 1244 privatis
752 1165 971 1228 diebus,
991 1165 1050 1218 in
1068 1163 1268 1234 quibus
1296 1161 1514 1216 sonitus
1531 1161 1737 1235 agitur,
1754 1159 2091 1230 prccidendo

483 1265 777 1332 peragunt.
806 1257 942 1323 (00.)
966 1254 1268 1322 Nunquam
1292 1251 1662 1304 meridiantur
1677 1249 2089 1319 diutiu‘s,quam

487 1355 546 1403 et
573 1350 898 1403 conventus.
923 1343 1006 1398 Ad
1030 1341 1326 1412 prandium
1346 1355 1474 1393 vero
1491 1339 1699 1392 habent
1717 1338 1829 1392 tria
1856 1337 2084 1400 fercula;

487 1437 559 1492 ad
587 1420 804 1490 cénam
833 1448 1030 1487 unum.
1073 1431 1144 1483 Et
1178 1429 1248 1482 ad
1279 1444 1492 1481 ccenam
1527 1427 1752 1497 quidem
1793 1426 1851 1479 in
1895 1441 2092 1480 mona-

486 1525 662 1580 sterio
689 1507 816 1594 post
846 1535 1103 1589 vesperas
1127 1517 1276 1571 dicto
1306 1517 1695 1570 Benedicamus
1726 1516 1959 1569 Domino
1997 1523 2091 1567 ac-

489 1615 687 1670 cedere
709 1610 1134 1678 omnitempore
1155 1607 1232 1660 sic
1261 1605 1599 1670 accelerant,
1636 1606 1658 1628 ⁶
1685 1609 1750 1657 ut
1778 1620 1890 1657 non
1910 1603 1984 1657 sit
1999 1611 2093 1658 ne.

489 1719 646 1757 cesse
675 1701 790 1756 ulla
817 1699 934 1752 vice
972 1694 1326 1750 collationem
1365 1693 1749 1764 supersedere.
1783 1693 1929 1746 Nam
1963 1708 2092 1746 mox

2175 539 2253 592 ris
2296 539 2477 593 missa:
2524 540 2824 609 Evangelio
2865 537 3139 599 reﬁcitur.
3181 543 3338 606 Quod
3377 544 3426 598 si
3457 544 3541 598 bis
3583 558 3778 600 come;

2175 628 2306 680 dere
2337 627 2618 692 habuerit,
2649 636 2944 699 postquam
2973 631 3043 684 ad
3070 631 3174 684 hoc
3208 647 3306 702 per
3333 633 3711 689 inﬁrmariur'n
3744 639 3782 688 ά

2172 717 2359 787 priore
2406 717 2689 771 licentiam
2734 719 3030 789 acceperit,
3072 720 3332 792 deinceps
3372 724 3593 793 quoties
3649 725 3780 779 vult

2173 821 2302 858 cum
2335 805 2460 860 aliis
2487 807 2684 860 reﬁcit.

2249 895 2384 960 (um)
2427 895 2535 948 Sed
2565 903 2627 948 ut
2656 897 2879 950 redeam
2911 898 2982 951 ad
3012 899 3384 954 inﬁrmarinm
3410 918 3422 954 :
3448 902 3517 954 ad
3545 909 3784 957 nocetur;

2175 997 2276 1036 nos
2304 983 2465 1036 factis
2493 985 2842 1039 orationibus
2875 988 3076 1057 accipit
3104 989 3453 1050 absconsum.
3487 998 3546 1044 et
3573 992 3784 1046 circuit

2173 1071 2319 1126 lecta
2342 1073 2594 1126 omnium
2619 1073 2990 1140 inﬁrmorum,
3017 1083 3080 1130 ut
3109 1077 3309 1144 videat,
3350 1079 3396 1132 si
3428 1081 3551 1149 quis
3575 1085 3780 1134 eorum

2172 1161 2421 1214 nondum
2451 1163 2757 1216 surrexerit
2783 1167 2841 1217 et
2869 1168 3098 1236 propter
3113 1168 3245 1236 quid
3267 1170 3782 1223 remanSeritlnde

2171 1265 2428 1302 reversus
2457 1251 2528 1304 ad
2553 1252 2824 1322 capellam
2860 1260 2975 1307 tam
3016 1255 3268 1309 inﬁrmos
3297 1261 3464 1327 uuam
3497 1257 3638 1312 bene
3668 1259 3782 1312 ba-

2170 1336 2364 1392 bentes
2396 1339 2472 1392 ibi
2505 1341 2828 1409 perlustrat,
2858 1348 2915 1397 et
2938 1342 2985 1396 si
3020 1357 3187 1414 quem
3217 1345 3588 1400 dormientem
3621 1349 3783 1402 inve-

2171 1427 2338 1493 nerit,
2367 1428 2524 1480 illum
2555 1429 2838 1484 excitatin
2855 1443 3016 1486 muro
3039 1433 3122 1486 vel
3152 1434 3211 1486 iu
3239 1434 3422 1489 forma
3441 1437 3781 1491 absconsam

2171 1516 2466 1570 trahendo.
2505 1516 2718 1572 Eadem
2749 1520 2976 1574 circatio
3007 1522 3371 1577 nihilominus
3392 1525 3490 1578 ﬁet
3527 1526 3782 1580 secundo

2173 1609 2446 1658 nocturno
2492 1608 2636 1675 pene
2685 1608 2844 1662 ﬁnito
2881 1608 2938 1664 et
2985 1611 3133 1664 infra
3179 1615 3539 1669 matutinales
3572 1617 3783 1671 laudes

2174 1691 2242 1743 ad
2267 1692 2530 1747 ultimum
2559 1697 2860 1764 psalmum.
2886 1699 2968 1752 Ad
2996 1714 3124 1754 eum
3145 1701 3366 1773 quoque
3389 1705 3650 1774 pertinet,
3687 1709 3778 1774 ut,

490 1798 556 1847 ut
583 1805 844 1860 vesperos
887 1789 1236 1857 percantant,
1268 1761 1611 1836 inﬁrmarius
1663 1780 1968 1851 assumptis
2012 1761 2154 1833 fa-B
2172 1778 2219 1831 si
2241 1780 2366 1850 quis
2391 1781 2461 1835 de
2482 1783 2624 1838 lecto
2650 1795 2880 1855 surgere
2905 1802 3018 1841 non
3048 1797 3251 1858 potest,
3275 1793 3496 1847 summa
3524 1793 3784 1850 diluculo

490 1879 680 1945 mulis,
716 1883 775 1932 et
802 1877 850 1931 si
870 1891 1010 1947 opus
1036 1879 1140 1939 est,
1163 1872 1420 1942 adjutore
1445 1883 1547 1925 suo
1574 1871 1645 1925 ad
1668 1869 1966 1940 coquinam
1979 1868 2091 1923 fes-
2322 1870 2611 1928 cellera'rio
2638 1875 2826 1928 veniat
2857 1876 3024 1976 (sicut
3046 1883 3111 1976 et.
3129 1877 3186 1976 in
3217 1880 3332 1976 alio
3357 1881 3475 1936 loco
3638 1889 3785 1976 pne-

489 1969 656 2032 tinat,
680 1971 744 2020 ut
771 1981 893 2036 quae
919 1962 1030 2017 illis
1051 1961 1110 2014 in
1132 1960 1313 2014 cibum
1338 1965 1471 2014 sunt
1501 1959 1836 2021 necessaria,
1853 1963 2094 2028 tempes-
2173 1956 2311 2028 dixi)
2339 1967 2400 2012 ut
2417 1976 2544 2014 cum
2576 1978 2640 2016 eo
2669 1965 2986 2032 concordet,
3019 1963 3154 2037 quid
3182 1968 3252 2022 ad
3283 1971 3405 2039 ejus
3425 1971 3785 2044 Ριῂῂωιθιωο

489 2056 603 2113 tive
633 2037 851 2110 alferat.
2173 2049 2594 2104 recreationem.

560 2144 722 2209 Quod
749 2143 797 2198 si
814 2140 1142 2196 mandatum
1174 2142 1260 2192 est
1287 2136 1586 2206 agendum,
1629 2134 1803 2189 ﬁnitis
1847 2133 2093 2205 vesperis

489 2237 548 2289 et
587 2232 822 2298 caeteris,
853 2246 976 2301 quae
1025 2233 1340 2298 sequuntur
1381 2223 1741 2295 appenditiis,
1763 2229 1828 2277 ut
1855 2222 2089 2278 abluant

488 2323 662 2396 pedes
692 2337 906 2385 eorum,
924 2318 1007 2373 ire
1019 2333 1130 2372 non
1147 2316 1415 2370 differunt
1438 2332 1450 2380 ;
1471 2313 1621 2383 quod
1638 2317 1828 2366 tamen
1849 2312 1907 2365 in
1937 2311 2089 2374 Qua-

2175 2280 2286 2346 Quo
2313 2283 2505 2334 ordine
2526 2269 2752 2351 inﬁrmo
2784 2269 2846 2338 in
2878 2289 3005 2340 lecto
3026 2291 3241 2355 jacentz’
3264 2307 3462 2348 cursus
3480 2299 3774 2353 cantetur.

891 2359 906 2385 ἱ

489 2388 810 2480 dragesima
855 2411 982 2478 post
1017 2404 1318 2477 prandium
1364 2402 1610 2466 iaciunt;
1666 2398 1918 2470 quotidie
1961 2413 2091 2498 vero
2174 2493 2203 2498 ﬂ
2294 2388 2427 2498 Si:
2450 2389 3035 2498 Illijllfmomqinﬁrmo
3057 2396 3376 2467 designabit
3391 2401 3560 2498 prior
3593 2400 3783 2498 unum

489 2475 754 2571 praedicto
775 2475 1046 2566 tempore,
1079 2493 1176 2564 qui
1207 2492 1426 2552 nolunt,
1462 2495 1714 2543 cocturas
1735 2504 1865 2543 suas
1895 2488 2092 2558 pravi»
2174 2475 2259 2528 νθι
2288 2477 2428 2530 duos
2467 2479 2673 2586 Exneif:
2700 2480 2903 2579 (ἰξλίδυδ
2946 2500 3304 2586 efﬁce???"
3323 2494 3408 2541 est
3450 2489 3785 2586 τεςιξιεινθω

491 2567 646 2652 dent,
679 2585 763 2640 vel
793 2584 862 2637 ad
891 2580 1236 2636 necessarias
1273 2579 1506 2643 vadunt,
1536 2582 1602 2631 ut
1630 2593 1758 2630 cum
1790 2576 1882 2630 ille
1911 2591 2089 2630 rever-

2174 2581 2398 2620 cursum
2428 2567 2497 2619 ad
2526 2568 2582 2621 S.
2614 2567 2854 2624 Mariam
2875 2572 3203 2644 audire,qui
3226 2576 3309 2629 illi
3335 2583 3565 2632 cantent
3582 2579 3776 2643 horas,

2178 2653 2419 2677 -.-η-..12η
2477 2654 2584 2677 :n:_
2626 2657 2808 2677 __:_l-4_,
3243 2665 3278 2677 1.
3423 2667 3454 2677 ι.
3691 2669 3708 2677 -

489 2676 632 2730 titur
657 2668 887 2728 reﬁcere
911 2687 1023 2726 non
1049 2672 1354 2723 morentur.
2174 2653 2423 2722 quandiu
2475 2654 2586 2709 illis
2626 2657 2881 2726 videtur;
2921 2677 3161 2732 quorum
3208 2665 3352 2719 alter
3391 2667 3464 2720 sit
3513 2669 3784 2722 sacerdos

565 2766 702 2836 (UD.)
732 2762 840 2826 Qui
873 2760 1085 2829 absque
1119 2755 1461 2810 comestione
1495 2754 1681 2808 carnis
1706 2758 1999 2807 morantur
2034 2753 2089 2806 in

2175 2749 2274 2795 aut
2301 2743 2586 2811 diaconus,-
2621 2754 2917 2817 propterea
2948 2767 3070 2820 quae
3099 2752 3158 2805 in
3196 2754 3490 2809 duodecim
3509 2757 3782 2811 lectioni-

2174 2829 2276 2856 L....
2322 2831 2396 2856 ξιξ
2448 2832 2678 2856 ιΑαλμΔ,
2717 2843 2842 2856 ---μι
2900 2837 2955 2856 n,
3039 2840 3054 2856 ι
3139 2841 3150 2850 ο
3194 2847 3202 2856 ,
3250 2843 3262 2856 1
3382 2842 3450 2856 σεο
3628 2846 3639 2856 ι

495 2829 662 2909 domo
683 2829 1063 2911 inﬁrmorum,
1095 2861 1198 2899 nec
1244 2851 1377 2898 sunt
1427 2843 1594 2912 hujus
1634 2842 1986 2906 valetudinis,
2029 2848 2094 2897 ut
2174 2829 2278 2929 blls
2317 2831 2400 2948 ibi
2448 2832 3154 2948 tegenga‘sunt-PQuodAsi
3187 2843 3329 2896 tales
3377 2842 3593 2948 ibi‘uon
3625 2846 3786 2948 inve:

490 2960 619 2999 cum
639 2941 765 2996 aliis
791 2940 851 2994 in
879 2935 1173 2990 refectorio
1200 2931 1493 2986 comedere
1510 2932 1745 3002 possint,
1777 2930 1986 2984 eisdem
2008 2947 2092 2984 re-
2174 2921 2428 3034 ξξξιηῐωξ
2451 2921 2814 3034 (3110st??ng
2827 2927 3242 3034 ειξιιιιεωωιιξπι
3257 2933 3650 3034 ΡὟνθοῒίοζεεγ
3677 2937 3783 3024 qni

488 3031 756 3086 ﬁciuntur
785 3023 1105 3080 momentis.
1148 3023 1213 3078 In
1251 3019 1690 3096 Quadragesima
1727 3035 1857 3073 vero
1895 3028 2148 3124 omnesi.‘
2175 3007 2377 3099 imper
2406 3015 2582 3064 totam
2597 3012 3004 3124 ξῗδάοῗαάἃξη
3018 3019 3307 3124 ι’θὶξιιίξινξξε
3329 3022 3497 3124 δοιςηε
3521 3021 3779 3124 ﬁngenti

486 3076 1241 3188 post'li—Jv—an‘gelium
1263 3076 1458 3164 statim
1475 3076 1740 3178 vesperos
1765 3113 2003 3162 cantant
2029 3113 2087 3162 et
2107 3076 2150 3136 Ο
2171 3097 2507 3212 ιιηοβιιοςιυθ
2543 3100 2775 3212 SaEbato
2804 3104 3111 3212 deputandi
3132 3106 3268 3210 sunt
3291 3124 3324 3164 a

488 3208 610 3264 sine
639 3222 799 3261 mora
832 3203 903 3258 ad
943 3216 1194 3256 mensam
1232 3198 1522 3253 accedunt.
1555 3196 1701 3250 Nam
1731 3202 1855 3266 post
1879 3207 2085 3251 nonam
2171 3191 2340 3240 ﬂente
2387 3205 2558 3259 super
2604 3191 2708 3246 hoc
2757 3192 2943 3262 ipsum
2996 3195 3325 3253 inﬁrmario.
3372 3201 3480 3265 Qui
3508 3203 3778 3259 videlicet

2747 2153 2990 2234 CAPUT
3026 2172 3176 2238 LVI.

485 3298 769 3369 psalmum
798 3295 939 3347 Deus
975 3290 1211 3344 auribus
1259 3288 1482 3349 nostris,
1538 3283 1870 3342 cantabunt.
1918 3284 2090 3338 Extra

488 3380 1009 3456 Quadragesimam,
1040 3377 1088 3443 si
1124 3373 1372 3430 evenerit
1406 3372 1668 3443 generale
1691 3371 1992 3448 jejunium,
2025 3375 2090 3426 ut

487 3475 549 3529 in
579 3463 822 3543 quatuor
837 3461 1206 3534 temporibus,
1233 3461 1396 3529 (ναν.)
1423 3459 1558 3512 item
1582 3464 1704 3528 post
1726 3459 2089 3529 Evangelium

488 3560 717 3634 majoris
749 3556 933 3612 missae
959 3556 1190 3607 cantant
1217 3565 1424 3602 nonam
1444 3552 1502 3601 et
1525 3546 1802 3601 reﬁciunt.

559 3628 722 3705 'l‘ales
751 3649 886 3700 sunt
913 3640 1215 3712 aliquando
1257 3637 1486 3701 inﬁrmi,
1536 3636 1630 3706 qui
1677 3635 1918 3706 amplius
1975 3649 2089 3689 non

489 3743 695 3796 exeunt
715 3736 784 3790 de
815 3729 1145 3795 inﬁrmaria,
1165 3733 1223 3782 et
1250 3727 1360 3788 his.
1383 3726 1432 3780 si
1457 3731 1650 3779 tamen
1678 3723 2087 3788 convaluerint,

487 3827 832 3888 conceditur,
855 3818 920 3876 ut
947 3835 1113 3874 mane
1141 3817 1374 3871 sedeant
1402 3815 1458 3868 in
1491 3819 1785 3878 conventu,
1819 3813 1887 3866 ad
1913 3819 2091 3866 matu-

485 3919 718 3976 tinalem
750 3916 977 3970 missam
1000 3911 1058 3964 in
1087 3924 1188 3962 suo
1207 3905 1403 3960 ordine
1426 3905 1681 3967 olferant,
1699 3903 1766 3957 ad
1781 3902 2088 3972 capitulum

486 4008 732 4072 veniant,
765 4009 824 4059 et
859 4009 1052 4056 tamen
1094 4011 1223 4050 cum
1261 3993 1388 4048 aliis
1438 3991 1679 4046 inﬁrmis
1707 3990 2006 4046 comedant
2033 3996 2092 4046 et

488 4098 710 4161 radant,
743 4099 802 4148 et
819 4096 884 4147 ut
904 4086 1188 4143 diurnales
1216 4083 1430 4138 calceos
1473 4097 1584 4135 non
1616 4079 1874 4144 induant,
1906 4096 2089 4149 neque

489 4185 747 4242 cultellos
793 4193 986 4235 secum
1031 4177 1278 4247 portent.
1303 4173 1323 4195 "
1365 4170 1435 4225 Hi
1471 4169 1737 4266 nimirum
1771 4184 1993 4266 semper
2017 4168 2089 4266 ad

490 4277 757 4331 Sanctam
777 4268 1018 4323 Mariam
1055 4278 1256 4333 corpus
1288 4259 1515 4316 Domini
1554 4256 1862 4355 accipiunt,
1886 4255 1995 4310 nisi

491 4375 790 4435 parasceve
821 4376 834 4411 :
864 4362 998 4410 tunc
1041 4353 1188 4408 enim
1219 4351 1277 4404 in
1305 4347 1508 4418 majori
1538 4345 1788 4410 ecclesia,
1819 4344 1964 4442 sicut
1979 4344 2088 4442 alii

489 4433 1026 4508 consuetudinaliter
1063 4437 1498 4496 communicant.
1542 4434 1630 4489 Illi
1658 4451 1808 4498 vero,
1841 4433 1938 4504 qui
1976 4433 2088 4487 illic

490 4542 577 4596 vel
603 4537 791 4611 gratia
822 4529 1231 4606 repausationis
1273 4526 1346 4581 ad
1391 4531 1616 4622 tempus
1650 4529 1963 4622 morantur,
2001 4524 2087 4622 vel

491 4629 675 4687 carnis
694 4624 1035 4682 comestione
1053 4621 1403 4680 recreantur,
1435 4612 1544 4667 nisi
1561 4611 1630 4665 de
1656 4611 1912 4666 maximis
1930 4612 2091 4710 quin-

491 4737 600 4793 que
647 4712 1038 4772 festivitatibus
1071 4708 1259 4777 aliqua
1288 4700 1664 4773 superveniat,
1695 4700 2089 4800 communione

490 4789 662 4865 simul
710 4810 768 4861 et
812 4798 1162 4858 confessione
1190 4791 1501 4864 privantur.
1553 4789 1710 4842 Tunc
1737 4805 1981 4859 namque
2008 4789 2091 4844 in-

489 4895 739 4955 firmario
786 4892 902 4946 sive
950 4885 1240 4958 capellano
1281 4881 1336 4936 S.
1379 4877 1568 4934 Mariae
1593 4877 1904 4931 inﬁrmaria
1932 4879 2089 4949 quis-

491 5005 600 5061 que
622 4990 755 5040 ante
777 4959 987 5035 lectum
1005 4989 1171 5029 suum
1192 4970 1518 5061 conﬁtetur.
1557 4967 1702 5061 Nam
1734 4971 1961 5061 prOpter
1986 4968 2090 5061 hoc

486 5054 606 5134 tam
632 5075 692 5128 in
718 5065 1014 5126 dominicis
1044 5059 1304 5133 quamin
1352 5054 1630 5128 przedictis
1668 5054 1977 5123 festisduaa
2007 5056 2093 5110 vel

491 5158 770 5240 quotquot
788 5174 878 5212 res
907 5147 1340 5242 magia-ibidem
1369 5148 1770 5242 consecrantur
1797 5141 2014 5242 oblatae.
2045 5231 2055 5242 .

562 5231 700 5322 (υῡῖ)
733 5248 793 5304 Si
819 5261 948 5300 vero
978 5237 1272 5296 manifeste
1303 5239 1461 5290 tanta
1481 5238 1567 5286 est
1593 5231 2092 5331 alicujusinﬁrmil-

490 5353 600 5412 tas,
634 5358 758 5413 quae
786 5351 897 5393 non
929 5329 1167 5386 multum
1202 5321 1440 5395 impedit
1467 5321 1729 5374 virtutem
1762 5321 1987 5390 jejunii,
2025 5325 2091 5413 ut

491 5410 833 5491 estramissio
863 5429 962 5478 aut
989 5418 1198 5473 orbitas
1243 5413 1554 5476 oculorum,
1598 5414 1873 5463 conventu
1916 5410 2090 5464 semel

492 5519 836 5579 comedente,
868 5513 989 5583 ipse
1032 5519 1254 5578 quoque
1297 5499 1470 5556 semel
1495 5495 1798 5595 .comendere
1825 5511 1937 5595 non
1963 5513 2092 5595 pro-

490 5611 736 5673 ωιηιωε,
767 5607 789 5628 θ
817 5601 916 5674 qui
941 5603 1003 5654 et
1027 5593 1276 5662 interim,
1297 5590 1434 5647 dum
1464 5584 1560 5641 alii
1587 5584 1805 5644 inﬁrmi
1825 5585 2090 5642 reﬁciun-

2171 3275 2372 3330 fratres
2399 3283 2657 3349 tempora
2683 3280 2758 3335 ad
2804 3282 2908 3337 hoc
2951 3290 3168 3340 statuta
3215 3287 3515 3359 diligenter
3561 3292 3778 3347 debent

2171 3363 2485 3433 observare,
2535 3369 2747 3425 scilicet
2795 3378 2860 3425 ut
2903 3372 2960 3426 in
3001 3375 3235 3444 privatis
3275 3374 3531 3433 noctibus
3558 3379 3677 3434 tam
3708 3381 3777 3436 in

2170 3453 2373 3524 hyeme
2416 3472 2584 3525 quam
2626 3464 2819 3514 astate
2865 3464 3109 3516 secundo
3151 3465 3426 3521 nocturno
3481 3485 3608 3524 cum
3663 3479 3777 3526 sua

2173 3543 2404 3597 collecta
2450 3545 2628 3622 ﬁnito.
2671 3547 2729 3602 in
2759 3548 3051 3605 duodecim
3087 3570 3217 3608 vero
3256 3556 3591 3613 lectionibus
3619 3557 3774 3616 dictu

2174 3629 2402 3700 hymno.
2443 3634 2506 3686 Te
2537 3635 2678 3688 decet
2712 3639 2853 3704 laus,
2886 3655 3014 3694 cum
3054 3643 3287 3698 collecta
3309 3645 3602 3716 sequente,
3636 3655 3776 3704 ante

2172 3727 2226 3774 et
2248 3729 2398 3776 retro
2417 3723 2683 3779 facientes
2715 3727 2845 3781 illuc
2872 3730 3061 3784 venire
3089 3749 3202 3786 non
3223 3735 3466 3799 tardent,
3488 3735 3777 3808 quicur‘s'u

2173 3811 2420 3880 regulari
2459 3812 2794 3869 indirectum
2825 3827 3150 3886 percantato
3179 3823 3249 3876 ad
3281 3824 3334 3876 S.
3369 3825 3605 3879 Mariam
3632 3843 3774 3883 "con-

2174 3901 2362 3956 ventui
2392 3903 2704 3974 sejungere
2731 3906 2955 3972 debent,
2981 3910 3026 3962 si
3048 3913 3169 3964 ﬁeri
3185 3919 3384 3983 potest.
3409 3917 3493 3969 Ad
3519 3917 3774 3988 reliquas

2171 4004 2300 4041 vero
2325 3989 2493 4044 horas
2523 3992 2592 4047 de
2611 3994 2782 4050 choro
2812 4013 2926 4050 non
2955 4002 3181 4069 exeunt,
3203 4002 3311 4055 nisi
3333 4010 3459 4072 post
3483 4007 3775 4061 Benedictis

2171 4093 2296 4129 mus
2325 4079 2558 4134 Domino
2594 4101 2610 4134 :
2644 4083 3083 4154 Completorium
3127 4090 3198 4143 ab
3237 4091 3316 4144 eis
3343 4097 3536 4147 tamen
3565 4095 3773 4166 excipi-

2169 4169 2297 4232 tur;
2350 4167 2482 4236 quia
2510 4168 2856 4228 inﬁrmarius
2884 4185 3166 4244 procurat,
3201 4185 3266 4233 ut
3293 4181 3363 4234 ab
3391 4182 3579 4253 "aliquo
3603 4184 3768 4238 inﬁré

2171 4270 2391 4309 morum
2436 4257 2512 4310 ibi
2553 4266 2830 4316 cantetur.
2881 4264 3040 4328 Quod
3089 4267 3186 4337 qui
3225 4272 3550 4336 cantavcrit,
3577 4275 3769 4342 cujus;

2147 4357 2393 4432 |cunque
2420 4346 2496 4402 sit
2531 4349 2763 4416 ordinis,
2809 4352 2978 4407 etiam
3016 4354 3460 4414 benedictionem
3482 4361 3761 4432 adjungit.

2243 4432 2501 4489 Praedicti
2532 4443 2722 4492 autem
2773 4439 2974 4496 fratres
3016 4444 3075 4498 in
3105 4445 3394 4501 duodecim
3433 4449 3768 4506 lectionibus

2169 4519 2228 4574 in
2277 4527 2471 4577 aestate
2520 4541 2742 4596 quoque
2778 4534 2898 4584 tota
2945 4537 3000 4586 et
3041 4533 3101 4587 in
3148 4534 3357 4590 'octavis
3395 4539 3621 4592 tertiam
3652 4545 3772 4594 una

2170 4624 2298 4663 cum
2348 4612 2535 4686 prima
2576 4615 2758 4671 eidem
2805 4617 3048 4687 inﬁrmo,
3085 4622 3316 4694 propter
3342 4627 3767 4697 anticipandum

2171 4699 2488 4769 prandium,
2507 4711 2754 4760 cantant.
2773 4707 3046 4779 Tempore
3064 4711 3235 4766 etiam
3261 4714 3505 4785 hyemali
3527 4718 3774 4787 quaties:

2171 4803 2392 4860 cunque
2418 4790 2774 4850 intervallum
2803 4797 3011 4867 agitur,
3039 4801 3283 4870 primam
3308 4805 3619 4870 matutinis,
3646 4807 3772 4860 sin:-

2168 4878 2317 4946 gulis
2348 4885 2541 4935 autem
2569 4883 2786 4950 diebus,
2809 4901 2934 4940 cum
2949 4888 3123 4943 semel
3140 4886 3406 4957 reﬁcitur,
3423 4893 3530 4946 nisi
3544 4895 3773 4964 quando

2173 4966 2374 5021 fratres
2404 4970 2791 5038 meridiantur;
2823 4992 3029 5031 nonam
3048 4985 3217 5032 sextae
3227 4980 3561 5052 adiungunt.
3585 4983 3646 5037 Si
3670 4984 3775 5037 ali—

2175 5057 2302 5125 quis
2330 5057 2589 5114 inﬁrmus
2619 5067 2723 5129 est,
2752 5064 2849 5134 qui
2885 5065 2942 5118 in
2971 5067 3112 5122 lecto
3141 5084 3254 5122 non
3292 5070 3465 5139 jacet,
3490 5077 3548 5125 'et
3575 5077 3770 5128 tamen

2166 5143 2428 5215 jejunare
2469 5164 2583 5204 non
2627 5153 2794 5219 valet,
2843 5154 3089 5223 tertiam,
3136 5158 3181 5212 si
3214 5165 3300 5212 est
3329 5159 3626 5228 litteratus,
3664 5169 3774 5232 per

2174 5235 2421 5314 seipsum
2446 5243 2667 5307 cantat;
2691 5241 2777 5296 sin
2805 5249 3016 5308 autem,
3049 5245 3119 5298 ab
3145 5247 3370 5302 inﬁrmo
3387 5250 3574 5320 aliquo
3598 5254 3769 5321 (quod

2171 5330 2228 5378 et
2254 5311 2483 5380 cuilibet
2507 5337 2699 5384 eorum
2727 5333 2944 5386 tardius
2975 5335 3044 5388 ad
3074 5336 3342 5406 capellam
3367 5311 3771 5405 venienti-,‘lici:

2170 5419 2290 5466 tum
2320 5419 2802 5485 est)auscultat,et
2820 5423 3094 5491 prandere
3121 5425 3332 5480 diutius
3361 5443 3473 5482 non
3493 5430 3700 5491 tardat,
3717 5431 3766 5484 si

2172 5508 2362 5557 tamen
2395 5503 2465 5558 ab
2494 5506 2806 5562 inﬁrmario
2836 5511 3119 5567 licentiam
3139 5523 3446 5587 aoceperat.
3479 5518 3553 5572 At
3582 5519 3632 5571 ‘si
3663 5527 3764 5589 pro

2169 5589 2404 5662 alicujus
2447 5593 2632 5650 morbi
2669 5597 2924 5653 remedio
2950 5601 3064 5656 tale
3105 5599 3240 5675 quid
3279 5603 3501 5661 σάωθιεθ
3538 5606 3765 5662 nece-9,3
