3934 6366
463 321 607 378 1127

1491 323 1548 378 S.
1592 323 1983 379 GUlLLELMl
2022 324 2326 383 ABBATIS
2366 328 2706 385 HIRSAUG.

3607 335 3753 393 1128

463 447 512 501 A
541 444 745 517 quibus
773 462 1133 518 summopere
1162 451 1217 501 et
1256 446 1361 501 hoc
1406 451 1653 514 cavetur,
1684 452 1751 503 ut
1776 448 2255 518 nunquamAhoc
2280 451 2451 507 iidem
2483 452 2763 524 pincernae
2790 454 2850 509 in
2878 455 3064 522 domo,
3099 474 3212 529 qua
3239 460 3531 515 comedere
3560 460 3760 515 solent

465 535 757 590 occasione
787 534 1021 590 indultae
1046 535 1448 590 misericordiae
1480 535 1690 607 aliquid
1724 536 1837 590 illic
1856 535 2068 606 absque

467 623 694 679 licentia
726 624 1050 694 loquantur.
1087 624 1337 688 Quorum
1385 624 1554 678 etiam
1600 625 1787 678 nullus
1815 623 1885 678 ad
1916 626 2070 678 lava-

467 712 680 766 torium
702 713 1055 767 inﬁrmorum
1092 730 1290 767 manus
1318 713 1501 780 lavat;
1525 712 1631 766 nisi
1652 729 1713 766 ex
1736 714 2069 767 necessitate

467 800 676 871 aliqua,
710 807 772 854 ut
822 805 908 855 est
936 800 1230 871 sanguinis
1268 802 1430 865 ﬁuor,
1480 801 1740 855 similiter
1787 802 1957 855 etiam
1986 802 2065 867 hi,

473 889 569 960 qui
596 895 878 943 cocturam
928 906 1086 943 suam
1136 895 1458 960 procurant,
1505 889 1581 943 ibi
1619 890 1893 944 lavantur.
1941 890 2069 944 Sta-

468 978 657 1032 minea
690 995 791 1032 sua
841 978 996 1032 omni
1044 984 1298 1048 tempore
1338 983 1463 1049 post
1491 979 1799 1033 matutinos
1827 996 1958 1034 suos
1986 979 2068 1033 in-

469 1066 623 1120 ﬁrmi
649 1066 881 1120 licenter
910 1066 1173 1120 induunt.

1036 1154 1268 1211 CAPUT
1295 1154 1492 1210 LVIII.

702 1244 772 1297 De
791 1243 1025 1310 famulis
1047 1246 1147 1311 qui
1170 1246 1414 1310 inﬁrmis
1443 1246 1837 1313 obsequuntur.

538 1329 1024 1401 Famulorum,qui
1045 1330 1114 1385 ad
1135 1331 1366 1386 domum
1389 1331 1742 1386 inﬁrmorum
1766 1332 2068 1404 pertinent,

466 1425 553 1473 tot
584 1437 648 1474 ex
693 1436 849 1473 more
889 1425 1040 1485 sunt,
1074 1426 1209 1490 quot
1247 1421 1318 1473 ad
1367 1420 1772 1474 inﬁrmantium
1804 1420 2071 1492 obsequia

468 1508 774 1562 sufﬁciunt.
795 1512 930 1573 (130.)
957 1506 1033 1561 Hi
1060 1508 1107 1562 si
1137 1509 1348 1573 volunt,
1372 1509 1622 1580 quotidie
1651 1509 1721 1563 ad
1752 1510 1808 1563 S.
1835 1509 2069 1563 Mariam

469 1597 699 1651 missam
755 1596 1016 1662 audiunt,
1070 1614 1380 1667 pacemque
1419 1597 1719 1668 accipiunt,
1761 1602 1817 1651 et
1852 1598 2071 1669 quoties

469 1686 652 1741 visum
684 1685 1081 1756 fuerit,corpus
1110 1684 1335 1739 Domini
1364 1702 1586 1740 sumere
1612 1689 1908 1757 possunt.*
1929 1688 2072 1750 Quo-

2149 540 2860 604 considentcs,charitatem
2889 543 3309 602 bibunt.Nullus
3337 554 3527 603 tamen
3545 565 3754 603 eorum

2151 629 2454 700 quidquam
2489 631 2563 685 ibi
2594 632 2662 686 de
2691 632 2811 687 cibo
2841 634 2921 687 vel
2956 642 3094 705 potu
3120 642 3331 705 gustat,
3374 637 3484 691 nisi
3532 643 3593 691 et
3629 638 3758 691 illic

2150 717 2411 772 dormiat.
2443 720 2590 790 (ω.)
2620 721 2775 776 Unus
2801 739 2865 775 ex
2896 724 3007 776 illis
3026 724 3098 777 ad
3127 725 3231 778 hoc
3260 731 3344 779 est
3370 727 3613 780 maxime
3645 727 3759 781 de-

2152 812 2402 875 putatus,
2442 815 2503 862 ut
2554 810 2701 864 lavet
2745 828 2960 881 pannos
2990 812 3060 866 ad
3100 818 3356 867 cocturas
3383 814 3623 869 fratrum
3656 832 3762 869 ne-

2151 897 2444 963 cessarios,
2480 899 2660 951 focum
2699 899 2887 963 faciat,
2929 908 2987 954 et
3029 917 3234 971 aquam
3280 903 3591 971 calefaciat,
3637 921 3766 975 qua

2150 986 2399 1039 scutellae
2441 993 2575 1040 sunt
2620 988 2888 1043 lavandae.
2923 991 2945 1012 *
2991 990 3095 1043 Cui
3122 991 3351 1045 omnino
3382 992 3764 1047 interdictum

2150 1080 2252 1137 est,
2286 1080 2350 1128 ut
2376 1076 2446 1129 de
2475 1076 2598 1130 cibo
2624 1078 2709 1130 vel
2744 1085 2879 1148 potu
2903 1078 3256 1133 inﬁrmorum
3289 1080 3596 1152 quidquam
3618 1087 3753 1137 tan-

2146 1177 2281 1231 gere
2310 1179 2486 1234 pracsu
2497 1171 2630 1224 mat.

2742 1256 2975 1329 CAPUT
3002 1256 3144 1312 LIX.

2187 1340 2261 1393 De
2288 1341 2486 1408 fratre,
2512 1358 2670 1411 quem
2698 1348 2861 1397 noctu
2899 1347 3223 1411 inﬁrmitas,
3248 1351 3330 1401 vel
3358 1352 3422 1402 in
3451 1350 3538 1402 die
3556 1364 3718 1402 occu-

2817 1419 3055 1483 paverit.

2227 1502 2252 1525 *
2281 1500 2480 1555 Frater
2500 1503 2595 1574 qui
2627 1508 2793 1557 noctu
2840 1503 2897 1557 in
2931 1504 3258 1560 dormitorio
3289 1507 3392 1561 tali
3420 1507 3763 1563 inﬁrmitate

2153 1597 2663 1661 prmoccupatur,ut
2675 1591 2884 1662 absque
2903 1592 3141 1647 fratrum
3163 1594 3551 1665 inquietudine
3570 1612 3764 1666 usque

2153 1676 2220 1729 ad
2255 1684 2558 1732 nocturnos
2591 1680 2896 1750 perdurare
2943 1698 3054 1734 non
3084 1684 3282 1753 possit,
3320 1700 3355 1736 a
3391 1683 3669 1737 fratribus
3701 1683 3765 1736 in

469 1775 627 1841 tidie,
657 1774 766 1828 nisi
798 1773 871 1828 sit
899 1774 1167 1844 generale
1191 1774 1473 1844 jejunium
1509 1775 1653 1828 infra
1681 1759 2435 1829 matutinalevaicinitate
2464 1767 2570 1821 sibi
2599 1768 3025 1832 dormientibus,
3058 1770 3279 1825 licentia
3304 1771 3536 1843 apriore
3557 1771 3763 1842 acqui-

470 1862 704 1916 missam
734 1862 803 1916 de
834 1862 956 1916 cibo
989 1867 1046 1915 et
1071 1868 1205 1932 potu
1248 1863 1660 1933 aliquantulum
1701 1870 2068 1936 prae-gustant,

469 1955 535 2005 ut
561 1950 858 2022 prandium
888 1951 1152 2020 generale
1189 1956 1344 2004 tanto
1376 1951 1593 2005 facilius
1633 1959 1952 2023 estectare
1974 1969 2073 2007 va-

478 2039 650 2092 leant.
687 2037 828 2101 Quid
858 2042 1045 2090 autem
1087 2037 1338 2108 obsequii
1369 2038 1670 2093 exhibeant
1696 2041 1935 2094 inﬁrmis
1966 2039 2071 2095 sub

473 2126 699 2181 silentio
721 2125 1176 2197 praetereundum
1208 2143 1317 2180 non
1350 2133 1453 2182 est.

543 2216 725 2286 Igitur
751 2215 821 2267 ad
867 2219 1173 2269 nocturnos
1215 2215 1406 2270 audito
1435 2216 1616 2288 signo,
1646 2217 1852 2287 aliquis
1876 2234 2071 2272 eorum

472 2308 756 2376 procurat,
812 2307 875 2357 ut
917 2304 1107 2357 lumen
1155 2305 1226 2358 ad
1263 2305 1625 2371 necessarias,
1663 2312 1719 2360 et
1761 2323 1888 2361 cum
1932 2324 2073 2379 opus

475 2398 581 2459 est,
617 2392 675 2445 in
705 2392 949 2446 claustro
1006 2409 1229 2463 quoque
1266 2410 1459 2448 eorum
1491 2394 1870 2463 acCendatur;
1923 2396 2071 2468 quod

477 2481 653 2535 ﬁnitis
669 2481 959 2534 nocturnis
982 2498 1080 2550 per
1099 2481 1471 2535 inﬁrmarium
1491 2483 1858 2552 agitur.Tunc
1878 2484 2068 2547 etiam,

477 2570 525 2624 si
554 2585 667 2624 non
698 2569 773 2623 sit
803 2568 1044 2623 hiemale
1073 2575 1312 2641 tempus,
1346 2571 1649 2641 praedictus
1688 2571 1931 2626 famulus
1961 2590 2072 2628 non

476 2658 708 2729 ncgligit
740 2660 822 2712 eis
848 2658 1031 2712 focum
1066 2676 1400 2729 praeparare.
1458 2659 1662 2714 Nullus
1691 2678 1882 2715 eorum
1928 2662 2073 2717 infra

475 2747 783 2818 capitulum
831 2747 889 2801 in
935 2747 1245 2801 inﬁrmaria
1293 2764 1586 2802 remanere
1633 2749 1939 2820 praesumit,
1967 2752 2077 2806 nisi

479 2837 740 2891 inﬁrmus
771 2836 978 2907 aliquis
1004 2836 1061 2891 in
1085 2837 1336 2908 proximo
1358 2836 1612 2891 obiturus
1643 2838 1732 2891 sit.
1756 2839 1912 2893 Tunc
1930 2855 2077 2895 unus

480 2942 543 2979 ex
570 2925 680 2979 illis
709 2931 984 2989 remanet,
1027 2930 1084 2979 et
1125 2925 1194 2978 de
1238 2925 1585 2995 adjutoribus
1615 2926 1910 2981 inﬁrmarii
1930 2945 2075 2983 unus

477 3030 602 3069 cum
632 3014 752 3073 illo,
776 3031 847 3068 ne
880 3014 950 3067 ad
980 3014 1311 3085 capitulum,
1355 3015 1640 3085 surripere
1668 3022 1853 3086 queat,
1889 3023 1945 3070 et
1970 3017 2073 3071 ali-

477 3103 608 3174 quid
638 3105 977 3163 auscultare,
999 3103 1144 3173 quod
1166 3120 1277 3157 non
1310 3103 1671 3173 cxpediat.Ad
1697 3121 1860 3175 quem
1886 3118 2073 3160 tamen

474 3193 824 3247 inﬁrmat-ius
851 3197 974 3245 acto
1003 3208 1068 3245 ex
1099 3198 1259 3262 parte
1299 3192 1544 3262 capitulo
1575 3192 1740 3257 redit,
1772 3198 1836 3246 ut
1866 3198 1923 3247 et
1952 3194 2074 3265 ipse

475 3281 659 3335 eidem
705 3279 948 3351 capitulo
979 3281 1162 3334 inesse
1189 3281 1382 3351 possit.
1416 3281 1601 3335 Finito
1640 3282 1885 3352 capitulo
1915 3299 2073 3337 men-

476 3369 617 3424 salia
643 3386 814 3439 super
840 3368 1061 3422 tabulas
1084 3370 1423 3440 expandunt,
1449 3386 1649 3440 panem
1679 3375 1735 3424 et
1763 3371 2074 3426 cochlearia

475 3462 784 3527 apponunt,
813 3456 1063 3527 justitias
1086 3474 1216 3511 vero
1245 3457 1483 3527 implere
1505 3464 1640 3528 potu
1661 3476 1725 3512 ac
1741 3475 1911 3530 super
1922 3476 2073 3515 men-

477 3545 556 3599 sis
584 3561 793 3616 ponere
819 3562 995 3616 usque
1024 3545 1082 3599 in
1105 3546 1281 3617 ipsam
1306 3546 1529 3617 prandii
1560 3545 1755 3601 horam
1780 3547 2066 3619 diﬁ'erunt;

477 3633 612 3705 quia
635 3638 771 3687 tunc
799 3634 1040 3704 primum
1073 3634 1142 3689 de
1172 3635 1397 3688 cellario
1428 3635 1668 3689 eundem
1713 3641 1907 3708 potum
1936 3638 2073 3691 afl‘e-

474 3729 626 3777 runt.
660 3723 766 3786 Qui
802 3724 970 3777 etiam
1003 3724 1174 3793 hujus
1214 3729 1348 3777 sunt
1376 3724 1702 3795 disciplinae,
1736 3730 1799 3779 ut
1824 3727 2073 3796 quandiu

473 3812 777 3867 comedunt
801 3811 1032 3877 inﬁrmi,
1064 3828 1356 3882 nunquam
1386 3828 1575 3866 coram
1606 3813 1687 3867 eis
1716 3812 1950 3869 sedeant
1976 3821 2076 3870 aut

472 3901 800 3963 consistant,
831 3901 928 3954 sed
961 3917 1087 3954 cum
1120 3900 1246 3970 quis
1279 3917 1471 3954 eorum
1503 3902 1815 3973 perfecerit,
1844 3909 2075 3974 propter

473 3991 621 4061 quod
650 3996 875 4043 vocatus
903 3995 1008 4053 est,
1045 4005 1239 4042 rursus
1268 3989 1525 4043 celeriter
1544 3990 1674 4044 exit.
1702 3992 1857 4045 Nihil
1879 3993 2071 4059 edulii,

472 4082 700 4149 excepto
732 4079 867 4143 sale,
899 4082 1079 4140 aceto,
1113 4081 1171 4131 et
1197 4077 1397 4149 sinapi,
1427 4079 1471 4132 si
1517 4095 1657 4150 Opus
1697 4086 1801 4141 est.
1848 4098 1948 4152 per
1980 4099 2074 4136 eos

470 4166 622 4222 inter
639 4166 1044 4220 comedendum
1071 4167 1390 4237 apponitur,
1427 4174 1483 4221 et
1502 4174 1691 4222 tamen
1717 4170 2073 4235 scutellae,vel

472 4256 519 4309 si
551 4273 673 4327 quae
704 4253 1026 4323 hujusmodi
1056 4260 1205 4314 sunt,
1231 4273 1329 4326 per
1349 4256 1500 4326 ipsos
1526 4257 1877 4311 auferuntur.
1903 4259 2075 4313 Justi-

470 4344 564 4398 tiae
594 4350 786 4397 tamen
821 4358 990 4413 super
1034 4359 1276 4409 mensas,
1307 4362 1484 4414 usque
1511 4355 1640 4415 post
1675 4362 1890 4400 coenam
1920 4355 2069 4402 stare

2153 1855 2261 1908 sita
2287 1855 2409 1909 sine
2437 1873 2596 1909 mora
2624 1858 2691 1910 ad
2724 1857 2953 1911 domum
2992 1859 3345 1914 inﬁrmorum
3393 1861 3661 1927 ducitur;
3711 1859 3764 1914 si

2155 1960 2283 1997 vero
2317 1950 2432 1997 tam
2460 1944 2727 1999 mediocri
2758 1946 3089 2000 inﬁrmitate
3111 1946 3419 2015 laborat,ut
3447 1954 3763 2003 nocturnos

2155 2039 2476 2103 exspectare
2500 2034 2700 2099 valeat,
2729 2051 2857 2088 mox
2888 2041 2951 2089 ut
2971 2046 3086 2089 tres
3106 2036 3389 2092 orationes
3418 2037 3609 2091 ﬁnitas
3631 2054 3762 2092 esse

2155 2122 2391 2188 noverit,
2425 2123 2808 2178 inﬁrmitatem
2864 2142 3025 2179 suam
3075 2126 3249 2196 priori
3276 2126 3596 2191 innotescit,
3635 2133 3760 2181 sta-

2152 2210 2370 2281 timque
2392 2211 2542 2265 illius
2566 2213 2728 2282 jussu
2744 2231 2844 2284 per
2873 2213 3102 2268 fratrem
3128 2215 3370 2284 aliquem
3403 2215 3473 2269 ad
3501 2215 3761 2270 inﬁrma-

2154 2299 2293 2353 riam
2326 2299 2571 2356 ducitur.
2600 2301 2867 2373 Idemque
2896 2303 2965 2355 de
2988 2303 3190 2372 juvene
3224 2304 3491 2357 custodiae
3518 2303 3755 2371 tradito,

2155 2389 2201 2441 si
2233 2388 2422 2443 taliter
2441 2389 2775 2455 inﬁrmatur,
2800 2408 2901 2461 per
2919 2393 3203 2446 custodem
3217 2392 3755 2462 acquisitalicentia,

2154 2477 2359 2547 agitur.
2393 2478 2498 2542 Qui
2528 2485 2715 2533 autem
2742 2480 2824 2534 ita
2842 2481 3074 2551 coeperit
3092 2481 3387 2547 inﬁrmari,
3421 2487 3485 2535 ut
3513 2498 3757 2536 conven-

2155 2571 2275 2619 tum
2308 2572 2501 2620 tenere
2528 2583 2639 2621 non
2659 2568 3033 2639 possit,priori
3054 2569 3437 2624 inﬁrmitatem
3463 2570 3754 2641 patefacit,

2158 2655 2243 2708 vel
2269 2655 2317 2708 si
2344 2655 2546 2725 placet,
2580 2655 2636 2709 in
2666 2657 2911 2727 capitulo
2942 2657 3160 2711 veniam
3183 2657 3341 2729 petit,
3365 2665 3423 2713 et
3450 2664 3754 2722 monstrat,

2158 2744 2303 2814 quod
2331 2744 2591 2800 inﬁrmus
2619 2746 2710 2812 sit,
2754 2752 2811 2800 et
2840 2746 2889 2800 si
2918 2746 3047 2800 talis
3083 2748 3205 2817 ejus
3244 2747 3543 2801 inﬁrmitas
3571 2753 3754 2818 patet,

2157 2834 2312 2903 prior
2341 2834 2425 2887 vel
2453 2851 2557 2889 sua
2578 2841 2797 2905 sponte,
2835 2836 2920 2889 vel
2951 2835 3021 2889 ab
3045 2837 3156 2890 alio
3184 2836 3523 2902 admonitus,
3555 2837 3752 2890 statim

2158 2923 2228 2976 ad
2258 2921 2629 2978 inﬁrmariam
2672 2941 2799 2978 eum
2848 2924 2930 2979 ire
2974 2924 3171 2994 jubet;
3226 2925 3312 2978 sin
3356 2931 3567 2991 autem,
3616 2925 3756 2980 foris

2157 3012 2389 3065 chorum
2422 3029 2543 3066 esse
2574 3018 2776 3083 potest,
2816 3019 2881 3067 ut
2910 3030 3010 3083 pro
3038 3023 3166 3067 voto
3195 3030 3297 3068 suo
3326 3015 3505 3085 possit
3531 3014 3751 3069 sedere.

2228 3106 2336 3164 (un.
2373 3104 2518 3168 var.)
2551 3101 2888 3156 Cellerarius
2932 3108 3110 3168 curat,
3143 3109 3209 3157 ut
3231 3102 3287 3156 in
3313 3103 3609 3158 refectorio
3637 3120 3755 3158 non

2156 3189 2365 3260 absque
2394 3189 2666 3261 pietantia
2695 3207 2822 3245 eum
2848 3190 3116 3245 dimittat.
3145 3192 3285 3245 Cum
3304 3197 3491 3245 autem
3512 3191 3753 3246 biduum

2154 3278 2241 3332 vel
2269 3279 2518 3333 triduum
2535 3279 2896 3340 transierit,si
2916 3280 3115 3334 melius
3131 3296 3242 3334 non
3256 3279 3754 3347 habuerit,iterum

2155 3385 2256 3439 pro
2285 3368 2483 3422 eadem
2513 3385 2682 3422 causa
2720 3368 2939 3423 veniam
2975 3369 3131 3440 petit,
3164 3374 3221 3422 et
3265 3369 3335 3422 ad
3377 3369 3753 3424 inﬁrmariam

2152 3457 2235 3511 ire
2257 3457 2507 3528 jubetur.
2538 3458 2697 3520 Quod
2718 3457 2950 3513 sictiam
2978 3460 3172 3512 eodem
3197 3458 3288 3512 die
3308 3457 3609 3513 inﬁrmitas
3631 3459 3753 3529 ejus

2152 3546 2209 3601 in
2247 3552 2468 3601 tantum
2524 3547 2842 3611 excreverit,
2891 3547 3117 3601 domum
3154 3547 3505 3602 inﬁrmorum
3548 3547 3608 3601 in
3640 3565 3754 3618 qua

2154 3636 2457 3690 refectione
2485 3635 2670 3689 carnis
2687 3642 2940 3689 carentes
2965 3635 3304 3700 coliabitant,
3332 3636 3495 3705 jussu
3524 3635 3748 3706 prioris.

2156 3724 2344 3794 aliquo
2372 3741 2559 3779 secum
2585 3730 2753 3778 eunte
2774 3742 2837 3778 ac
2857 3725 3586 3787 demonstrantedntrabit.‘
3605 3726 3748 3779 Nam

2156 3831 2508 3885 quacumque
2536 3814 2676 3867 hora
2702 3813 2932 3868 cuilibet
2960 3813 3210 3868 ordinem
3240 3819 3374 3868 tunc
3400 3814 3644 3885 pleniter
3672 3830 3753 3867 re-

2153 3903 2308 3973 genti
2338 3903 2560 3956 videtur
2589 3904 2693 3956 hoc
2724 3903 3003 3973 expedire,
3038 3902 3345 3973 quemlibet
3381 3907 3750 3973 aegrotantem

2157 3992 2227 4045 ad
2264 3991 2634 4045 inﬁrmariam
2666 3992 2799 4045 facit
2827 3991 2929 4045 ire.

2229 4079 2441 4134 Similis
2480 4096 2700 4151 quoque
2750 4080 2887 4134 ordo
2936 4085 3194 4135 servatur
3237 4080 3297 4134 in
3342 4097 3429 4145 eo,
3462 4080 3557 4151 qui
3603 4080 3751 4135 infra

2157 4168 2493 4222 Matutinum
2510 4186 2608 4239 pro
2628 4169 2958 4222 inﬁrmitate
2978 4170 3047 4224 de
3063 4170 3232 4223 choro
3254 4169 3529 4232 exivit,vel
3552 4170 3748 4224 eadem

2155 4256 2486 4311 necessitate
2516 4256 2684 4310 etiam
2714 4264 2938 4311 coactus
2962 4258 3192 4312 chorum
3221 4274 3333 4312 non
3364 4258 3615 4313 intravit.
3642 4260 3746 4314 Pro

2156 4362 2267 4416 qua
2293 4345 2440 4398 re.in
2460 4345 2706 4400 crastina
2723 4346 2968 4417 capitulo
2991 4348 3207 4401 veniam
3228 4346 3387 4418 petit,
3418 4347 3748 4417 requisitus-

472 4431 855 4497 dimittuntur,
889 4437 953 4485 ut
980 4433 1075 4502 qui
1104 4433 1382 4487 voluerint
1410 4434 1617 4498 bibere,
1650 4434 1883 4505 possint.
1916 4432 2137 4492 TuncD
2160 4450 2267 4506 que
2297 4451 2331 4487 ει
2359 4434 2544 4505 priore
2590 4440 2782 4489 utrum
2816 4435 3016 4489 melius
3059 4435 3308 4490 habeat?
3353 4435 3401 4489 si
3446 4437 3747 4506 respondet

472 4526 703 4579 demum
756 4520 955 4575 ablata:
993 4528 1050 4575 et
1096 4529 1376 4576 evacuatus
1420 4523 1589 4576 simul
1641 4530 1949 4595 ponuntur.
2012 4526 2071 4582 Si

470 4612 801 4667 mandatum
828 4611 1091 4681 generale
1119 4618 1252 4665 tunc
1295 4616 1380 4665 est
1423 4612 1721 4682 agendum,
1767 4622 2072 4686 antequam

472 4717 692 4756 ccenare
723 4700 933 4755 inﬁrmi
961 4699 1260 4771 incipiant,
1293 4699 1407 4754 sive
1436 4700 1511 4754 sit
1548 4701 1603 4754 in
1633 4707 1845 4765 testate,
1870 4704 1985 4759 sive
2012 4704 2069 4759 in

471 4791 694 4863 hyeme,
726 4789 962 4860 singulis
987 4804 1137 4860 aqua
1169 4788 1339 4843 iidem
1368 4788 1563 4844 famuli
1585 4791 1753 4860 pedes
1784 4792 1989 4860 lavant,
2019 4799 2076 4849 et

472 4880 648 4935 linteo
677 4885 929 4951 tergunt.

546 4969 853 5040 Postquam
881 4972 1190 5022 conventus
1230 4967 1390 5022 ﬁnito
1435 4968 1699 5024 mandato
1720 4970 2073 5026 refcctorium

471 5060 761 5130 ingressus
789 5057 979 5118 fuerit,
1011 5055 1202 5110 vinum
1258 5057 1402 5126 quod
1455 5074 1556 5128 pro
1603 5059 1879 5114 charitate
1905 5052 2072 5117 iidem

472 5148 671 5203 famuli
704 5145 938 5201 bibituri
967 5145 1183 5208 sunt,in
1207 5144 1713 5217 cellario,exigente
1738 5148 2070 5214 inﬁrmario,

472 5234 936 5309 accipiunt.Quod
960 5234 1191 5288 allatum
1217 5235 1426 5305 pateris
1445 5235 1818 5291 intunduntet
1836 5236 2073 5292 inﬁrmis

473 5326 788 5399 porrigunt.
825 5323 1039 5377 Inﬁrmi
1069 5328 1256 5377 autem
1289 5340 1400 5378 non
1431 5324 1587 5394 prius
1616 5325 1854 5378 eundem
1879 5331 2072 5396 potum

471 5415 830 5481 benedicunt,
866 5429 1033 5483 quam
1065 5429 1260 5466 omnes
1287 5413 1340 5466 in
1364 5430 1562 5467 manus
1584 5413 1947 5483 accipiunt,et
1964 5415 2069 5470 hoc

474 5504 693 5576 publice
750 5502 979 5567 faciunt,
1024 5502 1170 5555 sicut
1209 5501 1379 5554 etiam
1427 5502 1868 5573 quotiescunque
1901 5503 2070 5558 simul

474 5594 561 5647 vel
582 5590 942 5662 singulariter
956 5590 1174 5647 bibunt.
1189 5590 1348 5653 Quod
1371 5590 1688 5646 bibentibus
1717 5593 2068 5663 superest,de

2152 4528 2320 4579 etiam
2348 4525 2544 4577 domne
2566 4541 2583 4576 :
2602 4522 2837 4594 jubetur
2855 4540 3070 4578 sessum
3090 4524 3172 4578 ire
3188 4546 3204 4590 ,-
3231 4527 3279 4577 si
3304 4529 3493 4578 autem
3523 4524 3743 4591 dixerit,

2154 4630 2285 4679 non,
2309 4612 2542 4684 jubetur
2565 4618 2723 4666 extra
2748 4612 2980 4666 chorum
3003 4612 3328 4684 aliquandiu
3352 4628 3494 4667 esse.

2227 4701 2335 4756 Sed
2365 4707 2452 4755 est
2479 4701 2787 4767 sciendum,
2813 4701 2861 4754 si
2893 4702 3041 4755 infra
3059 4702 3365 4772 capitulum
3395 4702 3462 4755 ad
3493 4701 3746 4758 inﬁrma-

2154 4791 2299 4845 riam
2330 4790 2455 4862 quis
2482 4789 2566 4843 ire
2590 4790 2841 4860 jubetur,
2863 4790 3010 4861 quod
3039 4789 3111 4844 ad
3149 4790 3338 4844 sedem
3368 4807 3526 4844 suam
3558 4791 3608 4845 is
3637 4809 3744 4847 non

2155 4886 2486 4944 revertetur,
2516 4896 2807 4950 quousque
2833 4878 2980 4933 idem
3013 4879 3318 4949 capitulum
3347 4879 3597 4944 ﬁniatur,
3641 4881 3745 4935 nisi

2156 4986 2191 5023 a
2217 4968 2401 5040 priore
2431 4966 2643 5033 audiat,
2679 4968 2827 5040 quod
2857 4967 2929 5021 ad
2975 4984 3220 5038 praesens
3239 4968 3371 5022 illuc
3398 4967 3479 5022 ire
3505 4968 3741 5037 debeat;

2155 5065 2290 5113 tunc
2307 5058 2453 5112 facto
2482 5057 2553 5112 ad
2588 5058 2892 5112 sessionem
2925 5074 3084 5111 suam
3111 5064 3242 5111 ante
3262 5062 3319 5110 et
3346 5059 3744 5122 retro,nemine

2155 5146 2412 5211 ducente,
2445 5145 2554 5200 nisi
2596 5145 2670 5199 sit
2706 5144 2928 5215 juvenis
2958 5144 3017 5198 in
3046 5143 3302 5198 custodia
3336 5144 3556 5214 positus
3580 5162 3743 5216 quem

2155 5235 2411 5307 sequitur
2440 5234 2801 5300 inﬁrmarius,
2832 5234 3109 5301 discedet;
3144 5242 3201 5287 et
3220 5234 3267 5287 si
3286 5249 3514 5287 necesse
3542 5233 3743 5289 habue-

2155 5325 2247 5390 rit,
2279 5325 2337 5379 in
2367 5324 2530 5389 lecto,
2561 5324 2608 5378 si
2639 5341 2802 5395 quem
2843 5323 2918 5378 ibi
2957 5325 3236 5393 jacentem
3266 5339 3377 5377 non
3425 5322 3655 5385 invenit,
3686 5342 3741 5378 se

2149 5414 2374 5478 luterim
2406 5412 2866 5472 collocabitmam
2896 5412 3085 5489 nullus
3104 5413 3162 5467 in
3182 5413 3327 5468 lecto
3347 5412 3599 5473 alterius,
3635 5413 3739 5467 nisi

2150 5504 2244 5558 illo
2273 5504 2656 5574 permittente,
2686 5503 2771 5556 vel
2798 5502 2869 5556 ad
2908 5508 3255 5556 momentum
3284 5516 3346 5556 se
3376 5500 3543 5555 debet
3566 5503 3733 5557 collo-

2148 5593 2296 5664 care)
2326 5592 2413 5647 vel
2444 5591 2491 5647 si
2517 5590 2657 5656 vult,
2694 5590 2750 5645 in
2797 5591 3067 5662 capellam
3116 5589 3287 5645 vadit.
3339 5589 3396 5644 Si
3434 5594 3626 5645 autem
3665 5590 3731 5645 de
