3934 6380
151 350 284 409 1129

1171 346 1592 403 CONSTITUT.
1634 343 1979 401 HIRSAUG.
2022 373 2089 385 —
2126 343 2267 398 LIB.
2305 342 2381 398 II.

3259 337 3407 399 1130

146 473 374 549 capitulo
399 490 512 529 non
534 472 719 539 exivit,
758 476 1033 528 conventu
1061 473 1122 527 in
1159 474 1429 546 capellam
1450 474 1719 536 intrante,
1740 475 1789 531 A
1806 486 1943 524 nere
1976 484 2270 540 quousque
2297 468 2604 521 conventus
2637 464 2773 520 illuc
2800 466 2998 521 tendat
3018 480 3147 522 cum
3173 482 3403 539 proces-

145 565 254 636 ipse
304 580 401 635 per
454 563 798 618 auditorium
829 562 888 616 in
932 561 1304 616 inﬁrmariam
1336 562 1538 616 tendit.
1569 562 1728 616 Tunc

144 654 473 709 inﬁrmarius
502 651 906 707 lectisternium
935 652 1057 721 ejus
1085 651 1154 705 de
1189 651 1539 714 dormitorio,
1564 651 1729 720 justi-

146 744 268 798 tiam
296 759 420 796 cum
469 741 750 796 cochleari
798 741 868 795 de
917 740 1209 794 refectorio
1260 740 1392 794 facit
1441 739 1727 811 apportari

147 848 297 901 quam
311 832 478 885 etiam
498 838 692 902 postea
702 847 828 885 cum
839 829 962 900 ipso
974 830 1248 883 cochleari
1267 828 1727 900 reportabit,cum

146 921 371 990 primum
392 922 487 974 ille
517 921 775 974 inﬁrmus
805 936 974 973 sanus
1003 918 1063 971 in
1108 925 1440 972 conventum
1477 918 1723 971 redierit.

208 1011 438 1063 Carnem
469 1026 585 1063 non
605 1008 866 1073 comedit,
893 1007 1021 1071 nisi,
1047 1013 1112 1061 ut
1139 1008 1221 1060 ait
1235 1013 1461 1061 sanctus
1494 1006 1730 1060 Benedi-

146 1103 270 1164 ctus,
301 1099 530 1152 omnino
556 1098 754 1151 debilis
785 1102 843 1150 et
868 1101 1110 1165 aegrotus
1139 1096 1248 1161 sit;
1283 1096 1431 1166 quod
1462 1095 1510 1149 si
1539 1095 1726 1157 fuerit,

145 1187 282 1256 prior
309 1182 377 1240 ad
406 1187 608 1240 horam
641 1186 863 1257 prandii
884 1184 1195 1238 infirmario
1220 1184 1576 1243 admonente.
1597 1198 1728 1237 eum

145 1276 333 1340 invisit,
366 1281 421 1330 et
451 1276 522 1331 ad
548 1276 729 1329 locum
768 1275 869 1328 tali
917 1275 1141 1327 inﬁrmo
1193 1290 1500 1343 congruum
1525 1272 1679 1326 ducit
1709 1290 1722 1338 ;

144 1364 266 1419 facit
288 1365 454 1419 etiam
486 1381 714 1419 carnem
746 1363 1053 1434 apportari,
1088 1379 1255 1433 quam
1287 1367 1343 1416 et
1379 1378 1480 1432 per
1525 1378 1727 1415 manus

146 1454 306 1524 ipsius
334 1459 652 1524 porrectam
678 1452 950 1524 praecipit,
968 1456 1034 1505 ut
1049 1451 1326 1506 comedat.
1356 1452 1495 1517 (UD.)
1527 1450 1726 1504 Sivero

148 1542 284 1614 prior
308 1542 446 1596 alias
475 1548 783 1613 occupatus
814 1541 945 1594 illuc
973 1556 1086 1593 non
1118 1544 1302 1610 potest
1334 1538 1542 1602 venire,
1573 1539 1728 1592 infir-

148 1631 309 1686 mario
336 1636 526 1703 potest
555 1631 615 1685 in
654 1630 977 1701 bujusmodi
1016 1628 1191 1681 vicem
1225 1644 1386 1682 suam
1416 1628 1729 1681 committe-

146 1736 216 1773 re.
252 1719 333 1774 Ab
365 1737 432 1774 ea
460 1720 583 1774 vice
618 1718 830 1790 absque
858 1718 1076 1783 baculo,
1109 1733 1278 1788 quem
1308 1717 1551 1770 famulus
1580 1717 1730 1771 inter

1810 559 1986 613 sione.
2020 558 2270 622 Quorum
2290 560 2552 610 neutrum
2589 560 2778 609 tamen
2798 554 3066 611 fratribus
3081 557 3409 613 adolescen-

1807 648 2049 701 tioribus
2072 645 2414 701 conceditur.
2447 646 2563 698 Aut
2605 644 2654 698 si
2678 650 2765 698 est
2788 649 3029 717 tempus,
3064 664 3175 718 quo
3204 649 3407 707 fratres

1810 752 1923 790 non
1936 735 2308 789 meridiantur
2326 734 2364 801 (1
2380 730 2630 803 50),tunc
2645 732 2925 801 similiter,
2944 736 2992 788 si
3009 738 3240 804 mavult,
3259 739 3410 795 vadit

1810 826 1866 879 in
1916 824 2222 895 capellam;
2257 823 2413 892 (1:0,)
2465 822 2614 892 quod
2661 823 2832 877 etiam
2886 825 3025 878 nulli
3052 825 3409 885 inﬁrmorum

1811 913 2159 985 prohibetur.
2183 913 2206 936 *
2233 912 2433 966 Nullus
2461 917 2650 964 autem
2686 928 2880 966 eorum
2911 914 3155 984 aliquem
3199 917 3408 973 librum

1812 1003 1887 1056 ibi
1911 1003 1997 1056 vel
2025 1002 2095 1056 ad
2126 1006 2474 1054 momentum
2505 1000 2747 1071 inspicit.
2801 1001 2908 1057 nisi
2961 1005 3033 1058 ad
3062 1007 3408 1063 matutinum

1814 1092 2002 1162 legere
2030 1090 2347 1152 lectionem,
2378 1090 2464 1143 vel
2504 1091 2920 1160 responsorium
2951 1099 3179 1149 cantare
3208 1096 3404 1166 possit.

1814 1179 1918 1232 Sed
1951 1178 1999 1232 si
2027 1178 2142 1231 vult
2167 1178 2373 1247 legere,
2414 1176 2603 1230 statim
2629 1177 2833 1231 dicitur
2880 1179 2951 1244 ei,
3002 1186 3065 1235 ut
3115 1183 3313 1237 redeat
3346 1183 3409 1238 in

1811 1270 2165 1320 conventum.
2195 1266 2410 1319 Rursus
2433 1271 2557 1335 post
2576 1280 2795 1318 coenam
2825 1266 2903 1319 ibi
2924 1269 3100 1337 sedet,
3128 1277 3229 1325 aut
3257 1272 3409 1342 jacet

1811 1356 2034 1427 quando
2063 1354 2124 1408 in
2153 1354 2398 1408 claustro
2429 1353 2680 1407 sederint
2706 1355 2776 1408 ad
2802 1355 3116 1414 lectionem.

2399 1442 2643 1497 CAPUT
2681 1444 2793 1498 LX.

1811 1545 1929 1612 Qua
1956 1545 2062 1610 lege
2086 1542 2471 1596 obedientz'urz'i
2500 1546 2821 1608 .rgrotantes
2854 1545 2917 1597 in
2959 1544 3117 1599 domo
3146 1548 3406 1614 inﬁrmo-

2381 1638 2514 1674 rum
2539 1626 2845 1676 morentur.

1880 1724 1901 1749 *
1930 1720 2165 1784 Quando
2187 1719 2359 1791 prior,
2394 1720 2760 1781 camerarius,
2792 1721 3404 1794 cellerarius,sacrista,

144 1810 535 1865 comedendum
556 1825 732 1881 prope
752 1825 879 1863 eum
918 1806 1125 1878 posuit,
1161 1806 1299 1876 (UD.)
1331 1822 1611 1876 nusquam
1639 1805 1792 1871 in-B
1810 1809 1895 1863 vel
1924 1809 2127 1878 reliqui
2156 1808 2332 1872 intus,
2372 1808 2460 1861 vel
2499 1802 2633 1862 foris
2663 1808 2998 1865 obedientiis
3025 1816 3279 1886 occupati
3303 1816 3409 1871 do-

145 1898 293 1962 cedit,
341 1898 568 1953 etiamsi
598 1915 688 1952 res
741 1897 944 1968 exigat,
982 1900 1047 1950 ut
1075 1895 1262 1949 triduo
1301 1895 1389 1948 vel
1427 1895 1667 1965 amplius
1696 1912 1730 1949 a

145 2002 295 2042 carne
318 1987 622 2054 abstineat,
654 1993 712 2042 et
744 2004 858 2040 non
884 1985 991 2040 nisi
1024 1985 1236 2056 capelle
1262 1990 1431 2055 caput
1459 1985 1728 2056 cooperit.

144 2075 206 2129 Et
226 2076 484 2131 baculum
517 2076 746 2148 quidem
784 2077 843 2130 in
892 2079 1056 2129 nocte
1087 2079 1145 2127 et
1173 2074 1407 2128 meridie
1433 2075 1575 2128 lecto
1602 2074 1732 2127 inﬁ-

143 2164 232 2235 git,
263 2166 492 2237 reliquis
525 2166 678 2220 horis
701 2167 863 2236 juxta
892 2182 952 2219 se
1000 2163 1179 2235 ponit.
1206 2163 1229 2188 *
1278 2163 1502 2233 Absque
1547 2164 1737 2217 frocco

145 2270 244 2308 non
270 2256 435 2310 debet
463 2271 752 2327 quoquam
792 2255 894 2320 ire,
932 2253 1043 2307 nisi
1095 2251 1163 2305 ad
1208 2252 1551 2306 necessarias
1581 2271 1594 2308 ε
1635 2269 1734 2305 ex-

146 2348 305 2414 cepto,
338 2343 386 2398 si
415 2349 539 2398 tam
568 2343 768 2397 debilis
798 2348 901 2411 est,
932 2348 997 2396 ut
1039 2340 1310 2410 indigeat,
1363 2341 1434 2396 ab
1480 2341 1589 2394 alio
1634 2358 1730 2395 su-

147 2433 383 2487 stentari.

205 2521 285 2575 Ad
301 2522 605 2576 inﬁrmarii
628 2526 815 2577 autem
837 2538 1029 2577 curam
1054 2523 1318 2594 pertinet,
1334 2520 1472 2575 utin
1496 2519 1731 2589 singulis

145 2608 449 2681 bujusmodi
468 2611 790 2666 refectionis
811 2611 1185 2681 indigentiam
1211 2611 1513 2681 diligenter
1539 2609 1730 2679 explo-

146 2711 223 2752 ret
271 2700 560 2772 priorique
593 2705 867 2771 quantum
903 2701 962 2753 in
1011 2700 1133 2771 ipso
1164 2707 1266 2761 est,
1310 2698 1391 2752 rei
1439 2697 1730 2751 veritatem

146 2788 546 2857 denuntiet.(un
577 2789 690 2856 )Ad
708 2794 1005 2860 utramque
1022 2789 1248 2843 missam
1269 2789 1325 2842 id
1351 2792 1435 2842 est
1461 2789 1733 2856 majorem

145 2881 195 2930 et
218 2878 607 2932 matutinalem
642 2878 797 2932 venit
844 2878 914 2932 ad
964 2879 1277 2943 ecclesiam,
1308 2892 1628 2948 quanquam
1662 2876 1732 2929 ad

144 2967 395 3036 majorem
414 2982 537 3021 non
576 2966 683 3037 ipsi
710 2984 889 3037 usque
921 2974 1048 3037 post
1076 2966 1447 3037 evangelium,
1482 2967 1626 3019 sicut
1654 2965 1735 3018 di-

144 3060 282 3109 ctum
305 3061 407 3121 est,
439 3055 689 3109 intersit.
742 3056 859 3109 Etsi
888 3056 1198 3125 capitulum
1250 3072 1363 3109 non
1412 3055 1601 3117 intret,
1650 3058 1733 3107 ta-

1811 1914 1963 1952 mum
1996 1898 2351 1951 inﬁrmorum
2383 1896 2656 1951 inﬁrmati
2698 1898 3113 1969 ingrediuntur,
3164 1920 3292 1958 mox
3337 1906 3408 1960 de

1813 1987 1966 2040 omni
1995 1986 2441 2040 obedientiarum
2491 2003 2722 2040 suarum
2771 1989 3096 2045 executione
3143 1997 3200 2045 et
3227 1995 3408 2064 provi-

1812 2076 1969 2130 sione
1999 2075 2400 2145 egrediuntur;
2436 2081 2662 2145 excepto
2693 2077 2837 2146 quod
2868 2078 3072 2132 fratres
3118 2080 3222 2135 sub
3268 2082 3407 2157 ipsis

1814 2164 1981 2235 positi
2011 2180 2207 2218 eorum
2238 2164 2470 2218 consilio
2498 2164 2556 2217 in
2591 2164 2824 2234 agendis
2870 2165 3174 2235 interdum,
3216 2170 3264 2224 si
3304 2187 3407 2225 ne-

1813 2270 1966 2307 cesse
1986 2259 2090 2318 est,
2119 2253 2203 2307 uti
2231 2252 2660 2324 permittuntur.
2685 2254 2766 2307 De
2788 2253 3120 2311 obedientiis
3138 2259 3257 2314 suis
3271 2276 3410 2331 prae-

1814 2348 1973 2412 cepto
2019 2342 2271 2413 ipsorum
2303 2341 2441 2395 nihil
2480 2341 2561 2395 eis
2589 2342 2868 2411 defertur;
2902 2345 2999 2399 sed
3026 2347 3198 2417 prior,
3227 2349 3273 2403 si
3303 2348 3411 2404 sibi

1814 2432 2052 2497 videtur,
2075 2430 2428 2501 adjutoribus
2450 2448 2643 2485 eorum
2674 2433 2943 2504 prmcipit,
2960 2436 3128 2506 quod,
3161 2443 3219 2492 et
3238 2454 3412 2509 quan-

1815 2527 1935 2573 tum
1958 2519 2064 2574 sibi
2093 2520 2387 2591 placuerit,
2418 2525 2485 2574 ut
2512 2537 2625 2574 non
2670 2522 2807 2592 ipsis
2835 2529 3079 2592 tantum,
3112 2526 3209 2580 sed
3240 2527 3412 2582 etiam

1814 2609 2032 2663 caeteris
2081 2608 2321 2662 inﬁrmis
2353 2609 2408 2662 in
2447 2626 2743 2664 commune
2774 2619 3123 2683 apportetur.
3174 2617 3232 2671 Si
3263 2617 3413 2688 quod

1814 2714 1945 2752 vero
1976 2698 2184 2751 eisdem
2218 2697 2637 2752 obedientiariis
2658 2716 2690 2752 a
2720 2700 2881 2754 nobis
2910 2718 3104 2757 eorum
3135 2705 3412 2761 directum

1814 2786 2000 2851 fuerit,
2025 2803 2139 2840 non
2167 2786 2278 2840 illis
2308 2793 2695 2857 praesentatur,
2730 2790 2826 2843 sed
2853 2807 2887 2843 a
2907 2792 3195 2847 cellerario
3216 2795 3414 2865 accipi-

1813 2881 1926 2939 tur,
1952 2881 2010 2928 et
2035 2875 2091 2928 in
2126 2892 2424 2928 commune
2461 2876 2835 2946 dispensatur,
2869 2885 2926 2934 et
2953 2888 3167 2950 postea,
3191 2883 3240 2937 si
3267 2883 3414 2937 vide-

1815 2970 1929 3026 tur,
1961 2964 2171 3017 eisdem
2199 2964 2303 3017 hoc
2331 2964 2574 3018 breviter
2602 2966 2912 3021 intimatur.

1888 3030 2355 3122 (Ub.)Circatores
2371 3059 2561 3107 autem
2580 3054 2904 3124 frequenter
2926 3057 3153 3113 visitant
3182 3060 3413 3116 domum

148 3158 282 3211 men,
315 3162 439 3216 quae
461 3145 527 3198 in
551 3144 795 3214 capitulo
836 3145 1121 3214 leguntur,
1156 3144 1455 3208 auscultat,
1500 3143 1731 3209 scilicet,
1756 3132 2193 3209 Cinﬁrmorum,
2245 3147 2303 3195 et
2326 3141 2625 3212 diligenter
2662 3145 2957 3214 explorant
3004 3149 3283 3218 quomodo
3308 3151 3416 3222 ipsi

147 3235 476 3288 sententiam
505 3233 713 3303 regulae
737 3233 823 3286 vel
853 3233 922 3285 de
952 3233 1259 3303 evangelio,
1285 3238 1342 3287 et
1356 3249 1570 3296 rursus,
1588 3231 1736 3303 quod
1819 3248 1879 3285 se
1904 3231 2147 3285 habeant
2175 3231 2403 3296 inﬁrmi,
2438 3236 2496 3284 et
2518 3231 2653 3286 item
2685 3232 3048 3302 infirmarius,
3073 3238 3120 3291 si
3148 3255 3319 3308 quam
3342 3240 3419 3295 vi-

146 3321 340 3393 legitur
369 3323 441 3377 ad
482 3322 872 3389 collationem;
908 3322 1006 3375 sed
1049 3338 1177 3376 cum
1221 3322 1293 3375 ad
1348 3323 1453 3375 hoc
1505 3326 1736 3375 ventum
1820 3321 1965 3375 derit
1987 3337 2183 3374 eorum
2210 3320 2632 3390 negligentiam,
2660 3321 2823 3389 sicut,
2850 3324 2898 3377 si
2933 3323 2993 3378 in
3022 3326 3304 3383 dominica
3324 3329 3417 3385 die

148 3410 320 3480 fuerit,
349 3417 416 3466 ut
465 3416 676 3482 agatur
712 3411 781 3465 de
836 3411 1196 3481 negligentiis
1224 3411 1482 3477 fratrum,
1518 3411 1589 3464 ad
1635 3412 1740 3464 hoc

150 3501 486 3556 audiendum
509 3516 621 3554 non
652 3499 818 3554 debet
840 3518 962 3555 esse
1003 3500 1255 3555 curiosus
1291 3519 1301 3554 :
1336 3517 1463 3553 mox
1493 3500 1643 3554 enim
1671 3500 1741 3553 de

152 3591 282 3644 ostio
329 3589 566 3656 recedit,
613 3588 709 3644 ubi
738 3589 1013 3644 accubans
1047 3589 1397 3655 auscultavit,
1423 3589 1547 3643 etsi
1574 3588 1745 3643 fuerit

154 3678 207 3733 in
232 3679 390 3747 lecto,
420 3696 488 3735 se
516 3678 825 3743 collocabit,
850 3679 937 3733 sin
949 3684 1158 3742 autem,
1185 3684 1284 3732 aut
1305 3678 1364 3731 in
1387 3678 1619 3749 capella,
1646 3682 1747 3730 aut

156 3766 210 3821 in
234 3768 479 3823 claustro
501 3768 669 3837 juxta
695 3783 820 3821 eam
849 3768 958 3822 sito
1003 3767 1291 3838 quiescere
1342 3766 1568 3836 poterit.
1608 3764 1748 3820 Silet

159 3872 218 3910 ex
238 3874 411 3924 more,
436 3874 616 3928 usque
637 3857 773 3910 dum
814 3862 941 3926 post
982 3856 1289 3926 capitulum
1321 3854 1512 3909 tabula
1544 3871 1745 3925 percu-

154 3945 319 4001 tiatur
331 3947 403 4001 ad
426 3947 796 4017 loquendum.
816 3946 872 4000 Si
886 3945 1123 4015 alicujus
1135 3944 1264 3997 talis
1283 3944 1571 3998 medicina;
1597 3944 1745 3997 indi-

147 4040 248 4102 get,
272 4036 488 4107 absque
518 4035 744 4089 licentia
778 4034 981 4105 prioris
1016 4050 1118 4104 per
1168 4034 1542 4087 infirmarium
1598 4034 1743 4087 hanc

150 4123 343 4179 habere
372 4124 600 4195 poterit.
629 4123 687 4177 Si
708 4140 837 4177 vero
869 4139 1008 4194 Opus
1039 4122 1207 4176 habet
1226 4129 1509 4175 cocturam
1540 4121 1744 4176 facien-

152 4209 220 4278 di,
250 4219 349 4268 aut
368 4212 849 4284 phlebotomandi,
883 4228 983 4283 per
1010 4211 1384 4265 inﬁrmarium
1414 4228 1446 4264 a
1471 4211 1655 4281 priore
1684 4210 1744 4263 li-

152 4302 383 4357 centiam
415 4301 677 4372 acquirit.

217 4390 331 4445 Hoc
349 4395 542 4446 autem
559 4390 755 4445 ordine
787 4391 906 4445 haec
923 4389 1215 4460 sanguinis
1244 4388 1483 4443 minutio
1501 4406 1535 4441 a
1551 4387 1744 4459 quovis

1822 3410 1892 3464 ad
1920 3408 2299 3480 aspersionem
2330 3425 2489 3478 aquae
2518 3408 2820 3465 benedictae
2840 3411 2899 3465 in
2927 3412 3071 3468 lecto
3111 3431 3223 3470 non
3255 3418 3418 3473 sede-

1825 3498 1959 3565 rint,
1992 3498 2039 3551 si
2071 3499 2397 3568 f‘requenter
2423 3497 2583 3551 tarde
2624 3499 2694 3552 ad
2720 3516 2973 3555 mensam
2999 3505 3258 3560 venerint
3303 3508 3420 3574 (sed

1827 3587 2072 3642 maxime
2092 3587 2151 3640 in
2179 3587 2500 3657 loquendo),
2540 3592 2597 3640 et
2625 3587 2672 3641 si
2701 3588 2947 3658 primum
2970 3591 3057 3646 bis
3089 3595 3172 3648 vel
3200 3600 3290 3650 ter
3316 3597 3421 3651 ad-

1827 3677 2045 3742 moniti,
2079 3676 2366 3730 noluerint
2416 3692 2542 3730 eum
2576 3677 2793 3742 audire,
2852 3679 2958 3734 hoc
3009 3682 3175 3738 debet
3210 3685 3331 3755 ipse
3359 3686 3420 3742 in

1828 3766 2073 3837 capitulo
2102 3766 2423 3820 reclamare.
2469 3766 2631 3820 Prior
2649 3772 2838 3821 autem
2868 3786 3014 3835 mox,
3038 3778 3101 3826 ut
3131 3773 3422 3829 inclamati

1829 3856 2058 3910 fuerint.
2090 3855 2266 3908 mittit
2286 3854 2355 3908 ad
2372 3871 2465 3908 eos
2487 3855 2841 3909 claustralem
2865 3858 3132 3928 priorem,
3162 3867 3219 3916 et
3249 3863 3423 3918 circa-

1828 3950 1998 4010 tores,
2048 3944 2474 4014 convocatisque
2512 3944 2771 3999 omnibus
2827 3947 3133 4017 capitulum
3181 3967 3310 4005 cum
3339 3953 3420 4008 eis

1829 4033 2036 4103 agitur,
2059 4039 2116 4086 et
2143 4032 2190 4085 si
2220 4032 2347 4103 quis
2375 4032 2524 4086 inter
2544 4050 2639 4086 eos
2673 4034 3074 4092 admonitionis
3104 4045 3422 4112 transgres-

1827 4140 1919 4177 sor
1947 4122 2208 4175 inventus
2257 4121 2444 4186 fuerit,
2482 4122 2695 4191 virgam
2729 4124 3030 4195 aliquando
3081 4130 3418 4199 experietur.

1826 4211 2026 4265 Adhuc
2051 4211 2243 4276 etiam,
2264 4210 2311 4263 si
2333 4210 2585 4263 eamdem
2618 4228 2735 4266 rem
2759 4213 2962 4268 iterare
2982 4221 3420 4291 praesumpserit,

1828 4300 1886 4354 in
1915 4300 2223 4370 capitulum
2257 4305 2496 4362 vocatus,
2527 4300 2805 4370 judicium
2832 4303 3044 4375 absque
3093 4307 3263 4363 dubio
3293 4311 3424 4365 sub-

1828 4390 1948 4456 ibit,
1983 4395 2036 4443 et
2063 4389 2110 4443 si
2131 4388 2263 4442 talis
2291 4395 2393 4455 est,
2418 4388 2513 4459 qui
2541 4391 2724 4445 carnis
2755 4393 3109 4451 refectionem
3130 4398 3315 4465 habet,
3350 4402 3422 4456 il-

154 4476 367 4534 inﬁrmo
397 4485 487 4535 est
515 4479 751 4550 agenda.
786 4479 1021 4543 Quando
1044 4480 1302 4549 regulare
1326 4478 1606 4548 jejunium
1632 4477 1808 4546 agi-1)
1828 4479 1917 4532 luc
1944 4478 2127 4531 eundo
2159 4476 2417 4530 baculum
2444 4477 2502 4531 in
2532 4479 2811 4534 auditorio
2842 4482 3138 4555 relinquet,
3160 4487 3180 4510 *
3201 4489 3295 4560 qui
3326 4507 3424 4545 au-

152 4572 257 4633 tur,
289 4569 453 4623 ﬁnita
500 4573 724 4623 tantum
767 4568 1014 4639 regulari
1064 4569 1222 4631 hora,
1257 4584 1378 4638 qua;
1409 4567 1479 4620 ab
1508 4567 1747 4619 inﬁrmis
1830 4574 1943 4622 tem
1975 4567 2146 4620 talem
2176 4566 2774 4631 habetintirmitatem,
2801 4576 2862 4624 ut
2882 4571 3076 4628 baculo
3098 4592 3286 4632 carere
3312 4596 3424 4633 non

152 4662 273 4712 ante
299 4657 601 4730 prandium
630 4658 880 4729 ipsorum
911 4662 1190 4721 cantatur,
1226 4656 1284 4709 in
1315 4656 1748 4726 quadragesima
1829 4657 2029 4719 valeat,
2078 4672 2204 4708 eum
2245 4671 2431 4708 secum
2464 4655 2523 4709 in
2553 4657 2860 4727 capitulum
2913 4669 3119 4731 portat,
3177 4667 3425 4722 seniores

152 4763 275 4803 vero
299 4753 429 4820 post
468 4763 728 4819 vesperos
759 4764 954 4802 eorum
1001 4747 1167 4812 dicto,
1222 4747 1612 4800 Benedicamus
1642 4747 1746 4799 [)0-
1823 4745 2034 4817 jugiter
2079 4744 2219 4797 inibi
2260 4752 2675 4799 commorantes
2725 4753 2782 4802 et
2808 4748 2864 4802 in
2895 4750 3085 4823 aliquo
3115 4755 3213 4808 tali
3242 4757 3424 4812 delin-

158 4839 322 4903 mino,
355 4837 676 4893 inchoanda
701 4842 804 4891 est.
830 4839 973 4891 Cum
994 4842 1182 4890 autem
1206 4834 1286 4889 bis
1313 4835 1647 4895 comeditur.
1677 4835 1749 4888 ad
1832 4840 2066 4906 quentes
2091 4850 2203 4887 non
2232 4832 2363 4897 illic,
2398 4833 2498 4887 sed
2529 4834 2587 4887 in
2616 4836 2861 4907 capitulo
2904 4849 3038 4895 sunt
3061 4844 3420 4915 corripiendi,

151 4922 369 4981 initium
394 4926 625 4998 majoris
646 4926 827 4981 missae
847 4926 1129 4997 incipitur.
1157 4926 1312 4980 Inter
1340 4924 1744 4979 comedendum
1831 4923 2036 4995 quippe
2065 4922 2212 4976 male
2241 4921 2458 4991 agendo
2489 4923 2628 4977 alios
2664 4926 3200 5000 scandalizaverunt,
3227 4934 3429 5005 quibus

152 5011 370 5071 infirmo
395 5016 557 5071 alteri
576 5016 737 5087 juxta
778 5032 840 5070 se
881 5015 1098 5070 sedenti
1125 5015 1194 5069 de
1232 5014 1353 5068 cibo
1379 5031 1481 5068 suo
1529 5019 1585 5068 et
1616 5019 1749 5084 potu
1832 5013 1973 5068 bene
2001 5011 2202 5082 agendi
2228 5011 2543 5081 exemplum
2573 5028 2692 5067 esse
2724 5014 3040 5072 debuerint.

155 5102 384 5160 licenter
400 5111 586 5177 potest
605 5105 825 5176 partiri.
865 5107 1000 5174 (01).)
1035 5106 1169 5159 Post
1198 5105 1497 5175 prandium
1526 5121 1751 5174 quoque
2415 5118 2650 5173 CAPUT
2686 5120 2833 5180 LXI.

155 5207 261 5247 non
286 5194 420 5248 licet
439 5194 490 5248 ei
521 5210 718 5248 vacare
750 5193 1079 5264 loquacitati
1101 5211 1114 5255 ;
1159 5193 1260 5247 sed
1288 5193 1556 5247 continuo
1578 5209 1637 5246 se
1660 5209 1733 5263 po

1839 5192 2065 5276 Οιιᾶηιίο
2110 5209 2332 5276 inﬁrmi
2369 5223 2472 5260 sua
2508 5213 2711 5275 sponte,
2762 5213 2843 5264 vel
2890 5218 3067 5269 vocati
3102 5221 3329 5275 veniant
3356 5226 3432 5279 ad

158 5281 237 5336 nit
263 5282 319 5336 in
350 5283 620 5338 lectulum
658 5300 843 5347 suum,
870 5283 956 5337 vel
985 5287 1271 5353 exspectat
1301 5282 1367 5335 ad
1403 5283 1459 5336 S.
1490 5281 1749 5347 Mariam,
2471 5283 2799 5347 capimhmz.

159 5384 332 5442 usque
358 5371 493 5426 dum
522 5372 721 5427 fratres
752 5373 821 5426 de
844 5372 1135 5426 refectorio
1166 5372 1399 5425 redeant
1429 5389 1441 5437 ;
1484 5371 1528 5425 si
1561 5376 1750 5425 tamen
1902 5375 1926 5399 "
1957 5368 2257 5424 Sciendum
2273 5374 2462 5424 autem
2485 5369 2554 5423 de
2575 5369 2831 5436 infirmis,
2851 5373 2981 5444 quia
2998 5380 3055 5429 et
3073 5376 3120 5431 si
3142 5396 3432 5454 nunquam

160 5462 326 5515 tanta:
376 5461 671 5533 gravitatis
698 5478 821 5517 esse
848 5461 1233 5532 'dignoscitur.
1276 5459 1296 5483 *
1329 5461 1468 5514 Item
1503 5460 1563 5513 in
1592 5465 1753 5514 nocte
1837 5458 2177 5529 processioni
2197 5457 2363 5511 alicui
2382 5457 2679 5522 intersunt,
2698 5465 2886 5515 tamen
2910 5470 3141 5536 propter
3160 5473 3434 5541 quosdam

161 5550 496 5618 percantatis
526 5550 818 5606 matutinis
845 5551 1199 5606 infirmorum
1240 5554 1424 5621 potest
1461 5548 1539 5603 ibi
1570 5565 1756 5603 rema-
1837 5564 2057 5618 magnae
2099 5547 2488 5602 aestimationis
2525 5547 2773 5620 hospites
2801 5552 2873 5606 ad
2897 5553 3208 5625 capitulum
3236 5576 3435 5618 vocan-

235 5653 373 5729 (150)
403 5657 469 5715 Id
493 5662 580 5713 est
606 5659 901 5713 dormiunt
930 5662 1167 5725 tempore
1196 5657 1535 5712 meridiaiw.

407 5756 676 5821 PATROL.
729 5757 847 5821 CL.
3125 5764 3203 5827 36
