3934 6390
518 323 653 384 ΜΞῙ

1544 327 1602 380 S.
1641 327 2032 383 GUILLELMI
2057 326 2366 385 ABBATIS
2404 327 2750 386 HIRB’AUG.

3646 327 3774 388 use

513 459 628 520 tur,
645 452 949 508 necnonin
969 452 1166 523 vigilia
1193 453 1514 507 Nativitatis
1535 452 1790 518 :Domini,
1819 458 1880 506 et
1908 453 1969 506 in
1996 454 2310 512 An-Atum
2337 458 2533 510 tenere
2571 467 2686 508 non
2713 467 2877 523 posse
2917 452 3140 508 videtur
3163 452 3492 517 .iuﬁrmerio
3529 469 3770 519 commo-

516 543 872 596 nuntiatione
897 543 1040 611 ejus.
1069 543 1225 596 Tunc
1252 543 1399 595 enim
1430 543 1618 595 nullus
1657 559 1849 595 eorum
1883 547 2110 612 propter

513 632 734 685 veniam
753 631 1204 685 communiter-ab
1220 632 1480 684 omnibus
1496 632 1789 700 petendam
1809 631 1884 684 ibi
1908 631 2104 696 deerit,

515 721 624 774 nisi
649 735 760 790 prae
783 721 1111 775 inﬁrmitate
1140 719 1271 775 illuc
1303 721 1492 774 venire
1528 737 1638 773 non
1669 721 1863 790 possit.
1888 722 2022 774 Post
2037 722 2106 773 ﬁ-

516 809 699 862 nitum
749 816 936 863 autem
980 826 1294 863 sermonem
1325 810 1537 862 diutius
1575 809 1708 862 illuc
1742 826 1854 862 non
1885 826 2107 863 moran-

515 902 637 952 tur'
652 898 747 951 sed
761 899 1071 952 inﬁrmario
1088 899 1424 951 admonente
1437 898 1624 950 statim
1644 899 1826 951 redire
1833 898 2108 967 jubentur

587 987 818 1041 Interim
837 989 972 1041 dum
1004 988 1178 1041 frater
1209 1004 1376 1040 carne
1397 987 1665 1052 reﬁcitur,
1681 988 1884 1040 fratres
1905 1004 2101 1058 super-

513 1077 799 1130 venientes
819 1077 1232 1140 'oscuiari,sicut
1243 1082 1298 1130 et
1313 1076 1426 1138 alii,
1462 1093 1574 1130 non
1595 1077 1941 1146 probi-betur.
1962 1081 2100 1144 tuo.)

512 1166 747 1228 Quando
771 1165 852 1218 ita
871 1166 1231 1230 convaluerit,
1267 1171 1333 1218 ut
1365 1166 1546 1219 redire
1575 1166 1754 1236 possit
1771 1166 1840 1218 ad
1859 1182 2100 1219 conven-

509 1259 652 1320 tum,
689 1255 962 1308 redeundi
1005 1254 1286 1307 licentiam
1311 1255 1511 1323 quaerit
1539 1271 1573 1307 a
1616 1257 1802 1323 priore
1822 1271 1923 1324 per
1942 1255 2101 1307 inﬁr-

507 1343 773 1396 marium.
807 1345 826 1367 ’
854 1344 998 1396 Nam
1032 1343 1092 1396 in
1121 1345 1240 1412 ejus
1263 1343 1501 1396 arbitrio
1526 1349 1632 1411 est,
1661 1344 1939 1397 utnullus
1969 1345 2098 1398 inde

507 1432 850 1501 egrediatur,
884 1433 1212 1502 priusquam
1245 1431 1350 1502 ipsi
1381 1438 1603 1501 tempus
1645 1431 1917 1485 videatur.
1950 1433 2100 1502 (ω.)

506 1521 662 1574 Tunc
681 1529 976 1590 unguntur
1004 1521 1172 1574 calcei
1203 1522 1325 1590 ejus
1355 1521 1660 1583 diurnales,
1687 1527 1742 1575 et
1761 1521 1819 1574 in
1845 1522 2099 1591 sequenti

505 1609 596 1662 die
625 1609 810 1662 induit
837 1626 930 1662 eos
953 1610 1256 1663 rediturus.
1283 1611 1422 1664 Cum
1455 1610 1635 1680 primo
1661 1610 1880 1678 signum
1911 1612 2099 1680 pulsa-

505 1703 602 1751 tur
631 1699 701 1752 ad
731 1698 988 1768 pri-mam,
1014 1699 1099 1752 vel
1128 1699 1175 1751 si
1199 1699 1268 1751 de
1291 1704 1560 1768 tempore,
1587 1716 1697 1768 quo
1716 1699 1886 1752 tertia
1913 1706 2100 1753 canta-

2190 548 2377 606 neate,
2403 543 2592 598 statim
2622 543 2805 596 redire
2826 541 3074 612 jubetur.
3104 542 3402 598 Sciendum
3429 547 3623 596 autem
3650 544 3772 613 quia

2193 648 2254 684 ea
2285 631 2375 684 die
2406 648 2516 702 qua
2543 632 2612 685 de
2646 631 2961 685 inﬁrmaria
2989 632 3153 692 redit,
3183 632 3228 685 si
3257 648 3484 694 carnem
3514 632 3769 699 comedit,

2192 737 2373 791 neque
2435 721 2529 774 ille
2575 721 2747 776 alium
2809 738 2989 791 neque
3045 721 3190 774 alius
3253 720 3411 780 illum
3472 719 3769 787 inclamat;

2189 809 2276 863 sin
2306 815 2514 873 autem,
2540 815 2655 863 tam
2685 810 3037 880 alius._quam
3057 810 3178 880 ipse
3205 808 3275 862 ab
3295 809 3768 864 alioinclamatur.

2187 898 2375 952 Talem
2407 915 2536 952 vero
2575 915 2861 953 excessum
2892 899 3075 970 potuit
3103 900 3389 952 incurrere
3441 915 3540 967 pro
3579 915 3692 968 quo
3721 899 3772 953 in

2187 987 2430 1041 crastino
2470 994 2687 1058 sponte,
2733 989 2818 1041 vel
2868 988 3204 1042 inclamatus
3251 986 3467 1040 veniam
3499 987 3660 1056 petit.
3711 988 3775 1042 Et

2185 1079 2493 1131 notandum
2524 1078 2672 1147 quod
2693 1077 2739 1130 si
2769 1077 2892 1148 quis
2913 1075 3775 1145 inﬁrmuscausarepansationis

2183 1168 2250 1220 ad
2284 1168 2530 1238 aliquam
2558 1167 2754 1220 cellam
2787 1173 2873 1220 est
2901 1165 3227 1231 mittendus,
3271 1165 3427 1235 prius
3469 1163 3639 1218 debet
3684 1182 3772 1219 vs-

2185 1255 2337 1309 niam
2365 1256 2422 1308 in
2451 1256 2697 1326 capitulo
2737 1261 2944 1326 petere,
2979 1259 3038 1308 et
3084 1260 3281 1326 postea
3330 1252 3772 1308 benedictionem

2184 1343 2425 1400 abeundi
2451 1345 2731 1414 accipere.

2758 1433 2991 1487 GAPUT
3027 1433 3196 1487 LXII.

2496 1524 2569 1576 De
2601 1525 2854 1576 unctione
2886 1525 3086 1588 [i‘atr-is
3115 1530 3449 1590 aegrotantis.

2257 1607 2398 1679 tuo.)
2417 1611 2613 1663 Frater
2634 1609 2726 1679 qui
2739 1627 2798 1663 se
2812 1610 2906 1662 inti
2916 1611 3141 1664 rmitate
3161 1612 3580 1678 ingravescente
3592 1629 3771 1668 sense-

2182 1697 2260 1770 rit
2284 1699 2343 1752 in
2373 1699 2624 1768 proximo
2650 1698 2718 1752 ab
2748 1700 2851 1752 hoc
2881 1701 3081 1754 saeculo
3113 1702 3506 1770 migraturum,
3525 1704 3599 1756 de
3613 1702 3772 1757 muni

505 1791 620 1851 tur,
653 1793 783 1840 ante
811 1787 1140 1858 capitulum,
1174 1793 1288 1840 stat
1316 1804 1487 1857 prope
1529 1788 1735 1842 ostium
1769 1788 1836 1840 ad
1888 1789 1942 1842 S.
1977 1790 2094 1842 Ma-
2113 1806 2160 1864 Β
2182 1787 2523 1840 conscientia
2542 1803 2645 1840 sua
2668 1788 2877 1841 domno
2904 1788 3092 1841 abbati
3122 1790 3207 1842 vel
3235 1791 3409 1860 priori
3449 1793 3769 1855 conﬁtetur,

504 1875 672 1943 riam,
697 1884 754 1929 et
778 1893 902 1930 cum
927 1877 1129 1930 viderit
1151 1893 1343 1929 omnes
1375 1877 1573 1930 fratres
1597 1877 1885 1937 transisse,
1910 1877 2097 1947 sequi-

503 1969 599 2017 tur
622 1981 717 2018 eos
737 1965 796 2018 in
829 1966 1138 2020 ecclesiam.
1174 1967 1194 1988 *
1231 1966 1288 2020 Si
1318 1967 1522 2036 aliquis
1551 1973 1636 2019 est
1659 1966 1727 2019 de
1757 1966 2100 2020 obedientia-

501 2053 618 2116 riis,
645 2054 698 2106 is
723 2069 907 2124 neque
936 2055 1086 2124 loqui
1117 2071 1297 2125 neque
1337 2056 1450 2109 ullo
1478 2055 1646 2108 modo
1675 2055 1744 2109 de
1778 2055 2095 2109 obedientia

499 2157 602 2194 sua
629 2141 688 2194 in
719 2142 1024 2212 capitulum
1073 2160 1132 2196 se
1159 2143 1538 2198 intromittere
1577 2144 1882 2213 praesumit,
1915 2161 2096 2214 neque

502 2229 600 2283 illa
629 2231 720 2284 die
749 2248 956 2299 equum
985 2233 1285 2286 ascendere
1310 2251 1321 2298 ;
1347 2233 1454 2286 nisi
1488 2233 1618 2302 quid
1635 2233 1921 2295 acciderit,
1948 2233 2096 2303 quod

499 2317 547 2370 si
577 2335 689 2372 non
721 2319 846 2383 iret,
868 2333 1040 2389 grave
1060 2320 1328 2374 damnum
1362 2322 1700 2374 monasterio
1732 2321 1984 2386 inferret,
2016 2322 2094 2374 si-

499 2411 594 2459 cut
637 2407 713 2459 de
756 2407 946 2475 planto
999 2409 1082 2461 vel
1137 2409 1461 2478 hujusmodi
1492 2409 1737 2477 negotio.
1789 2410 1896 2463 Pro
1933 2415 2094 2463 tanta

497 2509 742 2563 namque
768 2496 1097 2549 necessitate
1125 2496 1294 2549 etiam
1324 2497 1392 2549 de
1421 2497 1541 2567 ipsa
1565 2498 1881 2551 inﬁrmaria
1923 2497 2094 2550 exibit

497 2583 555 2636 in
582 2583 827 2646 hortum,
861 2585 959 2637 sed
985 2585 1306 2638 nullatenus
1329 2585 1565 2639 in-illrum
1595 2587 1798 2652 locum,
1832 2603 1942 2656 quo
1959 2603 2087 2640 eum

497 2671 751 2741 equitare
779 2689 1004 2727 necesse
1030 2675 1194 2727 foret.
1222 2675 1623 2729 Verumtamen
1654 2683 1788 2729 tunc
1803 2692 1914 2728 non
1928 2693 2087 2745 egre-

497 2761 652 2814 ditur
670 2778 772 2830 per
799 2762 1124 2826 claustrum,
1162 2763 1257 2816 sed
1289 2764 1481 2832 paucis
1502 2763 1801 2818 scientibus
1823 2764 2092 2818 educetur

494 2867 597 2922 per
626 2851 870 2921 aliquem
901 2857 1178 2905 secretum
1208 2853 1408 2915 locum,
1441 2870 1540 2922 per
1566 2870 1731 2922 quem
1757 2853 1973 2922 expleto
1998 2869 2089 2907 ne-

490 2940 644 3009 gotio
673 2941 880 2994 iterum
911 2948 1224 2996 revertetur
1253 2942 1310 2994 in
1340 2942 1730 2995 inﬁrmariam.

569 3031 704 3100 (UD.)
735 3031 873 3084 Cum
914 3031 1129 3084 venerit
1151 3031 1217 3084 ad
1242 3032 1546 3102 capitulum
1567 3038 1624 3085 et
1643 3033 2085 3101 postleetionem

493 3118 649 3188 prior
663 3120 914 3188 jusserit,
941 3128 1002 3174 ut
1020 3121 1087 3174 de
1105 3121 1300 3174 ordine
1323 3121 1842 3190 loquantur,statim
1863 3121 2048 3190 surgit
2068 3141 2080 3186 ί

491 3207 540 3260 si
564 3212 753 3261 tamen
785 3209 968 3262 carnis
997 3210 1352 3263 refectionem
1380 3209 1574 3262 habuit
1606 3228 1617 3276 ;
1661 3215 1717 3263 et
1746 3209 1964 3262 veniam
1987 3227 2086 3279 'pe-

491 3301 617 3348 tens
673 3297 752 3349 ita
793 3298 1158 3368 prosequitur
1188 3316 1198 3350 :
1235 3300 1407 3352 Eram
1435 3301 1498 3350 in
1537 3300 1696 3351 domo
1726 3301 2085 3365 inﬁrmorum

493 3369 745 3438 ordinem
775 3391 1029 3440 nostrum
1058 3403 1169 3440 non
1199 3389 1465 3440 custodivi
1487 3391 1591 3447 rita,
1623 3393 1685 3440 ut
1704 3389 1885 3440 debui.
1909 3388 2016 3441 Sed
2037 3388 2086 3441 si

495 3472 607 3526 duo
637 3474 722 3527 vel
743 3475 931 3545 plures
952 3481 1102 3539 sunt,
1127 3493 1273 3530 unus
1295 3476 1391 3546 qui
1423 3475 1576 3544 prior
1608 3481 1693 3530 est
1731 3476 1939 3530 eisdem
1970 3493 2088 3530 ver-

493 3562 580 3616 bis
638 3579 740 3632 pro
786 3564 1044 3618 omnibus
1093 3565 1393 3636 respondet
1421 3565 1609 3618 dicens
1665 3584 1678 3618 :
1730 3567 1979 3620 'E-ramus
2021 3570 2086 3620 in

495 3653 673 3713 domo,
699 3657 756 3706 et
781 3653 862 3706 sic
883 3660 1084 3707 caetera
1117 3671 1126 3706 τ
1163 3661 1220 3707 et
1239 3654 1401 3724 prior
1414 3654 1792 3723 respondens:
1827 3656 1978 3715 Deus,
2002 3654 2090 3708 in-

498 3741 638 3811 quit,
670 3744 950 3809 indulgeat
979 3744 1450 3810 oobis,quidquid
1483 3744 1902 3810 ibidetiquistis.
1936 3745 2091 3797 Tunc

494 3830 578 3884 illi
607 3832 775 3885 altius
803 3832 1280 3886 inclinantcontra
1295 3833 1762 3902 priorem,contra
1779 3833 2084 3898 dexteram,

497 3927 555 3973 et
583 3933 777 3974 contra
805 3921 1111 3985 sinistram,
1145 3929 1202 3975 et
1220 3922 1300 3975 eis
1319 3922 1576 3975 similiter
1598 3940 1629 3975 a
1656 3923 1895 3992 singulis
1927 3922 2088 3975 incli-

497 4016 686 4062 natur.
713 4010 868 4064 Tunc
899 4010 957 4064 in
988 4011 1108 4064 loco
1141 4011 1482 4080 poenitentiae
1512 4011 1761 4080 injungit
1782 4011 1890 4070 illis
1914 4011 2085 4081 prior,

498 4107 563 4153 ut
589 4105 817 4152 cantent
846 4106 1058 4169 septem
1089 4101 1353 4170 psalmos,
1385 4101 1469 4153 vel
1519 4101 1615 4169 qui
1655 4100 1914 4153 nesciunt
1941 4101 2091 4170 psal-

500 4205 641 4252 mos,
667 4190 870 4259 septies
905 4190 1216 4243 orationem
1241 4189 1608 4242 Dominicam.
1635 4192 1655 4211 θ
1685 4188 1760 4242 Et
1802 4190 2090 4243 sciendum

503 4285 589 4332 est
616 4295 726 4347 quo
751 4279 987 4349 quisque
1016 4280 1184 4332 etiam
1233 4279 1592 4332 refectionem
1635 4277 1844 4332 habens
1881 4296 1946 4332 eo
1981 4280 2090 4345 die,

2183 1881 2239 1928 et
2287 1883 2448 1944 rogat
2473 1881 2536 1929 ut
2565 1877 2686 1930 oleo
2742 1876 3097 1931 inﬁrmorum
3151 1885 3416 1949 ungatur.
3472 1881 3774 1936 Adducunt

2181 1981 2306 2018 eum
2333 1966 2485 2035 prius
2509 1967 2566 2019 i-n
2593 1966 2898 2036 capitulum
2924 1967 3034 2020 duo
3066 1968 3270 2022 fratres
3303 1969 3453 2024 inter
3473 1969 3772 2035 manus,r.si

2180 2056 2424 2108 estadeo
2451 2056 2728 2120 inﬁrmus,
2771 2061 2828 2109 et
2859 2062 3051 2126 petens
3079 2058 3323 2122 veniam,
3378 2075 3535 2111 reum
3586 2075 3651 2112 se
3705 2058 3770 2113 de

2177 2143 2370 2197 multis
2390 2144 2742 2214 negligentiis
2763 2151 2956 2198 contra
2987 2146 3308 2210 Dominum,
3332 2152 3390 2200 et
3421 2153 3620 2201 contra
3649 2146 3772 2202 illos

2177 2249 2237 2286 se
2275 2235 2592 2287 conﬁtetur.
2646 2235 2975 2304 Impertitur
3019 2234 3070 2288 ei
3123 2235 3281 2304 prior
3336 2235 3769 2300 absolutionem,

2177 2322 2391 2375 cunctis
2420 2323 2904 2392 respondentibus,
2923 2328 3098 2377 Amen
3113 2341 3129 2385 ;
3155 2329 3211 2377 et
3231 2324 3351 2394 ipse
3377 2324 3642 2378 similiter
3672 2323 3767 2378 eis.

2175 2410 2480 2464 Reducitur
2501 2416 2555 2464 et
2583 2412 2888 2464 collocatur
2915 2412 2974 2464 in
2996 2412 3136 2465 lecto
3166 2412 3285 2477 tali,
3321 2417 3438 2465 tam
3471 2411 3768 2478 submisso,

2173 2498 2266 2552 ubi
2297 2501 2500 2554 fratres
2531 2500 3007 2570 undiquepossint
3020 2501 3410 2557 circumstare.
3443 2501 3617 2571 ('var.)
3641 2502 3773 2554 Post

2171 2588 2476 2657 capitulum
2510 2589 2758 2644 recitatis
2776 2589 3005 2659 psalmis
3038 2591 3198 2643 Verba
3220 2595 3424 2653 metuet
3438 2589 3630 2644 tabula
3644 2606 3773 2659 per-

2173 2693 2337 2730 cussa
2364 2678 2622 2730 sacerdos
2654 2677 3125 2732 hebdomadarius
3151 2679 3406 2732 induitur
3425 2679 3584 2743 alba,
3627 2680 3772 2732 stola

2174 2771 2230 2818 et.
2261 2765 2479 2830 fanone,
2499 2767 2581 2818 vel
2601 2766 2753 2820 alius
2783 2767 3060 2831 sacerdos,
3122 2767 3211 2820 cui
3265 2767 3335 2820 ab
3385 2766 3632 2820 armario
3668 2767 3771 2820 hoc

2170 2853 2503 2923 injungitur.
2538 2854 2688 2917 Quos
2719 2871 2884 2924 aqua,
2913 2855 3260 2925 praecedente
3281 2872 3463 2919 cruce,
3487 2871 3616 2908 cum
3635 2855 3770 2908 duo-

2170 2941 2274 2996 bus
2299 2960 2330 2995 e
2353 2944 2528 2996 latere
2553 2945 2729 2996 cereis
2753 2949 3023 3013 sequente
3053 2945 3375 3014 comitatur,
3397 2949 3584 3014 atque
3599 2944 3769 2998 illum

2170 3031 2466 3095 armarius,
2511 3039 2740 3101 portans
2770 3032 2976 3085 libi-vum
3025 3039 3082 3086 et
3111 3033 3296 3086 oleum
3336 3033 3714 3086 inﬁrmorum.
3749 3033 3766 3053 '

2167 3120 2303 3173 Post
2331 3121 2477 3173 hunc
2505 3127 2828 3184 conventus,
2854 3122 2901 3174 si
2922 3127 3110 3174 tamen
3126 3121 3318 3174 minor
3343 3121 3505 3190 copia
3528 3121 3768 3174 fratrum

2169 3215 2254 3262 est
2280 3209 2338 3262 in
2371 3211 2489 3263 loco
2519 3224 2529 3255 :
2562 3210 2609 3262 si
2630 3216 2819 3263 autem
2842 3210 3152 3266 multitudo
3185 3211 3291 3263 hoc
3320 3210 3592 3264 ﬁerinon
3612 3209 3769 3280 pati-

2169 3303 2276 3359 tur,
2309 3304 2394 3350 tot
2434 3299 2656 3360 fratres,
2690 3305 2828 3368 quot
2867 3299 2938 3352 ad
2985 3299 3136 3352 istud
3180 3299 3424 3352 ofﬁcium
3456 3298 3766 3362 sufﬁciunt,

2168 3392 2284 3440 tam
2318 3386 2592 3455 juniores,
2626 3403 2792 3457 quam
2823 3387 3069 3440 seniores
3099 3387 3168 3440 ab
3197 3388 3440 3440 armario
3477 3402 3771 3441 assumen—

2169 3475 2225 3528 di
2255 3482 2405 3530 sunt.
2440 3475 2580 3529 Illuc
2609 3493 2708 3546 per
2735 3476 3024 3530 ecclesiam
3071 3477 3127 3530 S.
3175 3476 3364 3530 Mariae
3397 3476 3538 3542 itur,
3581 3481 3649 3530 et
3675 3492 3771 3547 pe-

2170 3565 2540 3618 rauditorium
2595 3565 2826 3619 reditur.
2860 3566 3116 3620 Psalmus
3146 3565 3647 3636 quinquagesimus
3682 3581 3770 3618 ca-

2170 3654 2344 3708 nitur.
2378 3655 2499 3718 Quo
2531 3654 2712 3720 ﬁnito,
2741 3655 2992 3725 psalmus
3025 3655 3158 3710 Deus
3181 3657 3246 3708 in
3267 3658 3490 3708 nomine
3521 3669 3634 3720 tuo,
3661 3660 3766 3708 etc.

2170 3746 2423 3798 Miserere
2453 3749 2577 3805 mei,
2619 3746 2776 3808 Deus,
2810 3747 3084 3809 miserere,
3118 3747 3217 3811 qui
3239 3759 3342 3811 per
3372 3745 3590 3797 beatum
3616 3745 3774 3798 Jaco-

2173 3835 2302 3886 bum
2355 3835 2661 3899 apostolum
2689 3839 2849 3886 tuum
2887 3834 3081 3886 dimisti
3113 3850 3128 3884 :
3162 3834 3496 3899 Ili/irritatur
3527 3835 3652 3900 quis
3707 3835 3769 3886 in.

2170 3924 2334 3986 vobis,
2367 3928 2425 3975 et
2474 3922 2708 3991 reliqua.
2769 3925 2886 3988 (uo.
2926 3924 3072 3988 car.)
3127 3922 3504 3991 Imponuntur
3548 3927 3768 3991 septem

2171 4010 2373 4081 psalmi
2398 4027 2524 4064 cum
2555 4010 2680 4063 istis
2708 4010 3032 4080 untiphonis
3065 4025 3075 4058 :
3109 4010 3262 4065 Sana
3291 4026 3393 4071 ine,
3439 4012 3596 4063 Deus.
3615 4009 3768 4063 Psal-

2176 4103 2578 4165 mus,1)omine,
2605 4103 2795 4162 me,-in
2812 4102 3022 4167 Iuro-re.
3049 4098 3346 4168 LAntiph.
3369 4100 3505 4152 Erat
3533 4101 3767 4166 quidam

2178 4193 2421 4256 regulus.
2450 4190 2597 4242 Psal.
2635 4191 2785 4243 Beati
2822 4187 3333 4257 quorum.-Antiph.
3353 4189 3602 4255 Domine,
3617 4205 3770 4257 φαεν

2176 4296 2346 4332 meus.
2377 4279 2522 4332 Psal.
2566 4280 2812 4339 Domine,
2850 4294 2914 4330 ne
2943 4281 3005 4330 in
3034 4278 3245 4342 furore.
3293 4275 3348 4330 2.
3389 4276 3620 4347 Antiph.
3667 4281 3772 4334 Cor

501 4369 649 4439 quod
679 4369 1079 4422 deinﬁrmaria
1105 4369 1266 4432 redit,
1317 4368 1367 4422 si
1397 4368 1455 4422 in
1484 4373 1646 4421 nocte
1674 4367 1786 4421 tale
1816 4368 1946 4438 quid
1970 4369 2161 4458 dor-D
2192 4366 2926 4420 contritum.Psal.:lliserore
2941 4367 3066 4429 mei,
3085 4366 3244 4418 Deus.
3265 4363 3500 4434 Antiph.
3520 4366 3768 4431 Domine,

502 4458 700 4512 mienti
732 4474 844 4512 non
874 4465 1152 4524 evenerat,
1206 4462 1392 4528 potest
1435 4457 1852 4510 communicare
1883 4477 1894 4524 ;
1937 4458 2092 4528 prius

499 4555 698 4603 tamen
742 4548 889 4602 facta
911 4549 1288 4615 confessione;
1322 4556 1421 4600 aut
1453 4547 1500 4600 si
1520 4546 1813 4617 presbyter
1841 4552 1928 4601 e‘st
1957 4548 2093 4602 mis-

500 4653 622 4691 sam
655 4637 927 4707 privatam
955 4643 1200 4692 cantare.

578 4726 636 4781 Si
661 4727 792 4798 quis
807 4738 894 4782 est
918 4728 1058 4781 adeo
1080 4728 1358 4790 inﬁrmus,
1409 4729 1474 4778 ut
1523 4725 1579 4778 in
1622 4725 1764 4778 lecto
1797 4726 2003 4795 jaceat,
2036 4732 2095 4779 et

503 4816 614 4871 alio
647 4817 770 4871 cibo
790 4818 943 4871 reﬁci
972 4833 1081 4870 non
1113 4816 1308 4886 possit,
1333 4815 1388 4867 in
1420 4815 1540 4884 ipso
1567 4815 1812 4868 adventu
1845 4815 2088 4879 Domini,

452 4887 457 4894 ’
503 4907 689 4961 εθιιιὶη
720 4905 1144 4976 Septuagesima
1180 4904 1230 4958 ei
1261 4904 1608 4974 permittitur
1652 4921 1781 4958 esus
1813 4903 2088 4957 carnium.

498 4997 519 5017 ’
547 4996 618 5049 Et
639 4997 1084 5066 quandocunque
1127 4993 1490 5057 convaluerit,
1523 4993 1690 5047 etiam
1721 4994 1767 5046 si
1807 4993 1880 5046 sit
1909 4994 2094 5046 media

499 5084 1122 5156 Quadragesima,velin
1148 5083 1318 5136 ramis
1347 5084 1679 5152 palmarum,
1718 5083 1858 5153 petit
1879 5082 2092 5135 veniam

496 5175 557 5228 in
580 5176 842 5246 capitulo,
868 5174 1012 5228 sicut
1042 5172 1162 5226 ﬁeri
1200 5173 1341 5225 solet
1371 5188 1469 5242 pro
1514 5172 1852 5225 comestione
1880 5171 2083 5225 carnis.

496 5265 718 5335 Reliqui
747 5281 940 5317 omnes
983 5262 1192 5315 diutius
1220 5261 1294 5314 ibi
1326 5278 1433 5314 non
1467 5268 1776 5325 morantur,
1823 5262 1918 5312 sed
1963 5277 2088 5312 con-

491 5355 686 5410 ventui
716 5354 1120 5408 coadunantur.
1148 5352 1348 5406 Utrum
1367 5356 1554 5404 autem
1575 5352 1678 5404 hoc
1699 5352 1793 5403 [iat
1824 5350 1881 5402 in
1912 5348 2087 5402 domi-

492 5446 620 5502 nica
645 5445 734 5498 vel
764 5445 820 5496 in
843 5443 979 5497 feria
1003 5441 1267 5506 secunda,
1321 5440 1380 5494 in
1424 5440 1674 5510 ipsorum
1705 5444 1790 5492 est
1825 5437 2080 5495 arbitrio.

491 5535 700 5588 Verum
721 5539 848 5604 post
872 5533 1106 5606 petitam
1129 5531 1366 5597 venimu,
1391 5529 1436 5582 si
1466 5529 1594 5601 quis
1616 5545 1811 5584 eorum
1839 5544 2081 5582 conven-

2173 4458 2442 4510 descen-de.
2464 4457 2610 4510 Psal.
2645 4458 2888 4518 Domine,
2920 4456 3139 4508 awaudi.
3171 4453 3190 4508 ‘l
3209 4498 3222 4510 .
3248 4453 3491 4524 Antipll.
3508 4455 3768 4521 Domine,

2175 4562 2288 4599 non
2316 4561 2443 4599 sum
2498 4548 2726 4613 dignus.
2773 4545 2882 4597 Pro
2912 4542 3192 4597 defunctis
3233 4542 3449 4612 antiph.
3505 4542 3645 4596 Cum
3681 4545 3772 4597 ,θοι

2174 4640 2362 4688 autem
2383 4637 2678 4687 occidi-sset.
2703 4634 2844 4690 l’sal.
2875 4636 3106 4688 Domine
3134 4634 3356 4686 exaudi.

2246 4724 2477 4779 Interim
2502 4723 2759 4777 sacerdos
2791 4720 3248 4776 hoc-.modofacit
3280 4720 3624 4774 unctionem.
3647 4721 3772 4775 Pol-

2176 4814 2268 4868 lici
2298 4814 2482 4866 oleum
2505 4811 2694 4877 illinit,
2720 4817 2777 4866 et
2792 4828 2923 4866 cum
2949 4811 3146 4876 eodem
3172 4809 3372 4880 pollice
3392 4809 3618 4879 signum
3640 4826 3771 4864 cru-

2173 4903 2254 4957 cis
2282 4902 2555 4973 imprimit
2583 4918 2751 4972 super
2782 4906 3082 4970 utrumque
3108 4900 3336 4953 oculum
3373 4899 3458 4954 ita
3485 4899 3722 4954 dicendo
3757 4917 3770 4952 :

2175 4995 2278 5047 Per
2306 4996 2472 5045 istam
2502 4995 2818 5045 unctionem
2847 4994 2896 5043 et
2932 5005 3091 5044 suam
3118 4991 3436 5056 piissimam
3460 4990 3776 5042 miscricor-

2175 5083 2329 5134 diam
2376 5082 2659 5146 indulgeat
2693 5082 2792 5132 tibi
2823 5081 3088 5132 Dominus
3109 5079 3641 5146 quidquid-peccasti
3671 5093 3777 5146 per

2170 5174 2368 5223 risum.
2385 5171 2524 5224 Item
2538 5186 2706 5239 super
2725 5174 3020 5238 utramque
3035 5183 3234 5220 aurem
3247 5171 3476 5236 propter
3488 5165 3774 5222 auditum:

2169 5276 2339 5330 super
2361 5267 2600 5328 utraque
2623 5259 2788 5322 labia,
2825 5264 3052 5328 propter
3071 5261 3338 5325 gustum;
3373 5271 3770 5325 supernasum

2168 5349 2226 5403 in
2258 5350 2607 5419 longitudine
2635 5354 2861 5419 propter
2880 5348 3177 5400 odoratum
3202 5363 3214 5410 ;
3236 5361 3407 5414 super
3424 5361 3776 5416 manuspro-

2167 5445 2291 5509 pter
2321 5445 2552 5505 tactum,
2591 5445 2646 5490 et
2674 5435 2949 5490 sacerdoti
2984 5435 3328 5490 extrinsecus
3351 5449 3557 5504 :super
3576 5435 3771 5505 pedes,

2165 5533 2392 5598 propter
2419 5528 2720 5592 incessum,
2758 5541 2930 5596 super
2972 5523 3198 5580 lumbos
3241 5521 3776 5594 utrinqueprppter
