3934 6376
456 387 478 444 ‘l
496 383 594 444 135

453 508 604 583 quod
632 507 829 578 postea
858 496 1062 567 agitur,

624 560 787 650 cruce
811 560 928 660 jam
961 585 1017 637 in
1057 575 1391 634 vestibulum
1436 569 1670 640 perlata,
1703 560 1895 617 tabula
1921 572 2049 628 per-

455 688 689 749 cutitur,
707 695 873 736 nemo
904 671 1100 735 currit,
1123 666 1229 722 nisi
1256 665 1387 717 item
1406 657 1609 730 quibus
1624 652 1777 725 prior
1802 644 2052 703 innuerit

456 792 585 832 cum
622 766 901 844 praedictis
953 751 1390 816 obedientiariis.
1447 743 1588 813 (υῡ.)
1638 742 1695 796 Si
1754 743 1941 792 autem
1989 734 2048 786 in

1456 836 1490 844 ’⁸
1721 830 1735 844 ‘
1821 832 1831 844 ι
1920 824 2044 844 ΕΑΔ-

458 824 750 920 refectbrio
778 856 866 910 vel
895 852 965 907 ad
988 845 1341 903 collationem
1404 836 1587 890 adhuc
1644 830 1859 890 sedent,
1919 824 2049 878 inde

459 967 681 1026 quoque
709 943 1025 1019 prosiliunt.
1061 935 1463 988 Verumtamen
1510 923 1692 975 lavato
1730 929 1962 983 corpore
1994 916 2053 966 et

1236 1022 1242 1026 ’
1329 1017 1338 1026 “
1530 1011 1544 1026 ¹
1714 1007 1756 1026 1η
1777 1004 1871 1026 AA:-
1926 1017 2044 1026 -.-μοι

457 1004 516 1098 iii
544 1004 829 1097 ecclesiam
859 1029 1172 1100 deportato,
1229 1022 1251 1042 ⁴’
1297 1017 1343 1069 si
1399 1011 1649 1068 nondum
1714 1004 1877 1060 lectio
1921 1017 2050 1054 cum

456 1096 621 1187 versu
649 1128 878 1195 Agimus
905 1096 1005 1172 tibi
1040 1113 1251 1182 gratias
1303 1104 1464 1159 ﬁnita
1513 1104 1652 1159 erat,
1700 1096 2053 1149 revertentur

680 1217 737 1270 in
764 1204 1151 1266 refectorium:
1185 1204 1242 1251 et
1268 1195 1315 1248 si
1345 1192 1529 1247 adhuc
1556 1182 1860 1242 comesturi
1891 1186 1948 1234 et
1974 1178 2053 1231 bi-

655 1307 834 1367 erant,
858 1293 1081 1368 quando
1101 1290 1275 1343 ictum
1302 1281 1509 1336 tabulae
1534 1274 1834 1336 audierint,
1858 1275 2054 1341 postea

457 1359 752 1456 comedent
780 1359 838 1444 et
860 1359 1071 1446 bibent,
1120 1372 1340 1431 etiamsi
1376 1371 1452 1424 sit
1486 1369 1544 1421 in
1589 1359 2050 1431 Quadragesima.

455 1486 606 1560 (01).)
634 1482 795 1549 Quod
824 1478 871 1532 si
889 1474 960 1529 ad
981 1468 1224 1525 sonitum
1238 1460 1441 1516 tabulae
1465 1470 1659 1509 omnes
1679 1453 1793 1520 )am
1822 1446 2054 1501 dimise-

1128 1555 1138 1560 ‘
1539 1544 1566 1560 η
1594 1541 1684 1560 ru-
1714 1539 1895 1560 an...“
1940 1534 2051 1560 1,4,.

457 1534 912 1636 i‘intlcomedere,
935 1567 992 1616 et
1012 1555 1179 1612 lectio
1195 1568 1320 1606 cum
1350 1562 1515 1601 versu
1535 1541 1694 1597 ﬁnita
1714 1539 1916 1601 fuerat,
1940 1534 2054 1588 loto

457 1680 709 1739 corpore,
731 1664 788 1714 et
815 1658 874 1710 in
898 1647 1187 1707 ecclesiam
1220 1642 1276 1695 S.
1314 1635 1503 1692 Mariae
1530 1631 1714 1686 delato
1747 1627 1804 1679 in
1832 1621 2057 1694 majori-

1126 1734 1193 1739 “”
1521 1725 1531 1735 '
1620 1721 1747 1739 Ti“.—
1828 1713 2028 1739 (2-1....4

459 1713 693 1814 ecclesia
719 1763 845 1804 cum
872 1741 1085 1814 psalmo
1114 1734 1367 1788 Miserere
1422 1725 1548 1784 mei,
1616 1721 1767 1781 Deus,
1819 1713 2051 1799 ﬁniunt,

458 1852 482 1872 '
511 1844 723 1902 Eodem
744 1834 910 1892 modo
941 1828 1009 1883 ad
1027 1820 1382 1880 collationem
1410 1829 1470 1867 re

458 1938 701 1992 ctionem
730 1942 841 1982 non
869 1915 1136 1976 ﬁnierint.

528 1985 775 2081 nocte
804 2023 1045 2084 quoque,
1079 2002 1126 2056 si
1153 1993 1464 2071 percutitur
1489 1987 1702 2050 tabula,
1735 1999 1862 2037 cum
1892 1985 2052 2035 tanta

455 2107 785 2171 festinantia
804 2097 1064 2158 omnibus
1098 2085 1455 2147 currendum,
1478 2084 1542 2133 ut
1563 2093 1665 2131 nec
1682 2073 1854 2127 etiam
1879 2071 2051 2124 lectos

457 2222 588 2261 suos
613 2217 683 2256 ea
707 2196 843 2258 vice,
876 2189 923 2243 si
949 2187 1081 2241 sunt
1107 2180 1165 2233 in
1195 2169 1543 2232 dormitorio,
1569 2162 1894 2235 cooperiant
1916 2177 1928 2225 ;
1954 2159 2052 2212 sed

452 2304 646 2353 tamen
674 2292 735 2345 in
758 2285 877 2341 sola
906 2275 1122 2334 cuculla
1142 2276 1199 2325 et
1228 2264 1447 2338 pellicio
1466 2273 1692 2315 currere
1719 2251 2049 2315 nonlicebit,

454 2402 558 2440 nec
576 2375 894 2454 juvenibus,
927 2364 1031 2421 nisi
1057 2356 1290 2415 laternis
1316 2348 1579 2408 accensis.
1604 2345 1672 2400 In
1706 2344 1847 2397 festo
1883 2339 2051 2393 etiam

1226 2453 1231 2454 ,
1319 2444 1354 2454 ι.
1383 2443 1394 2454 ο
1445 2441 1456 2451 ι
1519 2440 1533 2454 1
1586 2436 1619 2454 ι·
1697 2430 2046 2454 _._2_-_.‘I.-...

747 2430 1014 2519 fratribus
1034 2469 1097 2507 ex
1114 2453 1273 2521 parte
1286 2443 1429 2498 albis
1444 2436 1673 2501 inclutis,
1688 2432 1784 2504 qui
1799 2430 2051 2485 nondum

453 2564 689 2618 chorum
708 2550 1016 2609 intrabant,
1038 2545 1123 2596 est
1136 2532 1496 2592 currendum.
1516 2527 1599 2581 De
1616 2538 1812 2577 rasura
1832 2534 2054 2590 quoque

455 2609 804 2720 etcepitulo,
830 2640 960 2694 licet
986 2635 1179 2705 postea
1209 2618 1488 2683 ﬁniendis,
1521 2621 1577 2669 et
1601 2614 1670 2667 de
1691 2609 1906 2675 litania,
1932 2624 2053 2678 quae

454 2745 585 2816 post
607 2700 854 2810 primam
882 2725 968 2780 vel
999 2725 1128 2776 ante
1179 2714 1408 2768 missam
1466 2704 1707 2767 canitur,
1731 2700 1851 2754 sine
1896 2712 2055 2750 mora

920 2815 927 2816 ί
1204 2810 1211 2816 ·
1367 2793 1643 2816 “suum
1697 2806 1724 2816 ι-
1766 2789 1884 2816 Imm
1960 2784 2049 2816 ..i.:

454 2784 719 2887 gurriE-ur.
754 2815 1096 2876 Recedentes
1123 2810 1312 2860 autem
1367 2793 1647 2852 Litaniam
1696 2806 1726 2843 a
1766 2789 1905 2851 loco,
1960 2784 2054 2838 ubi

456 2919 691 2976 dimissa
719 2914 827 2979 est,
851 2903 1135 2975 repetunt.
1169 2894 1230 2949 In
1261 2893 1422 2945 nocte
1445 2883 1613 2939 etiam
1630 2877 1802 2933 ﬁnitis
1831 2880 2055 2930 noctur-

453 3011 562 3075 nig,
590 3006 676 3060 vel
698 3002 746 3057 si
772 3002 905 3054 sunt
950 2983 1239 3046 duodecim
1279 2976 1566 3037 lectiones,
1615 2969 1858 3041 perlecto
1889 2979 2059 3035 super

1346 3066 1375 3075 ..
1574 3060 1585 3072 ο
1712 3074 1721 3075 κ
1746 3056 1860 3075 για.--
1904 3052 2034 3075 Αιζξι

457 3052 782 3166 analogiam
821 3078 1108 3151 evangelio
1136 3078 1193 3127 et
1239 3066 1509 3125 oratione,
1542 3060 1591 3115 si
1619 3056 1867 3112 nondum
1899 3052 2055 3118 obiit,

1110 3165 1115 3166 κ
1509 3151 1520 3162 .
1641 3145 1881 3166 ,_,u,___
1930 3157 2054 3166 μη

458 3270 726 3333 matutini
754 3263 1050 3322 lectionem
1086 3248 1394 3320 incipiunt;

461 3361 696 3439 psalmis
724 3346 1110 3411 familiaribus,
1144 3341 1194 3395 si
1224 3332 1445 3395 dicendi
1493 3332 1645 3384 sunt.
1708 3326 1776 3378 Et
1815 3340 1862 3377 SI
1912 3321 2060 3373 inter

1158 3430 1172 3439 ·
1244 3426 1274 3439 ··
1396 3421 1530 3439 PL-
1585 3415 1825 3439 —i:-.-......
1870 3410 2057 3439 Luam,

460 3410 767 3511 familiares
795 3441 1059 3516 psalmos,
1093 3430 1175 3485 vel
1205 3426 1372 3481 etiam
1395 3421 1541 3475 intra
1581 3415 1828 3485 aliquam
1870 3410 2062 3479 hujus-

462 3541 618 3600 modi
642 3500 1008 3611 psalmodiam
1037 3525 1154 3577 haec
1188 3509 1525 3582 interruptio
1565 3505 1771 3576 agitur,
1807 3500 2058 3572 psalmus

1314 3608 1320 3611 λ
1651 3594 1664 3611 ι
1708 3609 1795 3611 πη
1855 3588 1940 3611 -.--:
1996 3586 2058 3611 .1-

464 3586 673 3703 aliqui;
689 3586 939 3695 eis-parte
963 3614 1238 3672 cantatus,
1266 3608 1327 3658 ut
1356 3619 1405 3654 v.
1437 3616 1492 3669 g.
1548 3594 1797 3667 psalmus
1849 3588 1946 3659 qui
1992 3586 2062 3639 de

467 3675 1060 3777 reﬁictorio‘canitur:
1098 3701 1226 3770 post
1264 3689 1508 3746 reditum
1546 3702 1580 3738 a
1619 3681 1801 3753 capite
1841 3682 1929 3732 est
1983 3675 2064 3728 in-

818 3800 975 3856 Idem
1002 3798 1059 3848 et
1099 3764 1312 3842 inﬁrmi
1363 3778 1598 3833 faciunt.
1639 3774 1866 3840 excepto
1917 3764 2065 3836 quod

466 3904 667 3957 horam
695 3891 1009 3964 regularem
1032 3883 1227 3953 postea
1237 3872 1306 3927 ab
1326 3868 1487 3923 initio
1509 3860 1850 3918 recitandam
1874 3855 2068 3910 audita

693 3945 1006 4041 dironittunt,
1034 3945 1370 4023 -nocturnos
1403 3961 1593 4011 autem
1632 3950 1713 4003 vel
1756 3945 2064 4001 matutinos

470 4080 720 4139 nondum
752 4072 940 4128 ﬁnitos
1023 4062 1161 4122 loco,
1191 4047 1592 4107 ubidimissum
1608 4045 1714 4107 est,
1737 4038 2063 4107 percantant

474 4175 545 4228 Et
596 4174 662 4224 ut
710 4159 869 4218 brevi
918 4160 1048 4209 utar
1097 4142 1469 4212 conclusnone,
1518 4130 1837 4203 quicunque
1909 4122 2066 4194 ordo,

474 4262 687 4329 absque
712 4252 820 4311 his,
845 4261 967 4318 quae
992 4241 1219 4307 excepta
1246 4232 1397 4292 sunt,
1420 4239 1521 4297 pro
1552 4213 1873 4289 hujusmodi
1905 4227 2075 4267 causa

1391 4321 1399 4329 '
1490 4312 1500 4323 '
1542 4316 1600 4329 ηι
1636 4308 1837 4329 -η-ι---η-
1881 4307 1959 4329 ,ιτ-ι
2015 4299 2068 4329 :n

475 4299 575 4318 “V”
619 4299 686 4311 *ν
717 4299 820 4311 ""v
854 4299 901 4318 1*
1126 4299 1142 4307 -

475 4299 926 4410 inteirumpitur,
953 4333 1069 4386 loto
1097 4335 1329 4394 corpore
1353 4321 1409 4369 et
1442 4312 1604 4367 lSlCUt
1631 4308 1841 4361 dictum
1878 4307 1963 4355 est
2015 4299 2073 4353 in

477 4435 768 4495 ecclesiam
796 4425 987 4485 allato,
1008 4416 1243 4477 reditur,
1293 4412 1357 4461 ut
1398 4402 1546 4456 idem
1595 4395 1730 4452 ordo
1783 4396 2064 4447 servetur.

477 4461 768 4495 εϐϋιυδιηιιι
796 4461 987 4485 αιιιιυυ,
1009 4461 1024 4472 .
1041 4461 1212 4472 πίνη-..-
1231 4461 1243 4477 ⁷

477 4519 796 4585 Inﬁrmario
822 4518 1011 4570 autem
1043 4495 1454 4578 procurandum
1477 4494 1580 4553 est,
1640 4485 1687 4539 si
1731 4491 1921 4537 tamen
1949 4477 2073 4533 ﬁeri
2094 4461 2138 4519 D

477 4620 683 4691 potest,
713 4625 786 4664 ne
811 4596 1111 4673 aliquando
1126 4587 1317 4646 tabula
1337 4582 1492 4655 prius
1511 4573 1876 4649 percutiatur,
1905 4584 2074 4640 quam

979 4689 992 4691 -
1060 4686 1071 4691 ·
1175 4682 1189 4691 ι
1272 4682 1281 4691 ι
1411 4668 1514 4691 --ξ-ε
1554 4665 1730 4691 ..ιιιηη
1755 4659 1942 4691 (“nenia
1958 4664 2072 4691 inm

479 4659 617 4764 {unc
651 4659 869 4757 instans
897 4689 1034 4746 ordo
1058 4682 1361 4753 impleatur
1385 4668 1519 4740 ;nisi
1548 4665 1733 4721 obitus
1755 4659 1944 4715 fratris
1958 4664 2075 4712 tam

483 4746 617 4764 Dunl‘o
651 4746 864 4757 -..υτ----ν
1141 4746 1157 4753 ν

480 4811 655 4870 prope
682 4790 775 4856 sit,
805 4788 871 4840 ut
905 4780 1056 4834 ultra
1079 4765 1291 4826 differri
1317 4778 1429 4816 non
1459 4756 1653 4830 possit.
1678 4753 1812 4817 Quae
1834 4749 1882 4803 si
1928 4746 2076 4801 infra

1189 4858 1200 4870 '
1390 4868 1399 4870 μ
1420 4847 1684 4870 ------ιζι.-υι
1710 4840 1862 4870 Ωηῖιη
1882 4836 2073 4870 nur‘nm

487 4836 717 4943 Elissam
732 4836 819 4931 vel
830 4875 1025 4927 horam
1046 4858 1359 4932 regularem
1374 4840 1869 4922 percutitur,ﬁnita
1881 4836 2077 4891 eadem

480 4976 668 5037 missa,
705 4973 765 5023 et
786 4964 835 5018 si
864 4963 951 5016 est
975 4947 1285 5010 Dominica,
1322 4942 1455 4997 data
1472 4951 1677 4991 mensae
1695 4927 1888 4984 lectori
1905 4926 2079 4980 bene-

1293 5034 1303 5037 “
1744 5024 1756 5037 ι
1778 5036 1787 5037 κ
1840 5017 1868 5037 L
1886 5033 1940 5037 -.-
1957 5014 2037 5037 -.ιε

488 5014 668 5037 ιιι-ηπ,
708 5014 764 5023 ν-
787 5014 835 5018 __
875 5014 886 5016 -

488 5063 750 5122 dictione,
780 5053 867 5108 vel
895 5046 1055 5104 ﬁnita
1090 5041 1249 5102 hora,
1290 5034 1538 5100 itemque
1574 5024 1800 5091 accepta
1840 5014 2073 5070 benedi-

484 5156 669 5212 ctione
698 5146 762 5219 (si
793 5137 995 5211 aliquis
1023 5134 1092 5187 de
1118 5128 1207 5183 via
1234 5136 1490 5178 reversus
1517 5130 1640 5169 eam
1697 5115 1783 5164 est
1815 5109 2074 5176 acceptu-

1488 5212 1495 5219 '
1654 5199 1861 5219 ’ννιεμμ-
1930 5195 2072 5219 cum-

481 5195 731 5313 rus),vel
761 5233 808 5289 si
849 5234 937 5285 est
984 5223 1055 5278 ad
1108 5229 1369 5287 vesperos
1406 5212 1506 5262 aut
1555 5199 1883 5260 matutinos,
1930 5195 2078 5248 facta

1066 5310 1099 5313 "
1182 5308 1192 5313 ·
1425 5298 1456 5313 ··
1486 5298 1500 5313 ι
1538 5292 1715 5313 {Ann
1744 5282 2073 5313 Αηιηρ-ηνηω

484 5282 579 5300 ,με
610 5283 623 5307 ,
657 5282 731 5292 η-
762 5282 808 5289 -_
858 5282 873 5285 -
1209 5282 1225 5287 _

484 5282 1015 5390 commemoratione
1031 5308 1267 5378 alicujus
1285 5298 1462 5357 sancti
1483 5294 1553 5365 (si
1575 5292 1719 5345 forte
1740 5292 1820 5341 est
1838 5282 2074 5355 agenda)

483 5430 541 5479 et
566 5421 613 5476 si
646 5422 733 5472 est
760 5405 1072 5469 Dominica,
1093 5400 1225 5454 data
1247 5388 1499 5461 coquinae
1524 5376 1887 5437 servitoribus
1906 5373 2076 5426 bene-

484 5510 728 5566 dictione
754 5507 922 5571 ;tunc
950 5495 998 5549 si
1026 5487 1274 5546 nondum
1302 5478 1460 5540 obiit,
1492 5472 1728 5527 currunt
1764 5479 1977 5527 omnes,
2012 5476 2077 5514 ac

482 5554 1496 5661 siwtabiila’percuteretur,cantando.
1523 5566 1588 5616 ut
1606 5555 1939 5661 praedictumI
1968 5554 2073 5616 est,

975 5684 1108 5726 vero
1162 5640 1362 5726 ﬁnivit,
1411 5652 1699 5710 moderate
1740 5640 2074 5708 incendunt,

1487 356 1547 410 S.
1586 344 1977 407 GUILLELMI
2013 334 2317 394 ABBATIS
2355 328 2694 389 HIRSAUG.

1095 490 1182 544 vel
1213 486 1361 541 infra
1392 476 1701 553 quamlibet
1738 464 2436 544 processio-Acantantes,
2456 455 2673 526 placebo
2704 453 2956 513 Domino,
2990 453 3048 502 et
3065 447 3198 501 illuc
3216 444 3504 499 venientes
3533 438 3743 509 adjun-

2484 546 2498 553 -
2617 542 2653 553 ι.
3150 534 3218 553 σιγξ
3254 530 3568 553 9.Α,-----..ζ..ι
3606 526 3741 553 οζ-ηι

3586 309 3741 369 1136

2130 555 2274 621 gunt
2296 565 2355 603 se
2383 542 2707 618 psalmodiae
2736 556 2952 603 eorum,
2982 553 3122 609 quos
3148 534 3223 589 ibi
3252 530 3588 588 invenerint.
3606 526 3743 581 Sive

2133 646 2320 693 autem
2344 642 2498 690 totus
2539 634 2861 690 conventus,
2895 628 3007 680 sive
3046 643 3113 679 ex
3165 629 3325 694 parte
3377 624 3589 682 currat,
3621 616 3744 670 cir-

2132 730 2476 781 cumstantes
2506 723 2734 775 fratrem
2764 718 2849 772 bis
2878 717 2963 770 vel
2991 720 3080 768 ter
3110 714 3277 768 Credo
3299 715 3359 764 in
3396 725 3577 763 unum
3606 721 3745 759 can-

2129 821 2271 880 tant,
2296 811 2601 867 smondum
2621 807 2815 861 ﬁnivit.
2838 803 2974 873 (ιω.)
2994 804 3149 857 Tunc
3166 800 3381 870 agenda
3403 803 3507 862 est,
3525 797 3745 849 domno

2131 906 2330 960 abbate
2366 903 2451 955 vel
2480 899 2663 971 priore
2680 894 3097 968 pronuntiante,
3117 889 3332 955 litania,
3358 894 3415 942 et
3432 884 3746 954 unicuique

2133 993 2348 1050 nomini
2376 995 2696 1045 sanctorum
2727 981 3183 1055 subjungendum
3233 983 3337 1041 est,
3378 992 3478 1030 ora
3521 989 3626 1043 pro
3655 988 3740 1025 eo.

2135 1086 2233 1139 Est
2261 1088 2450 1136 autem
2471 1074 2857 1150 prolonganda
2884 1072 2970 1125 vel
2993 1068 3316 1131 brevianda,
3334 1070 3502 1137 prout
3530 1060 3747 1135 permi-

2135 1174 2270 1227 serit
2298 1167 2567 1240 temporis
2605 1164 2781 1231 ratio;
2816 1168 2869 1216 et
2902 1159 3207 1215 secundum
3248 1155 3397 1227 quod
3452 1154 3511 1207 in
3561 1166 3748 1206 causa

2135 1239 2433 1332 migraturi
2442 1254 2677 1327 perspici
2694 1248 3049 1324 potuerit,vel
3063 1244 3332 1302 aestimari
3347 1239 3747 1314 prolonganda

2136 1351 2220 1404 vel
2257 1355 2577 1404 sanctorum
2609 1342 2859 1415 {nomina
2886 1336 3209 1409 repetendo,
3242 1334 3329 1387 vel
3371 1332 3483 1386 alia
3529 1329 3745 1399 adjun-

2134 1440 2318 1511 gendo
2342 1457 2354 1505 ;
2386 1432 2691 1490 brevianda
2712 1446 2843 1484 vero
2898 1427 3153 1499 quaedam
3177 1419 3596 1495 supprimendo.
3631 1417 3700 1471 Fi
3719 1447 3747 1456 -

2137 1529 2269 1583 nitis
2298 1543 2426 1581 vero
2467 1527 2789 1578 sanctorum
2833 1515 3152 1571 nominibus
3196 1510 3489 1568 confestim
3532 1506 3747 1562 subin-

2135 1618 2350 1672 fertur:
2389 1613 2668 1680 Propitius
2688 1614 2814 1670 esto,
2842 1621 3008 1676 parce
3030 1607 3098 1665 ei,
3144 1604 3392 1663 Domine,
3433 1615 3561 1653 cum
3606 1594 3749 1650 reli-

2137 1707 2277 1779 quis.

1473 1772 1665 1871 deunt,
1717 1772 1767 1859 si
1807 1787 1924 1874 iam
1980 1772 2119 1882 lci-13
2152 1772 2172 1779 -
2209 1793 2396 1848 Finita
2428 1788 2647 1852 litania,
2678 1785 2724 1840 si
2759 1783 2997 1838 necdum
3028 1779 3227 1845 ﬁnivit,
3263 1777 3351 1831 bis
3397 1776 3485 1830 vel
3520 1779 3610 1828 ter
3649 1772 3744 1827 vel

2135 1884 2352 1956 quoties
2410 1882 2533 1952 ipsa
2588 1894 2677 1931 res
2721 1873 2996 1938 docuerit,
3035 1870 3104 1924 ab
3154 1867 3433 1929 omnibus,
3465 1869 3531 1919 ut
3578 1862 3747 1935 prius

2135 1977 2300 2031 Credo
2334 1978 2396 2027 in
2426 1986 2605 2024 unum
2617 1970 2895 2031 cantatur,
2924 1959 3040 2015 etsi
3065 1957 3303 2013 necdum
3321 1955 3579 2026 spiritum
3600 1950 3751 2006 emi-

2133 2064 2226 2129 sit,
2257 2063 2442 2134 priore
2468 2059 2738 2112 innuente
2768 2049 2978 2105 recedit
3003 2052 3328 2112 conventus,
3361 2040 3597 2097 retentis
3618 2039 3749 2111 qui-

2133 2132 2391 2215 busdam,
2427 2146 2523 2219 qui
2560 2146 2790 2198 cantant
2813 2138 2888 2192 ibi
2918 2136 3161 2207 psalmos
3215 2149 3314 2186 seu
3362 2132 3557 2201 legant
3607 2145 3748 2199 pas-

2134 2242 2337 2301 siones,
2389 2239 2436 2292 si
2475 2232 2748 2290 memoria
2813 2225 3045 2282 redierit
3095 2239 3263 2293 aegro.
3291 2226 3451 2291 (ναν.)
3509 2219 3566 2273 Si
3605 2233 3748 2272 vero

2134 2333 2332 2385 mortis
2346 2325 2643 2383 articulum
2668 2322 2879 2375 instare
2900 2316 3083 2370 denuo
3099 2309 3505 2384 perspexerint,
3531 2307 3749 2362 nihilo-

2134 2421 2322 2474 minus
2359 2415 2552 2471 tabula
2605 2408 2937 2483 percutitur,
2993 2403 3302 2472 eodemque
3356 2398 3572 2467 ordine,
3628 2412 3748 2467 quo

2135 2510 2291 2583 prius
2325 2507 2395 2561 ab
2424 2481 2704 2567 omnibus,
2735 2496 2984 2553 curritur
3012 2493 3160 2557 illuc,
3187 2495 3244 2544 et
3268 2487 3583 2560 symbolum
3608 2481 3750 2539 ﬁdei

2136 2575 2404 2669 adjuncta
2455 2591 2651 2647 litania
2703 2586 2943 2649 canitur,
3005 2587 3063 2636 et
3112 2576 3440 2650 hujusmodi
3496 2575 3748 2629 fratrum

2134 2663 2412 2743 revocatio
2434 2679 2754 2749 litaniaeque
2801 2671 3060 2745 repetitio
3099 2668 3308 2723 totiens
3358 2663 3563 2735 agitur,
3597 2677 3749 2732 quo-

2136 2776 2283 2830 tiens
2312 2789 2451 2843 opus
2481 2784 2600 2823 esse
2622 2766 2861 2818 videtur.
2883 2762 3022 2815 Cum
3046 2762 3234 2811 autem
3251 2756 3370 2825 jam
3394 2768 3507 2806 non
3523 2749 3751 2804 dubita-

2138 2864 2325 2919 verint
2370 2876 2497 2915 eum
2532 2856 2736 2911 obiisse
2782 2852 3047 2905 dicuntur
3092 2863 3126 2900 a
3160 2845 3367 2899 domno
3415 2839 3617 2895 abbate
3654 2838 3750 2892 vel

2140 2954 2324 3026 priore
2351 2951 2438 3004 hae
2464 2947 2734 3001 collectas:
2770 2944 2878 2995 Pize
2902 2924 3298 2992 recordationis
3327 2934 3540 2998 a/fectu.
3574 2930 3744 2991 Deus,

2141 3046 2235 3097 cui
2264 3043 2451 3096 omnia
2481 3039 2696 3090 vivunt.
2733 3032 2953 3098 Suscipe
3002 3027 3230 3081 Domine
3279 3024 3537 3074 animam
3574 3020 3745 3071 servi.

2142 3136 2162 3157 *
2190 3127 2503 3187 Prazmissis
2532 3124 2619 3178 his
2642 3119 2925 3175 versibus:
2959 3117 3036 3170 Ne
3058 3116 3248 3167 intres.
3284 3112 3323 3164 Α
3360 3112 3517 3168 porta
3545 3109 3746 3174 inferi,

2138 3224 2408 3279 Dominus
2435 3217 2732 3271 vobiscum.
2762 3210 3081 3263 Conventus
3110 3201 3299 3256 exiens
3328 3204 3394 3253 ut
3432 3196 3748 3259 consideat,

2140 3316 2271 3365 ante
2302 3306 2578 3379 capellam
2610 3303 2667 3356 S.
2690 3297 2885 3353 Mariae
2906 3298 3099 3348 cantat
3124 3304 3386 3360 vesperos
3419 3302 3518 3357 pro
3549 3285 3753 3339 defun-

2142 3400 2245 3454 ctis
2273 3414 2385 3453 non
2425 3394 2537 3449 alia
2582 3390 2831 3451 collecta,
2892 3400 3059 3455 quam
3113 3396 3181 3434 ea
3225 3378 3345 3432 sola
3391 3391 3613 3446 semper
3651 3389 3751 3428 se-

2144 3493 2369 3561 quente,
2402 3485 2750 3549 Omnipotens
2780 3477 3105 3543 sempiterna
3132 3471 3297 3529 Deus,
3332 3468 3444 3520 cui.

2218 3579 2314 3632 Est
2350 3578 2540 3629 autem
2570 3563 2935 3626 consuetudo,
2966 3566 3032 3614 ut
3074 3556 3325 3630 quandiu
3383 3570 3530 3624 aeger
3576 3568 3755 3623 super

2145 3667 2382 3722 cilicium
2407 3659 2667 3734 jacuerit,
2697 3651 3052 3715 secretarius,
3078 3647 3173 3719 qui
3204 3642 3560 3713 horologium
3602 3646 3757 3694 tem-

2147 3760 2327 3829 perat,
2362 3729 2487 3824 post
2515 3764 2632 3804 com
2643 3743 2939 3817 pletorium
2960 3754 3084 3793 cum
3105 3735 3373 3790 absconsa
3394 3732 3525 3785 illuc
3542 3729 3756 3801 pergit,

2150 3818 2207 3901 et
2228 3818 2558 3916 priusquam
2584 3836 2664 3890 ibi
2684 3829 3002 3892 decesserit,
3020 3832 3078 3881 et
3093 3830 3398 3893 antequam
3421 3819 3607 3891 pulset
3622 3818 3757 3872 scil-

2142 3938 2254 3991 lam
2291 3933 2360 3987 ad
2409 3928 2775 3991 matutinum,
2806 3927 2864 3976 et
2891 3919 3056 3973 etiam
3090 3915 3149 3968 in
3190 3913 3298 3977 die,
3351 3917 3409 3964 et
3443 3908 3760 3963 secundum

2150 4023 2298 4096 quod
2327 4021 2401 4075 ibi
2431 4013 2849 4088 deprehendere
2874 4006 3091 4080 potuit;
3124 4003 3205 4057 sic
3220 4002 3514 4071 temperet,
3542 4004 3599 4050 et
3625 4012 3753 4067 pro-

2151 4085 2356 4176 videat,
2382 4126 2454 4163 ne
2483 4085 2552 4161 de
2572 4101 2797 4159 servitio
2823 4097 2923 4154 Dei
2944 4099 3175 4168 propter
3189 4090 3404 4145 obitum
3424 4085 3641 4142 Fratris
3660 4100 3758 4139 ne-

2152 4200 2425 4275 gligentia
2449 4195 2690 4252 eveniat.

2742 4277 2980 4336 CAPUT
3007 4272 3170 4329 LXV.

2615 4376 2687 4429 De
2715 4372 2914 4430 eodem,
2950 4381 3077 4419 cum
3097 4361 3290 4416 obierit

2225 4480 2245 4500 ‘
2274 4472 2351 4526 Ut
2386 4472 2575 4523 autem
2605 4459 2823 4524 obierit,
2849 4472 2976 4509 mox
2995 4455 3162 4523 caput
3173 4447 3385 4519 capello
3414 4442 3757 4515 cooperitur,

2158 4567 2215 4617 et
2247 4559 2444 4616 ultimo
2467 4555 2769 4626 praperant
2788 4542 3058 4607 conversi,
3082 4541 3230 4610 (ου.)
3250 4543 3312 4592 ut
3326 4535 3553 4607 pulsent
3566 4530 3759 4586 omnia

2157 4653 2335 4722 signa,
2365 4653 2421 4702 et
2450 4624 2680 4717 prolixe,
2707 4644 2773 4694 ut
2793 4636 3094 4708 apportent
3123 4628 3306 4683 adhuc
3334 4624 3501 4679 aliam
3532 4636 3758 4675 crucem

2159 4709 2836 4810 etIJaquam-benedictam,
2866 4724 3031 4794 (var.)
3061 4715 3396 4773 candelabra
3412 4717 3472 4793 et
3498 4709 3758 4765 thuribu-

2157 4800 2311 4894 lum:
2338 4832 2395 4881 et
2414 4840 2540 4878 mox
2566 4827 2630 4876 ut
2659 4820 2774 4873 haec
2806 4831 2941 4871 crux
2969 4813 3266 4883 apportata
3320 4801 3508 4865 fuerit,
3569 4800 3755 4869 lignea

2159 4887 2495 4991 reportatur.
2523 4910 2738 4976 Quibus
2767 4903 2952 4960 allatis
2975 4900 3269 4955 defunctus
3296 4908 3443 4964 aqua
3461 4887 3760 4944 benedicta

2158 5007 2491 5079 aspergitur,
2515 5000 2923 5055 etincensatur.
2948 4993 2970 5016 ⁶
2994 4989 3129 5043 Post
3142 4982 3421 5039 modicum
3440 4976 3612 5033 simul
3628 4992 3754 5029 cum

2157 5097 2352 5170 ipsius,
2386 5109 2507 5164 quae
2539 5090 2834 5159 apportata
2851 5085 2998 5142 sunt,
3020 5078 3078 5132 in
3101 5073 3278 5130 cilicio
3299 5066 3603 5125 eﬁ‘erturin
3625 5063 3755 5118 aedi-

2160 5187 2343 5241 culam
2392 5183 2541 5236 inter
2570 5176 2842 5246 capellam
2870 5172 2925 5226 S.
2960 5166 3169 5230 Mariae,
3195 5169 3253 5217 et
3281 5155 3649 5215 inﬁrmariam
3681 5152 3755 5206 ad

2159 5268 2265 5331 hoc
2297 5273 2475 5328 solum
2504 5243 2729 5327 factam,
2754 5268 2817 5316 ut
2843 5260 2919 5315 ibi
2948 5259 3180 5312 lavetur.
3204 5250 3270 5306 In
3293 5264 3402 5321 qua
3422 5245 3593 5301 etiam
3610 5243 3762 5297 fene-

2161 5371 2277 5420 stra
2303 5357 2715 5432 aliquantulum
2747 5348 3056 5420 majuscula
3080 5349 3181 5407 est,
3206 5342 3262 5394 in
3289 5354 3401 5409 qua
3419 5333 3762 5390 stamineum

2157 5460 2486 5522 caeteraque,
2521 5445 2722 5518 quibus
2752 5440 3045 5495 defunctus
3076 5433 3146 5487 ad
3169 5422 3763 5502 praesensestinduen-

2144 5545 2281 5608 dus,
2307 5514 2930 5605 interim—reponantur,
2949 5527 3093 5595 (01).)
3118 5520 3225 5576 Sed
3248 5533 3375 5572 eum
3390 5530 3491 5569 nec
3511 5514 3760 5583 portant,

2159 5600 2496 5695 nec'lavant,
2532 5600 2647 5680 nec
2664 5621 2725 5677 in
2752 5615 3114 5690 sepulchrum
3138 5611 3378 5683 .ponunt
3405 5602 3503 5660 alii
3533 5600 3758 5667 fratres,
