3934 6370
195 340 334 399 1137

1223 337 1644 396 CONSTITUT.
1687 339 2028 395 HIRSAUG.
2071 368 2136 381 —-
2178 337 2319 393 LIB.
2352 326 2433 392 II.

3322 321 3466 378 1138

197 481 360 536 quam
389 464 487 536 qui
514 465 639 537 ejus
665 463 874 519 similes
902 467 1036 519 sunt
1064 463 1123 518 in
1152 481 1311 521 sacro
1330 465 1524 520 ordine
1551 466 1639 520 vel
1665 464 2206 537 sineAaspergitur,
2226 463 2324 517 sed
2344 461 2443 515 illa
2462 461 2680 513 tantum
2710 454 2927 517 domus,
2951 451 3010 505 in
3040 464 3152 521 qua
3181 447 3327 502 idem
3344 447 3461 500 fra-

194 554 403 608 ordine.

260 647 281 669 '
323 643 648 699 Cavendum
696 649 783 699 est
826 649 1037 713 tamen,
1084 645 1375 717 praesentis
1423 644 1786 699 hebdomadas

192 734 493 797 Sacerdoti,
529 739 598 789 ut
624 750 733 788 non
765 751 824 788 se
852 735 1195 789 intromittat
1222 736 1293 789 ad
1332 734 1653 805 hujusmodi
1684 751 1785 788 ne-

186 823 414 896 gotium.
449 825 539 878 Ad
557 824 934 899 inﬁrmarium
955 835 1144 878 autem
1169 825 1414 896 pertinet
1432 841 1637 894 aquam
1656 825 1787 878 cali-

188 913 310 966 dam
338 911 641 983 providere
673 930 685 965 :
720 912 793 966 ad
820 912 1193 969 camerarium
1213 913 1515 984 ea,quibus
1545 913 1784 966 induen-

188 999 287 1053 dus
306 1008 409 1065 est,
437 1000 538 1071 qui
570 1000 738 1055 etiam
768 1000 824 1054 in
854 1007 1117 1071 promptu
1139 1001 1303 1055 debet
1323 1001 1526 1054 habere
1557 1002 1780 1054 laneum

188 1104 428 1160 pannum
458 1089 825 1160 quadratum,
853 1090 941 1144 cui
961 1090 1114 1144 inﬁxi
1134 1096 1269 1144 sunt
1286 1092 1474 1161 plures
1504 1107 1635 1144 acus
1656 1106 1782 1144 cum

191 1178 307 1231 ﬁlis.
326 1180 460 1247 (UD.)
485 1179 726 1233 Ponitur
744 1196 915 1250 super
936 1178 1183 1233 tabulam
1206 1180 1274 1233 ad
1293 1181 1396 1233 hoc
1416 1180 1595 1234 solum
1617 1179 1787 1233 desti—

191 1272 395 1332 natam,
434 1268 663 1322 exuitur
692 1268 910 1339 caligis,
957 1269 1336 1334 femoralibus,
1386 1274 1443 1323 et
1486 1269 1780 1335 stamineo,

186 1356 403 1411 lavatur
431 1373 467 1410 a
490 1357 699 1411 vertice
724 1374 902 1428 usque
926 1358 996 1411 ad
1026 1358 1275 1428 plantam
1318 1357 1501 1429 pedis.
1532 1358 1663 1412 Sola
1686 1375 1781 1413 ve-

189 1446 357 1499 renda
408 1447 614 1501 eodem
666 1447 941 1501 stamineo
979 1452 1111 1501 sunt
1156 1453 1438 1518 cooperta.
1480 1446 1779 1501 Incensum

187 1535 540 1591 abundanter
584 1536 661 1591 ibi
701 1536 1151 1591 administratur.
1182 1537 1202 1558 *
1230 1538 1482 1591 Vestitur
1504 1538 1781 1593 staitrineo

180 1625 391 1679 naviter
408 1626 553 1695 loto,
579 1626 797 1680 cuculla
821 1632 879 1680 et
908 1626 1102 1696 caligis
1122 1626 1566 1692 nocturnalibus,
1599 1631 1657 1680 et
1684 1645 1779 1681 su-

1866 536 1957 610 ter
1983 554 2140 618 obiit,
2174 557 2437 623 scopatur
2467 554 2518 603 et
2542 549 2713 618 junco
2743 541 3033 598 sternitur.
3060 539 3188 607 tun.)
3210 537 3295 591 Ab
3322 536 3462 590 hora

1867 646 1982 709 illa,
2004 660 2295 714 quousque
2313 642 2528 694 feratur
2549 636 2619 690 ad
2653 632 3008 705 sepulchrum
3040 644 3153 683 non
3182 624 3462 681 omittitur

1867 733 2077 804 absque
2109 712 2437 802 psalmodia,
2456 725 2567 781 nisi
2596 720 2993 785 interim,dum
3022 718 3163 771 hora
3189 712 3464 785 regularis

1867 823 1927 877 in
1956 822 2154 877 eadem
2199 818 2431 874 ecclesia
2474 818 2753 869 cantatur.
2782 810 2804 831 ¹”
2829 809 2915 864 Ad
2962 823 3150 879 quam,
3185 820 3311 858 cum
3344 801 3462 873 pri-

1871 929 2024 966 mum
2053 911 2275 980 signum
2292 907 2566 979 pulsatur,
2585 920 2619 956 a
2638 897 2948 972 psalmodia
2966 900 3236 958 cessatur,
3261 897 3463 964 pra‘ter

1866 1002 1935 1056 ad
1967 1001 2114 1055 solos
2161 1000 2510 1059 Nocturnos;
2541 998 2678 1046 tunc
2705 988 3087 1049 continuatur,
3119 998 3299 1054 usque
3324 981 3462 1035 dum

1866 1094 2022 1148 scilla
2050 1091 2387 1146 dimittatur.
2428 1086 2504 1141 Et
2544 1085 2592 1139 si
2636 1083 2822 1137 obitus
2868 1077 3058 1132 fratris
3085 1075 3456 1144 contingeret,

1867 1182 2192 1254 priusquam
2225 1178 2441 1233 sonitus
2462 1176 2518 1229 in
2549 1169 2878 1227 dormitorio
2898 1169 3183 1231 ﬁeret,aut
3207 1163 3354 1217 sicut
3379 1168 3465 1217 est

1865 1252 2123 1342 tempore
2145 1266 2388 1339 hyemali
2417 1270 2549 1319 ante
2579 1261 2794 1315 ﬁnitam
2838 1257 3115 1319 litaniam,
3147 1253 3235 1306 vel
3264 1252 3457 1312 etiam,

1865 1377 1930 1415 ea
1960 1340 2159 1427 ﬁnita;
2192 1356 2296 1411 nisi
2324 1362 2440 1409 tam
2469 1353 2622 1406 clara
2637 1350 2709 1404 sit
2739 1349 2881 1408 dies,
2912 1345 3052 1400 utin
3080 1343 3325 1399 claustro
3342 1340 3453 1411 legi

1861 1450 2057 1521 possit,
2095 1448 2177 1502 vel
2206 1446 2254 1500 si
2280 1446 2339 1499 in
2364 1443 2453 1498 die
2489 1457 2699 1496 rasurae
2728 1437 2829 1492 tali
2872 1436 3014 1489 hora
3055 1432 3269 1498 ﬁnitur,
3300 1430 3451 1501 quod

1864 1519 2203 1593 inatutinam
2233 1535 2463 1589 missam
2493 1529 2701 1585 habere
2726 1525 2925 1598 potuit,
2959 1540 3027 1577 ea
3053 1522 3143 1576 die
3161 1519 3452 1592 sepelitur.

1863 1628 2023 1693 Quod
2053 1633 2110 1682 et
2137 1632 2272 1680 tunc
2311 1625 2393 1687 ﬁt,
2426 1621 2473 1676 si
2502 1615 2871 1674 intolerabilis
2912 1613 3075 1667 fcetor
3115 1611 3201 1665 vel
3243 1607 3457 1678 aliquid

179 1714 350 1815 dario,
369 1716 460 1769 cui
484 1722 682 1815 assuta
702 1721 789 1770 est
816 1732 951 1769 crux
974 1716 1043 1769 de
1071 1715 1218 1770 lineo
1249 1733 1455 1787 panno,
1480 1719 1500 1739 "
1531 1722 1588 1770 et
1616 1717 1780 1770 suda-
1798 1784 1837 1815 Β
1862 1714 2184 1786 hujusmodi
2241 1709 2643 1766 intercesserit.
2701 1707 2811 1760 Pro
2858 1698 3198 1756 intolerabili
3259 1699 3458 1751 faetore

1074 1805 1088 1815 .
1350 1813 1357 1815 _
1448 1812 1454 1815 .
1564 1805 1575 1815 .
1902 1807 1932 1815 ,.
2090 1805 2102 1815 .
2271 1805 2280 1814 .
2458 1800 2469 1810 -
2508 1804 2518 1815 .
2564 1798 2598 1815 ι·
2647 1796 2677 1815 ι
2698 1811 2778 1815 __-
2836 1791 2968 1815 ,ιλιι
3034 1787 3300 1815 munda..-
3349 1786 3456 1815 Πνω

179 1805 319 1859 rium
348 1810 436 1860 est
469 1806 543 1860 de
569 1805 767 1859 eodem
816 1822 1022 1876 panno,
1057 1805 1126 1858 de
1157 1822 1266 1877 quo
1311 1813 1370 1860 et
1412 1805 1771 1870 stamineum,
1793 1784 1838 1842 Β
1860 1807 2029 1861 etiam
2059 1805 2180 1859 sine
2213 1805 2399 1865 missa,
2427 1800 2473 1853 si
2504 1798 2604 1852 tali
2647 1796 2787 1849 hora
2830 1791 2988 1856 obiit,
3033 1787 3316 1860 sepelitur.
3348 1786 3456 1841 Pro

179 1896 313 1949 sicut
340 1902 398 1949 et
418 1897 638 1967 caligae,
661 1913 763 1951 nec
791 1896 846 1950 in
871 1896 1225 1950 extremitate
1256 1896 1479 1966 patula},
1514 1897 1610 1950 sed
1653 1913 1780 1950 con-

181 1990 329 2039 sutaa.
356 1986 653 2057 Capellum
674 1986 904 2040 cucullus
916 2002 1085 2055 super
1101 1984 1299 2039 faciem
1321 2002 1387 2039 ex
1401 1991 1639 2057 utroque
1651 2003 1781 2040 con-

181 2073 355 2129 suitur
381 2081 585 2129 contra
604 2082 816 2146 pectus,
846 2091 1015 2144 super
1043 2074 1190 2144 quod
1212 2074 1380 2127 etiam
1401 2092 1600 2129 manus
1622 2082 1778 2130 extra

187 2164 456 2219 cucullam
489 2165 919 2235 complicantur,
947 2164 1184 2233 ipsaque
1231 2164 1450 2218 cuculla
1503 2181 1603 2234 per
1656 2166 1778 2219 loca

185 2255 499 2308 consuenda
526 2259 650 2308 tota
677 2254 759 2308 ita
788 2252 1209 2322 constringitur,
1247 2258 1311 2307 ut
1336 2253 1393 2306 in
1434 2254 1588 2315 nulla
1618 2260 1776 2324 parte

102 2406 115 2423 θ
181 2342 249 2394 sit
274 2342 416 2396 laxa.
447 2344 593 2397 Item
626 2343 984 2397 nocturnales
1032 2347 1383 2395 consuuntur
1405 2342 1474 2395 ad
1502 2342 1765 2401 invicem.

243 2430 395 2485 Inter
422 2431 726 2486 lavandum
770 2432 1045 2485 lavatores
1093 2430 1338 2484 ofﬁcium
1375 2431 1771 2486 Defunctorum

178 2524 414 2573 cantant.
468 2522 637 2589 (υαν.)
686 2520 773 2575 Ibi
820 2521 991 2575 etiam
1036 2520 1189 2590 prior
1237 2525 1293 2574 et
1338 2520 1616 2574 armarius
1660 2538 1773 2575 non

180 2605 391 2675 desunt,
421 2619 481 2664 et
508 2610 667 2681 prior
690 2609 825 2664 dicit
871 2610 1016 2664 hanc
1052 2610 1340 2663 collectam
1377 2628 1387 2662 :
1427 2610 1774 2678 Omnipotens

177 2701 495 2765 sempiterne
515 2700 670 2753 Deus.
708 2698 922 2754 Inﬁrmi
947 2714 1169 2770 quoque
1198 2698 1348 2751 idem
1379 2698 1622 2751 ofﬁcium
1648 2715 1775 2753 cum

179 2802 363 2842 novem
392 2789 757 2844 Lectionlbus
785 2789 985 2844 semoti
1015 2805 1049 2842 a
1067 2794 1342 2842 conventu
1364 2787 1620 2841 sedentes
1640 2804 1773 2841 can-

181 2880 310 2929 tant.
333 2877 479 2947 (UD.)
503 2879 807 2950 Postquam
826 2878 999 2932 fuerit
1016 2877 1270 2942 vestitus,
1287 2877 1598 2939 incensum,
1622 2876 1770 2947 quod

178 2964 394 3021 interim
417 2967 643 3037 jugiter
664 2966 740 3020 ibi
771 2983 883 3020 non
926 2967 1138 3030 deerat,
1180 2964 1357 3019 mittit
1400 2964 1555 3036 prior
1601 2981 1772 3035 super

176 3052 456 3121 feretrum,
468 3054 747 3125 simulque
777 3053 1024 3125 aspergit
1051 3069 1194 3123 aqua
1217 3052 1526 3106 benedicta.
1552 3052 1765 3106 Deinde

178 3142 427 3200 defuncto
498 3145 559 3199 in
620 3144 761 3199 illud
818 3145 999 3215 posito
1064 3159 1292 3214 asperso
1357 3148 1415 3196 et
1478 3142 1765 3196 incensato

177 3234 565 3303 cooperculum
615 3233 1035 3304 superponitur.
1082 3232 1384 3286 Lavatores
1432 3231 1765 3302 priusquam

180 3320 379 3377 froccos
404 3324 665 3389 induant,
699 3323 768 3377 de
798 3338 964 3394 aqua,
1000 3338 1113 3393 qua
1154 3321 1393 3375 lavando
1439 3320 1765 3375 defunctum

178 3410 258 3464 usi
309 3418 464 3480 sunt,
519 3412 604 3467 vel
660 3412 731 3466 ad
778 3412 1112 3466 lavatorium
1167 3410 1522 3464 inﬁrmorum
1568 3426 1769 3463 manus

180 3499 373 3565 lavant,
407 3502 512 3557 sed
537 3518 650 3556 non
690 3506 938 3569 tergunt.
986 3500 1247 3565 Levatur,
1299 3504 1558 3567 portatur
1591 3516 1769 3570 usque

181 3590 245 3643 ad
272 3591 480 3646 ostium
507 3596 701 3645 contra
721 3595 1084 3646 conventum.
1129 3588 1236 3653 Qui
1265 3605 1393 3642 cum
1424 3588 1667 3641 ofﬁcium
1699 3589 1770 3641 ad

180 3678 335 3734 ﬁnem
365 3696 549 3750 usque
580 3678 1009 3751 percantaverit,
1046 3677 1202 3748 prior
1232 3676 1491 3731 observat
1518 3683 1574 3730 et
1600 3676 1770 3729 tabu-

179 3765 281 3820 lam
308 3770 551 3840 percutit
572 3770 746 3823 semel
777 3773 1017 3823 tantum.
1045 3768 1201 3822 Tunc
1221 3766 1292 3820 ab
1321 3765 1579 3818 omnibus
1610 3765 1770 3819 incli-

179 3857 316 3911 natis
341 3859 552 3914 dicitur
580 3859 759 3912 oratio
790 3857 1100 3912 Dominica.
1136 3857 1204 3909 Et
1240 3855 1412 3927 prior,
1446 3856 1512 3908 Et
1542 3871 1608 3907 ne
1651 3871 1766 3908 nos.

179 3946 215 3998 Α
253 3954 409 4014 porta
439 3950 634 4017 inferi.
658 3950 925 4003 Dominus
955 3948 1247 4000 vobiscum.
1284 3943 1599 4006 Orationes,
1634 3944 1767 3995 Deus

180 4037 292 4089 vita
333 4038 514 4092 dator.
566 4039 709 4091 Deus
744 4040 844 4104 qui
882 4037 1286 4088 humanarum.
1333 4031 1649 4103 Imponitur
1686 4048 1772 4084 re-

174 4127 521 4193 sponsorium
555 4146 566 4180 :
600 4125 907 4180 Subvenite.
948 4126 1086 4190 (ευ.)
1127 4124 1269 4177 Item
1320 4123 1430 4176 Heu
1483 4122 1628 4174 mihi
1671 4122 1772 4175 Do-

182 4218 334 4269 mine.
352 4218 609 4287 Itemque
631 4216 676 4269 si
699 4232 838 4286 opus
859 4220 962 4280 est,
986 4215 1068 4267 Ne
1098 4214 1416 4266 recorderis.
1454 4209 1519 4263 In
1552 4226 1770 4281 proces-

181 4301 324 4359 sione
351 4322 577 4360 crucem
607 4309 923 4376 sequuntur
950 4301 1128 4374 pueri,
1148 4302 1197 4355 si
1225 4301 1283 4354 in
1312 4301 1431 4354 loco
1447 4306 1597 4355 sunt,
1618 4299 1771 4353 dein-

181 4391 242 4445 de
266 4394 501 4465 priores,
533 4400 729 4466 postea
758 4392 1028 4458 conversi,
1074 4397 1130 4445 et
1178 4389 1424 4444 defuncti
1456 4395 1769 4459 portatores

182 4482 474 4550 novissimi,
501 4490 556 4538 et
586 4483 904 4554 pulsatione
919 4483 1039 4552 jam
1059 4481 1282 4551 incepta
1309 4478 1561 4533 omnium
1586 4477 1789 4547 signo-'

180 4584 315 4636 rum,
350 4578 611 4644 portatur
639 4572 698 4626 in
733 4571 1022 4626 ecclesiam
1066 4571 1122 4624 S.
1164 4568 1372 4633 Mariae,
1411 4566 1599 4636 ibique
1637 4572 1768 4619 ante

183 4657 346 4716 altare
374 4663 499 4732 ejus
529 4666 899 4727 sustentatur,
926 4658 1274 4730 usqueodum
1319 4672 1420 4726 pro
1451 4672 1516 4708 eo
1545 4653 1767 4708 dicatur

181 4749 399 4805 collecta
429 4753 605 4805 :Deus
648 4752 819 4804 venia:
866 4751 1120 4816 largitor.
1162 4746 1459 4801 Praemisso
1495 4761 1680 4810 versu,
1719 4747 1760 4800 A

180 4845 323 4904 porta
348 4841 540 4909 inferi.
560 4841 830 4894 Dominus
856 4839 1152 4900 vobiscum,
1176 4837 1351 4891 versis
1371 4834 1442 4889 ad
1462 4835 1639 4889 altare
1656 4835 1764 4889 fra-

180 4928 366 4986 tribus.
386 4930 411 4956 ⁹
447 4928 658 4983 Deinde
686 4928 743 4982 in
772 4926 1023 4981 inferiori
1049 4930 1207 4997 parte
1236 4925 1486 4995 ejusdem
1515 4924 1763 4979 ecclesiae

181 5024 363 5072 contra
382 5017 703 5089 aquilonem
725 5017 889 5087 juxta
915 5015 1174 5080 formam,
1230 5031 1300 5068 ne
1343 5012 1767 5068 transeuntibus

184 5102 574 5178 impedimento
615 5105 690 5159 sit
719 5105 967 5176 ponitur,
994 5110 1051 5159 et
1078 5120 1211 5158 crux
1242 5120 1367 5157 cum
1416 5101 1768 5156 candelabris

182 5195 244 5249 ad
273 5198 373 5252 hoc
392 5197 573 5250 solum
601 5194 904 5266 deputatis,
930 5193 1117 5265 ibique
1128 5192 1345 5263 jngiter
1360 5191 1675 5252 reservatis,
1698 5189 1768 5243 ad

184 5292 339 5357 caput
358 5288 484 5357 ejus
523 5284 789 5354 afﬁgitur,
823 5289 879 5337 et
912 5288 1048 5336 tunc
1094 5282 1323 5335 demum
1373 5298 1407 5334 a
1452 5279 1768 5351 pulsatione

183 5379 830 5443 cessatur,conventuque
844 5373 914 5426 ad
936 5370 1244 5425 ﬁniendum
1267 5369 1517 5423 ordinem
1534 5369 1770 5422 redeun-

184 5469 249 5522 te.
275 5465 322 5519 si
351 5480 517 5535 quem
541 5462 685 5517 forte
714 5461 999 5516 inﬁnitum
1029 5459 1262 5525 dimisit,
1291 5458 1499 5512 inﬁrmi
1514 5459 1767 5512 Exsulta-

185 5552 325 5621 bunt,
358 5554 507 5626 quod
532 5552 826 5608 dimissum
856 5558 959 5614 est,
991 5555 1340 5622 percantant.

246 5642 560 5703 Inﬁrmaria
578 5658 693 5699 non
720 5640 1087 5707 benedicitur,
1106 5655 1289 5711 neque
1311 5652 1459 5709 aqua
1476 5634 1769 5692 benedicta

1862 1894 2175 1966 psalmodia
2211 1908 2341 1945 vero
2371 1896 2428 1943 et
2458 1886 2661 1959 vigiliis
2688 1885 2747 1938 in
2778 1888 2939 1936 nocte
2961 1896 3061 1950 pro
3100 1894 3168 1932 eo
3200 1875 3453 1947 agendis,

1865 1984 2166 2053 unicuique
2198 1980 2370 2034 missa
2396 1978 2482 2031 vel
2531 1972 2843 2047 psalmodia
2888 1967 3220 2037 injungitur,
3254 1969 3459 2036 praeter

1858 2073 1964 2127 hoc
2014 2071 2163 2143 quod
2192 2071 2243 2124 ei
2272 2065 2644 2123 communiter
2682 2061 2766 2115 vel
2801 2056 3165 2129 singulariter
3187 2054 3257 2109 ab
3286 2053 3454 2107 omni-

1857 2161 1963 2216 bus
1991 2142 2243 2215 debetur.
2278 2161 2419 2225 (UD.)
2451 2156 2521 2209 Et
2548 2169 2657 2206 nox
2693 2151 2809 2212 illa,
2845 2148 2893 2201 si
2935 2151 3021 2201 est
3064 2142 3359 2216 hyemalis,
3391 2148 3458 2196 ut

1858 2251 1927 2304 ad
1959 2250 2218 2304 calendas
2248 2242 2565 2300 novembris
2595 2240 2724 2294 inde
2751 2253 2929 2308 usque
2977 2235 3048 2288 ad
3095 2248 3310 2288 coenam
3339 2232 3453 2286 Do-

1859 2340 2022 2405 mini,
2046 2340 2101 2392 in
2124 2336 2416 2392 duodecim
2439 2329 2769 2386 lectionibus
2799 2332 2857 2380 et
2882 2323 3089 2379 octavis
3118 2327 3360 2385 tantum,
3394 2319 3456 2374 in

1858 2432 1973 2479 tres
2004 2425 2219 2495 vigilias
2249 2429 2335 2477 est
2353 2419 2666 2476 dividenda.
2712 2416 2961 2480 Quarum
2980 2411 3220 2483 primam
3249 2409 3456 2463 chorus

1858 2516 2054 2570 dexter
2077 2515 2196 2584 agit
2219 2529 2345 2567 cum
2371 2508 2635 2571 armario,
2660 2502 2962 2559 secundam
2982 2500 3210 2555 sinister
3229 2498 3453 2565 chorus,

1860 2603 2225 2658 novissimam
2256 2604 2534 2655 conventu
2581 2601 2710 2668 post
2754 2591 3096 2647 matutinum
3147 2586 3455 2641 dormitum

1860 2699 2046 2755 eunte,
2078 2691 2096 2713 *
2125 2688 2411 2744 secretarii
2439 2694 2495 2741 et
2519 2687 2752 2757 juvenes
2771 2697 2897 2736 cum
2920 2676 3264 2742 custodibus,
3303 2672 3458 2728 addi-

1855 2782 1930 2836 tis
1958 2781 2193 2835 totidem
2218 2779 2287 2832 de
2306 2776 2531 2832 novitiis
2551 2781 2608 2828 et
2621 2772 2747 2827 aliis
2764 2768 3046 2832 fratribus,
3070 2770 3135 2819 ut
3147 2763 3460 2835 psalmodia

1854 2871 2077 2942 impleri
2110 2868 2305 2941 possit,
2330 2872 2388 2921 et
2407 2867 2478 2920 ad
2500 2873 2961 2932 unamquamque
2980 2853 3227 2924 vigiliam
3243 2851 3456 2922 psalte-

1852 2961 1999 3014 rium
2023 2975 2093 3013 ex
2122 2963 2239 3012 toto
2269 2955 2594 3020 dicendum;
2623 2948 2826 3005 deinde
2859 2943 3092 3015 vesperi,
3127 2939 3372 2995 ofﬁcium
3398 2944 3456 2993 et

1852 3047 2214 3102 matutinales
2253 3044 2445 3097 laudes
2475 3058 2574 3112 pro
2614 3035 2891 3093 defunctis
2924 3033 3187 3103 adjuncto
3231 3043 3454 3098 semper

1862 3138 2022 3191 Verba
2043 3152 2181 3199 mea,
2199 3134 2320 3188 sine
2339 3132 2556 3203 psalmo
2580 3131 2698 3182 Voce
2734 3139 2850 3178 mea
2869 3124 3138 3192 sequente
3168 3116 3403 3171 collecta
3435 3134 3446 3168 :

1850 3227 2068 3280 Absolve
2099 3225 2348 3278 Domine.

1925 3313 2226 3368 Armarius
2254 3326 2381 3364 mox
2404 3311 2470 3361 ut
2496 3304 2679 3376 prima
2699 3318 2841 3374 pene
2856 3297 3125 3370 impletur
3145 3295 3353 3366 vigilia,
3378 3292 3450 3347 ad

1854 3404 2211 3458 excitandum
2267 3400 2470 3454 fratres
2524 3391 2918 3450 dormitorium
2971 3385 3242 3442 ascendit.
3298 3382 3453 3439 Infra

1852 3492 2191 3548 matutinum
2219 3507 2348 3544 vero
2377 3485 2588 3542 inﬁrmi
2615 3488 2672 3537 et
2697 3482 2811 3547 alii,
2846 3479 2941 3551 qui
2965 3477 3255 3547 regulares
3282 3474 3450 3527 horas

1851 3585 1923 3637 ad
1953 3584 2009 3638 S.
2044 3581 2280 3636 Mariam
2311 3577 2570 3642 audiunt,
2604 3588 2782 3642 usque
2810 3570 2943 3623 dum
2992 3568 3297 3620 conventus
3322 3578 3450 3616 cum

1852 3673 2206 3743 processione
2258 3668 2390 3722 illuc
2436 3664 2641 3728 veniat,
2686 3659 2818 3713 inde
2864 3673 2977 3710 non
3035 3653 3330 3708 recedunt.
3384 3651 3453 3704 Et

1852 3763 2162 3827 sciendum,
2195 3760 2327 3831 quia
2350 3773 2478 3812 cum
2503 3754 2670 3807 funus
2696 3748 2889 3804 fratris
2932 3745 3284 3800 celebramus
3311 3747 3451 3795 tem-

1853 3868 1989 3922 pore
2030 3829 2230 3915 noctis,
2261 3846 2566 3918 perlustrat
2602 3844 2854 3894 nostrum
2900 3835 3119 3904 lampas
3165 3829 3451 3901 perlucida

1853 3941 2180 3994 claustrum.
2214 3940 2277 3992 In
2309 3934 2539 4006 privatis
2570 3946 2696 3983 vero
2723 3924 2979 3982 noctibus
3024 3920 3275 3992 ejusdem
3304 3924 3450 3972 tem-

1854 4029 2027 4100 poris,
2050 4028 2107 4080 id
2128 4032 2231 4091 est,
2252 4043 2285 4079 a
2310 4021 2569 4079 Calendis
2590 4014 2918 4074 Novembris
2940 4027 3120 4082 usque
3144 4009 3216 4063 ad
3233 4023 3449 4062 ccenam

1851 4116 2096 4183 Domini,
2127 4116 2185 4169 in
2211 4115 2352 4168 duas
2391 4111 2661 4166 dividitur
2681 4122 2789 4161 nox
2805 4102 3038 4174 vigilias,
3063 4115 3184 4171 quas
3205 4095 3448 4151 vicissim

1852 4207 1922 4261 ab
1952 4212 2191 4276 utroque
2219 4204 2388 4256 choro
2419 4201 2583 4268 (sicut
2625 4198 2835 4251 dictum
2882 4197 2983 4260 est)
3010 4188 3239 4260 agendae
3267 4189 3403 4240 sunt
3429 4203 3441 4237 :

1855 4297 1951 4350 sed
1974 4296 2044 4349 ad
2066 4292 2419 4348 intervallum
2445 4296 2597 4343 totus
2618 4286 2694 4340 ibi
2712 4288 3017 4339 conventus
3038 4276 3246 4344 aderit;
3278 4277 3446 4342 (rar.)

1855 4392 2049 4456 postea
2070 4390 2258 4437 autem
2288 4380 2365 4433 hi.
2399 4381 2495 4449 qui
2526 4378 2584 4431 in
2606 4372 2936 4438 inﬁrmaria,
2967 4374 3025 4423 et
3051 4369 3110 4422 in
3140 4363 3448 4421 cellanovi-

1851 4475 2060 4528 tiorum
2089 4488 2190 4543 pro
2220 4483 2483 4524 concessa
2511 4461 2898 4519 misericordia
2925 4457 3233 4522 dormiunt,
3267 4469 3446 4524 usque

1850 4565 1920 4617 ad
1952 4563 2101 4616 diem
2131 4559 2208 4613 ibi
2243 4560 2625 4630 perseverant.
2665 4554 2739 4606 At
2774 4551 2821 4605 si
2868 4554 2954 4603 est
2994 4563 3102 4601 nox
3142 4543 3353 4609 aestiva,
3387 4542 3448 4595 in

1849 4659 1964 4707 tres
1986 4650 2201 4720 vigilias
2234 4652 2321 4701 est
2348 4643 2671 4707 dividenda,
2695 4639 2832 4694 etad
2854 4648 3308 4706 unamquamque
3328 4630 3447 4684 illa-

1846 4758 1974 4796 rum
2021 4740 2282 4800 duarum,
2337 4751 2459 4805 quae
2514 4734 2659 4786 ﬁunt
2699 4735 2832 4783 ante
2861 4731 3185 4789 nocturnos,
3218 4724 3443 4775 centum

1843 4831 2107 4885 dicuntur
2132 4824 2333 4897 psalmi
2360 4838 2487 4877 cum
2517 4819 2749 4883 caeteris,
2783 4833 2906 4888 quas
2934 4816 3265 4885 sequuntur.

1917 4917 2002 4971 Ad
2030 4896 2254 4970 tertiam
2282 4927 2413 4965 vero
2444 4913 2571 4980 post
2617 4905 2955 4960 matutinum
2986 4919 3022 4956 a
3049 4896 3363 4955 secretariis
3392 4899 3450 4950 et

1848 5005 2119 5062 acaeteris
2167 4999 2449 5074 praedictis
2497 4994 2764 5051 fratribus
2812 4991 3125 5064 psalmodia
3166 5003 3345 5058 usque
3374 4985 3447 5039 ad

1850 5096 2095 5150 sonitum
2122 5073 2291 5147 debet
2308 5086 2597 5161 protelari.
2630 5085 2695 5138 In
2721 5080 3015 5136 duodecim
3044 5094 3174 5132 vero
3198 5073 3450 5129 lectioni-

1849 5186 1954 5241 bus
1984 5186 2090 5238 hoc
2120 5187 2341 5235 tantum
2375 5176 2643 5239 variatur,
2678 5171 2827 5242 quod
2851 5168 2923 5222 ad
2951 5166 3200 5237 singulas
3229 5163 3448 5235 vigilias

1851 5280 1982 5330 ante
2012 5278 2313 5328 nocturnos
2342 5264 2544 5339 psalmi
2568 5258 2977 5333 quinquaginta
3017 5272 3143 5309 cum
3197 5254 3315 5308 suis
3344 5269 3446 5323 ap-

1851 5364 2117 5438 penditiis
2157 5361 2457 5423 dicuntur;
2501 5353 2550 5408 si
2587 5359 2778 5405 tamen
2822 5347 3005 5419 prima
3051 5342 3237 5414 vigilia
3276 5357 3446 5412 prope

1852 5462 2095 5519 noctem,
2131 5450 2212 5504 vel
2238 5450 2296 5502 in
2325 5446 2448 5518 ipsa
2467 5448 2629 5497 nocte
2660 5437 2947 5509 incipitur.
2982 5433 3040 5488 Si
3070 5447 3198 5486 vero
3226 5436 3443 5500 tempe-

1852 5544 2048 5598 stivius
2084 5518 2387 5609 incipitur,
2441 5529 2772 5604 psalterium
2826 5524 2899 5578 ad
2954 5520 3249 5594 praedictas
3304 5518 3445 5572 duas

1849 5632 2068 5702 vigilias
2096 5644 2253 5699 aeque
2281 5624 2521 5680 divisum
2553 5620 2927 5690 percantatur.
2943 5614 3085 5669 Cum
3101 5616 3290 5671 autem
3311 5623 3446 5662 con-
