3934 6380
497 323 632 391 H39

1526 337 1582 392 s.
1617 316 2006 392 athLEmiI
2046 315 2352 392 unus
2386 316 2726 392 HlIi'SAUG.

3636 323 3777 386 1H0

493 446 692 512 ventus
723 446 884 513 estin
919 460 1232 526 refer-torio,
1268 463 1349 515 vel
1380 452 1423 514 si
1459 469 1546 516 est
1575 465 1797 532 tempus
1828 467 1936 532 quo
1968 460 2085 516 fra«
2104 468 2149 523 Α
2171 443 2408 515 domnus
2461 455 2620 522 abba,
2673 457 2970 513 novissime
3011 438 3326 512 defunctus.
3359 453 3587 511 I'nﬁi't'nl
3619 470 3775 518 vero,

495 554 610 601 tres
633 535 698 600 ad
727 549 1016 602 meridiem
1036 537 1280 603 dormire
1298 551 1495 614 solent,
1513 551 1580 603 de
1599 552 1839 607 novitiis.
1856 552 2089 624 aliisque

495 623 764 691 fratribus
789 629 1062 710 aliquanti
1084 631 1378 692 validiores
1407 648 1717 693 remanent.
1744 641 1897 693 Tunc
1920 642 2088 694 etiam

497 717 751 796 tempore
774 720 984 780 statuto
1015 728 1232 783 usitatae
1264 733 1376 782 non
1425 725 1788 799 negliguntur
1816 735 1930 783 tres
1962 746 2091 783 ora-

497 805 783 880 tiuncula),
802 821 1112 886 vestesque,
1147 811 1193 870 si
1230 819 1353 888 quis
1384 825 1602 872 mutare
1630 819 1777 884 velit,
1814 821 1895 872 vel
1925 826 2092 873 antea

497 896 584 956 vel
605 891 796 984 postea
833 897 1090 984 mutabit.
1135 896 1430 960 Sciendum
1459 907 1645 961 autem
1674 907 1819 978 quod
1851 923 1998 984 mox,
2029 915 2093 962 ut

501 981 849 1047 matutinalis
870 981 1041 1047 missa
1077 989 1292 1062 ﬁnitur,
1323 1002 1472 1050 totus
1497 991 1818 1061 Conventus,
1851 981 2093 1068 exceptis

503 1073 751 1154 novitiis,
794 1075 1029 1153 aliisque
1068 1078 1310 1153 capitulo
1342 1073 1679 1158 carentibus
1733 1085 1803 1140 ad
1858 1087 2090 1140 chorum

501 1163 835 1240 regreditur,
859 1166 934 1224 ibi
955 1179 1113 1226 vacat
1131 1163 1355 1227 lectioni
1387 1172 1676 1245 quousque
1693 1176 1761 1228 ad
1783 1161 2090 1246 capitulum

500 1249 774 1334 pulsetur.
796 1257 919 1334 Sed
951 1262 1122 1315 iidem
1152 1261 1342 1316 novitii
1374 1264 1442 1317 ad
1475 1265 1777 1334 capitulum
1823 1281 1937 1317 una
1965 1257 2093 1317 cum

501 1332 742 1401 infirmis
773 1341 888 1414 illic
909 1366 1200 1404 remanere
1213 1352 1627 1422 praecipiuntur.
1657 1351 1928 1407 Similiter
1947 1353 2096 1407 infra

501 1431 828 1511 mandatum
855 1439 1070 1509 aliquot
1099 1425 1390 1493 remanere
1411 1437 1702 1511 jubentur.

573 1509 699 1578 Mox
727 1520 920 1604 autem
953 1533 1016 1580 ut
1045 1523 1103 1580 in
1147 1509 1498 1604 refectorium
1541 1535 1704 1599 potus
1746 1527 2035 1584 charitatis
2065 1547 2100 1583 a

505 1591 836 1682 quibusdam
869 1607 1100 1679 bibitur,
1238 1617 1481 1670 armario
1513 1591 1642 1671 illuc
1672 1619 2009 1689 diriguntur,
2034 1624 2099 1672 ut

505 1707 562 1754 et
587 1697 664 1770 hi,
697 1696 790 1773 qui
820 1696 974 1757 missi
1018 1697 1167 1766 sunt,
1203 1697 1444 1770 veniant,
1499 1713 1555 1760 et
1592 1703 1851 1761 eumdem
1899 1716 2093 1778 potum

2173 553 2264 622 qui
2299 552 2524 604 interim
2565 549 2790 602 stabant
2815 553 2972 601 extra
3008 547 3299 600 ecclesiam
3330 547 3383 600 S.
3418 545 3647 608 Mariae,
3687 545 3776 597 in-

2171 640 2508 711 grediuntur
2537 639 2812 703 eamdem,
2858 654 2984 690 mox
3023 640 3088 689 ut
3127 635 3430 689 conventus
3460 623 3691 697 exierit,
3726 639 3780 686 et

2171 729 2378 783 ibidem
2409 729 2673 792 ofﬁcium,
2700 726 2846 797 quod
2860 731 2915 779 et
2928 726 3231 779 conventus
3251 727 3500 778 cantant.
3515 724 3780 778 Conven-

2173 830 2264 872 tus
2304 824 2489 871 autem
2537 816 2867 887 perveniens
2911 815 2969 868 in
3007 800 3389 867 cmmet'e'rium
3417 811 3700 883 expandit
3723 828 3782 864 se

2173 903 2230 960 in
2258 907 2481 960 modum
2516 923 2748 968 coronae,
2776 905 2997 958 etinter
3016 900 3399 975 sepeliendum
3438 901 3545 955 sub
3579 901 3783 955 notata

2176 996 2486 1067 psalmodia
2514 988 2637 1048 cum
2669 993 2987 1066 antiphonis
3016 993 3137 1047 istis
3166 995 3426 1069 cantatur
3449 983 3596 1046 anti.
3643 985 3784 1059 Ape-

2175 1090 2298 1140 rite.
2326 1087 2471 1140 Psal.
2515 1087 2866 1152 (’onﬁlenu’ni
2908 1079 3157 1137 Domino.
3192 1099 3235 1136 s.
3271 1080 3421 1135 Anti.
3450 1081 3778 1158 Ingrediar.

2175 1176 2322 1229 Psal.
2357 1175 2846 1241 Quemadmodum.
2879 1173 3029 1226 Anti.
3067 1171 3184 1225 ΗΜ
3217 1174 3447 1239 requies.
3489 1169 3650 1223 Psal.
3681 1169 3786 1222 Me-

2177 1269 2354 1316 mento
2378 1264 2622 1316 Domine.
2647 1262 2798 1314 Anti.
2833 1259 3211 1317 De.rtra.Psal.
3245 1260 3473 1313 Domine
3499 1259 3779 1327 probasti.

2175 1353 2324 1406 Anti.
2360 1349 2435 1406 Ne
2460 1353 2652 1404 intres.
2679 1350 2822 1404 Psal.
2859 1350 3085 1404 Domine
3113 1351 3339 1404 exaudi.
3371 1349 3422 1401 2.
3459 1345 3619 1402 Anti.
3663 1347 3786 1401 0m-

2180 1443 2268 1494 nis
2288 1444 2537 1509 spiritus.
2557 1440 2703 1492 Psal.
2731 1440 2966 1493 Laudate
2987 1441 3286 1492 Dominum
3317 1437 3379 1490 de
3410 1443 3587 1490 terra.
3625 1435 3781 1490 Anti.

2180 1532 2402 1585 Absolre
2443 1531 2690 1584 Domine.
2747 1528 2893 1581 Psal.
2937 1523 3252 1581 Benedictus
3297 1521 3567 1581 Don'zinus
3619 1528 3782 1580 Deus.

2179 1619 2445 1674 Sacerdos
2474 1635 2597 1672 cum
2644 1617 2886 1688 primum
2917 1617 3132 1670 venerit
3155 1616 3223 1669 ad
3253 1613 3618 1686 sepulchruni
3652 1612 3787 1668 dicit

2178 1709 2279 1762 has
2307 1711 2565 1762 collectas
2612 1727 2623 1760 :
2669 1708 3038 1780 Obsecramus.
3070 1708 3210 1760 Deus
3250 1707 3626 1773 omnipotens,
3664 1702 3784 1770 qui.

505 1784 796 1845 chari'ta'tis
819 1804 1045 1863 accepta.
1075 1795 1144 1846 ad
1172 1801 1410 1863 gradum
1446 1795 1670 1848 licentia
1700 1794 1909 1848 bibant.
1946 1791 2095 1858 Qua-
2115 1780 2160 1839 Β
2179 1798 2546 1878 Sepulchrum
2578 1803 2634 1849 et
2661 1796 2816 1866 prius
2834 1801 2890 1848 et
2905 1800 3097 1865 postea
3129 1810 3296 1865 quam
3318 1794 3373 1847 in
3397 1811 3457 1847 se
3479 1793 3782 1864 receperit,

505 1897 724 1950 cunque
755 1876 941 1934 autem
985 1881 1123 1935 liora
1153 1883 1341 1936 fratris
1375 1883 1559 1937 obitus
1589 1886 1852 1945 evenerit,
1881 1885 1994 1937 sive
2024 1885 2098 1937 sit

504 1970 775 2040 temporis
802 1967 1040 2041 hyemis,
1071 1972 1184 2024 sive
1223 1973 1451 2038 aestatis,
1495 1972 1824 2042 psalterium
1867 1991 1978 2027 non
2012 1981 2098 2027 est

504 2055 903 2132 incipiendum,
937 2061 1042 2113 nisi
1073 2051 1226 2130 prius
1245 2061 1305 2113 ex
1329 2067 1446 2114 toto
1466 2061 1876 2132 compleatur...
1903 2069 2099 2133 postea

507 2139 674 2218 quam
731 2141 887 2215 obiit,
921 2155 979 2202 et
1008 2139 1224 2220 vesperi
1264 2167 1363 2220 pro
1393 2149 1668 2204 defunctis
1693 2156 1748 2205 et
1775 2151 2016 2206 ofﬁcium
2044 2159 2099 2206 et

505 2237 848 2292 matutinum
872 2225 928 2292 et
974 2241 1132 2292 Verba
1164 2257 1301 2302 mea,
1339 2240 1508 2293 missa
1541 2242 1707 2294 etiam
1749 2229 2099 2295 matutinalis

507 2317 810 2380 eantan‘tur
840 2345 940 2398 pro
975 2345 1058 2392 eo,
1093 2327 1314 2381 etiamsi
1357 2346 1418 2381 ea
1465 2330 1552 2382 die
1593 2345 1703 2382 non
1753 2331 2093 2400 sepeliatur;

505 2405 711 2469 tuncin
732 2412 978 2469 crastino
998 2433 1212 2480 omnes,
1230 2423 1292 2470 ut
1311 2418 1569 2474 offerant.
1584 2417 1790 2472 debent
1805 2419 2095 2473 interesse.

505 2495 641 2558 Post
653 2501 994 2557 oll'erendam
1013 2521 1140 2558 vero
1163 2508 1497 2570 sacerdotes,
1523 2508 1618 2577 qui
1633 2510 1841 2570 volunt,
1868 2515 2103 2579 possunt

509 2609 609 2666 pro
642 2609 706 2647 eo
737 2586 857 2648 sine
887 2594 1110 2647 licentia
1141 2595 1338 2647 missas
1367 2603 1612 2659 cantare,
1646 2598 1690 2650 si
1712 2604 1901 2651 tamen
1933 2605 2016 2651 est
2045 2597 2102 2652 in

507 2671 801 2737 duodecim
824 2682 1173 2737 lectionibus.
1191 2684 1486 2748 Diaconus,
1521 2691 1817 2756 postquam
1849 2689 2102 2741 incensa-

506 2767 651 2826 verit
677 2772 896 2835 altaria.
928 2771 1181 2827 incensat
1213 2780 1267 2827 et
1295 2775 1619 2828 defunctum
1648 2793 1810 2830 cruce
1859 2778 2100 2847 desuper

509 2859 675 2918 facta.
693 2859 1084 2932 Sepulchrum,
1108 2879 1231 2916 cum
1259 2861 1469 2934 faetum
1490 2863 1680 2927 fuerit,
1702 2864 1952 2919 dicendae
1974 2871 2106 2920 sunt

507 2953 591 3006 hae
622 2945 863 3006 collectae
877 2949 1193 3022 snperillud
1217 2977 1226 3009 :
1247 2957 1405 3013 Deus.
1433 2958 1531 3024 qui
1550 2959 1910 3024 simplicibus.
1938 2957 2096 3022 Deus,

509 3037 607 3112 qui
660 3043 957 3097 hominem.
1009 3043 1237 3097 Domine
1291 3047 1417 3097 Jesu
1475 3045 1700 3098 Christe.
1751 3046 1873 3108 Qua
1919 3046 2098 3111 ﬁnita,

510 3132 830 3203 aspergitur
844 3149 990 3204 aqua
1009 3131 1320 3197 benedicta,
1338 3140 1392 3187 et
1425 3135 1801 3204 sequiturista
1825 3137 2055 3189 collecta
2084 3157 2094 3189 :

512 3223 831 3288 Ine/rabilis,
858 3226 915 3275 et
938 3223 1042 3275 hoc
1070 3223 1256 3291 agitur
1281 3223 1426 3277 infra
1459 3241 1728 3277 canonem
1759 3225 2108 3279 matutinalis

511 3309 712 3364 miSsae.

1082 3397 1313 3454 CAPUT
1351 3397 1536 3454 LXVI.

837 3475 1108 3554 Quomodo
1137 3494 1183 3541 et
1222 3492 1442 3556 quando
1472 3493 1785 3556 sepeliatur.

585 3578 605 3597 *
643 3573 828 3630 Finito
858 3577 1122 3646 capitulo,
1170 3585 1226 3630 et
1270 3579 1315 3630 si
1364 3578 1492 3631 talis
1535 3585 1620 3631 est
1666 3579 1806 3640 dies,
1847 3575 2110 3650 percussa

515 3657 725 3729 tabula,
753 3666 904 3736 prior
925 3683 1097 3720 unum
1117 3665 1184 3720 de
1198 3667 1502 3736 majoribus
1519 3668 1690 3737 signis
1701 3669 2108 3740 aliquantulum

517 3741 618 3826 per
647 3761 761 3809 tres
791 3756 936 3809 vices
965 3755 1186 3825 tangit:
1225 3745 1561 3809 conveniunt
1607 3749 1826 3821 fratres,
1871 3765 1927 3811 et
1967 3762 2110 3814 cerei

517 3853 618 3916 per
635 3830 893 3898 custodes
907 3837 1148 3898 ecclesiae
1170 3844 1403 3914 singulis
1423 3845 1855 3905 distribuuntur,
1871 3847 2110 3901 inﬁrmis

519 3925 739 4004 quoque
767 3937 897 3985 ante
929 3933 1010 3985 vel
1033 3939 1188 3985 extra
1207 3933 1474 4002 capellnm
1500 3933 1797 3988 stantibus.
1819 3927 2110 4001 SaCerdos,

521 4023 616 4092 qui
647 4022 891 4092 priorem
915 4023 1142 4074 missam
1166 4023 1409 4088 cantavit
1428 4025 1748 4093 sepulturus
1768 4023 2110 4092 defunctum,

522 4099 754 4164 indutus
794 4117 880 4164 est
906 4111 1051 4173 alba,
1074 4111 1142 4164 ad
1168 4111 1271 4164 hoc
1298 4118 1518 4165 tantum
1552 4113 1840 4183 deputata,
1867 4121 1923 4166 et
1951 4115 2111 4168 stola.

519 4195 810 4253 Armari'us
838 4202 1012 4253 accito
1062 4199 1170 4253 alio
1219 4195 1392 4254 fratre
1441 4201 1637 4272 incipit
1687 4202 1853 4270 Hyrie
1883 4207 2106 4262 eleison.

525 4289 734 4352 Christe
763 4292 980 4342 oleis-on.
1017 4281 1182 4356 Hyrie
1209 4293 1424 4344 eleison.
1466 4289 1548 4344 Ad
1590 4291 1733 4362 quod
1767 4309 1890 4345 cum
1920 4310 2114 4348 omnes

524 4375 785 4430 Similiter
822 4370 1230 4447 responderint,
1273 4375 1613 4433 submittunt
1653 4398 1711 4434 se
1759 4381 1994 4435 inclines
2042 4385 2112 4437 ad

525 4461 836 4520 Orationem
868 4465 1238 4531 Dominicam,
1285 4471 1342 4521 et
1375 4469 1633 4522 sacerdos
1663 4467 1872 4540 absque
1902 4469 2118 4525 saluta-

524 4541 679 4622 tione
709 4555 843 4608 dioit
868 4556 969 4608 has
1001 4556 1260 4609 collectas
1287 4575 1296 4608 :
1331 4558 1408 4610 Nc
1440 4561 1630 4610 intres.
1666 4559 1769 4611 Fac
1807 4577 2116 4627 qua’sumus

524 4631 774 4698 Domine.
829 4645 1049 4698 Inriina
1096 4645 1254 4698 Deus.
1298 4641 1650 4700 Praem'ittens
1695 4647 1764 4700 ad
1821 4647 2111 4718 singulas:

530 4726 774 4807 Oremus.
810 4725 1350 4804 Quibusimponitur
1382 4735 1798 4806 responsorium
1831 4735 1876 4792 1.
1915 4740 2117 4792 Induta

525 4828 618 4876 est.
651 4823 703 4878 2.
734 4816 855 4878 Seio
885 4813 1138 4880 Domine.
1171 4823 1221 4879 3.
1255 4826 1450 4877 Libera
1483 4842 1565 4878 me
1599 4827 1845 4878 Domine.
1881 4827 2116 4881 Versum

524 4901 715 4966 cantat
743 4896 1021 4966 armarius
1065 4917 1192 4966 eam
1241 4912 1349 4966 alio
1391 4911 1583 4978 fratre,
1624 4906 1688 4967 ut
1734 4931 1906 4985 supra
1951 4919 2118 4985 Kyrie

523 5005 739 5074 eleison.

557 5140 561 5144 .
597 5081 864 5154 Quotiens
886 5076 1139 5144 incensat
1164 5088 1341 5143 altare
1355 5087 1679 5161 principale,
1696 5094 1901 5147 totiens
1918 5111 2118 5165 corpus

525 5169 774 5233 defuncti
804 5185 1024 5233 crucem’
1053 5180 1291 5250 desuper
1339 5172 1565 5233 faciens.
1619 5182 1935 5252 Imponitur
1964 5185 2116 5237 anti-

525 5257 710 5344 pliona
735 5270 1507 5338 cumpsalmonctuagesimo.
1532 5271 1594 5325 In
1627 5271 1730 5324 hac
1768 5274 2119 5342 proccssione

523 5351 766 5428 primum
817 5374 963 5427 aqua
1008 5355 1316 5421 benedicta,
1365 5359 1650 5413 incensum
1702 5366 1758 5413 et
1809 5377 1940 5413 crux
1991 5378 2115 5415 cum

524 5431 738 5500 duobus
769 5439 1115 5500 Candelabris
1146 5447 1288 5510 aliis,
1321 5449 1538 5502 noviter
1567 5450 1634 5502 de
1664 5450 1894 5502 ecclesia
1932 5451 2116 5504 allatis

523 5529 837 5604 portantur,
872 5529 1158 5590 Sacerdote
1189 5544 1242 5589 et
1272 5539 1514 5590 armario
1564 5539 1943 5608 sequentibus.
1978 5554 2116 5608 quos

520 5611 833 5691 sequuntur
854 5626 1046 5677 nevitii
1076 5631 1130 5678 et
1159 5615 1428 5690 conversi,
1463 5635 1519 5680 et
1561 5631 1756 5697 postea
1792 5629 2024 5698 priores,
2059 5625 2115 5682 et

2179 1905 2321 1958 aqua
2363 1881 2655 1940 benedicta
2696 1885 3014 1955 aspergitur
3051 1890 3107 1937 et
3151 1885 3490 1948 incensatur,
3525 1898 3643 1935 non
3676 1887 3781 1946 ter,

2180 1977 2276 2029 sed
2307 1976 2478 2030 semel
2507 1978 2725 2028 tantum
2760 1989 2884 2027 cum
2919 1990 3080 2026 versu
3117 1991 3127 2025 :
3157 1967 3490 2040 Redemptor.
3521 1971 3784 2025 Colloca-

2177 2068 2273 2120 tur
2297 2065 2618 2135 operculum
2652 2064 2897 2132 ligneum
2928 2067 3097 2132 super
3124 2062 3308 2132 ipsum
3339 2061 3697 2123 defunctum,
3731 2065 3786 2112 et

2181 2155 2441 2208 sacerdos
2471 2153 2704 2223 primus,
2739 2152 2785 2204 si
2814 2152 3053 2204 domnus
3085 2149 3226 2203 abba
3265 2167 3375 2203 non
3418 2149 3625 2203 aderit.
3657 2165 3785 2202 cum

2184 2245 2329 2314 pala,
2364 2243 2591 2296 mittens
2622 2241 2801 2295 tribus
2825 2239 3034 2293 vicibus
3081 2240 3149 2293 de
3193 2226 3345 2292 terra
3383 2255 3557 2309 super
3597 2239 3780 2300 illum,

2183 2333 2589 2403 subjungithas
2609 2331 2866 2384 collectas
2891 2343 2902 2378 :
2928 2331 3154 2383 Oremus
3169 2374 3180 2386 .
3195 2330 3412 2382 Fratres
3433 2329 3781 2391 charissimi,

2185 2427 2282 2492 qui
2299 2425 2490 2490 just-is.
2529 2422 2776 2475 Debitmn
2807 2420 3063 2472 humani.
3103 2419 3464 2472 Temeritatis.

2252 2512 2467 2576 Quibus
2496 2510 2672 2563 finitis
2718 2507 2985 2561 recedunt
3025 2524 3059 2560 a
3099 2497 3394 2577 sepdlch'ro
3436 2506 3606 2560 simul
3658 2506 3785 2558 Cum

2187 2601 2368 2665 cruCe,
2397 2607 2454 2654 et
2486 2597 2795 2671 procedunt
2823 2602 2954 2650 ante
2977 2596 3245 2667 capellam
3278 2597 3334 2649 in
3372 2596 3555 2649 medio
3587 2596 3784 2650 etiame-

2188 2691 2335 2755 terii,
2365 2688 2443 2744 ibi
2475 2690 2578 2743 sub
2609 2688 2831 2741 silentio
2862 2687 3149 2758 prazmissa
3196 2686 3448 2739 oratione
3490 2685 3786 2739 Dominica

2181 2779 2528 2834 subinfertur
2557 2793 2569 2825 :
2603 2778 2668 2831 Et
2696 2796 2759 2831 ne
2787 2794 2897 2830 nos.
2930 2777 3156 2829 Versus.
3185 2777 3262 2829 Ne
3284 2779 3476 2828 intres.
3509 2776 3786 2829 Dominus

2186 2873 2481 2923 vobiscum.
2519 2869 2639 2920 Tibi
2667 2868 2890 2920 Domine
2911 2863 3574 2918 commendanzus.Cereis
3605 2865 3786 2918 extin-

2189 2957 2291 3010 αῖς
2332 2957 2588 3027 sequitur
2644 2956 2780 3026 psal.
2823 2955 3058 3007 Laudate
3108 2959 3304 3006 rursus
3355 2969 3479 3006 cum
3526 2953 3785 3006 oratione

2184 3048 2495 3102 Dominica.
2528 3045 2733 3099 Versus
2764 3059 2775 3093 ι
2807 3047 2844 3099 Α
2895 3050 3074 3113 porta.
3118 3043 3364 3120 Coll'ecta
3406 3061 3416 3095 :
3452 3045 3596 3096 Deus
3629 3046 3785 3110 ciljus

2193 3138 2588 3190 nu’serz‘eordia.
2615 3136 2783 3189 Facta
2803 3134 3460 3196 inclinationeconsueta,
3479 3137 3535 3185 et
3566 3141 3782 3202 septem

2190 3226 2421 3297 psalmis
2451 3223 2748 3294 impo'sitis,
2779 3224 3015 3287 reditur,
3069 3227 3125 3276 et
3169 3223 3267 3285 ita,
3307 3222 3523 3292 priores
3562 3238 3633 3275 ea
3673 3220 3785 3273 vice

2192 3313 2360 3369 etiam
2392 3299 2505 3367 sint
2529 3313 2859 3377 anteriores,
2881 3313 3187 3382 eodemque
3217 3311 3411 3364 ordine
3438 3313 3565 3364 cum
3601 3311 3789 3382 perve-

2191 3405 2446 3458 nerintin
2461 3403 2714 3468 chorum,
2748 3403 3201 3472 prosternuntse,
3222 3387 3348 3454 curn
3374 3401 3507 3471 ipsis
3530 3400 3784 3471 psalmis.

2195 3511 2332 3563 quos
2362 3491 2621 3546 sacerdos
2646 3493 2762 3561 jam
2796 3489 2920 3543 alba
2954 3497 3009 3542 et
3035 3489 3173 3542 stola
3200 3491 3397 3542 exutus
3444 3489 3661 3543 claudit
3688 3489 3788 3541 hac

2193 3583 2424 3636 collecta
2455 3601 2465 3634 :
2501 3583 2723 3637 Absolve
2752 3582 2984 3633 Domine
3004 3583 3275 3643 animam,
3307 3578 3630 3648 ubicunq’Ue
3660 3585 3788 3632 tunc

2192 3665 2507 3742 prostratus
2535 3669 2793 3740 jacuerit.
2840 3669 2990 3733 Quos
3029 3669 3198 3722 etiam
3242 3668 3450 3722 infirmi
3489 3669 3788 3740 incipiente

2193 3765 2468 3812 conventu
2494 3756 2758 3809 inchoant
2788 3769 2852 3807 ac
2878 3751 3142 3826 prostrati
3173 3756 3630 3825 cantant.Sig'na,
3667 3763 3786 3825 qua)

2192 3848 2517 3901 defunctum
2549 3843 2827 3899 ell'erendo
2856 3845 3046 3898 statim
3096 3845 3308 3915 pulsa-ri
3344 3849 3476 3898 sunt
3503 3845 3782 3898 inchoata.

2196 3933 2306 3990 non
2332 3937 2488 4006 prius
2517 3935 2875 3999 omittuntur,
2903 3949 3072 4004 quam
3103 3930 3373 3987 feretrum
3403 3926 3573 4004 super
3601 3934 3786 4004 sepul-

2199 4022 2395 4079 chrum
2435 4024 2677 4095 ponitur.
2726 4024 3013 4076 Feretrum
3045 4039 3171 4076 mox
3204 4028 3328 4093 post
3375 4024 3725 4094 sepulturam
3756 4039 3786 4075 a

2197 4115 2424 4168 famulis
2453 4112 2746 4166 inﬁrmarii
2776 4113 2833 4165 in
2858 4112 3176 4182 praedictam
3209 4112 3498 4166 aediculam
3543 4115 3786 4185 reporta-

2198 4208 2310 4267 tur,
2344 4207 2407 4256 ut
2432 4203 2545 4255 illic
2570 4202 2800 4271 jugiter,
2854 4217 2981 4253 cum
3025 4215 3164 4271 opus
3204 4201 3396 4266 fuerit,
3449 4189 3782 4256 inveniatur.

2271 4295 2434 4362 (rain)
2460 4290 2587 4362 Ipso
2601 4291 2690 4344 die
2721 4301 2829 4360 quo
2861 4290 3156 4344 defunctus
3168 4291 3454 4360 sepelitur,
3481 4291 3628 4344 sibis
3644 4303 3788 4344 com-

2201 4383 2404 4446 editur,
2423 4380 2693 4451 quidquid
2721 4380 2785 4432 ad
2813 4394 3028 4432 coenam
3058 4379 3218 4449 panis
3251 4380 3332 4432 vel
3377 4384 3542 4449 potus
3567 4392 3789 4433 reman-

2198 4472 2352 4536 serit,
2386 4469 2454 4524 ad
2487 4454 2900 4539 eleemosynam
2945 4483 3043 4538 pro
3074 4485 3138 4521 eo
3173 4469 3366 4536 datur;
3402 4469 3446 4521 si
3481 4469 3674 4534 semel,
3722 4465 3786 4519 ad

2199 4560 2518 4631 prandium.
2550 4557 2767 4626 Singuli
2793 4558 3109 4610 sacerdotes
3132 4566 3248 4610 tres
3279 4558 3495 4620 missas,
3525 4571 3650 4612 cum
3684 4553 3786 4627 pri-

2199 4663 2352 4702 mum
2374 4647 2678 4718 potuerint,
2712 4645 3094 4716 undsquisque
3125 4647 3218 4716 qui
3247 4641 3351 4698 scit
3376 4647 3622 4716 psalmos
3642 4647 3787 4699 sesa-

2199 4737 2375 4807 ginta.
2397 4737 2490 4806 qui
2507 4735 2758 4788 illiterati
2779 4735 2987 4787 totiens
3008 4735 3318 4788 orationem
3333 4736 3679 4789 Dominicam
3694 4745 3785 4803 pro

2199 4844 2266 4880 eo
2297 4824 2891 4893 cantant.lnsequenti
2917 4824 3006 4876 die
3035 4823 3331 4877 inchoatur
3360 4813 3414 4877 et
3445 4815 3786 4895 septenariIis

2201 4918 2322 4987 ejus
2354 4923 2408 4971 et
2429 4915 2778 4969 tricenarius.
2811 4913 3173 4983 Septenarius
3199 4915 3296 4979 ita,
3328 4918 3392 4966 ut
3425 4922 3527 4983 'per
3578 4902 3782 4984 septem

2203 5005 2319 5060 dies
2351 4996 2591 5059 officium
2619 5013 2676 5057 et
2701 5003 2871 5056 missa
2893 5009 3150 5056 cantetur
3174 4991 3275 5073 pro
3307 5019 3370 5056 eo
3399 5004 3784 5072 generalitera

2198 5078 2474 5148 conventu
2509 5110 2518 5142 :
2553 5093 2887 5147 tricenarius
2913 5109 3039 5145 vero
3071 5092 3168 5156 ita,
3198 5097 3262 5145 'ut
3291 5107 3390 5162 per
3413 5093 3645 5163 triginta
3675 5091 3784 5144 dies

2202 5181 2366 5236 detur
2396 5183 2465 5236 ad
2489 5167 2900 5251 eleemosynam
2944 5182 3064 5249 ejus
3105 5181 3404 5251 praebenda
3441 5182 3698 5252 pleniter,
3733 5183 3785 5230 et

2201 5274 2449 5342 psalmus
2473 5273 2591 5324 l’oce
2617 5288 2738 5324 mea
2767 5270 2888 5340 (qui
2917 5276 3109 5322 tamen
3135 5257 3277 5322 solet
3305 5269 3374 5322 ad
3404 5287 3596 5324 omnes
3625 5271 3782 5323 horas

2201 5362 2308 5414 dici
2339 5368 2524 5432 pro'eo
2546 5375 2577 5422 ε)
2611 5366 2745 5413 tunc
2775 5359 2994 5412 dicatur
3024 5364 3080 5411 et
3122 5361 3283 5411 Verba
3315 5375 3453 5422 mea,
3485 5363 3540 5412 et
3564 5359 3785 5430 triginta

2201 5468 2299 5520 pro
2328 5468 2391 5504 eo
2422 5452 2621 5502 missas
2665 5449 2972 5502 cantandas
3016 5465 3114 5501 sex
3159 5442 3561 5512 sacerdotibus,
3608 5448 3785 5501 admo-

2200 5546 2366 5593 nente
2383 5540 2645 5600 armario,
2668 5539 2818 5608 prior
2836 5537 3106 5607 injungit.
3130 5536 3196 5590 In
3223 5553 3332 5608 quo
3357 5538 3654 5591 tricenario
3676 5535 3783 5606 phl-

2195 5619 2285 5682 res
2296 5628 2498 5682 fratres
2510 5626 2755 5680 defuncti
2769 5631 2877 5679 non
2897 5615 3582 5695 comprehendanturmisi
3599 5613 3782 5678 eodem
