3934 6362
199 336 333 407 liii

1239 348 1659 407 cons-mm;
1699 348 2057 410 HIRSAUG;
2085 384 2144 395 --
2183 352 2339 408 ΠῙΒ..
2363 351 2440 409 ΙΙ.

3334 353 3475 413 PM?

192 475 287 530 die
325 474 587 530 obierint.
621 474 895 531 Sacerdbs
930 474 1140 543 autem;
1170 490 1296 529 eum
1330 476 1583 546 quintam
1612 475 1855 533 unus-A
1876 475 2075 530 tabula
2094 475 2196 530 tali
2239 476 2419 530 modo
2442 492 2559 546 quo
2594 476 2679 531 adi
2707 476 3007 533 obeuntem
3046 481 3261 548 menti
3304 482 3466 547 solet,

191 564 435 636 quisque
460 565 692 631 ﬁnierit,
727 565 925 620 eadem
952 565 1042 620 die
1076 565 1131 619 in
1163 566 1407 637 capitulo
1439 566 1784 635 pronuntiat,

189 658 259 709 ut
284 654 344 708 in
373 654 622 709 crastino
650 655 795 708 alius
818 654 1069 726 incipiat.
1095 654 1399 725 (im-.)Quod
1424 660 1487 708 et
1507 670 1607 725 pro
1636 655 1796 708 nulla

186 757 443 815 unquam
455 743 764 799 festivitate
773 743 1190 810 intermittitur,
1207 743 1453 814 exceptis
1466 759 1568 814 per
1580 759 1790 797 annum

189 848 293 888 se!
316 833 534 899 diebus,
558 834 589 859 *
605 832 935 888 Nativimtis
950 832 1196 895 Domini,
1223 831 1526 886 Dominicae
1546 847 1796 885 resurre-

189 922 415 989 ctionis,
441 924 499 976 et
525 921 644 977 illis
665 920 847 976 tribus
874 920 1089 983 diebus,
1116 921 1209 992 qui
1234 920 1661 975 resurrectionis
1689 920 1796 974 Do-

192 1012 462 1066 mi‘ni‘cam
492 1011 850 1077 antecedunt,
880 1014 940 1065 et
971 1010 1030 1063 in
1061 1010 1151 1064 die
1191 1015 1384 1063 sancto
1415 1009 1791 1063 Pentecostes.

192 1096 356 1164 Quod
376 1100 423 1153 si
451 1099 596 1154 forte
622 1099 747 1171 quis
776 1114 971 1154 eorum
994 1099 1241 1169 aliquam
1264 1115 1330 1152 ex
1355 1098 1446 1152 his
1466 1098 1792 1169 neglexerit,

194 1189 360 1243 venia
388 1188 582 1259 petita,
609 1189 865 1243 eamdem
887 1182 1124 1259 implere
1137 1187 1404 1258 jubetur:
1428 1187 1660 1258 insuper
1678 1203 1795 1257 poe-

192 1278 454 1343 nitentia,
475 1294 598 1348 quas
619 1277 793 1349 priori
819 1277 937 1331 visa
959 1277 1148 1342 fuerit,
1179 1277 1264 1331 illi
1287 1276 1623 1347 injungitur.
1642 1276 1798 1330 Post-

195 1383 365 1439 quam
391 1373 583 1421 autem
613 1366 820 1421 eadem
853 1366 1038 1420 missae
1066 1365 1358 1430 ﬁniuntur,
1383 1365 1538 1436 prior
1560 1365 1611 1418 ei
1641 1363 1799 1433 abso;-

192 1456 469 1510 iutionem
498 1455 859 1527 imprecetur,
884 1455 1033 1526 quod
1065 1455 1237 1508 etiam
1269 1454 1403 1508 fecit
1432 1454 1696 1507 similiter
1725 1454 1795 1507 ad

194 1544 504 1616 capitulum
521 1544 847 1615 priusquam
863 1543 1215 1613 sepeliretur.
1231 1544 1294 1597 In
1312 1543 1592 1615 praedictis
1604 1547 1796 1597 autem

1881 563 2196 633 percutitur
2222 563 2289 627 (si
2318 564 2744 619 tamensfratrm
2769 566 2831 620 in
2870 566 3059 637 aliquo
3086 568 3473 638 [indicto-oi»

1878 652 2009 706 dine
2055 653 2128 707 ad
2157 668 2405 723 praesens
2431 670 2545 709 non
2574 658 2711 708 sunt
2735 655 3014 725 σοβαραὶ)
3041 673 3053 708 :
3088 661 3147 711 et
3169 663 3473 715 conventus

1876 758 2003 796 cum
2030 747 2189 796 tanta
2220 742 2350 796 illuc
2378 743 2739 798 festinatione
2776 744 2970 810 currit,
3003 751 3227 815 quanta
3245 745 3476 803 ﬂostinat

1877 830 1957 885 ad:
1968 831 2300 886 morientem
2334 832 2586 886 canendo
2602 832 2859 887 videlicet
2875 832 3195 904 symbolum
3204 835 3355 891 ﬁdei.
3372 836 3476 891 Ve-

1876 936 2004 974 rum
2029 920 2077 974 si
2121 920 2313 975 obitus
2338 922 2458 990 ejus
2487 921 2646 992 prius
2674 922 2731 976 in
2774 923 3022 993 capitulo
3050 925 3471 994 ponentium;

1876 1014 2007 1080 post
2024 1009 2332 1080 capitulum
2359 1026 2471 1063 non
2500 1010 2833 1080 percutitur,
2855 1012 2963 1065 sed.
2980 1017 3292 1068 conventus
3309 1014 3474 1085 βῶσι

1876 1098 2079 1151 tentim
2107 1097 2391 1165 incedens,
2432 1114 2692 1169 vesperos
2728 1099 3121 1155 defuncturum
3147 1106 3360 1157 cantat.
3392 1105 3474 1158 Bc

1878 1191 2078 1241 caetero
2103 1186 2286 1241 eidem
2316 1204 2416 1258 per
2443 1189 2635 1243 omnia
2669 1188 2818 1243 sicut
2839 1189 3475 1260 prafatodotuncto'est

1878 1274 2180 1345 agendum.

2463 1366 2697 1421 CAPUT
2737 1366 2901 1421 DXX.

2080 1454 2157 1507 De
2184 1455 2413 1516 duobus,
2446 1458 2528 1508 vel
2559 1457 2739 1509 tribus
2765 1458 2907 1523 forte
2923 1458 3267 1526 sepeliendis.

1948 1543 1971 1564 '
2006 1542 2064 1597 Si
2098 1542 2401 1613 aliquando
2440 1543 2705 1608 evenerit,
2750 1549 2813 1599 ut
2848 1545 2960 1599 duo
2989 1547 3075 1599 vel
3111 1551 3230 1601 tres
3265 1546 3472 1604 fratres

195 1640 252 1689 et
279 1634 338 1688 in
367 1634 495 1687 aliis
525 1634 685 1688 fastis
704 1630 1102 1704 principalibus
1125 1632 1368 1686 ofﬁcium
1395 1631 1793 1686 Defunctorum
1876 1631 2046 1686 simul
2074 1632 2189 1685 sint
2212 1632 2539 1703 sepeliendi,
2571 1638 2661 1688 tot
2683 1633 2991 1701 thuribuia,
3015 1637 3100 1688 tot
3127 1651 3319 1691 cruces
3343 1650 3472 1692 cum

194 1739 317 1778 non.
337 1723 549 1794 agitur,
572 1722 678 1776 nisi
707 1738 908 1793 corpus
933 1721 991 1775 in
1017 1722 1276 1793 praesenti
1300 1721 1591 1775 habeatur.
1620 1722 1790 1792 (van)
1815 1793 1845 1797 Δγ
1874 1721 2244 1785 candelabris,
2266 1722 2612 1791 totidemque
2631 1723 2949 1777 sacerdotes
2964 1724 3322 1791 adhibentur,
3337 1731 3477 1797 quot

193 1793 547 1867 Vestimenta
566 1813 687 1881 ejus
708 1828 741 1865 a
761 1812 1067 1865 camerario
1092 1816 1466 1875 reservantur,
1485 1816 1551 1864 ut
1569 1812 1793 1864 cuicun-
1812 1793 1867 1853 Βτ
1877 1816 2012 1864 sunt
2037 1810 2305 1864 defuncti.
2335 1811 2410 1865 Ex
2441 1811 2644 1882 quibus
2674 1818 2866 1866 tamen
2887 1813 3150 1867 sacerdos
3173 1793 3477 1868 hebdoma-

196 1918 306 1975 que
329 1902 492 1956 fratri
520 1918 661 1973 opus
689 1902 876 1967 fuerit,
902 1901 1242 1956 tribuantur.
1277 1901 1549 1965 Quotiens
1577 1899 1793 1954 venerit

194 1991 613 2046 anniversarius
633 1992 773 2061 ejus,
794 1992 879 2045 vel
902 1991 1072 2045 etiam
1096 1990 1537 2061 uniuscujusque
1557 1989 1792 2060 professi

193 2081 397 2141 nostri.
430 2080 639 2135 iterum
669 2074 966 2151 praebenda
995 2096 1098 2134 sua
1127 2079 1354 2134 dabitur
1381 2079 1452 2132 ad
1483 2079 1793 2150 eleemosy-

192 2186 347 2224 nam.
364 2170 702 2235 Missa'vero,
722 2185 845 2240 quae
864 2169 1002 2223 item
1025 2169 1303 2223 cantanda
1326 2174 1413 2222 est
1432 2185 1531 2239 pro
1551 2168 1666 2227 illo.
1690 2167 1796 2221 ali-

196 2259 422 2331 quando
439 2259 626 2330 aliqua
645 2259 981 2314 necessitate
1001 2256 1325 2329 impeditur,
1349 2258 1445 2312 sed
1467 2272 1593 2311 cum
1618 2256 1798 2328 proxi-

196 2364 288 2403 me
313 2353 701 2419 Opportunum
723 2347 895 2403 fuerit.
922 2354 1296 2402 restauratur.

747 2438 983 2492 CAPUT
1020 2438 1216 2493 LXVII
1233 2482 1245 2493 .

236 2527 312 2581 De
338 2542 416 2590 eo,
450 2529 552 2594 qui
579 2528 642 2579 in
672 2528 866 2595 aliqua
895 2528 1163 2579 cellarum
1188 2530 1511 2578 nostrarum
1541 2526 1757 2578 abierit.

218 2684 230 2692 _
265 2614 643 2686 (Un.)Frater,
664 2615 760 2686 qui
779 2614 849 2668 ad
871 2613 1117 2685 aliquam
1141 2613 1341 2667 cellam
1362 2619 1630 2675 nostram,
1659 2627 1797 2683 qua-

198 2716 420 2774 cunque
467 2719 534 2757 ex
579 2719 748 2757 causa
790 2702 1013 2769 missus,
1067 2702 1143 2757 ibi
1190 2703 1412 2767 obierit,
1446 2701 1523 2755 ibi
1573 2718 1795 2773 quoque

198 2791 428 2847 habebit
471 2793 709 2863 triginta
752 2793 972 2859 missas,
1024 2793 1329 2846 dummodo
1372 2792 1689 2848 sacerdotes
1736 2792 1796 2846 in

199 2882 318 2936 loco
358 2882 495 2948 sint,
528 2888 594 2936 ut
620 2883 725 2936 hoc
758 2881 878 2937 fieri
910 2882 1103 2952 possit,
1136 2887 1193 2935 et
1219 2886 1437 2942 caetera,
1474 2897 1596 2952 qum
1625 2897 1797 2951 supra

201 2971 466 3037 memini;
498 2971 668 3042 (ναν.)
690 2971 777 3025 sin
807 2976 996 3025 autem
1024 2971 1172 3042 apud
1205 2986 1317 3024 non
1338 2971 1542 3040 agitur.
1569 2971 1638 3024 Et
1667 2986 1796 3023 cum

199 3060 491 3114 advenerit
508 3059 692 3114 brevis
713 3062 835 3131 ejus
854 3060 1238 3130 depositionis,
1259 3060 1447 3129 agitur
1469 3075 1568 3130 pro
1588 3075 1653 3113 eo
1670 3057 1794 3112 ofﬁ-

1879 1898 2073 1952 darius
2101 1900 2376 1961 collectas,
2408 1916 2532 1970 quia
2574 1900 2632 1956 in
2676 1901 2889 1972 capella
2919 1902 2975 1955 8.
3007 1902 3197 1957 Mariis
3226 1908 3362 1957 sunt
3386 1904 3476 1958 di-

1880 1987 2085 2052 cendae,
2106 1989 2260 2049 dicit,
2283 1994 2342 2042 et
2364 1990 2560 2052 altare,
2583 1989 2847 2060 ipsosque
2867 1990 3163 2044 defunctos
3180 1991 3473 2047 incensare

1877 2076 2059 2131 debet.
2093 2077 2200 2141 Qui
2231 2077 2401 2131 etiam
2458 2078 2529 2131 ad
2587 2079 2934 2149 sepulturam
2993 2082 3127 2134 sunt
3160 2080 3468 2139 deferendi.

1877 2166 2183 2219 secundum
2212 2172 2436 2237 tempus
2464 2166 2649 2221 obitus
2677 2167 2765 2221 sui
2790 2186 2811 2234 ;Δ
2854 2184 2923 2222 eo
2950 2167 3214 2222 videlicet
3252 2169 3469 2237 ordine,

1877 2259 1943 2308 ut
1970 2255 2066 2325 qui
2098 2255 2254 2314 prius
2294 2255 2452 2317 obiit,
2484 2256 2719 2310 ultimus
2763 2257 2822 2310 in
2862 2257 3229 2328 processione-
3257 2257 3350 2325 sit,
3382 2275 3473 2314 se»-

1880 2350 2087 2415 quente
2141 2344 2578 2399 hebdomadario
2621 2346 2933 2409 sacerdote,
2982 2347 3300 2418 eidemque,
3348 2363 3474 2418 quin

1879 2441 2013 2488 sunt
2053 2434 2140 2487 sui
2169 2434 2337 2488 oﬂicii
2378 2434 2673 2489 exhibente
2703 2454 2716 2502 ;
2756 2436 2988 2506 reliquis
3025 2440 3218 2491 autem
3254 2436 3474 2492 duobus

1878 2522 2048 2576 simili
2076 2523 2272 2577 ordine
2304 2524 2765 2592 praecedentibus,
2815 2541 2881 2579 ac
2921 2542 3026 2596 per
3054 2525 3247 2580 omnia
3276 2526 3475 2580 eadem

1877 2612 2226 2667 facientibus.
2270 2613 2456 2667 Finita
2502 2618 2693 2669 autem
2737 2614 2969 2669 collecta
3014 2616 3377 2680 Temeritatz's,
3419 2620 3477 2670 et

1878 2701 2165 2756 sacerdote
2204 2701 2642 2757 hcbdomadario
2687 2703 2757 2757 de
2793 2703 3088 2774 sepulchro
3132 2721 3267 2760 cum
3308 2721 3474 2761 cruce

1878 2788 2207 2851 divertente,
2243 2796 2297 2844 et
2322 2796 2452 2844 ante
2481 2792 2771 2861 capellam,
2803 2808 2926 2862 quae
2951 2797 3038 2846 est
3065 2792 3125 2846 in
3155 2792 3339 2847 medio
3367 2810 3475 2848 cce-

1879 2877 2101 2931 meterii
2146 2878 2503 2944 subsistente,
2548 2885 2607 2934 et
2652 2880 2766 2946 isti,
2799 2886 2969 2951 amne
2998 2896 3144 2936 unus
3174 2898 3207 2936 a
3236 2882 3467 2950 dextris,

1878 2967 2023 3020 alter
2051 2983 2085 3020 a
2125 2968 2368 3022 sinistris
2412 2969 2749 3023 collateralis
2792 2970 3144 3025 associantur
3169 2968 3271 3037 illi,
3304 2975 3367 3025 et
3393 2971 3475 3026 ita

1878 3056 2272 3124 consistentes,
2315 3057 2492 3111 donec
2528 3057 2678 3113 idem
2709 3059 2967 3113 sacerdos
3003 3059 3313 3123 collectam,
3352 3061 3475 3114 Tibi

201 3148 346 3202 cium
370 3154 425 3203 et
451 3149 625 3202 missa
650 3120 822 3219 signis
843 3120 1103 3202 omnibus
1126 3120 1378 3218 pulsatis,
1411 3120 1554 3201 etde
1582 3148 1794 3219 reliquo
1812 3120 2127 3205 C‘Domine,
2153 3120 2282 3207 etc.',
2313 3162 2413 3217 pro
2444 3146 2656 3201 eisdem
2687 3146 2962 3201 defunctis
2989 3120 3366 3203 communiter
3391 3147 3475 3202 di-

201 3236 468 3308 utrinque
497 3242 555 3291 et
584 3237 680 3300 ibi,
710 3238 804 3292 ubi
834 3238 1086 3308 sepultus
1115 3242 1219 3297 est.
1244 3245 1302 3290 et
1323 3236 1471 3307 apud
1502 3254 1603 3291 nos
1631 3253 1797 3307 agen-

203 3322 307 3379 dus
326 3330 413 3380 est
431 3327 627 3380 eodem
642 3325 806 3380 modo
820 3326 1172 3397 septenarius
1190 3327 1331 3396 ejus,
1346 3325 1536 3379 addita
1552 3327 1797 3397 praeben-

203 3414 292 3481 da,
325 3419 383 3471 et
409 3416 629 3486 psalmo
661 3416 821 3469 Verba
846 3431 966 3469 mea
990 3432 1091 3485 per
1116 3415 1353 3485 triginta
1378 3412 1513 3468 dies.
1544 3417 1569 3440 *
1600 3416 1668 3469 Et
1692 3432 1794 3469 an-

204 3503 545 3557 niversarius
563 3504 683 3573 ejus
712 3502 944 3574 insuper
958 3503 1019 3556 in
1039 3503 1234 3572 regula
1255 3503 1405 3557 inter
1425 3504 1564 3557 alios
1593 3503 1795 3559 fratres

202 3598 422 3646 nostros
453 3591 734 3646 scribitur.

740 3699 974 3754 CAPUT
1010 3698 1258 3754 LXVIII.

203 3788 351 3855 Quid
386 3792 488 3857 ﬁat
509 3804 614 3858 pro
642 3805 717 3855 eo,
750 3793 849 3856 qui
871 3791 1022 3856 apud
1051 3805 1165 3845 nos.
1195 3793 1399 3842 nostris
1431 3790 1489 3841 in
1514 3791 1682 3849 cellis,
1714 3792 1793 3843 rel

801 3863 943 3915 alibi
966 3862 1178 3914 abierit.

274 3951 407 4019 (συ.)
424 3949 569 4013 Quid
590 3950 690 4003 ﬁat
705 3949 761 4002 in
789 3946 943 4003 cellis
969 3949 1176 4003 nostris
1199 3965 1298 4019 pro
1321 3948 1566 4019 quolibet
1597 3948 1788 4015 fratre,

199 4039 294 4109 qui
318 4039 469 4110 apud
497 4054 600 4092 nos
635 4040 725 4092 vel
757 4038 891 4092 alibi
933 4038 1153 4103 obierit,
1188 4055 1298 4092 non
1342 4038 1505 4091 facile
1530 4037 1785 4101 dixerim,

198 4127 306 4181 nisi
336 4128 561 4198 quando
592 4126 773 4181 brevis
799 4128 932 4183 illuc
952 4127 1188 4195 venerit,
1212 4128 1406 4197 agitur
1434 4128 1701 4191 officium,
1738 4134 1795 4182 et

199 4218 520 4289 quicunque
547 4217 806 4271 sacerdos
836 4222 941 4281 est,
972 4222 1165 4271 cantat
1192 4222 1308 4271 tres
1338 4217 1541 4271 missas
1564 4233 1663 4288 pro
1702 4233 1787 4281 eo,

1878 3232 1972 3297 cit,
2002 3233 2097 3303 qui
2126 3236 2183 3287 et
2210 3234 2360 3288 illam
2392 3249 2404 3283 :
2436 3239 2593 3297 Deus,
2619 3240 2780 3304 cujus
2807 3239 3203 3301 miserationis,
3226 3248 3329 3309 pro
3357 3250 3475 3292 om-

1878 3321 2044 3376 nibus
2072 3321 2163 3375 hic
2193 3322 2427 3394 sepultis
2458 3324 2599 3378 ﬁnit.
3470 3328 3483 3345 ‘

2444 3413 2679 3468 CAPUT
2716 3414 2908 3469 LXXI.

2183 3501 2254 3554 De
2280 3502 2468 3555 abbate
2494 3504 2562 3554 ab
2593 3503 2695 3557 hac
2721 3508 2843 3557 vita
2866 3508 3169 3572 migrante.

1952 3594 2083 3657 (ευ.)
2108 3591 2288 3661 Super
2316 3591 2433 3645 haec
2458 3592 2651 3645 omnia
2678 3592 2884 3647 domno
2913 3593 3102 3648 abbati
3126 3611 3193 3649 es
3220 3596 3327 3650 hac
3354 3597 3471 3652 vita

1878 3674 2170 3734 decedenti
2198 3681 2309 3734 ista
2332 3686 2465 3734 sunt
2493 3682 2728 3750 agenda,
2760 3683 2959 3736 tandiu
2988 3683 3466 3752 inhumatuserit,

1876 3785 2055 3839 usque
2084 3771 2217 3824 dum
2266 3771 2467 3824 fratres
2503 3776 2706 3824 nostra:
2737 3772 3189 3841 congregationis
3218 3774 3470 3845 undique

1876 3858 1945 3911 de
1962 3860 2328 3913 .monasteriis
2357 3865 2414 3914 et
2441 3859 2594 3913 cellis
2617 3860 2913 3914 convenire
2937 3861 3174 3930 possint.
3195 3862 3470 3917 Tumulus

1877 3948 1997 4016 ejus
2029 3948 2085 4001 in
2117 3950 2256 4015 loco,
2292 3966 2456 4019 quem
2499 3949 2702 4003 merita
2747 3950 2869 4018 ejus
2917 3949 3147 4019 exigunt
3193 3952 3471 4017 (ornatius

1875 4041 2064 4090 tamen
2097 4054 2262 4108 quam
2295 4039 2552 4103 aliorum)
2573 4048 2658 4091 est
2678 4038 2978 4109 parandus.
3017 4046 3176 4101 (ναν.)
3208 4040 3273 4094 In
3304 4055 3473 4111 quem

1878 4126 2241 4196 deponendus
2266 4128 2504 4181 vestitur
2532 4127 2792 4181 omnibus
2830 4128 3269 4183 sacerdotalibus
3299 4129 3473 4185 vesti-

1875 4216 2099 4269 mentis.
2126 4217 2381 4280 Quatuor
2402 4217 2620 4283 fratres,
2648 4217 2742 4287 qui
2771 4222 3001 4270 cantant
3021 4233 3215 4272 versus
3242 4218 3471 4273 illorum

198 4312 253 4359 et
283 4306 378 4376 qui
432 4322 546 4360 non
592 4310 677 4360 est
704 4308 983 4372 sacerdos,
1016 4312 1239 4359 centum
1279 4308 1335 4359 et.
1380 4305 1850 4378 quinquaginta“
1871 4304 2044 4359 trium
2092 4308 2595 4377 responsoriorum,
2640 4306 2823 4360 induti
2843 4311 2975 4362 sunt
2993 4307 3209 4378 cappis,
3238 4317 3297 4362 et
3331 4322 3471 4378 qua-

198 4362 464 4468 psalmos,
483 4401 583 4450 aut
597 4397 802 4450 totiens
817 4362 1160 4450 Domi'nicam
1178 4362 1509 4449 orationem.
1529 4362 1854 4463 ίυῡῒΠίι-Ῑ)
1876 4400 2027 4462 tuor,
2057 4396 2151 4465 qui
2178 4362 2405 4466 portant
2432 4413 2559 4450 eum
2586 4362 2664 4451 ad
2696 4398 3000 4455 tumulum.
3051 4362 3209 4451 albis.
3248 4399 3270 4423 '
3299 4362 3472 4469 Virga

198 4498 327 4539 men
366 4500 497 4539 rara
540 4490 672 4540 sunt
715 4487 837 4539 loca
877 4486 993 4549 illa,
1024 4486 1085 4539 in
1114 4484 1315 4555 quibus
1354 4484 1653 4556 praabenda
1681 4500 1794 4538 non
1878 4484 2173 4553 pastoralis
2192 4490 2411 4539 tantum
2436 4486 2507 4539 ad
2530 4487 2651 4556 ejus
2675 4486 2935 4541 dextrum
2957 4487 3107 4540 latus
3124 4487 3467 4558 applicatur;

197 4574 367 4629 detur
393 4590 499 4646 pro
524 4590 608 4629 eo.
635 4577 657 4599 "
678 4576 821 4629 Nam
849 4580 906 4629 et
932 4575 991 4628 in
1015 4574 1351 4646 quibusdam
1380 4574 1548 4628 datur
1576 4579 1790 4643 septem
1877 4573 1973 4626 sed
1990 4574 2131 4626 calix
2153 4574 2207 4627 in
2234 4590 2461 4629 menum
2483 4591 2594 4629 non
2615 4576 2799 4629 datur.
2826 4576 2932 4629 Per
2951 4590 3163 4630 annum
3184 4576 3469 4647 integrum

198 4661 426 4729 diebus,
449 4663 513 4717 in-
535 4658 866 4734 quibusdam
898 4663 1069 4717 etiam
1102 4663 1357 4732 triginta,
1391 4669 1449 4716 et
1483 4677 1706 4731 semper
1734 4662 1791 4715 in
1877 4660 2050 4716 datur
2073 4664 2139 4715 ad
2167 4664 2579 4735 eleemosynam
2603 4666 2723 4734 ejus
2754 4665 3069 4735 praebenda,
3091 4668 3229 4729 (υο.)
3248 4681 3364 4719 non
3381 4678 3468 4719 so-

198 4752 581 4807 anniversario
600 4754 721 4823 ejus
736 4759 792 4807 et
805 4759 1005 4807 caetera
1022 4769 1193 4823 supra
1211 4752 1358 4807 dicta
1376 4768 1478 4822 pro
1500 4751 1795 4821 eoagenda

197 4846 348 4907 sunt,
373 4847 429 4895 et
458 4843 517 4896 in
546 4842 955 4913 martyrologio-
968 4842 1275 4895 notandum
1296 4847 1398 4895 est.
1417 4843 1447 4866 ’ν
1467 4842 1583 4894 Hoc
1610 4846 1795 4894 totum

198 4929 528 5001 dispositum
551 4936 655 4997 est,
672 4937 729 4984 et
750 4931 1070 4984 ordinatum
1095 4946 1195 5000 per
1214 4930 1483 4983 domnum
1506 4929 1789 4996 abbatem,

200 5020 331 5086 ten.)
351 5018 663 5073 secundum
688 5019 839 5090 quod
860 5019 980 5090 ipse
1001 5018 1260 5089 cognovit
1285 5016 1714 5089 possibilitatem
1737 5024 1794 5073 et

200 5102 531 5162 breuitatem
554 5107 665 5162 ioci
689 5110 979 5180 cujusque.

771 5214 1007 5271 CAPUT
1040 5212 1229 5272 LXIX.

234 5304 313 5358 De
334 5320 409 5366 ea,
440 5305 542 5372 qui
566 5306 748 5358 subita
777 5311 970 5363 morte.
999 5305 1143 5373 quod
1176 5306 1335 5366 absit,
1366 5305 1565 5357 obterit
1592 5311 1757 5359 extra

829 5379 1160 5429 claustrum.

272 5469 298 5497 "'
312 5464 539 5531 Quodsi
554 5464 730 5519 nam
747 5464 955 5536 aliquis
963 5465 1261 5519 sebitanea
1275 5480 1364 5517 mo
1370 5469 1461 5518 rte
1473 5480 1790 5535 percussus,

202 5554 354 5624 quod
378 5553 565 5609 absit!
591 5553 678 5607 vel
702 5553 899 5624 aliqua
919 5553 1082 5607 modo
1112 5553 1418 5623 negieotus‘,
1455 5558 1610 5606 extra
1639 5554 1793 5607 elan-

200 5648 388 5699 straar
409 5642 630 5711 abierit,
662 5643 739 5697 ad
774 5642 1152 5699 irai-aeriam
1187 5642 1457 5707 defertur,
1490 5641 1795 5714 statuaque

1874 4751 1991 4805 lum
2023 4753 2170 4822 apud
2200 4769 2319 4817 nos,
2349 4754 2447 4807 sed
2468 4754 2719 4807 etiamin
2746 4754 3008 4808 omnibus
3035 4754 3390 4809 monasteriis
3411 4759 3469 4808 et

1875 4840 2029 4893 cellis
2050 4841 2277 4905 nostris,
2297 4859 2420 4911 qua:
2447 4848 2504 4896 et
2533 4858 2757 4914 semper
2776 4860 2947 4914 super
2974 4856 3229 4898 mensam
3257 4843 3466 4915 primi:-

1876 4930 2057 5000 palem
2083 4931 2337 5000 ponitur;
2370 4939 2426 4985 et
2456 4930 2688 5001 triginta
2718 4933 2900 4987 missae
2919 4939 3221 4988 cantantur
3249 4932 3325 4987 ibi
3364 4949 3466 5004 pro

1875 5035 1966 5085 eo;
1998 5020 2049 5072 si
2073 5025 2262 5073 tamen
2281 5026 2415 5074 sunt
2442 5020 2780 5087 sacerdotes,
2808 5022 2903 5092 qui
2925 5022 3033 5075 hoc
3059 5022 3345 5093 potuerint
3368 5038 3464 5077 ex-

1875 5108 2028 5178 plere
2075 5106 2241 5179 (van)
2264 5109 2395 5178 Ejus
2424 5124 2645 5180 quoque
2670 5110 3107 5171 anniversarias,
3129 5112 3299 5165 etiam
3329 5110 3376 5165 si
3408 5110 3468 5164 in

1874 5201 2125 5268 tempore
2139 5198 2384 5269 byemali
2404 5205 2529 5270 post
2545 5198 2839 5252 duodecim
2854 5199 3121 5253 lectiones
3137 5200 3462 5265 occurrerit,

1876 5287 1980 5340 hoc
2005 5288 2169 5341 modo
2197 5286 2403 5357 agitur.
2445 5288 2635 5342 Primo
2663 5293 2728 5341 ut
2755 5289 2944 5342 omnia
2973 5288 3134 5359 signa
3172 5290 3470 5360 pulsentur

1875 5376 2145 5446 prolixius
2172 5376 2243 5430 ad
2273 5392 2561 5447 vesperam
2590 5393 2690 5448 pro
2720 5377 3013 5437 defunctis.
3050 5378 3145 5447 qui
3173 5384 3230 5431 et
3258 5392 3326 5432 ea
3346 5378 3467 5433 vice

1877 5470 2178 5517 cantantur
2205 5464 2263 5517 in
2294 5465 2483 5530 choro,
2508 5464 2834 5535 priusquam
2864 5467 3147 5535 processio
3175 5466 3275 5519 ﬁat
3302 5466 3373 5520 ad
3403 5466 3465 5521 S.

1877 5553 2131 5607 Mariam.
2157 5556 2180 5578 *
2204 5553 2363 5616 Quod
2383 5559 2573 5607 tamen
2602 5554 2658 5607 in
2679 5560 2872 5608 aestate
2902 5570 3014 5608 non
3034 5560 3120 5608 est
3140 5555 3420 5625 agendum
3450 5574 3461 5609 :

1877 5658 2011 5696 nam
2030 5647 2164 5698 tunc
2178 5642 2271 5713 huj
2281 5641 2499 5697 usmodi
2517 5642 2931 5699 anniversarius
2954 5649 3082 5715 post
3100 5644 3305 5700 festum
3331 5644 3469 5701 duo-
