3934 6376
464 351 600 411 1143

467 570 981 636 ditferendus.(un.)
1000 565 1143 621 Item
1165 567 1234 620 ad
1262 566 1503 621 ofﬁcium
1525 573 1581 622 et
1599 569 1851 627 missam,
1872 584 1995 638 quae
2014 571 2070 619 et

467 658 683 722 festive,
720 673 823 710 nec
863 655 1074 726 absque
1101 660 1289 709 tractu
1328 656 1603 710 cantando
1646 656 1981 722 celebratur,
2014 661 2072 710 et

468 746 838 800 nihilominus
865 744 1055 798 omnia
1082 744 1240 813 signa
1264 744 1574 814 pulsantur.

541 834 981 903 ‘Unusquisque
1019 833 1282 886 sacerdos
1322 838 1514 887 cantat
1554 833 1782 888 missam
1830 848 1932 904 pro
1975 849 2063 897 eo,

473 922 571 977 alii
601 927 811 993 septem
843 921 1106 992 psalmos.
1139 921 1225 973 vel
1269 920 1365 991 qui
1395 922 1640 992 psalmos
1668 922 1942 984 nesciunt,
1979 926 2069 974 to-

470 1010 623 1064 tiens
639 1009 981 1063 Dominicam
1002 1008 1328 1064 orationem.
1350 1020 1465 1069 (UD.
1490 1007 1772 1079 rar.)Ipso
1793 1008 1882 1061 die
1903 1008 2071 1063 habe-

474 1096 617 1152 bunt
642 1098 845 1151 fratres
874 1098 932 1151 in
963 1097 1256 1151 refectorio
1281 1098 1643 1163 charitatem;
1679 1104 1906 1167 excepto
1934 1098 1980 1151 si
2010 1098 2066 1150 in

476 1186 920 1255 Quadragesima
965 1187 1022 1239 in
1074 1186 1213 1239 feria
1243 1187 1507 1249 secunda,
1550 1195 1754 1256 quarta
1792 1186 1876 1239 vel
1915 1192 2072 1240 sexta

476 1276 747 1343 occurrit;
771 1282 905 1329 tunc
928 1274 1254 1344 hujusmodi
1278 1275 1547 1345 pietantia
1568 1292 1744 1345 usque
1766 1275 1820 1328 in
1839 1291 2073 1345 sequen-

473 1370 590 1418 tem
621 1365 769 1418 diem
799 1364 1074 1418 dillertur.
1109 1366 1131 1387 ⁶
1158 1364 1443 1434 Pauperes
1489 1364 1657 1417 etiam
1688 1363 1979 1417 duodecim
2012 1365 2069 1417 in

475 1453 741 1524 hospitali
782 1453 1133 1517 reﬁciuntur,
1166 1469 1278 1506 non
1326 1453 1504 1505 solum
1536 1469 1680 1522 pane
1708 1458 1765 1505 et
1793 1453 1939 1518 vino,
1972 1452 2070 1507 sed

436 1582 441 1587 .
476 1542 648 1598 etiam
674 1556 875 1595 carne:
901 1541 1041 1594 alias
1066 1540 1389 1611 providetur
1412 1540 1515 1608 eis,
1548 1540 1697 1611 quod
1717 1540 2070 1594 tantumdem

475 1632 642 1685 valet.
677 1633 810 1701 (un).
844 1631 974 1683 Haec
1013 1634 1200 1683 autem
1234 1645 1543 1700 pauperum
1573 1630 1845 1683 recreatio
1884 1629 2072 1699 agitur

1494 352 1552 405 S.
1585 349 1976 405 GUILLELMI
2014 348 2318 403 ABBATIS
2358 346 2698 403 HIRSAUG.

470 481 654 537 decim
683 478 987 534 lectionum
1017 493 1304 542 occurens,
1335 477 1394 531 in
1432 484 1760 549 sequentem
1801 478 1948 532 diem
1980 476 2128 535 estA

3616 340 3759 399 1144

2702 470 2935 528 CAPUT
2973 469 3188 525 LXXV.

2152 567 2223 619 De
2250 582 2326 626 eo,
2369 567 2470 633 qui
2495 564 2832 632 sepeliendus
2864 565 2958 621 est,
2993 559 3215 628 quando
3251 560 3447 614 radere
3473 558 3763 611 debemus.

2226 657 2362 722 tun.)
2388 655 2527 707 Item
2551 652 2647 722 qui
2672 648 3026 721 sepeliendus
3047 653 3133 701 est
3153 664 3217 701 eo
3233 647 3343 710 die,
3358 662 3469 717 quo
3481 662 3597 699 non
3614 645 3771 698 bene

2151 759 2450 814 possumus
2478 748 2700 796 mutare
2728 754 3008 804 rasuram,
3052 742 3179 808 post
3219 735 3526 806 capitulum
3555 734 3770 788 statim

2151 848 2417 903 percussa
2440 830 2634 885 tabula
2663 828 2963 899 sepelitur;
2997 825 3131 897 quia
3172 825 3441 895 quamdiu
3475 829 3564 877 est
3605 822 3773 876 inse-

2150 921 2363 992 pultus,
2389 936 2502 973 non
2532 919 2660 972 licet
2680 918 2736 970 in
2761 918 3006 969 claustro
3027 914 3113 968 vel
3132 913 3306 984 loqui,
3329 913 3415 967 vel
3443 911 3601 967 aliud
3629 910 3774 981 quid

2150 1010 2351 1072 facere,
2406 1009 2514 1063 nisi
2558 1017 2779 1061 tantum
2832 1004 3063 1075 psalmis
3102 1020 3299 1057 vacare
3345 1003 3415 1056 ad
3466 1000 3771 1071 exequias.

2154 1100 2317 1153 Solus
2346 1097 2624 1151 armat-ius
2662 1102 2884 1149 tantum
2932 1093 3178 1147 defuncti
3227 1108 3432 1145 nomen
3469 1089 3680 1145 scribit
3710 1089 3771 1143 in

2153 1186 2468 1241 memoriali
2520 1185 2756 1239 fratrum
2809 1188 2865 1236 et
2915 1182 3125 1246 breves,
3179 1198 3301 1251 quae
3352 1180 3563 1250 absque
3600 1195 3775 1232 mora

2154 1275 2442 1329 mittendae
2485 1279 2619 1327 sunt
2655 1289 2756 1343 pro
2807 1288 2872 1325 eo
2918 1287 3020 1341 per
3063 1270 3250 1323 cellas.
3285 1271 3306 1293 *
3347 1269 3497 1332 Quas
3525 1268 3773 1339 quidem

2150 1364 2489 1437 perscriptas
2518 1363 2667 1416 idem
2701 1359 2980 1415 armarius
3016 1358 3323 1423 celierario,
3362 1358 3459 1428 qui
3486 1374 3585 1411 eas
3622 1357 3774 1410 mis-

2152 1469 2317 1506 surus
2362 1458 2466 1516 est,
2513 1458 2644 1505 ante
2685 1451 2976 1504 cellarium
3023 1453 3342 1519 praesentat,
3383 1452 3441 1500 et
3477 1447 3524 1500 si
3562 1446 3670 1499 ille
3710 1445 3772 1499 in

2153 1546 2418 1612 promptu
2448 1557 2559 1594 non
2588 1541 2776 1602 fuerit,
2810 1538 2950 1592 inibi
2980 1538 3038 1592 in
3064 1538 3247 1591 locum
3281 1537 3349 1590 ad
3382 1536 3487 1590 hoc
3514 1536 3771 1605 deputa-

2152 1637 2271 1685 tum
2300 1646 2395 1683 eas
2422 1629 2663 1699 reponit.
2685 1629 2817 1692 Qum
2842 1628 2974 1699 quia
2997 1644 3061 1680 ex
3084 1626 3315 1696 antiqua
3336 1627 3566 1680 Patrum
3590 1624 3771 1678 insti-

476 1724 699 1773 tantum
746 1718 807 1771 in
856 1724 1178 1772 nostrorum
1223 1717 1489 1771 abbatum
1521 1717 1924 1784 anniversario,
1962 1717 2070 1771 nisi
2153 1719 2394 1784 tutione,
2419 1718 2541 1771 sine
2570 1718 2723 1771 omni
2753 1717 3023 1770 dilatione
3046 1715 3369 1782 mittuntur,
3391 1731 3492 1784 per
3513 1713 3772 1767 famulos

479 1807 624 1861 forte
669 1806 954 1861 communi
997 1806 1222 1860 decreto
1266 1807 1618 1877 impensatur
1663 1806 1827 1860 alicui
1870 1792 2225 1876 magnoBad
2248 1809 2354 1861 hoc
2383 1808 2562 1860 solum
2594 1807 2893 1877 deputatos
2928 1804 3415 1859 circumferuntur.
3450 1802 3677 1869 Quibus
3707 1806 3777 1855 ut

480 1895 821 1950 benefactori
844 1901 1057 1949 nostro.
1081 1910 1218 1959 auo.)
1239 1895 1295 1949 Si
1323 1895 1547 1965 quando
1567 1895 1803 1965 alicujus
1824 1896 2077 1949 anniver—
2158 1899 2272 1952 sint
2300 1913 2523 1967 semper
2550 1896 2730 1967 parati
2763 1912 2798 1949 a
2825 1894 3135 1949 camerario
3166 1894 3494 1957 vestiuntur,
3530 1908 3565 1946 a
3592 1891 3773 1947 celle-

481 1985 662 2040 sarius
693 2001 818 2039 cum
848 1985 1090 2039 maximo
1118 1983 1232 2038 ritu
1262 1984 1513 2053 agendus
1541 1984 1802 2049 occurrit,
1836 1984 1932 2054 qui
1959 2000 2076 2037 mo-

478 2073 726 2128 nasterio
754 2073 982 2144 aliquod
1005 2073 1302 2127 donarium
1333 2073 1589 2138 contulit,
1620 2072 1753 2126 illud
1787 2089 1912 2127 cum
1945 2074 2074 2127 Pla-

479 2165 597 2218 cebo
626 2179 728 2233 pro
757 2162 953 2216 eodem
1002 2161 1285 2233 incipitur,
1321 2167 1378 2215 et
1405 2161 1519 2215 sive
1558 2161 1633 2214 sit
1670 2162 1924 2233 pallium,
1957 2160 2076 2215 sive

476 2252 626 2306 aliud
659 2251 984 2321 hujusmodi
1021 2256 1437 2315 ornamentum,
1470 2267 1571 2321 pro
1598 2251 1774 2321 ipsius
1803 2249 2076 2303 memoria

481 2340 822 2395 cernendum
848 2357 1018 2411 super
1046 2340 1223 2393 altare
1251 2339 1499 2409 ponitur,
1530 2355 1713 2409 neque
1736 2339 1866 2393 inde
1894 2338 2076 2392 aufer-

477 2435 590 2493 tur,
615 2429 793 2483 donec
811 2429 871 2483 in
889 2428 1135 2483 crastino
1152 2428 1381 2497 missam
1403 2428 1791 2482 defunctorum
1815 2428 1949 2482 item
1973 2444 2074 2498 pro

476 2534 542 2572 eo
563 2517 816 2571 canenda
843 2517 1095 2571 finiatur.

1034 2623 1268 2677 CAPUT
1304 2624 1522 2678 LXXII.

478 2715 549 2768 De
562 2713 760 2781 fratre,
776 2716 875 2781 qui
890 2716 951 2766 in
971 2714 1403 2779 Quadraqesima
1415 2714 1627 2771 obierit,
1647 2717 1695 2765 et
1715 2714 1776 2765 in
1792 2713 2073 2765 duodecim

868 2786 1188 2837 lectionibus
1217 2789 1291 2836 est
1321 2786 1677 2852 sepeliendus.

548 2873 693 2946 (UD.)
718 2873 777 2928 Si
809 2873 932 2944 quis
963 2872 1281 2938 fratruniiin
1313 2872 1754 2942 Quadragesima
1780 2872 1998 2938 obierit,
2018 2879 2074 2927 et

473 2961 533 3016 in
558 2962 662 3017 tali
707 2961 799 3015 die
839 2966 926 3015 est
968 2961 1338 3031 sepeliendus,
1381 2961 1475 3031 qui
1510 2978 1637 3014 cum
1668 2961 1960 3015 duodecim
1991 2962 2073 3014 le-

475 3050 752 3105 ctionibus
782 3050 954 3104 fuerit
981 3050 1245 3116 solennis,
1270 3066 1370 3121 pro
1398 3050 1494 3104 illo
1520 3056 1646 3120 post
1675 3051 1911 3120 primam
1948 3067 2075 3104 can-

2160 1986 2312 2039 rario
2344 2000 2475 2037 vero
2509 1984 2684 2038 victus
2711 1984 3049 2037 cottidianus
3072 1981 3239 2036 debet
3262 1980 3564 2053 provideri.

2707 2072 2942 2127 CAPUT
2979 2072 3219 2126 LXXVI.

2492 2163 2719 2231 Quando
2750 2164 2927 2215 breres
2956 2162 3236 2214 mittendae
3263 2162 3396 2213 sint.

2229 2257 2249 2277 ‘
2281 2254 2442 2318 Quali
2470 2258 2660 2306 autem
2692 2251 2888 2305 ordine
2915 2249 3238 2319 hujusmodi
3269 2248 3466 2303 breves
3485 2248 3605 2302 sint
3636 2248 3770 2302 mito

2158 2343 2361 2405 tendze,
2392 2341 2669 2395 silendum
2719 2356 2832 2394 non
2876 2345 2978 2392 est.
3016 2339 3197 2408 Igitur
3223 2354 3324 2409 per
3363 2354 3559 2391 omnes
3590 2337 3772 2391 cellas

2159 2437 2381 2485 nostras
2409 2432 2574 2500 longe
2602 2430 2687 2483 vel
2718 2445 2892 2499 prope
2922 2428 3149 2499 positas,
3182 2427 3487 2481 dummodo
3511 2443 3544 2480 a
3574 2443 3644 2480 se
3678 2426 3769 2479 in-

2159 2519 2331 2572 vicem
2359 2519 2600 2572 multum
2638 2533 2749 2570 non
2777 2517 3005 2581 distent,
3031 2515 3213 2570 brevis
3244 2532 3360 2569 una
3385 2515 3457 2569 ad
3484 2515 3771 2569 intiman-

2157 2607 2289 2661 dum
2312 2606 2505 2660 fratris
2527 2606 2739 2660 obitum
2764 2605 2988 2659 sufﬁcit.
2999 2606 3143 2659 Nam
3167 2610 3464 2675 postquam
3486 2604 3553 2657 ad
3576 2603 3773 2675 proxi-

2157 2712 2308 2749 mam
2340 2696 2664 2750 earumdem
2696 2695 2963 2748 cellarum
3009 2695 3179 2748 allata
3220 2694 3406 2759 fuerit,
3440 2694 3509 2747 de
3537 2694 3667 2748 loco
3696 2693 3770 2747 ad

2157 2786 2340 2839 locum
2373 2802 2473 2856 per
2500 2784 2716 2855 priores
2742 2784 2877 2837 inibi
2897 2788 3328 2850 commorantes,
3352 2788 3439 2837 est
3457 2783 3765 2837 mittenda.

2158 2875 2316 2938 Quod
2350 2874 2396 2927 si
2437 2891 2537 2944 per
2564 2873 2816 2927 diversas
2843 2879 3123 2927 terrarum
3152 2878 3341 2943 partes
3370 2872 3575 2926 eaedem
3610 2872 3769 2926 cella:

2158 2963 2229 3017 ab
2258 2963 2495 3017 invicem
2525 2963 2747 3032 longius
2790 2962 2999 3016 distare
3039 2967 3367 3025 noscuntur,
3398 2977 3629 3015 necesse
3660 2966 3768 3025 est,

2159 3058 2223 3106 ut
2252 3069 2285 3105 a
2312 3050 2651 3106 monasterio
2682 3050 2973 3122 principali
3020 3067 3121 3121 per
3149 3050 3399 3119 singulas
3446 3049 3769 3120 provincia-

473 3145 630 3196 tatur
676 3140 849 3204 missa
895 3110 1305 3205 defunctorum,
1359 3146 1414 3193 et
1452 3110 1576 3193 enin
1623 3110 1804 3193 tribus
1848 3110 2134 3193 tantumC
2161 3159 2285 3196 rum
2317 3142 2485 3195 cellas
2513 3110 2708 3194 breves
2733 3110 2966 3210 singulae
2996 3110 3481 3195 transmittuntur.

472 3229 749 3296 collectis;
788 3228 846 3282 id
875 3234 962 3282 est
995 3230 1345 3295 Omnipotens
1375 3232 1701 3297 sempiterne
1739 3230 1900 3282 Deus.
1932 3230 2074 3283 Deus

472 3321 643 3374 uenia
672 3320 923 3385 largitor.
946 3319 1217 3370 Fidelium
1242 3318 1399 3371 Deus.
1431 3318 1734 3387 Propterea
1762 3323 1953 3371 tamen
1975 3334 2077 3371 nec

474 3408 573 3461 illa
598 3406 772 3460 missa
817 3405 886 3459 de
933 3405 1233 3459 festivitate
1284 3411 1410 3476 post
1456 3406 1703 3465 tertiam.
1746 3423 1849 3459 nec
1879 3406 1977 3460 illa
2006 3407 2075 3460 de

468 3497 687 3568 jejunio
712 3500 841 3566 post
853 3511 1059 3548 nonam
1080 3494 1412 3549 remanebit.
1438 3495 1545 3549 Sed
1566 3495 1653 3549 sin
1678 3496 1767 3549 die
1784 3496 2076 3550 Dominica

478 3586 771 3656 sepultura
798 3585 1067 3648 evenerit,
1095 3583 1324 3637 additur
1355 3588 1413 3637 et
1441 3589 1641 3654 quarta
1666 3585 1933 3651 collecta;
1969 3587 1994 3610 *
2019 3584 2074 3638 id

474 3679 579 3739 est,
602 3674 937 3729 Sanctorum
959 3677 1203 3734 tuorum,
1230 3688 1355 3742 quae
1380 3687 1482 3725 nec
1501 3672 1641 3726 alias
1660 3678 1852 3727 tamen
1893 3689 1958 3726 eo
1980 3672 2071 3725 die

475 3762 848 3819 omitteretur.

1006 3850 1237 3904 CAPUT
1276 3848 1535 3906 LXXIII.

534 3944 603 3997 De
627 3956 703 4002 eo,
739 3942 839 4007 qui
861 3940 1198 4007 sepeliendus
1228 3943 1303 3991 est
1333 3941 1396 3991 in
1425 3939 1612 3991 diebus
1638 3943 1767 3991 ante
1796 3940 2021 3993 Pascha.

549 4029 855 4100 tun.)Item
875 4028 922 4081 si
954 4027 1078 4098 quis
1107 4026 1461 4097 sepeliendus
1489 4033 1575 4080 est
1604 4034 1735 4081 ante
1764 4045 1991 4093 nonam,
2014 4028 2073 4081 in

478 4117 730 4189 qualibet
757 4118 848 4171 die
876 4118 945 4170 de
969 4116 1081 4169 illis
1111 4115 1309 4181 tribus,
1339 4115 1434 4186 qui
1465 4117 1715 4185 proxime
1736 4117 1950 4171 Pascha
1979 4133 2075 4171 an-

477 4207 762 4272 tecedunt,
788 4208 810 4230 *
837 4205 957 4259 sine
986 4205 1198 4258 lumine
1225 4210 1282 4258 et
1310 4206 1557 4269 incenso,
1592 4212 1650 4259 et
1679 4206 1725 4259 si
1763 4212 1847 4259 est
1877 4206 1932 4259 in
1965 4208 2073 4260 Pa-

477 4311 724 4361 rasceve,
757 4311 793 4348 a
819 4294 1088 4348 fratribus
1116 4294 1280 4348 nudis
1309 4293 1543 4365 pedibus
1574 4294 1964 4350 incedentibus
1992 4312 2075 4349 se-

476 4384 705 4455 pelitur,
748 4389 806 4437 et
833 4382 1043 4453 absque
1073 4383 1242 4437 missa
1270 4400 1371 4454 pro
1403 4383 1695 4446 defunctis,
1729 4401 1851 4455 qua}
1880 4390 2072 4438 tamen

2232 3231 2362 3285 Haec
2388 3236 2576 3284 autem
2610 3229 2860 3283 brevium
2882 3229 3236 3283 transmissio
3265 3228 3434 3283 simili
3459 3228 3630 3283 modo
3651 3227 3769 3298 agi-

2159 3326 2273 3385 tur,
2306 3320 2353 3374 si
2382 3321 2543 3389 cujus
2571 3318 2762 3373 fratris
2800 3318 2985 3373 obitus
3013 3318 3072 3372 in
3102 3318 3241 3372 cella
3271 3318 3462 3388 aliqua
3487 3317 3764 3377 evenerit,

2159 3415 2216 3463 et
2245 3408 2429 3462 brevis
2458 3408 2610 3461 illius
2639 3408 2708 3461 ad
2755 3424 2856 3461 nos
2904 3424 3083 3477 usque
3114 3407 3465 3478 pervenerit;
3506 3412 3761 3477 excepto,

2160 3498 2306 3568 quod
2337 3497 2407 3551 ad
2439 3497 2685 3567 aliquam
2715 3497 2771 3550 in
2810 3496 3005 3550 eadem
3047 3502 3199 3550 terra
3230 3496 3398 3551 sitam
3426 3496 3496 3550 de
3522 3495 3669 3561 loco,
3703 3494 3761 3549 in

2160 3604 2268 3658 quo
2294 3585 2452 3653 obiit,
2487 3586 2759 3640 mittenda
2793 3591 2895 3639 est.

2677 3676 2910 3730 CAPUT
2946 3675 3215 3730 LXXVII.

2157 3781 2307 3846 Quod
2316 3783 2433 3834 sine
2444 3782 2711 3835 dilatione
2722 3783 2997 3847 agendum.
3009 3787 3083 3835 est
3096 3784 3341 3849 ofﬁcium
3358 3782 3757 3848 Defunclorum

2387 3856 2795 3920 super-veniente
2826 3854 2979 3906 brevi
2993 3870 3096 3921 pro
3120 3855 3298 3921 fratre
3320 3857 3520 3906 nostro.

2226 3941 2246 3962 "
2286 3940 2345 3995 Si
2397 3942 2621 4012 quando
2682 3941 2995 3995 istiusmodi
3038 3941 3221 3996 brevis
3259 3948 3389 3996 ante
3443 3941 3754 4013 capitulum

2158 4029 2392 4084 affertur
2421 4046 2456 4082 a
2487 4030 2716 4083 custode
2754 4031 3059 4101 hospitum,
3101 4048 3135 4085 a
3177 4048 3287 4101 quo
3328 4047 3522 4085 omnes
3562 4031 3758 4084 breves

2157 4118 2526 4189 recipiuntur.
2551 4119 2620 4171 ad
2652 4120 2965 4189 proximum
2995 4120 3302 4191 capitulum
3333 4120 3539 4175 domno
3567 4118 3757 4174 abbati

2156 4207 2238 4260 vel
2273 4206 2447 4277 priori
2472 4212 2927 4276 repraesentetur.
2953 4208 3061 4272 Qui
3083 4225 3229 4271 mox,
3258 4214 3323 4262 ut
3350 4225 3474 4262 eam
3503 4208 3658 4262 intra
3676 4224 3759 4261 se-

2157 4295 2461 4365 metipsum
2494 4295 2815 4365 perlegerit,
2861 4303 2917 4350 et
2945 4298 3126 4350 locum
3158 4297 3307 4351 unde
3346 4298 3540 4350 eadem
3570 4296 3754 4351 brevis

2157 4384 2399 4449 advenit,
2436 4390 2492 4437 et
2522 4385 2724 4438 fratres
2753 4386 2999 4454 ejusdem
3031 4386 3243 4440 obitum
3283 4392 3340 4440 et
3385 4403 3592 4439 nomen
3620 4399 3753 4457 pro-

478 4477 676 4543 postea
702 4470 1022 4525 cantabitur
1045 4471 1103 4525 in
1132 4471 1265 4525 feria
1287 4472 1485 4543 quinta
1505 4473 1749 4538 Pascha},
1781 4490 1884 4527 nec
1908 4466 2135 4527 aliterD
2155 4472 2442 4538 nuntians,
2475 4472 2595 4526 sine
2643 4473 3054 4545 interruptione
3091 4475 3500 4530 absolutionem
3531 4475 3754 4528 solitam

480 4577 651 4631 quam
698 4560 749 4615 si
792 4576 991 4631 corpus
1021 4561 1267 4615 defuncti
1298 4568 1446 4616 esset
1474 4561 1531 4615 in
1560 4562 1840 4632 praesenti.
1872 4563 1959 4617 Ab
2006 4579 2074 4616 ea

482 4654 673 4704 autem
699 4649 839 4703 hora
868 4666 979 4720 qua
1007 4666 1183 4705 novus
1230 4651 1376 4721 ignis
1405 4649 1773 4715 benedicitur,
1807 4666 1986 4721 usque
2013 4651 2071 4704 in

478 4737 786 4792 crastinum
829 4755 1015 4805 mane,
1065 4755 1247 4811 neque
1275 4740 1335 4793 in
1377 4739 1632 4804 ecclesia,
1663 4755 1847 4810 neque
1874 4738 1946 4793 ad
1983 4756 2072 4793 se-

476 4827 764 4899 pulturam
791 4827 1006 4882 lumine
1034 4828 1305 4899 privatur.

1026 4917 1260 4972 CAPUT
1297 4918 1549 4983 LXXIV.

529 5006 603 5060 De
632 5021 708 5067 eo,
732 5009 833 5075 qui
861 5008 1199 5075 sepeliendus
1231 5012 1305 5060 est
1335 5011 1398 5060 in
1428 5008 1615 5060 diebus
1644 5008 2027 5074 Rogationum.

548 5094 570 5116 *
598 5094 773 5163 (Var.)
808 5095 951 5149 Item
991 5095 1038 5148 si
1070 5095 1195 5165 quis
1223 5095 1576 5167 sepeliendus
1605 5100 1692 5149 est
1720 5096 1779 5149 in
1808 5095 2076 5167 Rogatio-

476 5182 661 5251 nibus,
682 5201 784 5255 pro
810 5200 875 5240 eo
895 5189 1157 5239 cantatur
1177 5191 1307 5256 post
1326 5186 1568 5256 primam
1595 5185 1769 5239 missa
1793 5184 2077 5239 defuncto-

473 5288 624 5339 rum,
651 5278 709 5327 et
734 5274 835 5328 illa
859 5274 928 5327 de
955 5274 1361 5344 Rogationibus
1390 5282 1517 5347 post
1540 5275 1789 5334 tertiam,
1813 5273 1879 5328 ad
1904 5290 2074 5345 quam

474 5362 647 5416 etiam
676 5379 791 5418 non
823 5364 1075 5430 otfertur,
1108 5380 1211 5419 nec
1240 5382 1349 5436 pax
1376 5364 1665 5438 recipitur,
1699 5364 1809 5421 nisi
1838 5363 1908 5419 ab
1936 5379 2069 5430 uno,

474 5456 532 5505 et
559 5452 718 5508 ﬁnito
745 5453 992 5527 capitulo
1023 5453 1311 5526 sepelitur.
1942 5474 1947 5481 ί

2156 4568 2398 4632 ex0ptat,
2417 4566 2474 4615 et
2500 4562 2809 4633 capitulum
2841 4565 2964 4634 plus
2993 4564 3156 4619 solito
3185 4565 3502 4635 corripitur,
3533 4569 3596 4617 ut
3626 4579 3753 4618 cum

2156 4651 2470 4722 psalmodia
2510 4653 2671 4705 Verba
2704 4668 2824 4706 mea
2854 4653 3105 4719 ﬁniatur,
3138 4659 3194 4707 et
3217 4653 3461 4707 ofﬁcium
3494 4669 3595 4723 pro
3633 4654 3754 4724 ejus

2155 4740 2357 4794 animae
2387 4740 2579 4810 requie
2609 4748 2933 4811 peragatur.
2964 4742 3022 4796 Si
3050 4742 3210 4796 ﬁnito
3235 4743 3481 4813 capitulo
3510 4743 3751 4797 ofﬁcium

2156 4829 2349 4883 statim
2375 4845 2488 4883 non
2514 4829 2722 4899 agitur,
2747 4836 2941 4901 postea
2960 4847 3075 4885 non
3100 4832 3215 4899 ﬁet,
3240 4831 3349 4885 nisi
3377 4831 3572 4887 tabula
3599 4832 3754 4902 prius

2156 4918 2525 4988 percutiatur.

2234 5007 2305 5061 Et
2333 5007 2642 5072 sciendum,
2680 5008 2831 5079 quia,
2866 5009 2914 5063 si
2950 5009 3142 5080 plures
3188 5009 3384 5065 breves
3411 5011 3480 5065 de
3524 5009 3753 5065 diversis

2156 5096 2309 5159 locis,
2345 5095 2402 5149 id
2433 5102 2519 5150 est
2546 5096 2615 5150 de
2646 5098 2855 5151 nostris
2884 5098 3148 5169 professis
3174 5104 3230 5152 et
3254 5099 3323 5153 de
3351 5100 3549 5154 alienis
3575 5097 3754 5153 fratri-

2157 5184 2261 5239 bus
2280 5185 2490 5253 pariter
2505 5186 2563 5239 in
2582 5186 2825 5256 capitulo
2846 5193 3274 5258 praesentantur,
3290 5205 3486 5243 omnes
3500 5189 3556 5242 in
3572 5186 3752 5242 missis

2156 5274 2483 5345 septenarii,
2507 5280 2562 5328 et
2588 5275 2645 5328 in
2675 5277 2908 5343 caeteris,
2933 5293 3055 5347 quae
3079 5286 3347 5347 aguntur,
3379 5283 3582 5349 praeter
3597 5277 3752 5331 trice-

2157 5363 2382 5417 narium
2448 5365 2885 5435 conjunguntur.
2955 5366 3299 5437 Quacunque
3363 5372 3552 5421 autem
3616 5367 3751 5421 hora

2155 5462 2350 5525 postea
2370 5470 2548 5525 usque
2568 5454 2639 5507 ad
2660 5454 3036 5521 collationem,
3059 5464 3117 5510 et
3136 5456 3360 5526 quando
3378 5457 3549 5510 semel
3572 5471 3749 5511 come-

2151 5542 2326 5607 ditur,
2358 5541 2560 5597 fratres
2593 5548 2899 5614 antequam
2929 5543 3140 5612 bibant,
3173 5546 3425 5608 affertur,
3457 5545 3576 5600 sine
3605 5545 3742 5601 dila-

2151 5630 2307 5687 tione
2355 5631 2429 5687 ad
2481 5632 2866 5689 convocandos
2900 5633 3122 5703 fratres,
3160 5633 3354 5695 tabula
3405 5634 3631 5694 tractim
3683 5647 3743 5689 ac
