  <div class='ocr_page' id='page_1' title='image "/cluster/home/n/w/nwhite01/storage/ocr_20150623/150/umn.31951002477443u/648.png"; bbox 0 0 3934 6362; ppageno 0'>
   <div class='ocr_carea' id='block_1_1' title="bbox 135 337 1737 402">
    <p class='ocr_par' dir='ltr' id='par_1_1' title="bbox 135 337 1737 395">
     <span class='ocr_line' id='line_1_1' title="bbox 135 337 1737 395; baseline -0.001 -2"><span class='ocrx_word' id='word_1_1' title='bbox 135 337 287 394; x_wconf 77' lang='grc'><strong>1145</strong></span> <span class='ocrx_word' id='word_1_2' title='bbox 1170 337 1589 395; x_wconf 86' lang='lat' dir='ltr'>CONSTITUT.</span> <span class='ocrx_word' id='word_1_3' title='bbox 1630 337 1737 392; x_wconf 87' lang='lat' dir='ltr'>HII</span> 
     </span>
    </p>
   </div>
   <div class='ocr_carea' id='block_1_2' title="bbox 1821 337 3418 402">
    <p class='ocr_par' dir='ltr' id='par_1_2' title="bbox 1821 338 3418 402">
     <span class='ocr_line' id='line_1_2' title="bbox 1821 338 3418 402; baseline 0.004 -7"><span class='ocrx_word' id='word_1_4' title='bbox 1821 338 1973 396; x_wconf 56' lang='lat' dir='ltr'>kUG.</span> <span class='ocrx_word' id='word_1_5' title='bbox 2016 372 2078 383; x_wconf 90' lang='lat'><strong>—</strong></span> <span class='ocrx_word' id='word_1_6' title='bbox 2119 341 2257 398; x_wconf 82' lang='lat' dir='ltr'>LIB.</span> <span class='ocrx_word' id='word_1_7' title='bbox 2298 343 2372 398; x_wconf 92' lang='lat' dir='ltr'>II.</span> <span class='ocrx_word' id='word_1_8' title='bbox 3281 345 3418 402; x_wconf 76' lang='lat' dir='ltr'>1MB</span> 
     </span>
    </p>
   </div>
   <div class='ocr_carea' id='block_1_3' title="bbox 137 464 3418 543">
    <p class='ocr_par' dir='ltr' id='par_1_3' title="bbox 137 464 3418 543">
     <span class='ocr_line' id='line_1_3' title="bbox 137 464 3418 543; baseline 0.003 -26"><span class='ocrx_word' id='word_1_9' title='bbox 137 479 344 519; x_wconf 88' lang='lat' dir='ltr'>sonore</span> <span class='ocrx_word' id='word_1_10' title='bbox 371 466 718 536; x_wconf 83' lang='lat' dir='ltr'>percutitur;</span> <span class='ocrx_word' id='word_1_11' title='bbox 751 465 799 518; x_wconf 82' lang='lat' dir='ltr'>si</span> <span class='ocrx_word' id='word_1_12' title='bbox 827 469 1017 520; x_wconf 84' lang='lat' dir='ltr'>tamen</span> <span class='ocrx_word' id='word_1_13' title='bbox 1068 470 1373 521; x_wconf 89' lang='lat' dir='ltr'>conventus</span> <span class='ocrx_word' id='word_1_14' title='bbox 1400 465 1460 519; x_wconf 94' lang='lat' dir='ltr'>in</span> <span class='ocrx_word' id='word_1_15' title='bbox 1489 464 1801 535; x_wconf 75' lang='lat' dir='ltr'>praesen-A</span> <span class='ocrx_word' id='word_1_16' title='bbox 1823 466 2048 522; x_wconf 83' lang='lat' dir='ltr'>adducti</span> <span class='ocrx_word' id='word_1_17' title='bbox 2069 468 2126 523; x_wconf 89' lang='lat' dir='ltr'>in</span> <span class='ocrx_word' id='word_1_18' title='bbox 2157 468 2466 541; x_wconf 83' lang='lat' dir='ltr'>capitulum</span> <span class='ocrx_word' id='word_1_19' title='bbox 2498 473 2754 525; x_wconf 91' lang='lat' dir='ltr'>nostrum</span> <span class='ocrx_word' id='word_1_20' title='bbox 2785 471 3059 538; x_wconf 82' lang='lat' dir='ltr'>venerint,</span> <span class='ocrx_word' id='word_1_21' title='bbox 3090 475 3310 543; x_wconf 89' lang='lat' dir='ltr'>petunt,</span> <span class='ocrx_word' id='word_1_22' title='bbox 3350 476 3418 526; x_wconf 89' lang='lat' dir='ltr'>ut</span> 
     </span>
    </p>
   </div>
   <div class='ocr_carea' id='block_1_4' title="bbox 137 553 3416 628">
    <p class='ocr_par' dir='ltr' id='par_1_4' title="bbox 137 553 3416 628">
     <span class='ocr_line' id='line_1_4' title="bbox 137 553 3416 628; baseline 0.002 -20"><span class='ocrx_word' id='word_1_23' title='bbox 137 553 348 608; x_wconf 89' lang='lat' dir='ltr'>tiarum</span> <span class='ocrx_word' id='word_1_24' title='bbox 372 554 560 627; x_wconf 90' lang='lat' dir='ltr'>aliquo</span> <span class='ocrx_word' id='word_1_25' title='bbox 583 554 778 609; x_wconf 81' lang='lat' dir='ltr'>ordine</span> <span class='ocrx_word' id='word_1_26' title='bbox 808 571 921 609; x_wconf 89' lang='lat' dir='ltr'>non</span> <span class='ocrx_word' id='word_1_27' title='bbox 941 562 1262 628; x_wconf 81' lang='lat' dir='ltr'>occupatur.</span> <span class='ocrx_word' id='word_1_28' title='bbox 1294 555 1438 609; x_wconf 89' lang='lat' dir='ltr'>Nam</span> <span class='ocrx_word' id='word_1_29' title='bbox 1461 559 1621 608; x_wconf 86' lang='lat' dir='ltr'>tanta</span> <span class='ocrx_word' id='word_1_30' title='bbox 1648 570 1740 607; x_wconf 84' lang='lat' dir='ltr'>cu-</span> <span class='ocrx_word' id='word_1_31' title='bbox 1820 557 1928 628; x_wconf 88' lang='lat' dir='ltr'>ipsi</span> <span class='ocrx_word' id='word_1_32' title='bbox 1959 574 2181 628; x_wconf 92' lang='lat' dir='ltr'>quoque</span> <span class='ocrx_word' id='word_1_33' title='bbox 2210 564 2533 613; x_wconf 88' lang='lat' dir='ltr'>mereantur</span> <span class='ocrx_word' id='word_1_34' title='bbox 2568 559 2977 615; x_wconf 81' lang='lat' dir='ltr'>fraternitatem</span> <span class='ocrx_word' id='word_1_35' title='bbox 3033 565 3283 615; x_wconf 89' lang='lat' dir='ltr'>nostram</span> <span class='ocrx_word' id='word_1_36' title='bbox 3311 560 3416 615; x_wconf 90' lang='lat' dir='ltr'>ha-</span> 
     </span>
    </p>
   </div>
   <div class='ocr_carea' id='block_1_5' title="bbox 136 641 3418 721">
    <p class='ocr_par' dir='ltr' id='par_1_5' title="bbox 136 641 3418 721">
     <span class='ocr_line' id='line_1_5' title="bbox 136 641 3418 721; baseline 0.002 -26"><span class='ocrx_word' id='word_1_37' title='bbox 136 659 224 709; x_wconf 85' lang='lat' dir='ltr'>ra,</span> <span class='ocrx_word' id='word_1_38' title='bbox 251 650 517 715; x_wconf 82' lang='lat' dir='ltr'>tantaque</span> <span class='ocrx_word' id='word_1_39' title='bbox 546 644 872 699; x_wconf 85' lang='lat' dir='ltr'>festinantia</span> <span class='ocrx_word' id='word_1_40' title='bbox 903 661 967 698; x_wconf 84' lang='lat' dir='ltr'>ex</span> <span class='ocrx_word' id='word_1_41' title='bbox 993 646 1227 716; x_wconf 86' lang='lat' dir='ltr'>antiqua</span> <span class='ocrx_word' id='word_1_42' title='bbox 1269 645 1490 698; x_wconf 87' lang='lat' dir='ltr'>Patrum</span> <span class='ocrx_word' id='word_1_43' title='bbox 1520 641 1743 696; x_wconf 88' lang='lat' dir='ltr'>institu-</span> <span class='ocrx_word' id='word_1_44' title='bbox 1821 644 1971 700; x_wconf 88' lang='lat' dir='ltr'>bere.</span> <span class='ocrx_word' id='word_1_45' title='bbox 2002 647 2288 701; x_wconf 85' lang='lat' dir='ltr'>Annuitur</span> <span class='ocrx_word' id='word_1_46' title='bbox 2315 654 2516 703; x_wconf 88' lang='lat' dir='ltr'>etcum</span> <span class='ocrx_word' id='word_1_47' title='bbox 2550 648 2692 704; x_wconf 92' lang='lat' dir='ltr'>libro</span> <span class='ocrx_word' id='word_1_48' title='bbox 2713 650 2795 704; x_wconf 90' lang='lat' dir='ltr'>eis</span> <span class='ocrx_word' id='word_1_49' title='bbox 2822 651 3090 713; x_wconf 88' lang='lat' dir='ltr'>datur,ut</span> <span class='ocrx_word' id='word_1_50' title='bbox 3109 654 3327 721; x_wconf 89' lang='lat' dir='ltr'>partem</span> <span class='ocrx_word' id='word_1_51' title='bbox 3360 653 3418 703; x_wconf 86' lang='lat' dir='ltr'>et</span> 
     </span>
    </p>
   </div>
   <div class='ocr_carea' id='block_1_6' title="bbox 137 732 1741 806">
    <p class='ocr_par' dir='ltr' id='par_1_6' title="bbox 137 732 1741 806">
     <span class='ocr_line' id='line_1_6' title="bbox 137 732 1741 806; baseline 0.001 -21"><span class='ocrx_word' id='word_1_52' title='bbox 137 732 296 787; x_wconf 86' lang='lat' dir='ltr'>tione</span> <span class='ocrx_word' id='word_1_53' title='bbox 321 733 438 788; x_wconf 64' lang='lat' dir='ltr'>haec</span> <span class='ocrx_word' id='word_1_54' title='bbox 460 734 665 788; x_wconf 82' lang='lat' dir='ltr'>tabulae</span> <span class='ocrx_word' id='word_1_55' title='bbox 693 734 976 805; x_wconf 88' lang='lat' dir='ltr'>percussio</span> <span class='ocrx_word' id='word_1_56' title='bbox 996 735 1064 789; x_wconf 91' lang='lat' dir='ltr'>ad</span> <span class='ocrx_word' id='word_1_57' title='bbox 1087 734 1467 806; x_wconf 87' lang='lat' dir='ltr'>peragendum</span> <span class='ocrx_word' id='word_1_58' title='bbox 1496 732 1741 787; x_wconf 89' lang='lat' dir='ltr'>ofﬁcium</span> 
     </span>
    </p>
   </div>
   <div class='ocr_carea' id='block_1_7' title="bbox 142 821 1743 895">
    <p class='ocr_par' dir='ltr' id='par_1_7' title="bbox 142 821 1743 895">
     <span class='ocr_line' id='line_1_7' title="bbox 142 821 1743 895; baseline 0 -20"><span class='ocrx_word' id='word_1_59' title='bbox 142 822 310 876; x_wconf 85' lang='lat' dir='ltr'>debet</span> <span class='ocrx_word' id='word_1_60' title='bbox 336 821 478 885; x_wconf 83' lang='lat' dir='ltr'>fieri,</span> <span class='ocrx_word' id='word_1_61' title='bbox 510 828 575 876; x_wconf 91' lang='lat' dir='ltr'>ut</span> <span class='ocrx_word' id='word_1_62' title='bbox 597 824 716 893; x_wconf 86' lang='lat' dir='ltr'>jam</span> <span class='ocrx_word' id='word_1_63' title='bbox 756 823 1011 894; x_wconf 87' lang='lat' dir='ltr'>cymbalo</span> <span class='ocrx_word' id='word_1_64' title='bbox 1055 840 1341 895; x_wconf 87' lang='lat' dir='ltr'>percusso,</span> <span class='ocrx_word' id='word_1_65' title='bbox 1384 822 1638 893; x_wconf 89' lang='lat' dir='ltr'>fabisque</span> <span class='ocrx_word' id='word_1_66' title='bbox 1676 838 1743 875; x_wconf 82' lang='lat' dir='ltr'>ex</span> 
     </span>
    </p>
   </div>
   <div class='ocr_carea' id='block_1_8' title="bbox 143 911 1739 983">
    <p class='ocr_par' dir='ltr' id='par_1_8' title="bbox 143 911 1739 983">
     <span class='ocr_line' id='line_1_8' title="bbox 143 911 1739 983; baseline 0.001 -20"><span class='ocrx_word' id='word_1_67' title='bbox 143 926 305 981; x_wconf 80' lang='lat' dir='ltr'>parte</span> <span class='ocrx_word' id='word_1_68' title='bbox 332 911 757 977; x_wconf 82' lang='lat' dir='ltr'>administratis,</span> <span class='ocrx_word' id='word_1_69' title='bbox 790 912 992 966; x_wconf 82' lang='lat' dir='ltr'>fratres</span> <span class='ocrx_word' id='word_1_70' title='bbox 1017 912 1276 967; x_wconf 89' lang='lat' dir='ltr'>omnibus</span> <span class='ocrx_word' id='word_1_71' title='bbox 1305 912 1646 983; x_wconf 87' lang='lat' dir='ltr'>postpositis,</span> <span class='ocrx_word' id='word_1_72' title='bbox 1670 911 1739 964; x_wconf 90' lang='lat' dir='ltr'>ad</span> 
     </span>
    </p>
   </div>
   <div class='ocr_carea' id='block_1_9' title="bbox 144 999 1742 1070">
    <p class='ocr_par' dir='ltr' id='par_1_9' title="bbox 144 999 1742 1070">
     <span class='ocr_line' id='line_1_9' title="bbox 144 999 1742 1070; baseline 0.001 -18"><span class='ocrx_word' id='word_1_73' title='bbox 144 999 396 1069; x_wconf 83' lang='lat' dir='ltr'>ejusdem</span> <span class='ocrx_word' id='word_1_74' title='bbox 428 1000 596 1054; x_wconf 91' lang='lat' dir='ltr'>officii</span> <span class='ocrx_word' id='word_1_75' title='bbox 625 1001 903 1055; x_wconf 83' lang='lat' dir='ltr'>actionem</span> <span class='ocrx_word' id='word_1_76' title='bbox 934 1002 1285 1056; x_wconf 81' lang='lat' dir='ltr'>conveniant.</span> <span class='ocrx_word' id='word_1_77' title='bbox 1326 1002 1466 1056; x_wconf 91' lang='lat' dir='ltr'>Illuc</span> <span class='ocrx_word' id='word_1_78' title='bbox 1492 1016 1644 1070; x_wconf 89' lang='lat' dir='ltr'>ergo,</span> <span class='ocrx_word' id='word_1_79' title='bbox 1679 1006 1742 1054; x_wconf 90' lang='lat' dir='ltr'>ut</span> 
     </span>
    </p>
   </div>
   <div class='ocr_carea' id='block_1_10' title="bbox 146 1088 1737 1159">
    <p class='ocr_par' dir='ltr' id='par_1_10' title="bbox 146 1088 1737 1159">
     <span class='ocr_line' id='line_1_10' title="bbox 146 1088 1737 1159; baseline 0.001 -18"><span class='ocrx_word' id='word_1_80' title='bbox 146 1088 401 1159; x_wconf 87' lang='lat' dir='ltr'>quisquis</span> <span class='ocrx_word' id='word_1_81' title='bbox 426 1090 765 1155; x_wconf 84' lang='lat' dir='ltr'>convenerit,</span> <span class='ocrx_word' id='word_1_82' title='bbox 804 1091 958 1145; x_wconf 92' lang='lat' dir='ltr'>nullo</span> <span class='ocrx_word' id='word_1_83' title='bbox 988 1091 1249 1145; x_wconf 86' lang='lat' dir='ltr'>stationis</span> <span class='ocrx_word' id='word_1_84' title='bbox 1278 1090 1473 1145; x_wconf 88' lang='lat' dir='ltr'>ordine</span> <span class='ocrx_word' id='word_1_85' title='bbox 1499 1093 1737 1156; x_wconf 86' lang='lat' dir='ltr'>servato,</span> 
     </span>
    </p>
   </div>
   <div class='ocr_carea' id='block_1_11' title="bbox 145 1178 1736 1252">
    <p class='ocr_par' dir='ltr' id='par_1_11' title="bbox 145 1178 1736 1252">
     <span class='ocr_line' id='line_1_11' title="bbox 145 1178 1736 1252; baseline 0 -20"><span class='ocrx_word' id='word_1_86' title='bbox 145 1178 242 1232; x_wconf 88' lang='lat' dir='ltr'>sed</span> <span class='ocrx_word' id='word_1_87' title='bbox 275 1185 442 1249; x_wconf 86' lang='lat' dir='ltr'>prout</span> <span class='ocrx_word' id='word_1_88' title='bbox 466 1180 738 1250; x_wconf 90' lang='lat' dir='ltr'>cujusque</span> <span class='ocrx_word' id='word_1_89' title='bbox 766 1180 872 1234; x_wconf 91' lang='lat' dir='ltr'>loci</span> <span class='ocrx_word' id='word_1_90' title='bbox 901 1181 1277 1252; x_wconf 86' lang='lat' dir='ltr'>competentia</span> <span class='ocrx_word' id='word_1_91' title='bbox 1307 1197 1366 1234; x_wconf 90' lang='lat' dir='ltr'>se</span> <span class='ocrx_word' id='word_1_92' title='bbox 1418 1179 1736 1250; x_wconf 74' lang='lat' dir='ltr'>praebuerit,</span> 
     </span>
    </p>
   </div>
   <div class='ocr_carea' id='block_1_12' title="bbox 146 1267 1734 1338">
    <p class='ocr_par' dir='ltr' id='par_1_12' title="bbox 146 1267 1734 1338">
     <span class='ocr_line' id='line_1_12' title="bbox 146 1267 1734 1338; baseline 0.001 -20"><span class='ocrx_word' id='word_1_93' title='bbox 146 1272 305 1321; x_wconf 82' lang='lat' dir='ltr'>extra</span> <span class='ocrx_word' id='word_1_94' title='bbox 353 1267 662 1338; x_wconf 85' lang='lat' dir='ltr'>capitulum</span> <span class='ocrx_word' id='word_1_95' title='bbox 715 1274 847 1323; x_wconf 87' lang='lat' dir='ltr'>ante</span> <span class='ocrx_word' id='word_1_96' title='bbox 885 1276 943 1323; x_wconf 88' lang='lat' dir='ltr'>et</span> <span class='ocrx_word' id='word_1_97' title='bbox 991 1275 1140 1324; x_wconf 89' lang='lat' dir='ltr'>retro</span> <span class='ocrx_word' id='word_1_98' title='bbox 1182 1269 1411 1331; x_wconf 86' lang='lat' dir='ltr'>faciens,</span> <span class='ocrx_word' id='word_1_99' title='bbox 1462 1268 1734 1322; x_wconf 84' lang='lat' dir='ltr'>subsistit.</span> 
     </span>
    </p>
   </div>
   <div class='ocr_carea' id='block_1_13' title="bbox 143 1354 1741 1428">
    <p class='ocr_par' dir='ltr' id='par_1_13' title="bbox 143 1354 1741 1428">
     <span class='ocr_line' id='line_1_13' title="bbox 143 1354 1741 1428; baseline 0 -19"><span class='ocrx_word' id='word_1_100' title='bbox 143 1354 340 1410; x_wconf 88' lang='lat' dir='ltr'>Priore</span> <span class='ocrx_word' id='word_1_101' title='bbox 369 1361 559 1410; x_wconf 90' lang='lat' dir='ltr'>autem</span> <span class='ocrx_word' id='word_1_102' title='bbox 587 1374 620 1411; x_wconf 90' lang='lat' dir='ltr'>a</span> <span class='ocrx_word' id='word_1_103' title='bbox 653 1358 1010 1428; x_wconf 87' lang='lat' dir='ltr'>percussione</span> <span class='ocrx_word' id='word_1_104' title='bbox 1048 1358 1252 1413; x_wconf 73' lang='lat' dir='ltr'>tabulae</span> <span class='ocrx_word' id='word_1_105' title='bbox 1280 1362 1553 1423; x_wconf 90' lang='lat' dir='ltr'>cessante,</span> <span class='ocrx_word' id='word_1_106' title='bbox 1572 1356 1741 1410; x_wconf 82' lang='lat' dir='ltr'>facto-</span> 
     </span>
    </p>
   </div>
   <div class='ocr_carea' id='block_1_14' title="bbox 145 1447 1741 1518">
    <p class='ocr_par' dir='ltr' id='par_1_14' title="bbox 145 1447 1741 1518">
     <span class='ocr_line' id='line_1_14' title="bbox 145 1447 1741 1518; baseline 0.001 -21"><span class='ocrx_word' id='word_1_107' title='bbox 145 1461 254 1514; x_wconf 90' lang='lat' dir='ltr'>que</span> <span class='ocrx_word' id='word_1_108' title='bbox 269 1450 401 1499; x_wconf 83' lang='lat' dir='ltr'>ante</span> <span class='ocrx_word' id='word_1_109' title='bbox 424 1450 480 1499; x_wconf 88' lang='lat' dir='ltr'>et</span> <span class='ocrx_word' id='word_1_110' title='bbox 499 1451 673 1516; x_wconf 91' lang='lat' dir='ltr'>retro,</span> <span class='ocrx_word' id='word_1_111' title='bbox 692 1449 988 1501; x_wconf 85' lang='lat' dir='ltr'>Benedicite</span> <span class='ocrx_word' id='word_1_112' title='bbox 1009 1447 1379 1518; x_wconf 85' lang='lat' dir='ltr'>pronuntians</span> <span class='ocrx_word' id='word_1_113' title='bbox 1403 1467 1414 1514; x_wconf 89' lang='lat'><strong>;</strong></span> <span class='ocrx_word' id='word_1_114' title='bbox 1438 1452 1741 1501; x_wconf 88' lang='lat' dir='ltr'>conventus</span> 
     </span>
    </p>
   </div>
   <div class='ocr_carea' id='block_1_15' title="bbox 143 1532 1743 1606">
    <p class='ocr_par' dir='ltr' id='par_1_15' title="bbox 143 1532 1743 1606">
     <span class='ocr_line' id='line_1_15' title="bbox 143 1532 1743 1606; baseline 0.001 -21"><span class='ocrx_word' id='word_1_115' title='bbox 143 1532 307 1587; x_wconf 88' lang='lat' dir='ltr'>solito</span> <span class='ocrx_word' id='word_1_116' title='bbox 337 1550 495 1588; x_wconf 91' lang='lat' dir='ltr'>more</span> <span class='ocrx_word' id='word_1_117' title='bbox 523 1535 843 1605; x_wconf 89' lang='lat' dir='ltr'>respondet.</span> <span class='ocrx_word' id='word_1_118' title='bbox 872 1535 974 1590; x_wconf 92' lang='lat' dir='ltr'>Ille</span> <span class='ocrx_word' id='word_1_119' title='bbox 1003 1553 1134 1590; x_wconf 92' lang='lat' dir='ltr'>vero</span> <span class='ocrx_word' id='word_1_120' title='bbox 1164 1541 1221 1590; x_wconf 90' lang='lat' dir='ltr'>et</span> <span class='ocrx_word' id='word_1_121' title='bbox 1248 1535 1304 1589; x_wconf 92' lang='lat' dir='ltr'>in</span> <span class='ocrx_word' id='word_1_122' title='bbox 1335 1535 1743 1606; x_wconf 85' lang='lat' dir='ltr'>capitulointra</span> 
     </span>
    </p>
   </div>
   <div class='ocr_carea' id='block_1_16' title="bbox 140 1623 1742 1695">
    <p class='ocr_par' dir='ltr' id='par_1_16' title="bbox 140 1623 1742 1695">
     <span class='ocr_line' id='line_1_16' title="bbox 140 1623 1742 1695; baseline 0.002 -21"><span class='ocrx_word' id='word_1_123' title='bbox 140 1637 201 1674; x_wconf 91' lang='lat' dir='ltr'>se</span> <span class='ocrx_word' id='word_1_124' title='bbox 229 1623 484 1676; x_wconf 88' lang='lat' dir='ltr'>eamdem</span> <span class='ocrx_word' id='word_1_125' title='bbox 506 1623 859 1695; x_wconf 75' lang='lat' dir='ltr'>breviculam</span> <span class='ocrx_word' id='word_1_126' title='bbox 881 1625 1135 1695; x_wconf 87' lang='lat' dir='ltr'>legendo,</span> <span class='ocrx_word' id='word_1_127' title='bbox 1165 1625 1394 1679; x_wconf 84' lang='lat' dir='ltr'>fratrem</span> <span class='ocrx_word' id='word_1_128' title='bbox 1423 1624 1626 1678; x_wconf 82' lang='lat' dir='ltr'>abiisse</span> <span class='ocrx_word' id='word_1_129' title='bbox 1649 1624 1742 1678; x_wconf 92' lang='lat' dir='ltr'>de-</span> 
     </span>
    </p>
   </div>
   <div class='ocr_carea' id='block_1_17' title="bbox 136 1711 1738 1784">
    <p class='ocr_par' dir='ltr' id='par_1_17' title="bbox 136 1711 1738 1784">
     <span class='ocr_line' id='line_1_17' title="bbox 136 1711 1738 1784; baseline 0.002 -20"><span class='ocrx_word' id='word_1_130' title='bbox 136 1711 366 1765; x_wconf 89' lang='lat' dir='ltr'>nuntiat</span> <span class='ocrx_word' id='word_1_131' title='bbox 391 1713 703 1784; x_wconf 87' lang='lat' dir='ltr'>adjungens</span> <span class='ocrx_word' id='word_1_132' title='bbox 735 1732 747 1768; x_wconf 89' lang='lat'><strong>:</strong></span> <span class='ocrx_word' id='word_1_133' title='bbox 800 1716 1005 1769; x_wconf 86' lang='lat' dir='ltr'>Eamus</span> <span class='ocrx_word' id='word_1_134' title='bbox 1035 1721 1083 1769; x_wconf 87' lang='lat' dir='ltr'>et</span> <span class='ocrx_word' id='word_1_135' title='bbox 1112 1718 1359 1784; x_wconf 80' lang='lat' dir='ltr'>ofﬁcium</span> <span class='ocrx_word' id='word_1_136' title='bbox 1391 1731 1640 1782; x_wconf 79' lang='lat' dir='ltr'>agamus,</span> <span class='ocrx_word' id='word_1_137' title='bbox 1675 1719 1738 1768; x_wconf 88' lang='lat' dir='ltr'>ut</span> 
     </span>
    </p>
   </div>
   <div class='ocr_carea' id='block_1_18' title="bbox 1823 736 3416 810">
    <p class='ocr_par' dir='ltr' id='par_1_18' title="bbox 1823 736 3416 810">
     <span class='ocr_line' id='line_1_18' title="bbox 1823 736 3416 810; baseline 0.003 -22"><span class='ocrx_word' id='word_1_138' title='bbox 1823 736 2272 790; x_wconf 85' lang='lat' dir='ltr'>communionem</span> <span class='ocrx_word' id='word_1_139' title='bbox 2300 738 2545 792; x_wconf 86' lang='lat' dir='ltr'>habeant</span> <span class='ocrx_word' id='word_1_140' title='bbox 2571 739 2641 793; x_wconf 92' lang='lat' dir='ltr'>de</span> <span class='ocrx_word' id='word_1_141' title='bbox 2669 738 2833 793; x_wconf 90' lang='lat' dir='ltr'>bonis</span> <span class='ocrx_word' id='word_1_142' title='bbox 2852 739 3128 803; x_wconf 91' lang='lat' dir='ltr'>omnibus,</span> <span class='ocrx_word' id='word_1_143' title='bbox 3159 756 3283 810; x_wconf 64' lang='lat' dir='ltr'>quae</span> <span class='ocrx_word' id='word_1_144' title='bbox 3301 738 3416 793; x_wconf 92' lang='lat' dir='ltr'>ullo</span> 
     </span>
    </p>
   </div>
   <div class='ocr_carea' id='block_1_19' title="bbox 1824 824 3414 899">
    <p class='ocr_par' dir='ltr' id='par_1_19' title="bbox 1824 824 3414 899">
     <span class='ocr_line' id='line_1_19' title="bbox 1824 824 3414 899; baseline 0.003 -22"><span class='ocrx_word' id='word_1_145' title='bbox 1824 824 1990 878; x_wconf 90' lang='lat' dir='ltr'>modo</span> <span class='ocrx_word' id='word_1_146' title='bbox 2020 826 2181 889; x_wconf 90' lang='lat' dir='ltr'>ﬁunt,</span> <span class='ocrx_word' id='word_1_147' title='bbox 2210 827 2297 880; x_wconf 88' lang='lat' dir='ltr'>vel</span> <span class='ocrx_word' id='word_1_148' title='bbox 2326 826 2384 881; x_wconf 91' lang='lat' dir='ltr'>in</span> <span class='ocrx_word' id='word_1_149' title='bbox 2414 827 2777 892; x_wconf 87' lang='lat' dir='ltr'>orationibus,</span> <span class='ocrx_word' id='word_1_150' title='bbox 2808 829 2894 882; x_wconf 88' lang='lat' dir='ltr'>vel</span> <span class='ocrx_word' id='word_1_151' title='bbox 2923 828 2981 882; x_wconf 91' lang='lat' dir='ltr'>in</span> <span class='ocrx_word' id='word_1_152' title='bbox 3025 827 3414 899; x_wconf 81' lang='lat' dir='ltr'>eleemosynis,</span> 
     </span>
    </p>
   </div>
   <div class='ocr_carea' id='block_1_20' title="bbox 1825 915 3416 987">
    <p class='ocr_par' dir='ltr' id='par_1_20' title="bbox 1825 915 3416 987">
     <span class='ocr_line' id='line_1_20' title="bbox 1825 915 3416 987; baseline 0.003 -21"><span class='ocrx_word' id='word_1_153' title='bbox 1825 930 1935 966; x_wconf 91' lang='lat' dir='ltr'>non</span> <span class='ocrx_word' id='word_1_154' title='bbox 1958 915 2135 967; x_wconf 89' lang='lat' dir='ltr'>solum</span> <span class='ocrx_word' id='word_1_155' title='bbox 2169 915 2315 984; x_wconf 86' lang='lat' dir='ltr'>apud</span> <span class='ocrx_word' id='word_1_156' title='bbox 2346 932 2465 978; x_wconf 91' lang='lat' dir='ltr'>nos,</span> <span class='ocrx_word' id='word_1_157' title='bbox 2486 916 2582 969; x_wconf 79' lang='lat' dir='ltr'>scd</span> <span class='ocrx_word' id='word_1_158' title='bbox 2616 916 2783 970; x_wconf 89' lang='lat' dir='ltr'>etiam</span> <span class='ocrx_word' id='word_1_159' title='bbox 2813 916 2871 970; x_wconf 89' lang='lat' dir='ltr'>in</span> <span class='ocrx_word' id='word_1_160' title='bbox 2897 916 3416 987; x_wconf 73' lang='lat' dir='ltr'>cunctislocis,qua3</span> 
     </span>
    </p>
   </div>
   <div class='ocr_carea' id='block_1_21' title="bbox 1825 1003 3417 1076">
    <p class='ocr_par' dir='ltr' id='par_1_21' title="bbox 1825 1003 3417 1076">
     <span class='ocr_line' id='line_1_21' title="bbox 1825 1003 3417 1076; baseline 0.003 -21"><span class='ocrx_word' id='word_1_161' title='bbox 1825 1003 1999 1055; x_wconf 82' lang='lat' dir='ltr'>nostri</span> <span class='ocrx_word' id='word_1_162' title='bbox 2022 1003 2165 1071; x_wconf 66' lang='lat' dir='ltr'>juris</span> <span class='ocrx_word' id='word_1_163' title='bbox 2195 1020 2316 1057; x_wconf 82' lang='lat' dir='ltr'>esse</span> <span class='ocrx_word' id='word_1_164' title='bbox 2336 1004 2612 1058; x_wconf 91' lang='lat' dir='ltr'>videntur.</span> <span class='ocrx_word' id='word_1_165' title='bbox 2648 1005 2756 1059; x_wconf 87' lang='lat' dir='ltr'>Pro</span> <span class='ocrx_word' id='word_1_166' title='bbox 2785 1005 2873 1059; x_wconf 87' lang='lat' dir='ltr'>his</span> <span class='ocrx_word' id='word_1_167' title='bbox 2899 1005 3177 1069; x_wconf 89' lang='lat' dir='ltr'>omnibus,</span> <span class='ocrx_word' id='word_1_168' title='bbox 3215 1022 3417 1076; x_wconf 88' lang='lat' dir='ltr'>quam-</span> 
     </span>
    </p>
   </div>
   <div class='ocr_carea' id='block_1_22' title="bbox 1823 1092 3416 1164">
    <p class='ocr_par' dir='ltr' id='par_1_22' title="bbox 1823 1092 3416 1164">
     <span class='ocr_line' id='line_1_22' title="bbox 1823 1092 3416 1164; baseline 0.001 -19"><span class='ocrx_word' id='word_1_169' title='bbox 1823 1092 1916 1146; x_wconf 84' lang='lat' dir='ltr'>diu</span> <span class='ocrx_word' id='word_1_170' title='bbox 1947 1099 2080 1147; x_wconf 87' lang='lat' dir='ltr'>sunt</span> <span class='ocrx_word' id='word_1_171' title='bbox 2098 1092 2155 1146; x_wconf 89' lang='lat' dir='ltr'>in</span> <span class='ocrx_word' id='word_1_172' title='bbox 2183 1094 2287 1147; x_wconf 89' lang='lat' dir='ltr'>hac</span> <span class='ocrx_word' id='word_1_173' title='bbox 2309 1093 2421 1147; x_wconf 88' lang='lat' dir='ltr'>vita</span> <span class='ocrx_word' id='word_1_174' title='bbox 2441 1094 2758 1164; x_wconf 89' lang='lat' dir='ltr'>specialiter</span> <span class='ocrx_word' id='word_1_175' title='bbox 2776 1100 3036 1148; x_wconf 88' lang='lat' dir='ltr'>cantatur</span> <span class='ocrx_word' id='word_1_176' title='bbox 3051 1111 3149 1164; x_wconf 84' lang='lat' dir='ltr'>per</span> <span class='ocrx_word' id='word_1_177' title='bbox 3164 1094 3416 1164; x_wconf 86' lang='lat' dir='ltr'>singulas</span> 
     </span>
    </p>
   </div>
   <div class='ocr_carea' id='block_1_23' title="bbox 1820 1182 3409 1254">
    <p class='ocr_par' dir='ltr' id='par_1_23' title="bbox 1820 1182 3409 1254">
     <span class='ocr_line' id='line_1_23' title="bbox 1820 1182 3409 1254; baseline 0 -17"><span class='ocrx_word' id='word_1_178' title='bbox 1820 1182 1988 1237; x_wconf 87' lang='lat' dir='ltr'>horas</span> <span class='ocrx_word' id='word_1_179' title='bbox 2011 1183 2257 1254; x_wconf 86' lang='lat' dir='ltr'>psalmus</span> <span class='ocrx_word' id='word_1_180' title='bbox 2293 1201 2303 1234; x_wconf 90' lang='lat'><strong><em>:</em></strong></span> <span class='ocrx_word' id='word_1_181' title='bbox 2334 1185 2471 1237; x_wconf 79' lang='lat' dir='ltr'>Deus</span> <span class='ocrx_word' id='word_1_182' title='bbox 2502 1187 2564 1237; x_wconf 83' lang='lat' dir='ltr'>in</span> <span class='ocrx_word' id='word_1_183' title='bbox 2616 1185 2984 1251; x_wconf 74' lang='lat' dir='ltr'>adiutorium,</span> <span class='ocrx_word' id='word_1_184' title='bbox 3027 1189 3085 1237; x_wconf 90' lang='lat' dir='ltr'>et</span> <span class='ocrx_word' id='word_1_185' title='bbox 3132 1183 3365 1237; x_wconf 87' lang='lat' dir='ltr'>collecta</span> <span class='ocrx_word' id='word_1_186' title='bbox 3396 1201 3409 1237; x_wconf 91' lang='lat'>:</span> 
     </span>
    </p>
   </div>
   <div class='ocr_carea' id='block_1_24' title="bbox 1824 1271 3412 1344">
    <p class='ocr_par' dir='ltr' id='par_1_24' title="bbox 1824 1271 3412 1344">
     <span class='ocr_line' id='line_1_24' title="bbox 1824 1271 3412 1344; baseline -0.001 -18"><span class='ocrx_word' id='word_1_187' title='bbox 1824 1274 2094 1327; x_wconf 62' lang='lat' dir='ltr'>Prmtendc</span> <span class='ocrx_word' id='word_1_188' title='bbox 2124 1275 2353 1328; x_wconf 75' lang='lat' dir='ltr'>Domine</span> <span class='ocrx_word' id='word_1_189' title='bbox 2386 1293 2399 1327; x_wconf 94' lang='lat'><em>:</em></span> <span class='ocrx_word' id='word_1_190' title='bbox 2433 1279 2489 1327; x_wconf 92' lang='lat' dir='ltr'>et</span> <span class='ocrx_word' id='word_1_191' title='bbox 2534 1274 2751 1344; x_wconf 86' lang='lat' dir='ltr'>quoties</span> <span class='ocrx_word' id='word_1_192' title='bbox 2796 1274 2866 1327; x_wconf 87' lang='lat' dir='ltr'>ad</span> <span class='ocrx_word' id='word_1_193' title='bbox 2911 1274 3179 1343; x_wconf 81' lang='lat' dir='ltr'>majorem</span> <span class='ocrx_word' id='word_1_194' title='bbox 3214 1272 3300 1326; x_wconf 85' lang='lat' dir='ltr'>vel</span> <span class='ocrx_word' id='word_1_195' title='bbox 3340 1271 3412 1325; x_wconf 90' lang='lat' dir='ltr'>ad</span> 
     </span>
    </p>
   </div>
   <div class='ocr_carea' id='block_1_25' title="bbox 1822 1360 3412 1433">
    <p class='ocr_par' dir='ltr' id='par_1_25' title="bbox 1822 1360 3412 1433">
     <span class='ocr_line' id='line_1_25' title="bbox 1822 1360 3412 1433; baseline 0 -19"><span class='ocrx_word' id='word_1_196' title='bbox 1822 1362 2213 1416; x_wconf 87' lang='lat' dir='ltr'>matutinalem</span> <span class='ocrx_word' id='word_1_197' title='bbox 2241 1362 2469 1417; x_wconf 88' lang='lat' dir='ltr'>missam</span> <span class='ocrx_word' id='word_1_198' title='bbox 2498 1363 2817 1433; x_wconf 89' lang='lat' dir='ltr'>apponitur,</span> <span class='ocrx_word' id='word_1_199' title='bbox 2849 1379 2949 1433; x_wconf 89' lang='lat' dir='ltr'>pro</span> <span class='ocrx_word' id='word_1_200' title='bbox 2979 1362 3061 1416; x_wconf 89' lang='lat' dir='ltr'>eis</span> <span class='ocrx_word' id='word_1_201' title='bbox 3089 1360 3412 1432; x_wconf 89' lang='lat' dir='ltr'>apponitur.</span> 
     </span>
    </p>
   </div>
   <div class='ocr_carea' id='block_1_26' title="bbox 1822 1451 3414 1524">
    <p class='ocr_par' dir='ltr' id='par_1_26' title="bbox 1822 1451 3414 1524">
     <span class='ocr_line' id='line_1_26' title="bbox 1822 1451 3414 1524; baseline -0.003 -17"><span class='ocrx_word' id='word_1_202' title='bbox 1822 1453 2127 1522; x_wconf 88' lang='lat' dir='ltr'>Postquam</span> <span class='ocrx_word' id='word_1_203' title='bbox 2158 1458 2347 1506; x_wconf 88' lang='lat' dir='ltr'>autem</span> <span class='ocrx_word' id='word_1_204' title='bbox 2373 1452 2633 1518; x_wconf 87' lang='lat' dir='ltr'>obierint,</span> <span class='ocrx_word' id='word_1_205' title='bbox 2667 1458 2794 1524; x_wconf 88' lang='lat' dir='ltr'>post</span> <span class='ocrx_word' id='word_1_206' title='bbox 2812 1453 3060 1523; x_wconf 89' lang='lat' dir='ltr'>singulas</span> <span class='ocrx_word' id='word_1_207' title='bbox 3089 1453 3256 1517; x_wconf 85' lang='lat' dir='ltr'>horas</span> <span class='ocrx_word' id='word_1_208' title='bbox 3268 1451 3414 1522; x_wconf 87' lang='lat' dir='ltr'>psal-</span> 
     </span>
    </p>
   </div>
   <div class='ocr_carea' id='block_1_27' title="bbox 1824 1537 3414 1611">
    <p class='ocr_par' dir='ltr' id='par_1_27' title="bbox 1824 1537 3414 1611">
     <span class='ocr_line' id='line_1_27' title="bbox 1824 1537 3414 1611; baseline 0 -19"><span class='ocrx_word' id='word_1_209' title='bbox 1824 1555 1949 1592; x_wconf 90' lang='lat' dir='ltr'>mus</span> <span class='ocrx_word' id='word_1_210' title='bbox 1986 1541 2106 1593; x_wconf 81' lang='lat' dir='ltr'>Voce</span> <span class='ocrx_word' id='word_1_211' title='bbox 2130 1556 2288 1602; x_wconf 80' lang='lat' dir='ltr'>mea;</span> <span class='ocrx_word' id='word_1_212' title='bbox 2321 1541 2544 1611; x_wconf 89' lang='lat' dir='ltr'>quando</span> <span class='ocrx_word' id='word_1_213' title='bbox 2596 1558 2698 1611; x_wconf 87' lang='lat' dir='ltr'>pro</span> <span class='ocrx_word' id='word_1_214' title='bbox 2755 1541 3055 1596; x_wconf 84' lang='lat' dir='ltr'>tricenario</span> <span class='ocrx_word' id='word_1_215' title='bbox 3095 1539 3287 1594; x_wconf 89' lang='lat' dir='ltr'>fratris</span> <span class='ocrx_word' id='word_1_216' title='bbox 3316 1537 3414 1592; x_wconf 90' lang='lat' dir='ltr'>ali-</span> 
     </span>
    </p>
   </div>
   <div class='ocr_carea' id='block_1_28' title="bbox 1821 1626 3413 1702">
    <p class='ocr_par' dir='ltr' id='par_1_28' title="bbox 1821 1626 3413 1702">
     <span class='ocr_line' id='line_1_28' title="bbox 1821 1626 3413 1702; baseline -0.001 -20"><span class='ocrx_word' id='word_1_217' title='bbox 1821 1629 1982 1698; x_wconf 83' lang='lat' dir='ltr'>cujus</span> <span class='ocrx_word' id='word_1_218' title='bbox 2010 1645 2122 1682; x_wconf 90' lang='lat' dir='ltr'>non</span> <span class='ocrx_word' id='word_1_219' title='bbox 2151 1633 2412 1683; x_wconf 87' lang='lat' dir='ltr'>cantatur</span> <span class='ocrx_word' id='word_1_220' title='bbox 2441 1635 2498 1683; x_wconf 90' lang='lat' dir='ltr'>et</span> <span class='ocrx_word' id='word_1_221' title='bbox 2550 1630 2798 1700; x_wconf 80' lang='lat' dir='ltr'>quotidie</span> <span class='ocrx_word' id='word_1_222' title='bbox 2856 1636 2983 1702; x_wconf 91' lang='lat' dir='ltr'>post</span> <span class='ocrx_word' id='word_1_223' title='bbox 3006 1629 3313 1700; x_wconf 88' lang='lat' dir='ltr'>capitulum</span> <span class='ocrx_word' id='word_1_224' title='bbox 3342 1626 3413 1682; x_wconf 89' lang='lat' dir='ltr'>ad</span> 
     </span>
    </p>
   </div>
   <div class='ocr_carea' id='block_1_29' title="bbox 1820 1717 3404 1787">
    <p class='ocr_par' dir='ltr' id='par_1_29' title="bbox 1820 1717 3404 1787">
     <span class='ocr_line' id='line_1_29' title="bbox 1820 1717 3404 1787; baseline 0.002 -17"><span class='ocrx_word' id='word_1_225' title='bbox 1820 1717 2099 1787; x_wconf 88' lang='lat' dir='ltr'>psalmum</span> <span class='ocrx_word' id='word_1_226' title='bbox 2141 1720 2304 1771; x_wconf 78' lang='lat' dir='ltr'>Verba</span> <span class='ocrx_word' id='word_1_227' title='bbox 2333 1735 2472 1783; x_wconf 86' lang='lat' dir='ltr'>mea,</span> <span class='ocrx_word' id='word_1_228' title='bbox 2499 1720 2679 1773; x_wconf 88' lang='lat' dir='ltr'>oratio</span> <span class='ocrx_word' id='word_1_229' title='bbox 2708 1719 2807 1774; x_wconf 88' lang='lat' dir='ltr'>illa</span> <span class='ocrx_word' id='word_1_230' title='bbox 2838 1739 2850 1775; x_wconf 89' lang='lat'><strong>:</strong></span> <span class='ocrx_word' id='word_1_231' title='bbox 2901 1721 3123 1774; x_wconf 80' lang='lat' dir='ltr'>Absolve</span> <span class='ocrx_word' id='word_1_232' title='bbox 3145 1720 3404 1773; x_wconf 81' lang='lat' dir='ltr'>Domine.</span> 
     </span>
    </p>
   </div>
   <div class='ocr_carea' id='block_1_30' title="bbox 136 1802 3409 1879">
    <p class='ocr_par' dir='ltr' id='par_1_30' title="bbox 136 1802 3409 1879">
     <span class='ocr_line' id='line_1_30' title="bbox 136 1802 3409 1879; baseline 0.002 -25"><span class='ocrx_word' id='word_1_233' title='bbox 136 1803 228 1854; x_wconf 84' lang='lat' dir='ltr'>illi</span> <span class='ocrx_word' id='word_1_234' title='bbox 258 1802 398 1855; x_wconf 84' lang='lat' dir='ltr'>Deus</span> <span class='ocrx_word' id='word_1_235' title='bbox 419 1806 764 1872; x_wconf 85' lang='lat' dir='ltr'>omnipotens</span> <span class='ocrx_word' id='word_1_236' title='bbox 803 1807 1049 1871; x_wconf 75' lang='lat' dir='ltr'>requiem</span> <span class='ocrx_word' id='word_1_237' title='bbox 1078 1807 1467 1874; x_wconf 73' lang='lat' dir='ltr'>sempiternam</span> <span class='ocrx_word' id='word_1_238' title='bbox 1499 1806 1803 1879; x_wconf 82' lang='lat' dir='ltr'>tribuereB</span> <span class='ocrx_word' id='word_1_239' title='bbox 1895 1807 2069 1872; x_wconf 74' lang='grc' dir='ltr'>(ναν.)</span> <span class='ocrx_word' id='word_1_240' title='bbox 2116 1807 2395 1860; x_wconf 64' lang='lat' dir='ltr'>Praeterea</span> <span class='ocrx_word' id='word_1_241' title='bbox 2425 1813 2541 1861; x_wconf 87' lang='lat' dir='ltr'>tres</span> <span class='ocrx_word' id='word_1_242' title='bbox 2583 1808 2729 1861; x_wconf 90' lang='lat' dir='ltr'>vices</span> <span class='ocrx_word' id='word_1_243' title='bbox 2758 1813 2891 1862; x_wconf 83' lang='lat' dir='ltr'>sunt</span> <span class='ocrx_word' id='word_1_244' title='bbox 2930 1808 2988 1861; x_wconf 91' lang='lat' dir='ltr'>in</span> <span class='ocrx_word' id='word_1_245' title='bbox 3017 1822 3185 1870; x_wconf 91' lang='lat' dir='ltr'>anno,</span> <span class='ocrx_word' id='word_1_246' title='bbox 3219 1805 3276 1859; x_wconf 91' lang='lat' dir='ltr'>id</span> <span class='ocrx_word' id='word_1_247' title='bbox 3306 1810 3409 1871; x_wconf 92' lang='lat' dir='ltr'>est,</span> 
     </span>
    </p>
   </div>
   <div class='ocr_carea' id='block_1_31' title="bbox 135 1892 1737 1963">
    <p class='ocr_par' dir='ltr' id='par_1_31' title="bbox 135 1892 1737 1963">
     <span class='ocr_line' id='line_1_31' title="bbox 135 1892 1737 1963; baseline 0.003 -21"><span class='ocrx_word' id='word_1_248' title='bbox 135 1892 434 1956; x_wconf 76' lang='lat' dir='ltr'>dignetur;</span> <span class='ocrx_word' id='word_1_249' title='bbox 468 1908 534 1945; x_wconf 89' lang='lat' dir='ltr'>ac</span> <span class='ocrx_word' id='word_1_250' title='bbox 588 1898 783 1962; x_wconf 89' lang='lat' dir='ltr'>postea</span> <span class='ocrx_word' id='word_1_251' title='bbox 823 1896 881 1945; x_wconf 91' lang='lat' dir='ltr'>in</span> <span class='ocrx_word' id='word_1_252' title='bbox 924 1893 1165 1963; x_wconf 84' lang='lat' dir='ltr'>capitulo</span> <span class='ocrx_word' id='word_1_253' title='bbox 1218 1893 1625 1947; x_wconf 88' lang='lat' dir='ltr'>absolutionem</span> <span class='ocrx_word' id='word_1_254' title='bbox 1657 1892 1737 1947; x_wconf 92' lang='lat' dir='ltr'>illi</span> 
     </span>
    </p>
   </div>
   <div class='ocr_carea' id='block_1_32' title="bbox 134 1981 1733 2053">
    <p class='ocr_par' dir='ltr' id='par_1_32' title="bbox 134 1981 1733 2053">
     <span class='ocr_line' id='line_1_32' title="bbox 134 1981 1733 2053; baseline 0.002 -22"><span class='ocrx_word' id='word_1_255' title='bbox 134 1994 244 2032; x_wconf 91' lang='lat' dir='ltr'>non</span> <span class='ocrx_word' id='word_1_256' title='bbox 279 1985 579 2049; x_wconf 88' lang='lat' dir='ltr'>precatur;</span> <span class='ocrx_word' id='word_1_257' title='bbox 602 1987 877 2036; x_wconf 88' lang='lat' dir='ltr'>conventu</span> <span class='ocrx_word' id='word_1_258' title='bbox 897 1986 1086 2035; x_wconf 89' lang='lat' dir='ltr'>autem</span> <span class='ocrx_word' id='word_1_259' title='bbox 1111 1984 1303 2047; x_wconf 79' lang='lat' dir='ltr'>Amen,</span> <span class='ocrx_word' id='word_1_260' title='bbox 1341 1981 1733 2053; x_wconf 86' lang='lat' dir='ltr'>respondente,</span> 
     </span>
    </p>
   </div>
   <div class='ocr_carea' id='block_1_33' title="bbox 140 2067 1736 2136">
    <p class='ocr_par' dir='ltr' id='par_1_33' title="bbox 140 2067 1736 2136">
     <span class='ocr_line' id='line_1_33' title="bbox 140 2067 1736 2136; baseline 0.003 -15"><span class='ocrx_word' id='word_1_261' title='bbox 140 2067 456 2136; x_wconf 90' lang='lat' dir='ltr'>discedunt,</span> <span class='ocrx_word' id='word_1_262' title='bbox 488 2087 601 2124; x_wconf 91' lang='lat' dir='ltr'>non</span> <span class='ocrx_word' id='word_1_263' title='bbox 621 2070 888 2125; x_wconf 88' lang='lat' dir='ltr'>facientes</span> <span class='ocrx_word' id='word_1_264' title='bbox 917 2077 1047 2125; x_wconf 85' lang='lat' dir='ltr'>ante</span> <span class='ocrx_word' id='word_1_265' title='bbox 1059 2076 1116 2125; x_wconf 87' lang='lat' dir='ltr'>et</span> <span class='ocrx_word' id='word_1_266' title='bbox 1138 2077 1309 2126; x_wconf 88' lang='lat' dir='ltr'>retro.</span> <span class='ocrx_word' id='word_1_267' title='bbox 1333 2071 1531 2125; x_wconf 90' lang='lat' dir='ltr'>Finitis</span> <span class='ocrx_word' id='word_1_268' title='bbox 1555 2070 1736 2125; x_wconf 89' lang='lat' dir='ltr'>tribus</span> 
     </span>
    </p>
   </div>
   <div class='ocr_carea' id='block_1_34' title="bbox 133 2156 1736 2231">
    <p class='ocr_par' dir='ltr' id='par_1_34' title="bbox 133 2156 1736 2231">
     <span class='ocr_line' id='line_1_34' title="bbox 133 2156 1736 2231; baseline 0.002 -22"><span class='ocrx_word' id='word_1_269' title='bbox 133 2156 487 2224; x_wconf 87' lang='lat' dir='ltr'>lectionibus,</span> <span class='ocrx_word' id='word_1_270' title='bbox 520 2158 909 2214; x_wconf 89' lang='lat' dir='ltr'>obedientiarii</span> <span class='ocrx_word' id='word_1_271' title='bbox 954 2166 1011 2214; x_wconf 93' lang='lat' dir='ltr'>et</span> <span class='ocrx_word' id='word_1_272' title='bbox 1065 2160 1159 2214; x_wconf 89' lang='lat' dir='ltr'>alii</span> <span class='ocrx_word' id='word_1_273' title='bbox 1186 2161 1435 2231; x_wconf 88' lang='lat' dir='ltr'>quidam,</span> <span class='ocrx_word' id='word_1_274' title='bbox 1468 2161 1581 2214; x_wconf 88' lang='lat' dir='ltr'>tale</span> <span class='ocrx_word' id='word_1_275' title='bbox 1602 2159 1736 2231; x_wconf 88' lang='lat' dir='ltr'>quid</span> 
     </span>
    </p>
   </div>
   <div class='ocr_carea' id='block_1_35' title="bbox 133 2246 1734 2321">
    <p class='ocr_par' dir='ltr' id='par_1_35' title="bbox 133 2246 1734 2321">
     <span class='ocr_line' id='line_1_35' title="bbox 133 2246 1734 2321; baseline 0.002 -22"><span class='ocrx_word' id='word_1_276' title='bbox 133 2246 344 2316; x_wconf 83' lang='lat' dir='ltr'>negotii</span> <span class='ocrx_word' id='word_1_277' title='bbox 372 2247 647 2302; x_wconf 85' lang='lat' dir='ltr'>habentes</span> <span class='ocrx_word' id='word_1_278' title='bbox 676 2249 825 2303; x_wconf 86' lang='lat' dir='ltr'>exire</span> <span class='ocrx_word' id='word_1_279' title='bbox 854 2256 1108 2321; x_wconf 90' lang='lat' dir='ltr'>possunt,</span> <span class='ocrx_word' id='word_1_280' title='bbox 1143 2250 1287 2303; x_wconf 89' lang='lat' dir='ltr'>sicut</span> <span class='ocrx_word' id='word_1_281' title='bbox 1325 2255 1383 2303; x_wconf 91' lang='lat' dir='ltr'>et</span> <span class='ocrx_word' id='word_1_282' title='bbox 1419 2266 1625 2304; x_wconf 67' lang='lat' dir='ltr'>mensa:</span> <span class='ocrx_word' id='word_1_283' title='bbox 1654 2250 1734 2303; x_wconf 90' lang='lat' dir='ltr'>le-</span> 
     </span>
    </p>
   </div>
   <div class='ocr_carea' id='block_1_36' title="bbox 130 2337 1736 2408">
    <p class='ocr_par' dir='ltr' id='par_1_36' title="bbox 130 2337 1736 2408">
     <span class='ocr_line' id='line_1_36' title="bbox 130 2337 1736 2408; baseline 0.001 -19"><span class='ocrx_word' id='word_1_284' title='bbox 130 2342 249 2390; x_wconf 91' lang='lat' dir='ltr'>ctor</span> <span class='ocrx_word' id='word_1_285' title='bbox 277 2340 337 2390; x_wconf 90' lang='lat' dir='ltr'>et</span> <span class='ocrx_word' id='word_1_286' title='bbox 363 2337 618 2408; x_wconf 80' lang='lat' dir='ltr'>coquinae</span> <span class='ocrx_word' id='word_1_287' title='bbox 646 2338 1068 2393; x_wconf 88' lang='lat' dir='ltr'>hebdomodarii</span> <span class='ocrx_word' id='word_1_288' title='bbox 1099 2339 1332 2393; x_wconf 84' lang='lat' dir='ltr'>faciunt.</span> <span class='ocrx_word' id='word_1_289' title='bbox 1364 2338 1422 2393; x_wconf 90' lang='lat' dir='ltr'>Si</span> <span class='ocrx_word' id='word_1_290' title='bbox 1458 2338 1603 2392; x_wconf 88' lang='lat' dir='ltr'>forte</span> <span class='ocrx_word' id='word_1_291' title='bbox 1635 2338 1736 2391; x_wconf 89' lang='lat' dir='ltr'>ali-</span> 
     </span>
    </p>
   </div>
   <div class='ocr_carea' id='block_1_37' title="bbox 133 2412 1737 2498">
    <p class='ocr_par' dir='ltr' id='par_1_37' title="bbox 133 2412 1737 2498">
     <span class='ocr_line' id='line_1_37' title="bbox 133 2412 1737 2498; baseline 0.003 -21"><span class='ocrx_word' id='word_1_292' title='bbox 133 2425 360 2493; x_wconf 86' lang='lat' dir='ltr'>quando</span> <span class='ocrx_word' id='word_1_293' title='bbox 383 2412 654 2498; x_wconf 77' lang='lat' dir='ltr'>evenerit,</span> <span class='ocrx_word' id='word_1_294' title='bbox 682 2433 748 2482; x_wconf 90' lang='lat' dir='ltr'>ut</span> <span class='ocrx_word' id='word_1_295' title='bbox 768 2445 893 2482; x_wconf 90' lang='lat' dir='ltr'>cum</span> <span class='ocrx_word' id='word_1_296' title='bbox 919 2429 1160 2498; x_wconf 84' lang='lat' dir='ltr'>primum</span> <span class='ocrx_word' id='word_1_297' title='bbox 1188 2427 1544 2482; x_wconf 84' lang='lat' dir='ltr'>consederint</span> <span class='ocrx_word' id='word_1_298' title='bbox 1573 2426 1737 2482; x_wconf 88' lang='lat' dir='ltr'>tabu-</span> 
     </span>
    </p>
   </div>
   <div class='ocr_carea' id='block_1_38' title="bbox 133 2513 1732 2588">
    <p class='ocr_par' dir='ltr' id='par_1_38' title="bbox 133 2513 1732 2588">
     <span class='ocr_line' id='line_1_38' title="bbox 133 2513 1732 2588; baseline 0.002 -22"><span class='ocrx_word' id='word_1_299' title='bbox 133 2513 198 2567; x_wconf 75' lang='lat' dir='ltr'>lae</span> <span class='ocrx_word' id='word_1_300' title='bbox 225 2515 644 2584; x_wconf 77' lang='lat' dir='ltr'>percussionem</span> <span class='ocrx_word' id='word_1_301' title='bbox 671 2517 922 2581; x_wconf 87' lang='lat' dir='ltr'>audiant,</span> <span class='ocrx_word' id='word_1_302' title='bbox 956 2517 1095 2571; x_wconf 90' lang='lat' dir='ltr'>nihil</span> <span class='ocrx_word' id='word_1_303' title='bbox 1126 2517 1379 2571; x_wconf 90' lang='lat' dir='ltr'>alimenti</span> <span class='ocrx_word' id='word_1_304' title='bbox 1419 2516 1732 2588; x_wconf 65' lang='lat' dir='ltr'>praelibant.</span> 
     </span>
    </p>
   </div>
   <div class='ocr_carea' id='block_1_39' title="bbox 135 2603 1739 2677">
    <p class='ocr_par' dir='ltr' id='par_1_39' title="bbox 135 2603 1739 2677">
     <span class='ocr_line' id='line_1_39' title="bbox 135 2603 1739 2677; baseline 0.002 -22"><span class='ocrx_word' id='word_1_305' title='bbox 135 2603 220 2656; x_wconf 79' lang='lat' dir='ltr'>Ad</span> <span class='ocrx_word' id='word_1_306' title='bbox 250 2604 577 2673; x_wconf 87' lang='lat' dir='ltr'>hujusmodi</span> <span class='ocrx_word' id='word_1_307' title='bbox 603 2605 848 2659; x_wconf 89' lang='lat' dir='ltr'>ofﬁcium</span> <span class='ocrx_word' id='word_1_308' title='bbox 866 2622 977 2659; x_wconf 90' lang='lat' dir='ltr'>non</span> <span class='ocrx_word' id='word_1_309' title='bbox 1008 2606 1196 2677; x_wconf 89' lang='lat' dir='ltr'>plures</span> <span class='ocrx_word' id='word_1_310' title='bbox 1217 2622 1386 2676; x_wconf 90' lang='lat' dir='ltr'>quam</span> <span class='ocrx_word' id='word_1_311' title='bbox 1415 2611 1533 2659; x_wconf 86' lang='lat' dir='ltr'>tres</span> <span class='ocrx_word' id='word_1_312' title='bbox 1549 2605 1739 2659; x_wconf 90' lang='lat' dir='ltr'>dicun-</span> 
     </span>
    </p>
   </div>
   <div class='ocr_carea' id='block_1_40' title="bbox 136 2691 1740 2765">
    <p class='ocr_par' dir='ltr' id='par_1_40' title="bbox 136 2691 1740 2765">
     <span class='ocr_line' id='line_1_40' title="bbox 136 2691 1740 2765; baseline 0.002 -21"><span class='ocrx_word' id='word_1_313' title='bbox 136 2695 232 2745; x_wconf 88' lang='lat' dir='ltr'>tur</span> <span class='ocrx_word' id='word_1_314' title='bbox 276 2691 580 2759; x_wconf 89' lang='lat' dir='ltr'>orationes,</span> <span class='ocrx_word' id='word_1_315' title='bbox 626 2694 884 2748; x_wconf 92' lang='lat' dir='ltr'>videlicet</span> <span class='ocrx_word' id='word_1_316' title='bbox 932 2695 956 2748; x_wconf 85' lang='lat'><strong>?</strong></span> <span class='ocrx_word' id='word_1_317' title='bbox 1007 2696 1360 2765; x_wconf 74' lang='lat' dir='ltr'>Omnipotens</span> <span class='ocrx_word' id='word_1_318' title='bbox 1411 2698 1740 2764; x_wconf 78' lang='lat' dir='ltr'>sempiterna</span> 
     </span>
    </p>
   </div>
   <div class='ocr_carea' id='block_1_41' title="bbox 136 2781 1740 2854">
    <p class='ocr_par' dir='ltr' id='par_1_41' title="bbox 136 2781 1740 2854">
     <span class='ocr_line' id='line_1_41' title="bbox 136 2781 1740 2854; baseline 0.002 -21"><span class='ocrx_word' id='word_1_319' title='bbox 136 2781 293 2834; x_wconf 89' lang='lat' dir='ltr'>Deus.</span> <span class='ocrx_word' id='word_1_320' title='bbox 326 2782 469 2835; x_wconf 86' lang='lat' dir='ltr'>Deus</span> <span class='ocrx_word' id='word_1_321' title='bbox 496 2784 666 2835; x_wconf 58' lang='lat' dir='ltr'>venia</span> <span class='ocrx_word' id='word_1_322' title='bbox 699 2786 951 2849; x_wconf 82' lang='lat' dir='ltr'>largitor.</span> <span class='ocrx_word' id='word_1_323' title='bbox 994 2784 1288 2837; x_wconf 75' lang='lat' dir='ltr'>Fidelium.</span> <span class='ocrx_word' id='word_1_324' title='bbox 1307 2782 1364 2837; x_wconf 91' lang='lat' dir='ltr'>Si</span> <span class='ocrx_word' id='word_1_325' title='bbox 1392 2787 1580 2837; x_wconf 88' lang='lat' dir='ltr'>autem</span> <span class='ocrx_word' id='word_1_326' title='bbox 1612 2788 1740 2854; x_wconf 92' lang='lat' dir='ltr'>post</span> 
     </span>
    </p>
   </div>
   <div class='ocr_carea' id='block_1_42' title="bbox 135 2869 1738 2943">
    <p class='ocr_par' dir='ltr' id='par_1_42' title="bbox 135 2869 1738 2943">
     <span class='ocr_line' id='line_1_42' title="bbox 135 2869 1738 2943; baseline 0.001 -20"><span class='ocrx_word' id='word_1_327' title='bbox 135 2885 345 2923; x_wconf 89' lang='lat' dir='ltr'>nonam</span> <span class='ocrx_word' id='word_1_328' title='bbox 371 2869 578 2940; x_wconf 74' lang='lat' dir='ltr'>agitur,</span> <span class='ocrx_word' id='word_1_329' title='bbox 611 2871 835 2925; x_wconf 82' lang='lat' dir='ltr'>usuales</span> <span class='ocrx_word' id='word_1_330' title='bbox 865 2871 1146 2926; x_wconf 89' lang='lat' dir='ltr'>orationes</span> <span class='ocrx_word' id='word_1_331' title='bbox 1176 2872 1579 2943; x_wconf 87' lang='lat' dir='ltr'>adjunguntur,</span> <span class='ocrx_word' id='word_1_332' title='bbox 1606 2871 1738 2942; x_wconf 86' lang='lat' dir='ltr'>quia</span> 
     </span>
    </p>
   </div>
   <div class='ocr_carea' id='block_1_43' title="bbox 134 2959 1736 3031">
    <p class='ocr_par' dir='ltr' id='par_1_43' title="bbox 134 2959 1736 3031">
     <span class='ocr_line' id='line_1_43' title="bbox 134 2959 1736 3031; baseline 0.001 -20"><span class='ocrx_word' id='word_1_333' title='bbox 134 2959 493 3029; x_wconf 89' lang='lat' dir='ltr'>postmodum</span> <span class='ocrx_word' id='word_1_334' title='bbox 515 2976 583 3013; x_wconf 88' lang='lat' dir='ltr'>ea</span> <span class='ocrx_word' id='word_1_335' title='bbox 601 2959 691 3013; x_wconf 88' lang='lat' dir='ltr'>die</span> <span class='ocrx_word' id='word_1_336' title='bbox 713 2959 865 3013; x_wconf 90' lang='lat' dir='ltr'>aliud</span> <span class='ocrx_word' id='word_1_337' title='bbox 895 2977 1007 3014; x_wconf 88' lang='lat' dir='ltr'>non</span> <span class='ocrx_word' id='word_1_338' title='bbox 1037 2962 1310 3031; x_wconf 87' lang='lat' dir='ltr'>sequitur.</span> <span class='ocrx_word' id='word_1_339' title='bbox 1337 2961 1530 3015; x_wconf 88' lang='lat' dir='ltr'>Potest</span> <span class='ocrx_word' id='word_1_340' title='bbox 1547 2965 1736 3014; x_wconf 88' lang='lat' dir='ltr'>tamen</span> 
     </span>
    </p>
   </div>
   <div class='ocr_carea' id='block_1_44' title="bbox 134 3047 1738 3120">
    <p class='ocr_par' dir='ltr' id='par_1_44' title="bbox 134 3047 1738 3120">
     <span class='ocr_line' id='line_1_44' title="bbox 134 3047 1738 3120; baseline 0.002 -20"><span class='ocrx_word' id='word_1_341' title='bbox 134 3047 291 3118; x_wconf 88' lang='lat' dir='ltr'>prior</span> <span class='ocrx_word' id='word_1_342' title='bbox 325 3047 571 3101; x_wconf 85' lang='lat' dir='ltr'>officium</span> <span class='ocrx_word' id='word_1_343' title='bbox 601 3048 751 3102; x_wconf 91' lang='lat' dir='ltr'>idem</span> <span class='ocrx_word' id='word_1_344' title='bbox 780 3048 839 3102; x_wconf 90' lang='lat' dir='ltr'>in</span> <span class='ocrx_word' id='word_1_345' title='bbox 858 3049 1068 3103; x_wconf 87' lang='lat' dir='ltr'>talibus</span> <span class='ocrx_word' id='word_1_346' title='bbox 1098 3050 1275 3115; x_wconf 87' lang='lat' dir='ltr'>festis,</span> <span class='ocrx_word' id='word_1_347' title='bbox 1310 3050 1368 3103; x_wconf 91' lang='lat' dir='ltr'>in</span> <span class='ocrx_word' id='word_1_348' title='bbox 1391 3049 1593 3120; x_wconf 90' lang='lat' dir='ltr'>quibus</span> <span class='ocrx_word' id='word_1_349' title='bbox 1622 3049 1738 3103; x_wconf 86' lang='lat' dir='ltr'>fra-</span> 
     </span>
    </p>
   </div>
   <div class='ocr_carea' id='block_1_45' title="bbox 1820 1893 3418 1966">
    <p class='ocr_par' dir='ltr' id='par_1_45' title="bbox 1820 1893 3418 1966">
     <span class='ocr_line' id='line_1_45' title="bbox 1820 1893 3418 1966; baseline -0.001 -19"><span class='ocrx_word' id='word_1_350' title='bbox 1820 1899 1945 1964; x_wconf 90' lang='lat' dir='ltr'>post</span> <span class='ocrx_word' id='word_1_351' title='bbox 1964 1895 2200 1966; x_wconf 87' lang='lat' dir='ltr'>primam</span> <span class='ocrx_word' id='word_1_352' title='bbox 2223 1895 2558 1949; x_wconf 90' lang='lat' dir='ltr'>dominicam</span> <span class='ocrx_word' id='word_1_353' title='bbox 2573 1896 3044 1965; x_wconf 66' lang='lat' dir='ltr'>Quadragesimae,</span> <span class='ocrx_word' id='word_1_354' title='bbox 3067 1900 3195 1966; x_wconf 90' lang='lat' dir='ltr'>post</span> <span class='ocrx_word' id='word_1_355' title='bbox 3221 1893 3418 1948; x_wconf 85' lang='lat' dir='ltr'>nativi-</span> 
     </span>
    </p>
   </div>
   <div class='ocr_carea' id='block_1_46' title="bbox 1817 1984 3413 2056">
    <p class='ocr_par' dir='ltr' id='par_1_46' title="bbox 1817 1984 3413 2056">
     <span class='ocr_line' id='line_1_46' title="bbox 1817 1984 3413 2056; baseline -0.001 -19"><span class='ocrx_word' id='word_1_356' title='bbox 1817 1987 1994 2037; x_wconf 87' lang='lat' dir='ltr'>tatem</span> <span class='ocrx_word' id='word_1_357' title='bbox 2022 1984 2401 2054; x_wconf 89' lang='lat' dir='ltr'>apostolorum</span> <span class='ocrx_word' id='word_1_358' title='bbox 2433 1984 2584 2039; x_wconf 90' lang='lat' dir='ltr'>Petri</span> <span class='ocrx_word' id='word_1_359' title='bbox 2614 1990 2672 2039; x_wconf 90' lang='lat' dir='ltr'>et</span> <span class='ocrx_word' id='word_1_360' title='bbox 2698 1985 2877 2047; x_wconf 89' lang='lat' dir='ltr'>Pauli,</span> <span class='ocrx_word' id='word_1_361' title='bbox 2904 1990 3031 2056; x_wconf 92' lang='lat' dir='ltr'>post</span> <span class='ocrx_word' id='word_1_362' title='bbox 3056 1984 3413 2038; x_wconf 84' lang='lat' dir='ltr'>festivitatem</span> 
     </span>
    </p>
   </div>
   <div class='ocr_carea' id='block_1_47' title="bbox 1820 2071 3410 2145">
    <p class='ocr_par' dir='ltr' id='par_1_47' title="bbox 1820 2071 3410 2145">
     <span class='ocr_line' id='line_1_47' title="bbox 1820 2071 3410 2145; baseline -0.001 -18"><span class='ocrx_word' id='word_1_363' title='bbox 1820 2071 2086 2127; x_wconf 90' lang='lat' dir='ltr'>Omnium</span> <span class='ocrx_word' id='word_1_364' title='bbox 2138 2074 2489 2137; x_wconf 84' lang='lat' dir='ltr'>Sanctorum,</span> <span class='ocrx_word' id='word_1_365' title='bbox 2554 2074 2612 2127; x_wconf 90' lang='lat' dir='ltr'>in</span> <span class='ocrx_word' id='word_1_366' title='bbox 2653 2074 2856 2145; x_wconf 91' lang='lat' dir='ltr'>quibus</span> <span class='ocrx_word' id='word_1_367' title='bbox 2881 2073 3197 2144; x_wconf 87' lang='lat' dir='ltr'>specialiter</span> <span class='ocrx_word' id='word_1_368' title='bbox 3215 2088 3410 2127; x_wconf 91' lang='lat' dir='ltr'>eorum</span> 
     </span>
    </p>
   </div>
   <div class='ocr_carea' id='block_1_48' title="bbox 1818 2161 3408 2228">
    <p class='ocr_par' dir='ltr' id='par_1_48' title="bbox 1818 2161 3408 2228">
     <span class='ocr_line' id='line_1_48' title="bbox 1818 2161 3408 2228; baseline 0 -13"><span class='ocrx_word' id='word_1_369' title='bbox 1818 2163 2406 2216; x_wconf 89' lang='lat' dir='ltr'>commemorationem</span> <span class='ocrx_word' id='word_1_370' title='bbox 2437 2163 2694 2225; x_wconf 83' lang='lat' dir='ltr'>facimus.</span> <span class='ocrx_word' id='word_1_371' title='bbox 2727 2180 2853 2217; x_wconf 91' lang='lat' dir='ltr'>cum</span> <span class='ocrx_word' id='word_1_372' title='bbox 2898 2162 3081 2217; x_wconf 91' lang='lat' dir='ltr'>ofﬁcio</span> <span class='ocrx_word' id='word_1_373' title='bbox 3110 2167 3168 2216; x_wconf 90' lang='lat' dir='ltr'>et</span> <span class='ocrx_word' id='word_1_374' title='bbox 3214 2161 3408 2228; x_wconf 89' lang='lat' dir='ltr'>missa,</span> 
     </span>
    </p>
   </div>
   <div class='ocr_carea' id='block_1_49' title="bbox 1818 2250 3406 2321">
    <p class='ocr_par' dir='ltr' id='par_1_49' title="bbox 1818 2250 3406 2321">
     <span class='ocr_line' id='line_1_49' title="bbox 1818 2250 3406 2321; baseline 0.001 -18"><span class='ocrx_word' id='word_1_375' title='bbox 1818 2267 1944 2304; x_wconf 91' lang='lat' dir='ltr'>cum</span> <span class='ocrx_word' id='word_1_376' title='bbox 1968 2250 2285 2320; x_wconf 89' lang='lat' dir='ltr'>septenario</span> <span class='ocrx_word' id='word_1_377' title='bbox 2306 2256 2360 2305; x_wconf 91' lang='lat' dir='ltr'>et</span> <span class='ocrx_word' id='word_1_378' title='bbox 2392 2250 2689 2321; x_wconf 67' lang='lat' dir='ltr'>praebenda</span> <span class='ocrx_word' id='word_1_379' title='bbox 2721 2268 2731 2303; x_wconf 91' lang='lat'><strong>:</strong></span> <span class='ocrx_word' id='word_1_380' title='bbox 2765 2250 2977 2305; x_wconf 90' lang='lat' dir='ltr'>scilicet</span> <span class='ocrx_word' id='word_1_381' title='bbox 2994 2250 3189 2304; x_wconf 83' lang='lat' dir='ltr'>eodem</span> <span class='ocrx_word' id='word_1_382' title='bbox 3220 2250 3406 2313; x_wconf 88' lang='lat' dir='ltr'>modo,</span> 
     </span>
    </p>
   </div>
   <div class='ocr_carea' id='block_1_50' title="bbox 1819 2338 3412 2410">
    <p class='ocr_par' dir='ltr' id='par_1_50' title="bbox 1819 2338 3412 2410">
     <span class='ocr_line' id='line_1_50' title="bbox 1819 2338 3412 2410; baseline -0.001 -18"><span class='ocrx_word' id='word_1_383' title='bbox 1819 2355 1929 2409; x_wconf 93' lang='lat' dir='ltr'>quo</span> <span class='ocrx_word' id='word_1_384' title='bbox 1958 2339 2102 2393; x_wconf 91' lang='lat' dir='ltr'>solet</span> <span class='ocrx_word' id='word_1_385' title='bbox 2124 2339 2214 2409; x_wconf 89' lang='lat' dir='ltr'>agi</span> <span class='ocrx_word' id='word_1_386' title='bbox 2245 2356 2346 2409; x_wconf 91' lang='lat' dir='ltr'>pro</span> <span class='ocrx_word' id='word_1_387' title='bbox 2378 2338 2626 2409; x_wconf 91' lang='lat' dir='ltr'>quolibet</span> <span class='ocrx_word' id='word_1_388' title='bbox 2676 2338 2925 2404; x_wconf 88' lang='lat' dir='ltr'>absente,</span> <span class='ocrx_word' id='word_1_389' title='bbox 2960 2339 3057 2410; x_wconf 87' lang='lat' dir='ltr'>qui</span> <span class='ocrx_word' id='word_1_390' title='bbox 3104 2338 3307 2393; x_wconf 89' lang='lat' dir='ltr'>obierit</span> <span class='ocrx_word' id='word_1_391' title='bbox 3351 2339 3412 2393; x_wconf 90' lang='lat' dir='ltr'>in</span> 
     </span>
    </p>
   </div>
   <div class='ocr_carea' id='block_1_51' title="bbox 1817 2428 3413 2499">
    <p class='ocr_par' dir='ltr' id='par_1_51' title="bbox 1817 2428 3413 2499">
     <span class='ocr_line' id='line_1_51' title="bbox 1817 2428 3413 2499; baseline 0 -17"><span class='ocrx_word' id='word_1_392' title='bbox 1817 2428 2006 2498; x_wconf 89' lang='lat' dir='ltr'>aliqua</span> <span class='ocrx_word' id='word_1_393' title='bbox 2018 2428 2286 2482; x_wconf 90' lang='lat' dir='ltr'>cellarum</span> <span class='ocrx_word' id='word_1_394' title='bbox 2300 2435 2620 2482; x_wconf 88' lang='lat' dir='ltr'>nostrarum</span> <span class='ocrx_word' id='word_1_395' title='bbox 2644 2446 2654 2480; x_wconf 89' lang='lat'>:</span> <span class='ocrx_word' id='word_1_396' title='bbox 2675 2434 2904 2499; x_wconf 78' lang='lat' dir='ltr'>excepto</span> <span class='ocrx_word' id='word_1_397' title='bbox 2928 2428 3074 2499; x_wconf 91' lang='lat' dir='ltr'>quod</span> <span class='ocrx_word' id='word_1_398' title='bbox 3095 2428 3413 2482; x_wconf 88' lang='lat' dir='ltr'>sacerdotes</span> 
     </span>
    </p>
   </div>
   <div class='ocr_carea' id='block_1_52' title="bbox 1819 2516 3409 2589">
    <p class='ocr_par' dir='ltr' id='par_1_52' title="bbox 1819 2516 3409 2589">
     <span class='ocr_line' id='line_1_52' title="bbox 1819 2516 3409 2589; baseline 0 -19"><span class='ocrx_word' id='word_1_399' title='bbox 1819 2516 2047 2570; x_wconf 88' lang='lat' dir='ltr'>missam</span> <span class='ocrx_word' id='word_1_400' title='bbox 2082 2533 2195 2571; x_wconf 91' lang='lat' dir='ltr'>non</span> <span class='ocrx_word' id='word_1_401' title='bbox 2211 2521 2458 2582; x_wconf 88' lang='lat' dir='ltr'>cantent,</span> <span class='ocrx_word' id='word_1_402' title='bbox 2499 2534 2681 2587; x_wconf 89' lang='lat' dir='ltr'>neque</span> <span class='ocrx_word' id='word_1_403' title='bbox 2711 2518 2806 2571; x_wconf 89' lang='lat' dir='ltr'>alii</span> <span class='ocrx_word' id='word_1_404' title='bbox 2847 2518 3126 2589; x_wconf 88' lang='lat' dir='ltr'>psalmum</span> <span class='ocrx_word' id='word_1_405' title='bbox 3147 2519 3409 2572; x_wconf 83' lang='lat' dir='ltr'>Laudate.</span> 
     </span>
    </p>
   </div>
   <div class='ocr_carea' id='block_1_53' title="bbox 1820 2604 3412 2678">
    <p class='ocr_par' dir='ltr' id='par_1_53' title="bbox 1820 2604 3412 2678">
     <span class='ocr_line' id='line_1_53' title="bbox 1820 2604 3412 2678; baseline 0.001 -20"><span class='ocrx_word' id='word_1_406' title='bbox 1820 2604 1979 2668; x_wconf 87' lang='lat' dir='ltr'>Quod</span> <span class='ocrx_word' id='word_1_407' title='bbox 2006 2622 2131 2659; x_wconf 92' lang='lat' dir='ltr'>cum</span> <span class='ocrx_word' id='word_1_408' title='bbox 2157 2607 2293 2659; x_wconf 89' lang='lat' dir='ltr'>satis</span> <span class='ocrx_word' id='word_1_409' title='bbox 2328 2606 2621 2660; x_wconf 89' lang='lat' dir='ltr'>manifeste</span> <span class='ocrx_word' id='word_1_410' title='bbox 2649 2608 2887 2661; x_wconf 88' lang='lat' dir='ltr'>relatum</span> <span class='ocrx_word' id='word_1_411' title='bbox 2920 2607 2995 2661; x_wconf 91' lang='lat' dir='ltr'>sit</span> <span class='ocrx_word' id='word_1_412' title='bbox 3027 2607 3086 2661; x_wconf 88' lang='lat' dir='ltr'>in</span> <span class='ocrx_word' id='word_1_413' title='bbox 3106 2606 3412 2678; x_wconf 88' lang='lat' dir='ltr'>superiori-</span> 
     </span>
    </p>
   </div>
   <div class='ocr_carea' id='block_1_54' title="bbox 1823 2693 2884 2766">
    <p class='ocr_par' dir='ltr' id='par_1_54' title="bbox 1823 2693 2884 2766">
     <span class='ocr_line' id='line_1_54' title="bbox 1823 2693 2884 2766; baseline 0.002 -19"><span class='ocrx_word' id='word_1_414' title='bbox 1823 2693 1944 2759; x_wconf 91' lang='lat' dir='ltr'>bus,</span> <span class='ocrx_word' id='word_1_415' title='bbox 1967 2710 2078 2747; x_wconf 92' lang='lat' dir='ltr'>non</span> <span class='ocrx_word' id='word_1_416' title='bbox 2110 2710 2250 2766; x_wconf 91' lang='lat' dir='ltr'>opus</span> <span class='ocrx_word' id='word_1_417' title='bbox 2281 2699 2365 2748; x_wconf 90' lang='lat' dir='ltr'>est</span> <span class='ocrx_word' id='word_1_418' title='bbox 2391 2695 2634 2749; x_wconf 89' lang='lat' dir='ltr'>secundo</span> <span class='ocrx_word' id='word_1_419' title='bbox 2656 2696 2884 2750; x_wconf 89' lang='lat' dir='ltr'>referre.</span> 
     </span>
    </p>
   </div>
   <div class='ocr_carea' id='block_1_55' title="bbox 2374 2783 2913 2839">
    <p class='ocr_par' dir='ltr' id='par_1_55' title="bbox 2374 2783 2913 2839">
     <span class='ocr_line' id='line_1_55' title="bbox 2374 2783 2913 2839; baseline 0 -2"><span class='ocrx_word' id='word_1_420' title='bbox 2374 2784 2608 2838; x_wconf 87' lang='lat' dir='ltr'>CAPUT</span> <span class='ocrx_word' id='word_1_421' title='bbox 2632 2783 2913 2839; x_wconf 80' lang='lat' dir='ltr'>LXXIX.</span> 
     </span>
    </p>
   </div>
   <div class='ocr_carea' id='block_1_56' title="bbox 1926 2871 3300 2941">
    <p class='ocr_par' dir='ltr' id='par_1_56' title="bbox 1926 2871 3300 2941">
     <span class='ocr_line' id='line_1_56' title="bbox 1926 2871 3300 2941; baseline -0.001 -17"><span class='ocrx_word' id='word_1_422' title='bbox 1926 2873 2070 2939; x_wconf 79' lang='lat' dir='ltr'>Quid</span> <span class='ocrx_word' id='word_1_423' title='bbox 2096 2877 2303 2939; x_wconf 81' lang='lat' dir='ltr'>agatur</span> <span class='ocrx_word' id='word_1_424' title='bbox 2326 2888 2428 2941; x_wconf 81' lang='lat' dir='ltr'>pro</span> <span class='ocrx_word' id='word_1_425' title='bbox 2454 2873 2557 2935; x_wconf 88' lang='lat' dir='ltr'>his,</span> <span class='ocrx_word' id='word_1_426' title='bbox 2580 2876 2681 2941; x_wconf 87' lang='lat' dir='ltr'>qui</span> <span class='ocrx_word' id='word_1_427' title='bbox 2702 2877 2765 2926; x_wconf 89' lang='lat' dir='ltr'>in</span> <span class='ocrx_word' id='word_1_428' title='bbox 2797 2875 2906 2926; x_wconf 89' lang='lat' dir='ltr'>loco</span> <span class='ocrx_word' id='word_1_429' title='bbox 2925 2876 3056 2926; x_wconf 86' lang='lat' dir='ltr'>sunt</span> <span class='ocrx_word' id='word_1_430' title='bbox 3084 2871 3300 2939; x_wconf 81' lang='lat' dir='ltr'>sepulti.</span> 
     </span>
    </p>
   </div>
   <div class='ocr_carea' id='block_1_57' title="bbox 1889 2958 3411 3031">
    <p class='ocr_par' dir='ltr' id='par_1_57' title="bbox 1889 2958 3411 3031">
     <span class='ocr_line' id='line_1_57' title="bbox 1889 2958 3411 3031; baseline -0.001 -18"><span class='ocrx_word' id='word_1_431' title='bbox 1889 2962 1911 2983; x_wconf 77' lang='lat'>*</span> <span class='ocrx_word' id='word_1_432' title='bbox 1942 2960 2175 3024; x_wconf 86' lang='lat' dir='ltr'>Quando</span> <span class='ocrx_word' id='word_1_433' title='bbox 2204 2967 2331 3031; x_wconf 88' lang='lat' dir='ltr'>post</span> <span class='ocrx_word' id='word_1_434' title='bbox 2351 2966 2601 3014; x_wconf 88' lang='lat' dir='ltr'>octavam</span> <span class='ocrx_word' id='word_1_435' title='bbox 2633 2962 2989 3015; x_wconf 85' lang='lat' dir='ltr'>Pentecostes</span> <span class='ocrx_word' id='word_1_436' title='bbox 3007 2960 3148 3014; x_wconf 89' lang='lat' dir='ltr'>feria</span> <span class='ocrx_word' id='word_1_437' title='bbox 3167 2958 3411 3013; x_wconf 89' lang='lat' dir='ltr'>secunda</span> 
     </span>
    </p>
   </div>
   <div class='ocr_carea' id='block_1_58' title="bbox 1819 3047 3410 3121">
    <p class='ocr_par' dir='ltr' id='par_1_58' title="bbox 1819 3047 3410 3121">
     <span class='ocr_line' id='line_1_58' title="bbox 1819 3047 3410 3121; baseline -0.002 -19"><span class='ocrx_word' id='word_1_438' title='bbox 1819 3050 2094 3103; x_wconf 87' lang='lat' dir='ltr'>memoria</span> <span class='ocrx_word' id='word_1_439' title='bbox 2121 3066 2339 3114; x_wconf 91' lang='lat' dir='ltr'>eorum,</span> <span class='ocrx_word' id='word_1_440' title='bbox 2366 3051 2461 3120; x_wconf 92' lang='lat' dir='ltr'>qui</span> <span class='ocrx_word' id='word_1_441' title='bbox 2480 3050 2628 3121; x_wconf 91' lang='lat' dir='ltr'>apud</span> <span class='ocrx_word' id='word_1_442' title='bbox 2658 3067 2760 3104; x_wconf 89' lang='lat' dir='ltr'>nos</span> <span class='ocrx_word' id='word_1_443' title='bbox 2785 3050 2988 3120; x_wconf 91' lang='lat' dir='ltr'>sepulti</span> <span class='ocrx_word' id='word_1_444' title='bbox 3008 3047 3410 3114; x_wconf 88' lang='lat' dir='ltr'>sunt,maximo</span> 
     </span>
    </p>
   </div>
   <div class='ocr_carea' id='block_1_59' title="bbox 132 3131 3410 3210">
    <p class='ocr_par' dir='ltr' id='par_1_59' title="bbox 132 3131 3410 3210">
     <span class='ocr_line' id='line_1_59' title="bbox 132 3131 3410 3210; baseline -0 -20"><span class='ocrx_word' id='word_1_445' title='bbox 132 3142 268 3198; x_wconf 88' lang='lat' dir='ltr'>tres,</span> <span class='ocrx_word' id='word_1_446' title='bbox 294 3136 399 3191; x_wconf 91' lang='lat' dir='ltr'>Dei</span> <span class='ocrx_word' id='word_1_447' title='bbox 418 3136 686 3191; x_wconf 89' lang='lat' dir='ltr'>servitute</span> <span class='ocrx_word' id='word_1_448' title='bbox 716 3138 933 3192; x_wconf 91' lang='lat' dir='ltr'>noviter</span> <span class='ocrx_word' id='word_1_449' title='bbox 961 3139 1101 3194; x_wconf 88' lang='lat' dir='ltr'>adeo</span> <span class='ocrx_word' id='word_1_450' title='bbox 1129 3138 1347 3209; x_wconf 86' lang='lat' dir='ltr'>gravati</span> <span class='ocrx_word' id='word_1_451' title='bbox 1375 3145 1525 3204; x_wconf 85' lang='lat' dir='ltr'>sunt,</span> <span class='ocrx_word' id='word_1_452' title='bbox 1559 3131 1796 3209; x_wconf 87' lang='lat' dir='ltr'>usqueC</span> <span class='ocrx_word' id='word_1_453' title='bbox 1822 3139 1935 3193; x_wconf 91' lang='lat' dir='ltr'>ritu</span> <span class='ocrx_word' id='word_1_454' title='bbox 1965 3141 2169 3209; x_wconf 86' lang='lat' dir='ltr'>agitur,</span> <span class='ocrx_word' id='word_1_455' title='bbox 2204 3139 2608 3210; x_wconf 88' lang='lat' dir='ltr'>unusquisque,</span> <span class='ocrx_word' id='word_1_456' title='bbox 2641 3140 2738 3209; x_wconf 91' lang='lat' dir='ltr'>qui</span> <span class='ocrx_word' id='word_1_457' title='bbox 2767 3139 2873 3193; x_wconf 88' lang='lat' dir='ltr'>scit</span> <span class='ocrx_word' id='word_1_458' title='bbox 2911 3144 3123 3210; x_wconf 89' lang='lat' dir='ltr'>septem</span> <span class='ocrx_word' id='word_1_459' title='bbox 3145 3137 3410 3209; x_wconf 88' lang='lat' dir='ltr'>psalmos,</span> 
     </span>
    </p>
   </div>
   <div class='ocr_carea' id='block_1_60' title="bbox 132 3225 993 3297">
    <p class='ocr_par' dir='ltr' id='par_1_60' title="bbox 132 3225 993 3297">
     <span class='ocr_line' id='line_1_60' title="bbox 132 3225 993 3297; baseline 0.002 -18"><span class='ocrx_word' id='word_1_460' title='bbox 132 3225 193 3279; x_wconf 89' lang='lat' dir='ltr'>in</span> <span class='ocrx_word' id='word_1_461' title='bbox 223 3232 554 3297; x_wconf 89' lang='lat' dir='ltr'>sequentem</span> <span class='ocrx_word' id='word_1_462' title='bbox 574 3227 725 3281; x_wconf 90' lang='lat' dir='ltr'>diem</span> <span class='ocrx_word' id='word_1_463' title='bbox 751 3227 993 3281; x_wconf 79' lang='lat' dir='ltr'>differre.</span> 
     </span>
    </p>
   </div>
   <div class='ocr_carea' id='block_1_61' title="bbox 634 3333 1214 3389">
    <p class='ocr_par' dir='ltr' id='par_1_61' title="bbox 634 3333 1214 3389">
     <span class='ocr_line' id='line_1_61' title="bbox 634 3333 1214 3389; baseline 0.003 -2"><span class='ocrx_word' id='word_1_464' title='bbox 634 3333 866 3389; x_wconf 87' lang='lat' dir='ltr'>CAPUT</span> <span class='ocrx_word' id='word_1_465' title='bbox 895 3334 997 3389; x_wconf 88' lang='lat' dir='ltr'>LX</span> <span class='ocrx_word' id='word_1_466' title='bbox 1005 3333 1214 3389; x_wconf 86' lang='lat' dir='ltr'>XVIII.</span> 
     </span>
    </p>
   </div>
   <div class='ocr_carea' id='block_1_62' title="bbox 206 3422 1666 3491">
    <p class='ocr_par' dir='ltr' id='par_1_62' title="bbox 206 3422 1666 3491">
     <span class='ocr_line' id='line_1_62' title="bbox 206 3422 1666 3491; baseline 0.002 -17"><span class='ocrx_word' id='word_1_467' title='bbox 206 3422 278 3475; x_wconf 83' lang='lat' dir='ltr'>De</span> <span class='ocrx_word' id='word_1_468' title='bbox 305 3422 693 3488; x_wconf 80' lang='lat' dir='ltr'>familiaribus</span> <span class='ocrx_word' id='word_1_469' title='bbox 723 3425 925 3476; x_wconf 76' lang='lat' dir='ltr'>nostris</span> <span class='ocrx_word' id='word_1_470' title='bbox 952 3426 1089 3475; x_wconf 80' lang='lat' dir='ltr'>rivis</span> <span class='ocrx_word' id='word_1_471' title='bbox 1110 3429 1158 3476; x_wconf 87' lang='lat' dir='ltr'>et</span> <span class='ocrx_word' id='word_1_472' title='bbox 1186 3425 1460 3491; x_wconf 76' lang='lat' dir='ltr'>defunctis</span> <span class='ocrx_word' id='word_1_473' title='bbox 1480 3441 1498 3488; x_wconf 88' lang='lat'><strong><em>;</em></strong></span> <span class='ocrx_word' id='word_1_474' title='bbox 1531 3424 1666 3490; x_wconf 85' lang='lat' dir='ltr'>quid</span> 
     </span>
    </p>
   </div>
   <div class='ocr_carea' id='block_1_63' title="bbox 702 3497 1151 3563">
    <p class='ocr_par' dir='ltr' id='par_1_63' title="bbox 702 3497 1151 3563">
     <span class='ocr_line' id='line_1_63' title="bbox 702 3497 1151 3563; baseline -0.004 -16"><span class='ocrx_word' id='word_1_475' title='bbox 702 3498 908 3561; x_wconf 81' lang='lat' dir='ltr'>agatur</span> <span class='ocrx_word' id='word_1_476' title='bbox 931 3510 1033 3563; x_wconf 84' lang='lat' dir='ltr'>pro</span> <span class='ocrx_word' id='word_1_477' title='bbox 1061 3497 1151 3547; x_wconf 82' lang='lat' dir='ltr'>eis.</span> 
     </span>
    </p>
   </div>
   <div class='ocr_carea' id='block_1_64' title="bbox 206 3581 1738 3652">
    <p class='ocr_par' dir='ltr' id='par_1_64' title="bbox 206 3581 1738 3652">
     <span class='ocr_line' id='line_1_64' title="bbox 206 3581 1738 3652; baseline 0.002 -16"><span class='ocrx_word' id='word_1_478' title='bbox 206 3581 402 3651; x_wconf 76' lang='lat' dir='ltr'>(01).)N</span> <span class='ocrx_word' id='word_1_479' title='bbox 405 3582 648 3635; x_wconf 82' lang='lat' dir='ltr'>onnullae</span> <span class='ocrx_word' id='word_1_480' title='bbox 668 3588 798 3636; x_wconf 87' lang='lat' dir='ltr'>sunt</span> <span class='ocrx_word' id='word_1_481' title='bbox 814 3582 1274 3652; x_wconf 87' lang='lat' dir='ltr'>congregationes</span> <span class='ocrx_word' id='word_1_482' title='bbox 1298 3600 1410 3638; x_wconf 91' lang='lat' dir='ltr'>non</span> <span class='ocrx_word' id='word_1_483' title='bbox 1427 3586 1607 3639; x_wconf 89' lang='lat' dir='ltr'>solum</span> <span class='ocrx_word' id='word_1_484' title='bbox 1622 3601 1738 3638; x_wconf 90' lang='lat' dir='ltr'>mo-</span> 
     </span>
    </p>
   </div>
   <div class='ocr_carea' id='block_1_65' title="bbox 135 3669 1736 3740">
    <p class='ocr_par' dir='ltr' id='par_1_65' title="bbox 135 3669 1736 3740">
     <span class='ocr_line' id='line_1_65' title="bbox 135 3669 1736 3740; baseline 0.004 -18"><span class='ocrx_word' id='word_1_485' title='bbox 135 3669 467 3735; x_wconf 89' lang='lat' dir='ltr'>nachorum,</span> <span class='ocrx_word' id='word_1_486' title='bbox 493 3670 589 3724; x_wconf 88' lang='lat' dir='ltr'>sed</span> <span class='ocrx_word' id='word_1_487' title='bbox 606 3671 776 3724; x_wconf 89' lang='lat' dir='ltr'>etiam</span> <span class='ocrx_word' id='word_1_488' title='bbox 798 3670 1146 3736; x_wconf 91' lang='lat' dir='ltr'>clericorum,</span> <span class='ocrx_word' id='word_1_489' title='bbox 1184 3687 1307 3740; x_wconf 68' lang='lat' dir='ltr'>quae</span> <span class='ocrx_word' id='word_1_490' title='bbox 1320 3672 1530 3727; x_wconf 87' lang='lat' dir='ltr'>habent</span> <span class='ocrx_word' id='word_1_491' title='bbox 1560 3676 1736 3728; x_wconf 85' lang='lat' dir='ltr'>socie-</span> 
     </span>
    </p>
   </div>
   <div class='ocr_carea' id='block_1_66' title="bbox 133 3759 1737 3826">
    <p class='ocr_par' dir='ltr' id='par_1_66' title="bbox 133 3759 1737 3826">
     <span class='ocr_line' id='line_1_66' title="bbox 133 3759 1737 3826; baseline 0.004 -17"><span class='ocrx_word' id='word_1_492' title='bbox 133 3760 309 3811; x_wconf 87' lang='lat' dir='ltr'>tatem</span> <span class='ocrx_word' id='word_1_493' title='bbox 330 3764 605 3825; x_wconf 89' lang='lat' dir='ltr'>nostram,</span> <span class='ocrx_word' id='word_1_494' title='bbox 632 3767 688 3814; x_wconf 92' lang='lat' dir='ltr'>et</span> <span class='ocrx_word' id='word_1_495' title='bbox 715 3759 1146 3826; x_wconf 84' lang='lat' dir='ltr'>fraternitatem,</span> <span class='ocrx_word' id='word_1_496' title='bbox 1170 3765 1235 3813; x_wconf 90' lang='lat' dir='ltr'>ut</span> <span class='ocrx_word' id='word_1_497' title='bbox 1262 3778 1388 3815; x_wconf 92' lang='lat' dir='ltr'>cum</span> <span class='ocrx_word' id='word_1_498' title='bbox 1437 3762 1621 3817; x_wconf 90' lang='lat' dir='ltr'>brevis</span> <span class='ocrx_word' id='word_1_499' title='bbox 1651 3780 1737 3816; x_wconf 85' lang='lat' dir='ltr'>ve-</span> 
     </span>
    </p>
   </div>
   <div class='ocr_carea' id='block_1_67' title="bbox 135 3846 1735 3919">
    <p class='ocr_par' dir='ltr' id='par_1_67' title="bbox 135 3846 1735 3919">
     <span class='ocr_line' id='line_1_67' title="bbox 135 3846 1735 3919; baseline 0.005 -20"><span class='ocrx_word' id='word_1_500' title='bbox 135 3846 285 3900; x_wconf 88' lang='lat' dir='ltr'>nerit</span> <span class='ocrx_word' id='word_1_501' title='bbox 312 3847 384 3900; x_wconf 91' lang='lat' dir='ltr'>de</span> <span class='ocrx_word' id='word_1_502' title='bbox 413 3847 672 3902; x_wconf 82' lang='lat' dir='ltr'>defuncto</span> <span class='ocrx_word' id='word_1_503' title='bbox 702 3848 949 3913; x_wconf 89' lang='lat' dir='ltr'>illorum,</span> <span class='ocrx_word' id='word_1_504' title='bbox 982 3848 1071 3902; x_wconf 89' lang='lat' dir='ltr'>vel</span> <span class='ocrx_word' id='word_1_505' title='bbox 1100 3849 1170 3902; x_wconf 90' lang='lat' dir='ltr'>ad</span> <span class='ocrx_word' id='word_1_506' title='bbox 1217 3849 1342 3903; x_wconf 89' lang='lat' dir='ltr'>illos</span> <span class='ocrx_word' id='word_1_507' title='bbox 1370 3857 1582 3919; x_wconf 89' lang='lat' dir='ltr'>nostra,</span> <span class='ocrx_word' id='word_1_508' title='bbox 1613 3854 1735 3907; x_wconf 83' lang='lat' dir='ltr'>ofﬁ-</span> 
     </span>
    </p>
   </div>
   <div class='ocr_carea' id='block_1_68' title="bbox 133 3933 1737 4009">
    <p class='ocr_par' dir='ltr' id='par_1_68' title="bbox 133 3933 1737 4009">
     <span class='ocr_line' id='line_1_68' title="bbox 133 3933 1737 4009; baseline 0.006 -22"><span class='ocrx_word' id='word_1_509' title='bbox 133 3933 283 3988; x_wconf 91' lang='lat' dir='ltr'>cium</span> <span class='ocrx_word' id='word_1_510' title='bbox 314 3940 374 3990; x_wconf 89' lang='lat' dir='ltr'>et</span> <span class='ocrx_word' id='word_1_511' title='bbox 398 3937 573 3990; x_wconf 90' lang='lat' dir='ltr'>missa</span> <span class='ocrx_word' id='word_1_512' title='bbox 612 3943 862 4008; x_wconf 85' lang='lat' dir='ltr'>geratur,</span> <span class='ocrx_word' id='word_1_513' title='bbox 901 3943 958 3991; x_wconf 92' lang='lat' dir='ltr'>et</span> <span class='ocrx_word' id='word_1_514' title='bbox 984 3944 1180 4008; x_wconf 88' lang='lat' dir='ltr'>postea</span> <span class='ocrx_word' id='word_1_515' title='bbox 1227 3941 1580 4009; x_wconf 85' lang='lat' dir='ltr'>septenarius</span> <span class='ocrx_word' id='word_1_516' title='bbox 1607 3958 1737 3996; x_wconf 90' lang='lat' dir='ltr'>cum</span> 
     </span>
    </p>
   </div>
   <div class='ocr_carea' id='block_1_69' title="bbox 136 4023 1737 4086">
    <p class='ocr_par' dir='ltr' id='par_1_69' title="bbox 136 4023 1737 4086">
     <span class='ocr_line' id='line_1_69' title="bbox 136 4023 1737 4086; baseline 0.006 -10"><span class='ocrx_word' id='word_1_517' title='bbox 136 4023 332 4078; x_wconf 70' lang='lat' dir='ltr'>officiis</span> <span class='ocrx_word' id='word_1_518' title='bbox 345 4030 405 4079; x_wconf 90' lang='lat' dir='ltr'>et</span> <span class='ocrx_word' id='word_1_519' title='bbox 431 4026 635 4080; x_wconf 88' lang='lat' dir='ltr'>missis.</span> <span class='ocrx_word' id='word_1_520' title='bbox 659 4029 674 4048; x_wconf 83' lang='lat'><strong><em>‘</em></strong></span> <span class='ocrx_word' id='word_1_521' title='bbox 701 4028 808 4080; x_wconf 89' lang='lat' dir='ltr'>Pro</span> <span class='ocrx_word' id='word_1_522' title='bbox 834 4028 987 4081; x_wconf 91' lang='lat' dir='ltr'>nullo</span> <span class='ocrx_word' id='word_1_523' title='bbox 1026 4032 1215 4081; x_wconf 89' lang='lat' dir='ltr'>autem</span> <span class='ocrx_word' id='word_1_524' title='bbox 1242 4027 1443 4083; x_wconf 88' lang='lat' dir='ltr'>abbate</span> <span class='ocrx_word' id='word_1_525' title='bbox 1473 4030 1737 4086; x_wconf 90' lang='lat' dir='ltr'>defuncto</span> 
     </span>
    </p>
   </div>
   <div class='ocr_carea' id='block_1_70' title="bbox 132 4112 1733 4187">
    <p class='ocr_par' dir='ltr' id='par_1_70' title="bbox 132 4112 1733 4187">
     <span class='ocr_line' id='line_1_70' title="bbox 132 4112 1733 4187; baseline 0.004 -21"><span class='ocrx_word' id='word_1_526' title='bbox 132 4112 259 4183; x_wconf 89' lang='lat' dir='ltr'>plus</span> <span class='ocrx_word' id='word_1_527' title='bbox 288 4113 533 4184; x_wconf 84' lang='lat' dir='ltr'>agimus,</span> <span class='ocrx_word' id='word_1_528' title='bbox 566 4132 734 4186; x_wconf 88' lang='lat' dir='ltr'>quam</span> <span class='ocrx_word' id='word_1_529' title='bbox 766 4133 865 4187; x_wconf 91' lang='lat' dir='ltr'>pro</span> <span class='ocrx_word' id='word_1_530' title='bbox 889 4133 999 4170; x_wconf 89' lang='lat' dir='ltr'>uno</span> <span class='ocrx_word' id='word_1_531' title='bbox 1021 4132 1088 4170; x_wconf 85' lang='lat' dir='ltr'>ex</span> <span class='ocrx_word' id='word_1_532' title='bbox 1123 4117 1239 4170; x_wconf 90' lang='lat' dir='ltr'>suis</span> <span class='ocrx_word' id='word_1_533' title='bbox 1276 4117 1562 4173; x_wconf 90' lang='lat' dir='ltr'>fratribus.</span> <span class='ocrx_word' id='word_1_534' title='bbox 1592 4121 1733 4174; x_wconf 90' lang='lat' dir='ltr'>Sunt</span> 
     </span>
    </p>
   </div>
   <div class='ocr_carea' id='block_1_71' title="bbox 134 4201 1732 4279">
    <p class='ocr_par' dir='ltr' id='par_1_71' title="bbox 134 4201 1732 4279">
     <span class='ocr_line' id='line_1_71' title="bbox 134 4201 1732 4279; baseline 0.007 -26"><span class='ocrx_word' id='word_1_535' title='bbox 134 4201 304 4255; x_wconf 90' lang='lat' dir='ltr'>etiam</span> <span class='ocrx_word' id='word_1_536' title='bbox 335 4203 593 4273; x_wconf 67' lang='lat' dir='ltr'>quaedam</span> <span class='ocrx_word' id='word_1_537' title='bbox 622 4206 1104 4275; x_wconf 86' lang='lat' dir='ltr'>congregationes,</span> <span class='ocrx_word' id='word_1_538' title='bbox 1130 4204 1333 4275; x_wconf 91' lang='lat' dir='ltr'>quibus</span> <span class='ocrx_word' id='word_1_539' title='bbox 1355 4209 1596 4279; x_wconf 84' lang='lat' dir='ltr'>amplius</span> <span class='ocrx_word' id='word_1_540' title='bbox 1620 4227 1732 4264; x_wconf 87' lang='lat' dir='ltr'>non</span> 
     </span>
    </p>
   </div>
   <div class='ocr_carea' id='block_1_72' title="bbox 132 4289 1733 4364">
    <p class='ocr_par' dir='ltr' id='par_1_72' title="bbox 132 4289 1733 4364">
     <span class='ocr_line' id='line_1_72' title="bbox 132 4289 1733 4364; baseline 0.006 -21"><span class='ocrx_word' id='word_1_541' title='bbox 132 4289 387 4359; x_wconf 85' lang='lat' dir='ltr'>facimus,</span> <span class='ocrx_word' id='word_1_542' title='bbox 407 4293 517 4346; x_wconf 89' lang='lat' dir='ltr'>nisi</span> <span class='ocrx_word' id='word_1_543' title='bbox 551 4294 775 4364; x_wconf 88' lang='lat' dir='ltr'>quando</span> <span class='ocrx_word' id='word_1_544' title='bbox 798 4294 978 4348; x_wconf 88' lang='lat' dir='ltr'>brevis</span> <span class='ocrx_word' id='word_1_545' title='bbox 1007 4295 1076 4348; x_wconf 89' lang='lat' dir='ltr'>de</span> <span class='ocrx_word' id='word_1_546' title='bbox 1101 4294 1361 4349; x_wconf 86' lang='lat' dir='ltr'>defuncto</span> <span class='ocrx_word' id='word_1_547' title='bbox 1387 4297 1610 4352; x_wconf 89' lang='lat' dir='ltr'>illorum</span> <span class='ocrx_word' id='word_1_548' title='bbox 1636 4317 1733 4353; x_wconf 87' lang='lat' dir='ltr'>ve-</span> 
     </span>
    </p>
   </div>
   <div class='ocr_carea' id='block_1_73' title="bbox 1817 3225 3414 3299">
    <p class='ocr_par' dir='ltr' id='par_1_73' title="bbox 1817 3225 3414 3299">
     <span class='ocr_line' id='line_1_73' title="bbox 1817 3225 3414 3299; baseline -0.004 -15"><span class='ocrx_word' id='word_1_549' title='bbox 1817 3234 2024 3296; x_wconf 85' lang='lat' dir='ltr'>cantat;</span> <span class='ocrx_word' id='word_1_550' title='bbox 2050 3229 2143 3299; x_wconf 92' lang='lat' dir='ltr'>qui</span> <span class='ocrx_word' id='word_1_551' title='bbox 2164 3234 2297 3282; x_wconf 90' lang='lat' dir='ltr'>sunt</span> <span class='ocrx_word' id='word_1_552' title='bbox 2310 3228 2586 3282; x_wconf 88' lang='lat' dir='ltr'>illitterati</span> <span class='ocrx_word' id='word_1_553' title='bbox 2605 3228 2811 3283; x_wconf 87' lang='lat' dir='ltr'>totiens</span> <span class='ocrx_word' id='word_1_554' title='bbox 2824 3229 3136 3282; x_wconf 87' lang='lat' dir='ltr'>orationem</span> <span class='ocrx_word' id='word_1_555' title='bbox 3163 3225 3414 3281; x_wconf 91' lang='lat' dir='ltr'>Domini-</span> 
     </span>
    </p>
   </div>
   <div class='ocr_carea' id='block_1_74' title="bbox 1817 3314 3416 3387">
    <p class='ocr_par' dir='ltr' id='par_1_74' title="bbox 1817 3314 3416 3387">
     <span class='ocr_line' id='line_1_74' title="bbox 1817 3314 3416 3387; baseline -0.003 -14"><span class='ocrx_word' id='word_1_556' title='bbox 1817 3334 1975 3385; x_wconf 88' lang='lat' dir='ltr'>cam;</span> <span class='ocrx_word' id='word_1_557' title='bbox 2010 3317 2216 3387; x_wconf 84' lang='lat' dir='ltr'>singuli</span> <span class='ocrx_word' id='word_1_558' title='bbox 2239 3318 2557 3372; x_wconf 87' lang='lat' dir='ltr'>sacerdotes</span> <span class='ocrx_word' id='word_1_559' title='bbox 2581 3334 2753 3372; x_wconf 90' lang='lat' dir='ltr'>unam</span> <span class='ocrx_word' id='word_1_560' title='bbox 2798 3318 3046 3382; x_wconf 89' lang='lat' dir='ltr'>missam,</span> <span class='ocrx_word' id='word_1_561' title='bbox 3079 3321 3137 3371; x_wconf 92' lang='lat' dir='ltr'>et</span> <span class='ocrx_word' id='word_1_562' title='bbox 3166 3315 3315 3387; x_wconf 90' lang='lat' dir='ltr'>quod</span> <span class='ocrx_word' id='word_1_563' title='bbox 3345 3314 3416 3369; x_wconf 90' lang='lat' dir='ltr'>ad</span> 
     </span>
    </p>
   </div>
   <div class='ocr_carea' id='block_1_75' title="bbox 1818 3405 3412 3476">
    <p class='ocr_par' dir='ltr' id='par_1_75' title="bbox 1818 3405 3412 3476">
     <span class='ocr_line' id='line_1_75' title="bbox 1818 3405 3412 3476; baseline -0.003 -15"><span class='ocrx_word' id='word_1_564' title='bbox 1818 3423 2032 3461; x_wconf 64' lang='lat' dir='ltr'>caenam</span> <span class='ocrx_word' id='word_1_565' title='bbox 2059 3406 2127 3460; x_wconf 92' lang='lat' dir='ltr'>de</span> <span class='ocrx_word' id='word_1_566' title='bbox 2158 3422 2300 3476; x_wconf 89' lang='lat' dir='ltr'>pane</span> <span class='ocrx_word' id='word_1_567' title='bbox 2329 3411 2386 3459; x_wconf 86' lang='lat' dir='ltr'>et</span> <span class='ocrx_word' id='word_1_568' title='bbox 2412 3411 2547 3476; x_wconf 89' lang='lat' dir='ltr'>potu</span> <span class='ocrx_word' id='word_1_569' title='bbox 2579 3406 2877 3476; x_wconf 89' lang='lat' dir='ltr'>supererit,</span> <span class='ocrx_word' id='word_1_570' title='bbox 2897 3406 2967 3459; x_wconf 91' lang='lat' dir='ltr'>ad</span> <span class='ocrx_word' id='word_1_571' title='bbox 2996 3405 3412 3475; x_wconf 86' lang='lat' dir='ltr'>eleemosynam</span> 
     </span>
    </p>
   </div>
   <div class='ocr_carea' id='block_1_76' title="bbox 1818 3495 3416 3565">
    <p class='ocr_par' dir='ltr' id='par_1_76' title="bbox 1818 3495 3416 3565">
     <span class='ocr_line' id='line_1_76' title="bbox 1818 3495 3416 3565; baseline -0.003 -15"><span class='ocrx_word' id='word_1_572' title='bbox 1818 3496 2072 3550; x_wconf 89' lang='lat' dir='ltr'>datur.In</span> <span class='ocrx_word' id='word_1_573' title='bbox 2092 3495 2393 3549; x_wconf 88' lang='lat' dir='ltr'>festivitate</span> <span class='ocrx_word' id='word_1_574' title='bbox 2415 3495 2679 3549; x_wconf 91' lang='lat' dir='ltr'>Omnium</span> <span class='ocrx_word' id='word_1_575' title='bbox 2692 3496 3045 3559; x_wconf 88' lang='lat' dir='ltr'>Sanctorum,</span> <span class='ocrx_word' id='word_1_576' title='bbox 3079 3499 3207 3565; x_wconf 91' lang='lat' dir='ltr'>post</span> <span class='ocrx_word' id='word_1_577' title='bbox 3228 3508 3416 3563; x_wconf 88' lang='lat' dir='ltr'>vespe-</span> 
     </span>
    </p>
   </div>
   <div class='ocr_carea' id='block_1_77' title="bbox 1818 3582 3411 3655">
    <p class='ocr_par' dir='ltr' id='par_1_77' title="bbox 1818 3582 3411 3655">
     <span class='ocr_line' id='line_1_77' title="bbox 1818 3582 3411 3655; baseline -0.002 -17"><span class='ocrx_word' id='word_1_578' title='bbox 1818 3601 1929 3648; x_wconf 91' lang='lat' dir='ltr'>ros,</span> <span class='ocrx_word' id='word_1_579' title='bbox 1960 3584 2197 3655; x_wconf 88' lang='lat' dir='ltr'>pulsatis</span> <span class='ocrx_word' id='word_1_580' title='bbox 2225 3583 2484 3637; x_wconf 88' lang='lat' dir='ltr'>omnibus</span> <span class='ocrx_word' id='word_1_581' title='bbox 2529 3583 2724 3653; x_wconf 85' lang='lat' dir='ltr'>signis,</span> <span class='ocrx_word' id='word_1_582' title='bbox 2775 3588 3077 3637; x_wconf 86' lang='lat' dir='ltr'>cantantur</span> <span class='ocrx_word' id='word_1_583' title='bbox 3117 3582 3285 3636; x_wconf 90' lang='lat' dir='ltr'>etiam</span> <span class='ocrx_word' id='word_1_584' title='bbox 3315 3597 3411 3635; x_wconf 88' lang='lat' dir='ltr'>ve-</span> 
     </span>
    </p>
   </div>
   <div class='ocr_carea' id='block_1_78' title="bbox 1820 3670 3413 3744">
    <p class='ocr_par' dir='ltr' id='par_1_78' title="bbox 1820 3670 3413 3744">
     <span class='ocr_line' id='line_1_78' title="bbox 1820 3670 3413 3744; baseline -0.003 -17"><span class='ocrx_word' id='word_1_585' title='bbox 1820 3674 1968 3744; x_wconf 84' lang='lat' dir='ltr'>speri</span> <span class='ocrx_word' id='word_1_586' title='bbox 1998 3670 2410 3738; x_wconf 87' lang='lat' dir='ltr'>defunctorum,</span> <span class='ocrx_word' id='word_1_587' title='bbox 2435 3673 2557 3727; x_wconf 91' lang='lat' dir='ltr'>etin</span> <span class='ocrx_word' id='word_1_588' title='bbox 2578 3679 2740 3726; x_wconf 89' lang='lat' dir='ltr'>nocte</span> <span class='ocrx_word' id='word_1_589' title='bbox 2760 3672 3003 3726; x_wconf 88' lang='lat' dir='ltr'>ofﬁcium</span> <span class='ocrx_word' id='word_1_590' title='bbox 3024 3671 3194 3726; x_wconf 90' lang='lat' dir='ltr'>simul</span> <span class='ocrx_word' id='word_1_591' title='bbox 3226 3679 3413 3724; x_wconf 85' lang='lat' dir='ltr'>matu-</span> 
     </span>
    </p>
   </div>
   <div class='ocr_carea' id='block_1_79' title="bbox 1817 3759 3416 3831">
    <p class='ocr_par' dir='ltr' id='par_1_79' title="bbox 1817 3759 3416 3831">
     <span class='ocr_line' id='line_1_79' title="bbox 1817 3759 3416 3831; baseline -0.003 -14"><span class='ocrx_word' id='word_1_592' title='bbox 1817 3763 1990 3817; x_wconf 89' lang='lat' dir='ltr'>tinale</span> <span class='ocrx_word' id='word_1_593' title='bbox 2019 3768 2073 3816; x_wconf 92' lang='lat' dir='ltr'>et</span> <span class='ocrx_word' id='word_1_594' title='bbox 2101 3762 2446 3816; x_wconf 83' lang='lat' dir='ltr'>matutinalis</span> <span class='ocrx_word' id='word_1_595' title='bbox 2470 3762 2643 3816; x_wconf 90' lang='lat' dir='ltr'>missa</span> <span class='ocrx_word' id='word_1_596' title='bbox 2670 3761 3075 3815; x_wconf 89' lang='lat' dir='ltr'>solemnissime</span> <span class='ocrx_word' id='word_1_597' title='bbox 3104 3777 3203 3831; x_wconf 91' lang='lat' dir='ltr'>pro</span> <span class='ocrx_word' id='word_1_598' title='bbox 3234 3759 3416 3813; x_wconf 91' lang='lat' dir='ltr'>omni-</span> 
     </span>
    </p>
   </div>
   <div class='ocr_carea' id='block_1_80' title="bbox 1819 3848 3408 3916">
    <p class='ocr_par' dir='ltr' id='par_1_80' title="bbox 1819 3848 3408 3916">
     <span class='ocr_line' id='line_1_80' title="bbox 1819 3848 3408 3916; baseline -0.002 -11"><span class='ocrx_word' id='word_1_599' title='bbox 1819 3851 1923 3906; x_wconf 91' lang='lat' dir='ltr'>bus</span> <span class='ocrx_word' id='word_1_600' title='bbox 1944 3850 2200 3904; x_wconf 88' lang='lat' dir='ltr'>ﬁdelibus</span> <span class='ocrx_word' id='word_1_601' title='bbox 2228 3850 2526 3916; x_wconf 84' lang='lat' dir='ltr'>defunctis,</span> <span class='ocrx_word' id='word_1_602' title='bbox 2557 3867 2683 3904; x_wconf 91' lang='lat' dir='ltr'>cum</span> <span class='ocrx_word' id='word_1_603' title='bbox 2733 3866 2846 3904; x_wconf 89' lang='lat' dir='ltr'>una</span> <span class='ocrx_word' id='word_1_604' title='bbox 2872 3854 3093 3902; x_wconf 89' lang='lat' dir='ltr'>tantum</span> <span class='ocrx_word' id='word_1_605' title='bbox 3140 3848 3371 3902; x_wconf 90' lang='lat' dir='ltr'>collecta</span> <span class='ocrx_word' id='word_1_606' title='bbox 3395 3866 3408 3916; x_wconf 87' lang='lat'><strong>;</strong></span> 
     </span>
    </p>
   </div>
   <div class='ocr_carea' id='block_1_81' title="bbox 1820 3937 3414 4009">
    <p class='ocr_par' dir='ltr' id='par_1_81' title="bbox 1820 3937 3414 4009">
     <span class='ocr_line' id='line_1_81' title="bbox 1820 3937 3414 4009; baseline -0.003 -16"><span class='ocrx_word' id='word_1_607' title='bbox 1820 3940 1874 3993; x_wconf 91' lang='lat' dir='ltr'>id</span> <span class='ocrx_word' id='word_1_608' title='bbox 1893 3946 1979 3994; x_wconf 91' lang='lat' dir='ltr'>est</span> <span class='ocrx_word' id='word_1_609' title='bbox 2009 3960 2020 3993; x_wconf 89' lang='lat'><strong>:</strong></span> <span class='ocrx_word' id='word_1_610' title='bbox 2056 3942 2328 3993; x_wconf 83' lang='lat' dir='ltr'>Fidelium</span> <span class='ocrx_word' id='word_1_611' title='bbox 2364 3940 2505 3993; x_wconf 81' lang='lat' dir='ltr'>Deus</span> <span class='ocrx_word' id='word_1_612' title='bbox 2528 3957 2545 4003; x_wconf 88' lang='lat'><strong><em>;</em></strong></span> <span class='ocrx_word' id='word_1_613' title='bbox 2573 3956 2673 4009; x_wconf 90' lang='lat' dir='ltr'>pro</span> <span class='ocrx_word' id='word_1_614' title='bbox 2704 3937 2904 4009; x_wconf 89' lang='lat' dir='ltr'>quibus</span> <span class='ocrx_word' id='word_1_615' title='bbox 2933 3937 3140 4007; x_wconf 88' lang='lat' dir='ltr'>singuli</span> <span class='ocrx_word' id='word_1_616' title='bbox 3160 3937 3414 3991; x_wconf 89' lang='lat' dir='ltr'>sacerdo-</span> 
     </span>
    </p>
   </div>
   <div class='ocr_carea' id='block_1_82' title="bbox 1820 4026 3414 4099">
    <p class='ocr_par' dir='ltr' id='par_1_82' title="bbox 1820 4026 3414 4099">
     <span class='ocr_line' id='line_1_82' title="bbox 1820 4026 3414 4099; baseline -0.004 -15"><span class='ocrx_word' id='word_1_617' title='bbox 1820 4035 1905 4084; x_wconf 91' lang='lat' dir='ltr'>tes</span> <span class='ocrx_word' id='word_1_618' title='bbox 1934 4029 2178 4099; x_wconf 86' lang='lat' dir='ltr'>privatas</span> <span class='ocrx_word' id='word_1_619' title='bbox 2202 4028 2421 4093; x_wconf 86' lang='lat' dir='ltr'>missas,</span> <span class='ocrx_word' id='word_1_620' title='bbox 2473 4029 2659 4081; x_wconf 82' lang='lat' dir='ltr'>caeteri</span> <span class='ocrx_word' id='word_1_621' title='bbox 2687 4034 2903 4098; x_wconf 83' lang='lat' dir='ltr'>septem</span> <span class='ocrx_word' id='word_1_622' title='bbox 2933 4027 3195 4098; x_wconf 85' lang='lat' dir='ltr'>psalmos,</span> <span class='ocrx_word' id='word_1_623' title='bbox 3219 4026 3307 4079; x_wconf 91' lang='lat' dir='ltr'>vel</span> <span class='ocrx_word' id='word_1_624' title='bbox 3331 4030 3414 4079; x_wconf 90' lang='lat' dir='ltr'>to-</span> 
     </span>
    </p>
   </div>
   <div class='ocr_carea' id='block_1_83' title="bbox 1817 4115 3407 4187">
    <p class='ocr_par' dir='ltr' id='par_1_83' title="bbox 1817 4115 3407 4187">
     <span class='ocr_line' id='line_1_83' title="bbox 1817 4115 3407 4187; baseline -0.003 -15"><span class='ocrx_word' id='word_1_625' title='bbox 1817 4119 1966 4173; x_wconf 89' lang='lat' dir='ltr'>tiens</span> <span class='ocrx_word' id='word_1_626' title='bbox 1987 4117 2334 4172; x_wconf 89' lang='lat' dir='ltr'>Dominicam</span> <span class='ocrx_word' id='word_1_627' title='bbox 2356 4117 2689 4180; x_wconf 89' lang='lat' dir='ltr'>orationem,</span> <span class='ocrx_word' id='word_1_628' title='bbox 2718 4117 2813 4187; x_wconf 93' lang='lat' dir='ltr'>qui</span> <span class='ocrx_word' id='word_1_629' title='bbox 2855 4116 3111 4170; x_wconf 90' lang='lat' dir='ltr'>nesciunt</span> <span class='ocrx_word' id='word_1_630' title='bbox 3141 4115 3407 4186; x_wconf 88' lang='lat' dir='ltr'>psalmos,</span> 
     </span>
    </p>
   </div>
   <div class='ocr_carea' id='block_1_84' title="bbox 1815 4204 3414 4277">
    <p class='ocr_par' dir='ltr' id='par_1_84' title="bbox 1815 4204 3414 4277">
     <span class='ocr_line' id='line_1_84' title="bbox 1815 4204 3414 4277; baseline -0.001 -16"><span class='ocrx_word' id='word_1_631' title='bbox 1815 4213 1947 4262; x_wconf 91' lang='lat' dir='ltr'>sunt</span> <span class='ocrx_word' id='word_1_632' title='bbox 1963 4212 2189 4261; x_wconf 81' lang='lat' dir='ltr'>cantata</span> <span class='ocrx_word' id='word_1_633' title='bbox 2199 4206 2263 4270; x_wconf 91' lang='lat' dir='ltr'>ri,</span> <span class='ocrx_word' id='word_1_634' title='bbox 2273 4212 2329 4259; x_wconf 89' lang='lat' dir='ltr'>et</span> <span class='ocrx_word' id='word_1_635' title='bbox 2341 4205 2633 4259; x_wconf 89' lang='lat' dir='ltr'>duodecim</span> <span class='ocrx_word' id='word_1_636' title='bbox 2648 4223 2923 4277; x_wconf 87' lang='lat' dir='ltr'>pauperes</span> <span class='ocrx_word' id='word_1_637' title='bbox 2935 4204 3181 4260; x_wconf 87' lang='lat' dir='ltr'>uberiori</span> <span class='ocrx_word' id='word_1_638' title='bbox 3198 4221 3340 4274; x_wconf 89' lang='lat' dir='ltr'>pane</span> <span class='ocrx_word' id='word_1_639' title='bbox 3355 4210 3414 4259; x_wconf 88' lang='lat' dir='ltr'>et</span> 
     </span>
    </p>
   </div>
   <div class='ocr_carea' id='block_1_85' title="bbox 1814 4294 3412 4365">
    <p class='ocr_par' dir='ltr' id='par_1_85' title="bbox 1814 4294 3412 4365">
     <span class='ocr_line' id='line_1_85' title="bbox 1814 4294 3412 4365; baseline -0.003 -15"><span class='ocrx_word' id='word_1_640' title='bbox 1814 4313 2003 4361; x_wconf 86' lang='lat' dir='ltr'>carne,</span> <span class='ocrx_word' id='word_1_641' title='bbox 2036 4301 2092 4349; x_wconf 90' lang='lat' dir='ltr'>et</span> <span class='ocrx_word' id='word_1_642' title='bbox 2117 4296 2242 4348; x_wconf 89' lang='lat' dir='ltr'>vino</span> <span class='ocrx_word' id='word_1_643' title='bbox 2267 4303 2400 4347; x_wconf 89' lang='lat' dir='ltr'>sunt</span> <span class='ocrx_word' id='word_1_644' title='bbox 2427 4294 2717 4348; x_wconf 82' lang='lat' dir='ltr'>reficiendi</span> <span class='ocrx_word' id='word_1_645' title='bbox 2740 4314 2748 4349; x_wconf 85' lang='lat'><strong>;</strong></span> <span class='ocrx_word' id='word_1_646' title='bbox 2771 4301 2827 4349; x_wconf 91' lang='lat' dir='ltr'>et</span> <span class='ocrx_word' id='word_1_647' title='bbox 2849 4300 3123 4365; x_wconf 90' lang='lat' dir='ltr'>quotquot</span> <span class='ocrx_word' id='word_1_648' title='bbox 3150 4294 3247 4347; x_wconf 87' lang='lat' dir='ltr'>alii</span> <span class='ocrx_word' id='word_1_649' title='bbox 3279 4309 3412 4365; x_wconf 85' lang='lat' dir='ltr'>pau-</span> 
     </span>
    </p>
   </div>
   <div class='ocr_carea' id='block_1_86' title="bbox 133 4380 3411 4457">
    <p class='ocr_par' dir='ltr' id='par_1_86' title="bbox 133 4380 3411 4457">
     <span class='ocr_line' id='line_1_86' title="bbox 133 4380 3411 4457; baseline 0.001 -25"><span class='ocrx_word' id='word_1_650' title='bbox 133 4380 297 4446; x_wconf 89' lang='lat' dir='ltr'>nerit,</span> <span class='ocrx_word' id='word_1_651' title='bbox 331 4397 503 4451; x_wconf 91' lang='lat' dir='ltr'>quam</span> <span class='ocrx_word' id='word_1_652' title='bbox 536 4384 683 4454; x_wconf 93' lang='lat' dir='ltr'>quod</span> <span class='ocrx_word' id='word_1_653' title='bbox 713 4389 837 4455; x_wconf 92' lang='lat' dir='ltr'>post</span> <span class='ocrx_word' id='word_1_654' title='bbox 868 4384 1176 4454; x_wconf 88' lang='lat' dir='ltr'>capitulum</span> <span class='ocrx_word' id='word_1_655' title='bbox 1213 4385 1450 4455; x_wconf 89' lang='lat' dir='ltr'>pulsatis</span> <span class='ocrx_word' id='word_1_656' title='bbox 1479 4388 1735 4442; x_wconf 89' lang='lat' dir='ltr'>omnibus</span> <span class='ocrx_word' id='word_1_657' title='bbox 1818 4403 1979 4457; x_wconf 83' lang='lat' dir='ltr'>peres</span> <span class='ocrx_word' id='word_1_658' title='bbox 2007 4383 2449 4455; x_wconf 90' lang='lat' dir='ltr'>supervenerint,</span> <span class='ocrx_word' id='word_1_659' title='bbox 2465 4384 2723 4447; x_wconf 83' lang='lat' dir='ltr'>omnibus</span> <span class='ocrx_word' id='word_1_660' title='bbox 2745 4392 2827 4439; x_wconf 89' lang='lat' dir='ltr'>est</span> <span class='ocrx_word' id='word_1_661' title='bbox 2849 4383 3228 4439; x_wconf 87' lang='lat' dir='ltr'>misericordia</span> <span class='ocrx_word' id='word_1_662' title='bbox 3248 4383 3411 4437; x_wconf 91' lang='lat' dir='ltr'>solito</span> 
     </span>
    </p>
   </div>
   <div class='ocr_carea' id='block_1_87' title="bbox 132 4468 3412 4550">
    <p class='ocr_par' dir='ltr' id='par_1_87' title="bbox 132 4468 3412 4550">
     <span class='ocr_line' id='line_1_87' title="bbox 132 4468 3412 4550; baseline 0.001 -28"><span class='ocrx_word' id='word_1_663' title='bbox 132 4468 305 4539; x_wconf 82' lang='lat' dir='ltr'>signis</span> <span class='ocrx_word' id='word_1_664' title='bbox 332 4486 432 4524; x_wconf 77' lang='lat' dir='ltr'>sex</span> <span class='ocrx_word' id='word_1_665' title='bbox 466 4473 730 4542; x_wconf 90' lang='lat' dir='ltr'>psalmos,</span> <span class='ocrx_word' id='word_1_666' title='bbox 766 4473 823 4527; x_wconf 92' lang='lat' dir='ltr'>id</span> <span class='ocrx_word' id='word_1_667' title='bbox 856 4477 959 4538; x_wconf 88' lang='lat' dir='ltr'>est,</span> <span class='ocrx_word' id='word_1_668' title='bbox 1015 4473 1178 4526; x_wconf 83' lang='lat' dir='ltr'>Verba</span> <span class='ocrx_word' id='word_1_669' title='bbox 1224 4490 1362 4540; x_wconf 85' lang='lat' dir='ltr'>mea,</span> <span class='ocrx_word' id='word_1_670' title='bbox 1398 4476 1591 4530; x_wconf 90' lang='lat' dir='ltr'>addita</span> <span class='ocrx_word' id='word_1_671' title='bbox 1628 4479 1796 4550; x_wconf 84' lang='lat' dir='ltr'>hacD</span> <span class='ocrx_word' id='word_1_672' title='bbox 1819 4472 2442 4545; x_wconf 84' lang='lat' dir='ltr'>largiusimpendenda.</span> <span class='ocrx_word' id='word_1_673' title='bbox 2479 4472 2718 4544; x_wconf 91' lang='lat' dir='ltr'>Insuper</span> <span class='ocrx_word' id='word_1_674' title='bbox 2747 4480 2802 4528; x_wconf 90' lang='lat' dir='ltr'>et</span> <span class='ocrx_word' id='word_1_675' title='bbox 2830 4474 2889 4527; x_wconf 89' lang='lat' dir='ltr'>in</span> <span class='ocrx_word' id='word_1_676' title='bbox 2946 4475 3070 4545; x_wconf 91' lang='lat' dir='ltr'>ipsa</span> <span class='ocrx_word' id='word_1_677' title='bbox 3112 4473 3412 4528; x_wconf 90' lang='lat' dir='ltr'>festivitate</span> 
     </span>
    </p>
   </div>
   <div class='ocr_carea' id='block_1_88' title="bbox 134 4558 3413 4637">
    <p class='ocr_par' dir='ltr' id='par_1_88' title="bbox 134 4558 3413 4637">
     <span class='ocr_line' id='line_1_88' title="bbox 134 4558 3413 4637; baseline 0.002 -26"><span class='ocrx_word' id='word_1_678' title='bbox 134 4558 388 4613; x_wconf 89' lang='lat' dir='ltr'>oratione</span> <span class='ocrx_word' id='word_1_679' title='bbox 410 4562 630 4615; x_wconf 76' lang='lat' dir='ltr'>Absolve</span> <span class='ocrx_word' id='word_1_680' title='bbox 647 4561 1220 4628; x_wconf 86' lang='lat' dir='ltr'>I)omine,recitamus.</span> <span class='ocrx_word' id='word_1_681' title='bbox 1252 4563 1385 4633; x_wconf 71' lang='grc' dir='ltr'>(ιω.)</span> <span class='ocrx_word' id='word_1_682' title='bbox 1404 4564 1545 4619; x_wconf 88' lang='lat' dir='ltr'>Item</span> <span class='ocrx_word' id='word_1_683' title='bbox 1572 4567 1736 4637; x_wconf 90' lang='lat' dir='ltr'>pleri-</span> <span class='ocrx_word' id='word_1_684' title='bbox 1818 4563 2082 4619; x_wconf 90' lang='lat' dir='ltr'>Omnium</span> <span class='ocrx_word' id='word_1_685' title='bbox 2105 4563 2457 4627; x_wconf 90' lang='lat' dir='ltr'>Sanctorum,</span> <span class='ocrx_word' id='word_1_686' title='bbox 2475 4563 2746 4634; x_wconf 90' lang='lat' dir='ltr'>quidquid</span> <span class='ocrx_word' id='word_1_687' title='bbox 2767 4564 2928 4634; x_wconf 89' lang='lat' dir='ltr'>panis</span> <span class='ocrx_word' id='word_1_688' title='bbox 2947 4570 3007 4617; x_wconf 81' lang='lat' dir='ltr'>et</span> <span class='ocrx_word' id='word_1_689' title='bbox 3024 4563 3258 4634; x_wconf 89' lang='lat' dir='ltr'>potusin</span> <span class='ocrx_word' id='word_1_690' title='bbox 3275 4561 3413 4617; x_wconf 88' lang='lat' dir='ltr'>refe-</span> 
     </span>
    </p>
   </div>
   <div class='ocr_carea' id='block_1_89' title="bbox 131 4647 3404 4726">
    <p class='ocr_par' dir='ltr' id='par_1_89' title="bbox 131 4647 3404 4726">
     <span class='ocr_line' id='line_1_89' title="bbox 131 4647 3404 4726; baseline 0.001 -25"><span class='ocrx_word' id='word_1_691' title='bbox 131 4663 235 4717; x_wconf 90' lang='lat' dir='ltr'>que</span> <span class='ocrx_word' id='word_1_692' title='bbox 264 4647 463 4703; x_wconf 84' lang='lat' dir='ltr'>ﬁdeles</span> <span class='ocrx_word' id='word_1_693' title='bbox 514 4650 724 4723; x_wconf 71' lang='lat' dir='ltr'>Christi</span> <span class='ocrx_word' id='word_1_694' title='bbox 749 4656 865 4706; x_wconf 88' lang='lat' dir='ltr'>tam</span> <span class='ocrx_word' id='word_1_695' title='bbox 893 4665 1169 4722; x_wconf 88' lang='lat' dir='ltr'>pauperes</span> <span class='ocrx_word' id='word_1_696' title='bbox 1189 4667 1356 4722; x_wconf 89' lang='lat' dir='ltr'>quam</span> <span class='ocrx_word' id='word_1_697' title='bbox 1378 4653 1595 4723; x_wconf 92' lang='lat' dir='ltr'>divites,</span> <span class='ocrx_word' id='word_1_698' title='bbox 1639 4657 1736 4726; x_wconf 92' lang='lat' dir='ltr'>qui</span> <span class='ocrx_word' id='word_1_699' title='bbox 1817 4652 1992 4709; x_wconf 88' lang='lat' dir='ltr'>ctorio</span> <span class='ocrx_word' id='word_1_700' title='bbox 2015 4652 2084 4706; x_wconf 90' lang='lat' dir='ltr'>ad</span> <span class='ocrx_word' id='word_1_701' title='bbox 2100 4666 2313 4705; x_wconf 59' lang='lat' dir='ltr'>caenam</span> <span class='ocrx_word' id='word_1_702' title='bbox 2331 4652 2627 4722; x_wconf 89' lang='lat' dir='ltr'>supererit,</span> <span class='ocrx_word' id='word_1_703' title='bbox 2670 4653 2742 4707; x_wconf 89' lang='lat' dir='ltr'>ad</span> <span class='ocrx_word' id='word_1_704' title='bbox 2776 4653 3189 4724; x_wconf 85' lang='lat' dir='ltr'>eleemosynam</span> <span class='ocrx_word' id='word_1_705' title='bbox 3219 4652 3404 4708; x_wconf 88' lang='lat' dir='ltr'>datur.</span> 
     </span>
    </p>
   </div>
  </div>
