3934 6360
550 340 682 400 1151

1554 353 1611 408 S.
1653 353 2052 412 GUILLELMI
2091 357 2395 414 ABBATIS
2433 356 2776 418 HIRSAUG.

3680 340 3815 403 1152

541 466 870 523 sublimium
916 470 1058 524 colla
1104 471 1564 544 phiIOSOphorum
1607 478 1804 543 calcat,
1858 480 2851 553 sapientiaAspecierum,dispositio
2867 475 3501 555 troporum,differentia
3517 471 3814 528 modorum

544 556 784 623 videtur,
815 558 948 627 quia
977 560 1158 615 omnis
1181 563 1401 618 musicae
1427 565 1569 619 artis
1595 566 2142 641 disciplina,totaque

546 647 913 701 monochordi
928 654 1233 716 structura,
1266 669 1331 706 ex
1351 653 1446 707 illo
1468 656 1617 725 quod
1644 658 1898 726 gravium
1922 659 2135 725 vo'cant,

547 749 650 803 ego
688 742 878 789 autem
938 738 1244 810 principale
1300 743 1547 810 nomino,
1601 746 1929 815 producitur
1964 754 2140 802 tetra-

548 823 776 877 chordo.
828 826 945 880 Hoc
977 827 1252 898 siquidem
1283 830 1339 884 in
1372 831 1623 887 inferiori
1653 835 1923 906 diapason
1955 837 2140 909 dupli-

549 918 734 966 catum
760 921 994 995 generat
1031 933 1096 970 ex
1127 935 1186 971 se
1216 921 1636 977 tetrachordum
1668 925 1942 990 finalium,
1986 933 2041 980 et
2078 945 2142 981 ex

547 1000 634 1054 his
689 1002 907 1057 duobus
964 1007 1272 1075 procedunt
1320 1016 1534 1079 septem
1583 1013 1914 1085 principalia
1942 1033 2136 1069 vocum

547 1089 889 1149 discrimina.
918 1094 1061 1147 Nam
1093 1097 1299 1167 septies
1328 1106 1559 1170 septena
1580 1101 1799 1156 diversa
1817 1105 2139 1159 discrimina

548 1195 741 1233 vocum
786 1181 843 1235 in
874 1185 1250 1240 monochordo
1281 1190 1657 1259 reperiuntur.
1692 1193 1760 1246 Et
1802 1195 1925 1264 ipsa
1957 1195 2140 1251 denuo

546 1267 604 1321 in
625 1270 899 1338 superiori
917 1272 1185 1344 diapason
1210 1278 1467 1346 repetita,
1491 1281 1779 1350 phthongo
1794 1290 1922 1337 nete
1944 1284 2142 1356 hyper-

543 1355 744 1412 boleon
775 1370 1086 1433 assumpto,
1117 1365 1437 1420 universam
1481 1370 1843 1425 monochordi
1870 1373 2139 1429 fabricam

543 1448 866 1505 conﬁciunt.
922 1452 1067 1505 Nam
1109 1455 1529 1510 tetrachordum
1570 1460 1922 1530 superiorum
1954 1463 2139 1534 ipsum

545 1541 632 1589 est
658 1537 965 1609 principale
994 1547 1051 1594 et
1079 1544 1495 1600 tetrachordum
1529 1549 1919 1605 excellentium
1949 1553 2136 1620 finale,

537 1625 805 1696 nullaque
828 1627 977 1682 inter
992 1629 1109 1684 haec
1136 1638 1350 1688 natura:
1365 1634 1472 1689 nisi
1496 1637 1670 1691 solius
1694 1640 1936 1694 nominis
1970 1648 2024 1696 et
2047 1660 2141 1713 po-

2224 573 2337 626 sive
2356 571 2570 643 agnitio
2603 573 2686 627 vel
2715 574 3026 644 proprietas
3044 578 3354 643 troporum,
3387 562 3639 662 operatio
3661 559 3816 632 prin-

2223 660 2486 731 cipalium
2509 661 2866 726 chordarum,
2899 661 3145 716 naturali
3177 658 3419 730 quadam
3451 658 3509 708 et
3536 658 3822 748 insepara-

2224 750 2321 804 bili
2341 751 2684 822 pr0prietate
2709 750 2789 804 ita
2809 738 3817 822 principalibusinsunttetrachordis,

2224 846 2289 896 ut
2317 840 2361 894 si
2393 857 2461 894 ea
2480 841 2539 894 in
2572 841 2684 894 illis
2714 857 2835 910 quae
2865 840 2935 894 ad
2966 853 3287 892 mensuram
3330 832 3630 905 pertinent,
3673 843 3823 898 quaa-

2225 947 2336 994 ras,
2372 930 2526 983 nullo
2556 929 2895 1000 competenti
2935 928 3148 991 ordine,
3182 925 3330 979 sicut
3365 923 3423 976 in
3454 915 3820 1015 sequentibus

2224 1019 2371 1071 clare
2411 1019 2490 1075 fit.
2527 1018 2794 1071 invenias.
2857 1016 2965 1071 Sed
3005 1015 3175 1070 etiam
3215 1016 3593 1083 opportunum
3633 1005 3821 1059 dicere

2220 1107 2458 1171 videtur,
2493 1106 2639 1177 quod
2667 1106 2897 1159 memini
2930 1121 3018 1159 me
3046 1105 3103 1158 in
3135 1098 3514 1173 superioribus
3535 1111 3715 1166 usque
3750 1093 3818 1145 ad

2222 1199 2372 1252 hunc
2420 1199 2604 1252 locum
2651 1198 2953 1262 distulisse,
3007 1196 3238 1253 scilicet.
3282 1192 3430 1264 quod
3459 1185 3821 1285 tetrachorda

2223 1288 2417 1342 eadem
2447 1288 2508 1343 in
2539 1293 2781 1359 quatuor
2806 1287 3032 1358 primas,
3066 1285 3123 1339 in
3156 1288 3398 1355 quatuor
3426 1277 3719 1339 secundas,
3761 1277 3820 1327 in

2223 1383 2466 1448 quatuor
2519 1376 2734 1441 tertias,
2788 1376 2846 1429 in
2896 1381 3139 1446 quatuor
3187 1377 3419 1444 quartas
3465 1367 3818 1422 dividuntur.

2222 1466 2413 1521 Prima
2441 1483 2573 1536 ergo
2600 1465 2855 1536 gravium
2886 1471 2973 1519 est
3002 1466 3068 1518 A.
3102 1461 3367 1525 secunda,
3400 1457 3589 1522 tertia,
3614 1459 3824 1526 quarta

2223 1554 2295 1609 B.
2325 1557 2388 1610 C.
2429 1556 2493 1610 De
2548 1556 2644 1609 Est
2682 1555 2815 1609 item
2863 1554 3049 1625 prima
3084 1551 3341 1606 finalium
3390 1548 3584 1642 eadem
3626 1544 3695 1598 D.
3740 1560 3825 1642 se-

2223 1645 2423 1708 cunda,
2455 1645 2643 1708 tertia,
2679 1650 2880 1715 quarta
2898 1643 2965 1697 E.
2996 1643 3055 1696 F.
3090 1642 3155 1695 G.
3186 1640 3330 1694 Item
3359 1638 3542 1709 prima
3569 1638 3826 1704 superio-

539 1713 762 1768 sitionis
789 1718 895 1770 erit
924 1719 1196 1787 alteritas,
1221 1721 1303 1776 ita
1327 1730 1517 1779 tamen
1548 1732 1611 1780 ut
1629 1728 1933 1800 principale
1960 1748 2135 1785 unum
2164 1752 2349 1821 nrum
2377 1740 2461 1788 est
2492 1751 2543 1787 a.
2577 1713 2841 1799 secunda,
2888 1732 3055 1786 tertia
3104 1735 3161 1784 et
3207 1734 3409 1821 quarta
3449 1725 3503 1779 b.
3538 1742 3598 1821 ⁵(ι.

544 1810 716 1872 atque
747 1805 892 1860 idem
922 1808 995 1862 sit
1017 1809 1072 1862 in
1106 1811 1384 1867 omnibus.
1411 1814 1517 1868 Sed
1536 1816 1679 1870 sicut
1708 1817 1777 1871 ab
1799 1819 1918 1889 ipso
1940 1827 2138 1875 cuncta
2164 1800 2359 1877 Bitem
2407 1823 2589 1894 prima
2624 1821 3013 1876 excellentium
3044 1819 3314 1912 eadem
3352 1814 3620 1912 secunda,
3650 1810 3825 1912 ἰξεφῆ

544 1891 822 1961 oriuntur,
853 1896 931 1950 sic
960 1914 994 1950 a
1023 1897 1176 1953 finali
1208 1908 1482 1971 reguntur
1523 1906 1729 1972 omnia,
1765 1908 2141 1979 disponuntur
2223 1918 2281 1967 et
2309 1891 2576 1983 quartae.
2610 1912 2648 1964 f.
2668 1928 2723 1981 g.
2754 1909 3193 1965 Tetrachordum
3216 1906 3391 1978 igitur
3425 1899 3821 1974 principalium

542 1985 599 2035 et
626 1981 1008 2052 dijudicantur
1030 1994 1116 2054 ;et
1145 1989 1270 2043 ideo
1299 1991 1356 2045 in
1370 1993 1454 2047 his
1472 1995 1689 2050 duobus
1715 1997 2141 2067 vigetuniversa

540 2072 817 2126 naturalis
849 2075 926 2129 vis
948 2076 1273 2140 harmoniae.
1303 2081 1442 2135 adeo
1469 2090 1533 2138 ut
1560 2090 1758 2140 caetera
1783 2089 2010 2142 omnino
2037 2106 2137 2143 ne-

540 2161 784 2215 cessaria
803 2179 914 2218 non
932 2172 1138 2232 essent,
1155 2168 1201 2222 si
1216 2172 1538 2239 generalem
1570 2174 1803 2229 istorum
1832 2178 2139 2247 potentiam

540 2249 749 2320 quique
769 2251 1134 2323 simpliciores
1153 2258 1440 2327 pervidcre
1466 2263 1798 2331 potuissent,
1821 2272 1958 2320 sunt
1986 2284 2142 2321 nam-

542 2354 651 2407 que
679 2339 739 2392 in
772 2340 869 2406 eis,
899 2348 961 2395 ut
989 2343 1200 2398 dictum
1231 2352 1334 2413 est,
1361 2358 1575 2419 septem
1594 2369 1785 2406 vocum
1814 2354 2141 2410 discrimina

544 2428 861 2497 omnigenus
891 2432 1118 2487 musicae
1151 2436 1289 2489 artis
1320 2438 1572 2492 varietati
1609 2441 1964 2509 sufﬁcientia,
1997 2445 2141 2500 sicut

543 2514 781 2586 quisque
805 2518 975 2589 hujus
1006 2522 1310 2593 disciplinae
1328 2527 1539 2596 peritus
1559 2529 1734 2595 facile,
1766 2532 1811 2585 si
1835 2534 2134 2602 quaesierit,

540 2604 815 2687 inveniet.
858 2610 962 2664 Ubi
1016 2620 1073 2665 et
1101 2615 1204 2667 hoc
1235 2617 1749 2674 manifestissimum
1781 2622 1849 2675 de
1878 2623 2139 2694 originali

540 2694 866 2767 principalis
911 2702 1254 2758 tetrachordi
1292 2705 1565 2775 dignitate
1601 2725 1666 2762 ac
1715 2709 1784 2763 de
1813 2712 2137 2767 omnimoda

539 2782 717 2853 ipsius
762 2802 888 2842 cum
932 2792 1291 2847 tetrachordo
1338 2796 1692 2866 superiorum
1722 2800 1940 2855 unitate
1971 2802 2139 2856 datur

538 2872 828 2942 indicium,
862 2880 1010 2949 quod
1050 2883 1231 2936 omnis
1260 2884 1555 2951 cantilena,
1590 2903 1713 2957 quae
1743 2891 1908 2944 modo
1936 2908 2135 2946 secun-

539 2961 673 3016 dum
701 2966 1007 3035 Spatiosam
1028 2969 1264 3026 duorum
1288 2973 1558 3044 diapason
1588 2978 1827 3046 vagandi
1851 2980 2134 3034 licentiam

2222 2001 2415 2073 primae
2444 2000 2665 2055 chordae
2689 2006 2824 2054 sunt
2850 2001 2915 2053 A.
2950 2000 3015 2053 D.
3048 2015 3098 2051 a.
3126 1998 3203 2089 dir
3225 1993 3480 2089 secundae
3505 1993 3568 2045 B.
3688 1989 3744 2042 b.
3770 2005 3818 2089 e.

2221 2091 2402 2145 tertia).
2433 2091 2494 2144 Ο.
2529 2089 2593 2144 F.
2627 2107 2675 2143 c.
2717 2089 2755 2143 f.
2800 2096 3013 2159 quartae
3048 2088 3114 2141 D.
3348 2101 3404 2154 g.
3439 2097 3578 2153 quas
3607 2079 3737 2177 ideo
3760 2087 3823 2177 et

2223 2178 2552 2249 singillatim
2604 2184 2661 2231 et
2712 2176 3094 2246 congregatim
3142 2173 3438 2243 designare
3470 2184 3581 2222 non
3617 2170 3819 2264 piguit,

2223 2268 2357 2338 quia
2384 2267 2671 2338 sequentis
2704 2267 2888 2337 operis
2917 2270 3140 2319 textura
3171 2262 3365 2316 crebro
3396 2259 3647 2330 ipsarum
3671 2253 3823 2307 indi-

2220 2363 2318 2425 get
2363 2356 2696 2410 subtemine.
2746 2357 2813 2409 Et
2840 2371 2910 2409 ne
2941 2352 3161 2407 mireris
3186 2350 3335 2422 quod
3375 2355 3504 2402 nete
3543 2343 3824 2416 hyperbo-

2220 2446 2348 2500 leon
2371 2446 2745 2517 praetermissa
2771 2449 3099 2498 czeterarum
3132 2436 3553 2511 quatuordecim
3585 2432 3822 2488 chorda-

2221 2551 2346 2588 rum
2395 2534 2452 2587 in
2499 2534 2779 2588 sexdecim
2833 2534 2932 2586 ﬁat
2973 2530 3221 2602 partitio.
3269 2532 3470 2598 quater
3497 2525 3648 2578 enim
3682 2520 3815 2575 lIlI.

2222 2628 2390 2678 erunt
2408 2621 2557 2676 XVI.
2579 2623 2718 2676 duas
2737 2639 2800 2676 ex
2817 2622 2954 2693 ipsis
2970 2619 3154 2675 XIIII.
3171 2618 3225 2671 id
3252 2623 3355 2683 est,
3387 2616 3454 2669 D.
3479 2619 3536 2668 et
3554 2613 3609 2667 d.
3636 2611 3816 2664 bifor-

2221 2728 2358 2779 mes,
2394 2715 2577 2780 bisque
2608 2711 2986 2764 numerandas
3024 2726 3133 2762 esse
3161 2710 3393 2761 noveris.
3449 2704 3824 2799 Q-ualit-erau-

2222 2808 2327 2856 tem
2358 2803 2616 2869 biformes
2646 2801 2759 2855 sint
2776 2800 2835 2854 in
2855 2798 3223 2870 dispositione
3248 2802 3561 2866 troporum,
3591 2791 3822 2862 plenius

2217 2890 2483 2954 clarebit;
2526 2896 2658 2945 sunt
2702 2905 2947 2959 namque
2986 2888 3133 2941 inter
3170 2884 3437 2957 praedicta
3466 2880 3821 2977 tetrachorda

2217 2980 2492 3050 quaedam,
2527 2997 2649 3051 qua:
2696 2983 3020 3049 comparata
3064 2975 3356 3047 proferunt
3394 2988 3457 3026 ex
3504 2986 3565 3024 se
3598 2975 3823 3038 species

540 3050 601 3104 in
630 3055 1012 3123 superioribus
1059 3059 1273 3131 incipit,
1315 3062 1361 3115 si
1390 3063 1538 3116 infra
1577 3065 1771 3119 eadem
1811 3068 2135 3124 discrimina
2158 3069 2599 3139 “diatessaron:
2635 3068 2889 3139 quaedam
2937 3066 3069 3119 item
3112 3069 3263 3130 sunt,
3300 3078 3422 3134 quae
3450 3058 3657 3113 collata
3694 3056 3821 3109 dia-

539 3119 754 3212 septem
785 3119 2199 3227 naturaliref‘ragationecohibeatur,ingravibus,C
2217 3165 2383 3231 pente
2413 3158 2625 3229 species
2652 3174 2717 3210 ex
2744 3173 2803 3211 se
2833 3156 3168 3227 producunt.

537 3228 596 3282 id
627 3236 729 3297 est,
759 3234 952 3288 eodem
984 3236 1277 3309 principali
1305 3241 1662 3297 tetrachordo
1691 3245 1866 3299 sumit
1884 3246 2131 3306 initium.

537 3318 707 3373 Verbi
731 3323 915 3391 gratia
945 3342 957 3377 :
995 3342 1190 3380 omnes
1219 3326 1544 3385 differentiae
1565 3332 1635 3385 ad
1670 3335 1933 3403 primum,
1961 3354 2132 3407 quar-

537 3412 681 3476 tum,
727 3416 941 3466 sextum
974 3419 1171 3469 tonum
1217 3419 1549 3487 pertinentis
1580 3422 1850 3488 melodiae,
1901 3442 2026 3495 quae
2072 3426 2130 3481 in

539 3502 704 3552 acuta
734 3515 784 3552 a.
820 3501 1175 3571 inchoantur,
1208 3508 1414 3561 eaedem
1449 3507 1506 3561 in
1540 3511 1696 3579 gravi
1726 3514 1789 3565 A.
1826 3519 1890 3567 ut
1920 3514 1976 3567 in
2009 3516 2131 3569 dia-

539 3584 759 3655 phoniae
787 3598 1062 3662 praecepto
1084 3599 1254 3663 patet.
1270 3599 1528 3652 naturale
1549 3598 1756 3654 habent
1772 3602 2127 3673 principium.

536 3674 607 3729 Et
650 3693 798 3732 nunc
843 3680 973 3750 quia
1017 3681 1087 3735 de
1140 3700 1287 3754 saepe
1334 3685 1482 3739 dicto
1540 3689 1855 3760 saepiusque
1897 3691 2130 3746 dicendo

537 3764 831 3837 principali
877 3771 1231 3826 tetrachordo
1273 3778 1455 3827 totum
1497 3776 1741 3846 quidem,
1777 3795 1880 3832 cur
1922 3781 2129 3850 princi-

538 3854 665 3925 pale
702 3872 765 3909 ac
794 3858 1004 3912 fontem
1035 3866 1091 3914 et
1131 3861 1401 3932 originem
1433 3869 1780 3930 caeterorum,
1814 3868 1930 3922 sive
1959 3871 2130 3925 totius

535 3945 898 4000 monochordi
915 3964 976 4001 su
988 3965 1037 4001 m
1048 3966 1195 4004 mam
1210 3951 1462 4018 dixerim,
1487 3970 1551 4007 ex
1570 3961 1729 4023 parte
1741 3962 1930 4010 autem
1942 3975 2129 4028 ,quam

540 4032 650 4087 vim
696 4040 754 4088 et
793 4037 1100 4105 potentiam
1142 4044 1357 4094 naturae
1387 4041 1444 4095 in
1471 4059 1531 4096 se
1570 4043 1776 4098 habere
1805 4047 2132 4116 praedicave-

536 4121 664 4187 rim,
683 4123 917 4189 audisti;
942 4126 1010 4179 ad
1020 4127 1125 4179 huc
1145 4128 1362 4198 plenius
1386 4133 1507 4183 licet
1525 4140 1586 4185 ut
1598 4134 1795 4188 audias
1811 4135 2012 4206 deipsa
2026 4137 2132 4191 ori-

533 4210 799 4280 ginaliter
823 4212 878 4266 in
910 4231 974 4267 eo
1005 4221 1253 4271 scatente
1277 4220 1546 4289 potentia,
1570 4222 1936 4295 ejusdemque
1954 4226 2010 4280 in
2032 4244 2131 4281 cae-

533 4304 658 4353 tera
678 4302 1033 4357 tetrachorda
1063 4305 1374 4361 diffusione.
1399 4309 1575 4372 Quam
1602 4312 1819 4367 facilius
1838 4314 2068 4384 videbis,
2083 4316 2130 4370 si

534 4388 711 4459 prius,
732 4406 798 4443 ex
820 4408 1055 4461 quarum
1089 4411 1275 4450 rerum
1299 4400 1793 4469 comprehensione
1822 4403 1997 4473 ipsius
2011 4423 2130 4460 mu-

2943 3242 3073 3297 VII.

2215 3340 2281 3392 In
2318 3337 2517 3405 quibus
2562 3336 2779 3390 chordis
2814 3338 3006 3403 species
3048 3334 3410 3389 diatessaron,
3458 3328 3714 3395 diapente
3770 3329 3821 3375 et

2524 3426 2794 3492 diapason
2824 3420 3165 3476 naturaliter
3182 3421 3501 3473 consistant.

2284 3513 2587 3566 Videamus
2608 3529 2763 3582 ergo,
2789 3527 2911 3581 quae
2940 3515 3073 3564 sunt
3099 3509 3216 3567 illa.
3250 3514 3307 3561 et
3333 3505 3577 3577 qualiter
3597 3501 3818 3571 exipsis

2212 3602 2485 3674 probabili
2514 3602 2732 3655 ratione
2766 3600 2976 3670 absque
3025 3598 3235 3652 ordinis
3265 3595 3609 3650 confusione.
3642 3592 3819 3663 plano

2209 3692 2411 3747 itinere
2435 3708 2500 3745 ac
2531 3690 2650 3745 sine
2687 3689 3021 3744 offendiculo
3071 3687 3396 3758 procedant.
3444 3684 3521 3737 Ex
3563 3681 3816 3735 naturali

2212 3781 2619 3835 coadunatione
2660 3779 3145 3832 tetrachordorum
3190 3773 3509 3845 principalis
3532 3788 3597 3824 ac
3627 3770 3815 3824 finalis

2212 3886 2407 3924 omnes
2461 3869 2810 3923 diatessaron
2863 3867 3075 3937 species
3114 3864 3408 3936 prodeunt.
3452 3860 3641 3915 Prima
3679 3875 3817 3928 ergo

2212 3960 2468 4031 gravium
2518 3963 2575 4013 et
2623 3958 2807 4028 prima
2854 3957 3106 4010 finalium
3156 3954 3495 4024 depromunt
3532 3949 3813 4021 primam;

2214 4048 2459 4103 secunda
2485 4047 2617 4101 item
2643 4046 2900 4117 gravium
2933 4050 2990 4098 et
3018 4042 3262 4097 secunda
3283 4039 3534 4094 ﬁnalium
3570 4037 3820 4091 reddunt

2213 4138 2511 4192 secundam
2536 4156 2547 4203 ;
2577 4136 2781 4190 iterum
2803 4134 2972 4189 tertia
2998 4132 3251 4202 gravium
3277 4136 3334 4183 et
3359 4128 3529 4182 tertia
3557 4126 3814 4180 finalium

2213 4228 2505 4298 proferunt
2528 4226 2789 4287 tertiam;
2822 4233 3025 4294 quarta
3053 4222 3186 4275 item
3224 4219 3480 4289 gravium
3506 4221 3575 4316 et
3602 4221 3809 4316 quarta

2214 4317 2468 4372 ﬁnalium
2495 4316 2612 4368 vice
2642 4320 2855 4385 quartae
2884 4313 3088 4366 iterum
3116 4311 3524 4380 repraesentant
3548 4311 3814 4376 primam,

2214 4406 2348 4470 sive,
2390 4411 2454 4459 ut
2499 4405 2682 4458 verius
2727 4403 2998 4468 dicamus,
3032 4401 3091 4454 in
3121 4400 3299 4454 forma
3340 4397 3535 4468 prima:
3564 4394 3819 4448 retinent

536 4476 663 4532 sicae
710 4480 849 4533 artis
893 4488 1098 4537 natura
1138 4486 1376 4540 maxime
1413 4489 1769 4559 percipiatur,
1803 4498 1859 4545 et
1888 4469 2499 4569 qualitchquartam.
2540 4494 2675 4558 Quae
2724 4493 2853 4546 licet
2909 4491 3093 4562 specie
3135 4488 3317 4560 prima
3363 4504 3486 4541 esse
3533 4486 3811 4547 v1deatur,

537 4567 744 4635 eaedem
774 4585 862 4624 res
891 4570 950 4625 in
978 4571 1064 4626 his
1088 4575 1462 4630 tetrachordis
1491 4580 1864 4648 reperiantur,
1902 4567 2123 4639 videris.

1290 4665 1383 4719 VI.

613 4751 757 4805 Unde
785 4756 994 4805 natura
1025 4756 1245 4807 musicae
1268 4758 1411 4808 artis
1432 4760 1672 4813 marime
1694 4765 2053 4827 cognosc-itur.

605 4839 825 4894 Natura
852 4839 1077 4895 musicae
1105 4842 1244 4896 artis
1272 4850 1401 4914 post
1425 4861 1621 4900 novem
1647 4847 1944 4904 intervalla
1971 4868 2132 4906 sono-

533 4944 661 4983 rum
714 4929 1072 4999 potissimum
1114 4947 1181 4983 ex
1218 4932 1612 5002 praedictarum
1651 4944 1894 5007 quatuor
1939 4956 2129 4994 rerum

533 5017 769 5072 scientia
812 5018 1127 5090 inspicitur,
1176 5020 1233 5074 id
1279 5027 1366 5076 est
1393 5024 1446 5075 1.
1486 5031 1609 5078 rata
1638 5032 1694 5079 et
1723 5026 2131 5083 rationabiliter

532 5107 794 5162 ordinata
819 5109 1220 5164 constitutione
1236 5111 1547 5182 specierum
1570 5115 1740 5169 trium
1770 5118 2129 5188 symphonia-

530 5212 657 5252 rum
682 5198 1054 5260 diatessaron.
1074 5199 1354 5270 diapente,
1387 5202 1655 5273 diapason
1684 5222 1695 5257 :
1726 5205 1782 5262 2.
1805 5206 2131 5261 cautissima

534 5292 592 5341 et
619 5287 955 5342 naturaliter
978 5288 1124 5342 facta
1150 5289 1516 5360 dispositione
1545 5298 1839 5364 troporum
1865 5313 1876 5347 :
1905 5293 1957 5348 3.
1985 5296 2125 5365 vigi-

529 5376 716 5431 lanter
743 5383 1036 5449 perspecta
1065 5378 1358 5433 modorum
1391 5380 1722 5448 differentia,
1744 5400 1913 5454 quam
1943 5386 2128 5440 verius

532 5465 768 5519 dixerim
806 5465 1153 5536 agnitionem
1196 5466 1311 5520 sive
1360 5470 1761 5539 proprietatem
1795 5477 2125 5542 troporum;

533 5554 585 5608 ἆ.
622 5554 782 5609 valde
827 5556 1143 5610 necessaria
1186 5556 1576 5628 principalium
1617 5561 1956 5614 chordarum
2005 5579 2131 5635 cpe-

538 5641 778 5700 ratione.
840 5643 973 5701 Haec
1028 5650 1216 5705 autem
1259 5648 1537 5718 quatuor,’
1565 5648 1624 5707 id
1662 5653 1766 5717 est,
1807 5651 2130 5709 constitutio

2213 4584 2518 4638 harmoniae
2548 4589 2738 4637 tamen
2768 4590 2971 4634 natura
3013 4577 3337 4649 diligentius
3367 4580 3678 4647 perspecta,
3717 4574 3814 4628 tri-

2213 4674 2304 4743 plo
2337 4677 2539 4743 quarta
2561 4687 2682 4724 esse
2711 4670 3045 4733 declaratur,
3089 4668 3269 4738 primo
3291 4666 3440 4736 quod
3467 4665 3617 4718 inter
3639 4680 3811 4734 quar-

2213 4768 2300 4815 tas
2327 4762 2662 4824 continetur,
2692 4759 2935 4812 secundo
2974 4757 3118 4828 quod
3150 4757 3207 4810 in
3244 4752 3493 4824 generali
3516 4758 3811 4822 troporum

2212 4850 2597 4922 dispositione,
2624 4853 2689 4902 ut
2707 4846 3081 4919 pradiximus,
3106 4845 3350 4916 pertinet
3368 4842 3438 4895 ad
3467 4840 3809 4901 tetrardum,

2210 4940 2378 4993 tertio
2411 4939 2560 5010 quod
2586 4937 2869 4992 contraria
2896 4941 2983 4989 est
3007 4935 3220 5006 primae,
3237 4930 3499 5004 quoniam
3529 4929 3679 4984 sicut
3700 4945 3813 5028 me-

2211 5029 2360 5082 lodia
2385 5045 2418 5082 a
2441 5028 2622 5099 prima
2642 5026 2972 5092 intenditur,
2988 5025 3071 5078 ita
3089 5040 3123 5078 a
3143 5028 3345 5094 quarta
3363 5035 3586 5089 semper
3613 5022 3810 5071 remit—

2209 5118 2368 5179 titur,
2406 5115 2558 5170 utin
2594 5116 2697 5169 hoc
2743 5114 2940 5168 eodem
2980 5112 3233 5167 ﬁnalium
3284 5106 3643 5163 tetrachordo
3691 5106 3811 5160 haec

2209 5211 2494 5261 testantur
2521 5205 2794 5275 exempla.
2826 5205 3029 5258 Protus
3064 5206 3181 5255 ant.
3229 5201 3319 5267 fac
3353 5212 3584 5250 mecum.
3628 5200 3748 5249 ant.
3775 5211 3811 5248 α

2213 5297 2442 5349 bimam.
2471 5294 2775 5348 Tetrardus
2806 5297 2921 5346 ant.
2955 5292 3092 5344 dabo
3128 5293 3188 5342 in
3217 5287 3369 5342 Sion.
3395 5286 3607 5339 Judzea.

2279 5384 2465 5437 Media
2482 5383 2615 5437 item
2639 5382 3017 5446 tetrachorda,
3036 5378 3290 5433 ﬁnalium
3312 5374 3453 5440 dico,
3476 5379 3533 5428 et
3560 5372 3811 5444 superio-

2213 5489 2358 5537 rum,
2384 5474 2432 5527 si
2463 5472 2841 5535 conferantur,
2865 5486 3060 5524 omnes
3080 5468 3341 5538 diapente
3371 5463 3585 5535 species
3610 5462 3808 5516 eodem

2212 5568 2429 5615 natura;
2478 5566 2535 5615 et
2577 5559 2788 5613 ordinis
2834 5559 3035 5613 decore
3080 5559 3405 5609 nascuntur.
3449 5552 3595 5606 Nam
3626 5549 3809 5620 prima

2212 5651 2466 5716 finalium
2492 5656 2547 5704 et
2561 5649 2744 5721 prima
2770 5647 3126 5731 superiorum
3156 5643 3445 5699 continent
3470 5640 3734 5713 primam,
3752 5645 3810 5693 et
