3934 6362
92 324 209 383 1153
1556 315 1645 376 ΜΕ

1778 314 1843 369 Α.
2708 346 2713 353 ο
3194 326 3331 383 1154

87 450 360 521 utriusque
408 445 751 503 tetrachordi
799 443 1055 499 secundae
1108 442 1440 507 secundam,
1484 441 1667 495 tertiae
1686 440 1977 501 Aobscura
1999 441 2118 511 jam
2157 458 2223 495 ex
2264 458 2459 496 eorum
2486 442 2862 500 illustratione
2885 446 3022 501 satis
3048 450 3333 520 perspica-

87 539 314 604 tertiam,
361 543 425 593 et
474 542 686 609 quarta;
735 533 1074 589 concludunt
1118 537 1396 603 quartam.
1447 530 1661 585 Ultima
1740 531 1881 585 citer
1900 531 2078 595 video,
2114 548 2239 603 qua:
2268 531 2481 586 dudum
2529 532 2985 604 interrogassem,
3034 538 3141 591 nisi
3186 540 3336 609 quod

86 629 220 694 bina,
251 643 372 698 quae
399 631 617 679 restant
655 623 1032 686 tetrachorda,
1073 620 1426 691 superiorum
1450 620 1663 673 scilicet
1740 637 2010 675 novarum
2041 638 2227 676 rerum
2250 628 2307 675 et
2327 622 2620 677 dulcedine
2637 630 2852 693 captus,
2882 632 2936 679 et
2967 626 3338 682 admiratione

87 724 133 771 et
171 715 580 779 excellentium,
612 713 658 767 si
692 719 1109 781 comparentur,
1144 710 1496 762 diatessaron
1523 708 1660 761 item
1743 711 2015 765 attonitus
2038 711 2502 781 jocundissimam
2544 712 2841 767 verborum
2882 720 3106 769 tuorum
3135 718 3340 771 seriem

86 806 305 860 reddunt
338 805 574 875 species,
624 800 1095 873 quemadmodum
1145 804 1203 851 et
1255 799 1457 869 prima,
1509 796 1658 867 quia,
1745 800 2154 871 interrumpere
2185 801 2558 859 nolui.Video.
2586 801 2838 872 inquam,
2872 820 2982 857 non
3004 805 3200 859 leviter
3219 823 3345 877 pec-

86 897 213 948 sicut
237 895 445 948 dictum
473 899 579 957 est,
610 892 802 945 eadem
843 895 975 943 sunt
1005 888 1063 941 in
1109 893 1330 941 natura.
1355 887 1547 939 Prima
1574 903 1665 941 su-
1745 906 1899 943 casse
1928 890 2224 960 quemdam
2257 907 2321 943 ex
2354 890 2655 954 modernis,
2681 891 2814 961 quia
2832 893 3045 963 species
3066 894 3343 950 diatessa-

87 985 345 1055 periorum
376 987 433 1036 et
482 981 666 1052 prima
697 978 1088 1033 excellentium
1129 978 1514 1031 demonstrant
1544 975 1661 1046 pri-
1745 996 1846 1034 ron
1877 986 1934 1033 et
1956 979 2216 1049 diapente
2235 978 2601 1043 constituens,
2623 979 2817 1050 primae
2847 981 3051 1051 speciei
3071 983 3346 1039 diatessa-

88 1091 238 1139 mam,
267 1072 527 1127 secunda:
554 1070 878 1135 secundam,
928 1069 1109 1123 tertiae
1147 1067 1393 1134 tertiam,
1427 1072 1665 1137 quartae-
1744 1086 1846 1123 ron
1878 1086 1911 1122 a
1939 1069 2205 1139 lychanos
2251 1084 2466 1131 meson,
2511 1068 2615 1121 hoc
2652 1075 2757 1131 est,
2789 1086 2823 1122 a
2871 1071 2938 1123 Γὶ.
2980 1071 3153 1126 sumit
3180 1089 3343 1127 exor-

88 1179 180 1234 que
217 1163 418 1216 iterum
466 1161 528 1214 in
580 1160 763 1231 specie
808 1158 1003 1229 prima:
1046 1157 1333 1211 continent
1380 1162 1659 1227 quartam.
1745 1157 1922 1225 dium,
1954 1164 2011 1211 et
2039 1157 2164 1210 ﬁnit
2191 1173 2314 1210 eam
2353 1156 2413 1210 in
2459 1157 2727 1228 lychanos
2756 1157 3023 1229 hypaton,
3058 1158 3115 1213 id
3144 1166 3249 1228 est,
3282 1161 3343 1216 in

88 1254 214 1322 Ergo
240 1252 284 1304 si
306 1251 660 1305 diatessaron
717 1247 928 1319 species
970 1247 1117 1301 inter
1140 1246 1256 1307 illa,
1286 1262 1409 1315 quae
1439 1245 1508 1298 ad
1539 1244 1662 1297 dia-
1745 1248 1810 1301 D.
1841 1248 1949 1301 Sed
1980 1247 2043 1301 D.
2069 1246 2219 1316 quia,
2250 1251 2315 1300 ut
2335 1247 2453 1315 jam
2476 1246 2685 1311 dixisti,
2709 1245 2961 1300 biformis
2985 1253 3088 1314 est,
3112 1254 3227 1303 tam
3250 1249 3343 1305 in-

88 1346 252 1411 pente,
282 1341 365 1394 vel
406 1340 671 1410 diapente
713 1337 928 1408 species
963 1335 1112 1389 inter
1146 1335 1262 1399 illa,
1297 1351 1418 1404 quae
1448 1334 1519 1387 ad
1549 1333 1666 1386 dia-
1745 1342 1833 1390 ter
1864 1336 2092 1407 primas,
2120 1351 2287 1406 quam
2311 1335 2460 1388 inter
2476 1342 2705 1405 quartas
2724 1342 3091 1405 numeratur;
3119 1338 3341 1405 G,vero

88 1438 318 1485 tessaron
358 1428 665 1501 pertinent,
715 1425 1023 1497 quaesieris,
1054 1424 1449 1478 olfendiculum
1477 1423 1666 1476 incur-
1748 1425 2078 1496 simpliciter
2101 1424 2315 1494 quartis
2345 1423 2664 1489 ascribitur,
2686 1423 2922 1495 ideoque
2952 1426 3157 1496 speciei
3172 1428 3342 1498 hujus

89 1520 168 1582 ris,
200 1519 326 1590 quia
357 1524 551 1573 ratum
578 1517 831 1571 ordinem
862 1531 1054 1569 earum
1079 1513 1329 1567 invenire
1358 1528 1470 1566 non
1501 1517 1660 1582 pote-
1742 1515 1939 1571 faciem
1955 1519 2010 1567 et
2037 1513 2213 1566 solam
2235 1513 2291 1566 in
2315 1513 2499 1566 medio
2522 1513 2689 1583 positi
2711 1514 2993 1567 semitonii
3010 1516 3342 1585 qualitatem

90 1608 169 1663 ris.
207 1608 310 1663 Sed
350 1613 417 1663 ut
463 1606 838 1668 manifestius,
878 1604 1025 1675 quod
1055 1603 1292 1658 dicimus
1317 1601 1663 1656 animadver-
1743 1602 2333 1667 intuitus,interiorem
2359 1607 2576 1656 naturae
2593 1602 2701 1655 vim
2725 1608 2783 1656 et
2809 1603 3210 1673 proprietatem
3229 1623 3343 1662 non

90 1704 179 1764 tas,
208 1699 250 1752 si
282 1715 391 1768 quo
420 1696 479 1751 in
515 1696 639 1750 loco
672 1701 875 1766 praeter
911 1694 1024 1757 illa,
1077 1709 1200 1763 quae
1229 1691 1478 1763 exposita
1509 1695 1657 1756 sunt,
1677 1762 1715 1768 _
1745 1693 2044 1767 perspexit.
2076 1692 2347 1746 Similiter
2369 1692 2669 1747 secundum
2703 1692 2902 1763 incipit
2931 1692 2987 1746 in
3016 1694 3082 1749 Α.
3118 1712 3238 1766 quae
3260 1701 3348 1750 est

90 1788 275 1859 Species
306 1787 533 1841 easdem
565 1784 861 1857 repereris,
897 1783 1083 1837 minus
1104 1783 1389 1851 regulares
1420 1797 1541 1835 esse
1560 1762 1723 1833 no-B
1745 1786 1944 1858 prima,
1986 1782 2363 1852 terminatque
2401 1782 2459 1835 in
2502 1782 2561 1836 E.
2606 1799 2727 1851 qua:
2760 1789 2846 1836 est
2875 1784 3153 1852 secunda;
3189 1791 3246 1839 et
3278 1792 3344 1841 ut

90 1878 233 1946 veris,
263 1893 326 1931 eo
371 1876 524 1947 quod
567 1892 679 1930 uno
726 1874 1036 1944 eodemque
1075 1872 1259 1925 minus
1298 1870 1666 1924 includuntur
1746 1874 1971 1944 singula
1994 1873 2166 1942 hujus
2188 1871 2397 1925 erroris
2412 1870 2992 1943 pariterbrevitcrque
3013 1874 3345 1930 concludam

92 1983 317 2020 numero.
1746 1964 1806 2017 in
1842 1961 2204 2033 disponendis
2227 1976 2379 2013 more
2398 1976 2498 2013 suo
2529 1959 2788 2030 diapente
2812 1961 3100 2031 speciebus
3131 1964 3347 2019 nullam

149 2055 394 2122 Videsne,
420 2055 597 2109 frater
625 2051 950 2108 charissime
978 2052 990 2105 !
1023 2048 1300 2120 quomodo
1336 2049 1393 2101 in
1421 2048 1526 2101 hac
1562 2064 1666 2101 no-
1749 2052 2100 2105 diatessaron
2130 2048 2392 2119 speciem,
2441 2047 2701 2118 primam,
2737 2049 3059 2115 secundam,
3091 2050 3344 2118 tertiam,

94 2150 191 2199 stra
209 2145 517 2216 specierum
543 2142 940 2198 constitutione
976 2141 1225 2211 ipsarum
1266 2138 1577 2208 specierum
1610 2147 1668 2190 et
1748 2141 1995 2195 naturali
2045 2139 2165 2192 loco
2215 2137 2435 2205 inserit,
2472 2142 2676 2207 praeter
2718 2136 2889 2201 illam,
2943 2154 3110 2207 quam
3142 2146 3345 2210 quarto

94 2234 401 2287 chordarum
425 2240 546 2287 tam
570 2231 812 2286 nominis
842 2246 1009 2300 quam
1031 2226 1338 2298 dignitatis,
1369 2232 1435 2281 ut
1454 2226 1665 2279 dictum
1747 2231 1867 2285 loco
1899 2228 2058 2300 ponit
2076 2244 2194 2295 quae
2213 2232 2287 2280 est
2319 2227 2466 2280 inter
2495 2227 2562 2279 A.
2601 2232 2658 2279 et
2690 2227 2751 2279 D.
2785 2234 3053 2298 utrasque
3088 2228 3348 2284 videlicet

96 2328 181 2387 est,
213 2323 481 2377 naturalis
514 2323 650 2376 Ol‘dO
680 2326 951 2381 Servatur,
995 2323 1053 2371 et
1082 2317 1323 2388 qualiter
1350 2316 1499 2369 idem
1530 2315 1665 2369 ordo
1749 2320 1960 2391 primas
1996 2319 2248 2372 collocat.
2300 2317 2416 2371 Nos
2466 2320 2655 2369 autem
2689 2315 2874 2386 pravis
2906 2318 3214 2372 errantium
3244 2319 3348 2374 viis

97 2414 239 2483 plano
266 2413 469 2467 itinere
511 2427 578 2465 ac
623 2409 744 2464 sine
784 2406 1118 2462 oﬂendiculo
1161 2403 1536 2476 progreditur,
1570 2402 1667 2456 Ubi
1750 2408 2150 2481 compendiose
2179 2406 2519 2461 transcursis
2549 2405 2619 2459 ad
2652 2406 2863 2459 directa
2898 2412 3115 2462 natura:
3146 2408 3353 2464 itinera

97 2502 258 2571 prima
280 2502 493 2573 species
517 2500 577 2553 in
610 2496 804 2570 primis
834 2495 1073 2559 chordis,
1092 2493 1360 2548 'Secundu
1386 2493 1442 2546 iu
1468 2508 1667 2545 secuu-
1751 2499 1951 2553 festine
1981 2498 2298 2552 redeamus.
2330 2495 2437 2551 Sed
2469 2500 2646 2549 restat
2675 2495 2860 2549 adhuc
2888 2497 3121 2566 quaestio
3161 2498 3350 2554 minus

98 2591 186 2654 dis,
204 2592 363 2645 tertia
392 2591 450 2645 in
478 2587 683 2653 tertiis,
716 2592 919 2657 quarta
954 2584 1013 2637 in
1043 2583 1258 2655 quartis
1296 2587 1353 2636 et
1400 2581 1669 2652 incipitur
1751 2587 2161 2659 praetereunda,
2211 2586 2344 2657 quid
2392 2585 2484 2647 sit,
2520 2584 2669 2654 quod
2724 2584 2934 2655 species
2985 2602 3019 2640 a
3065 2588 3353 2643 nonnullis

101 2686 145 2733 et
173 2681 369 2735 linitur.
399 2677 670 2749 Nunquid
710 2692 820 2730 non
851 2676 1016 2745 plane
1038 2671 1324 2742 intelligis,
1358 2672 1510 2741 ipsas
1536 2687 1670 2741 quo-
1750 2677 1980 2731 musicis
2022 2676 2401 2746 disponuntur
2446 2673 2856 2739 descendendo,
2894 2691 3020 2728 cum
3052 2682 3233 2731 totum
3255 2694 3351 2732 or.

102 2786 191 2839 que
217 2769 419 2841 species
464 2766 803 2822 naturaliter
833 2782 865 2818 a
891 2762 1266 2817 constitutivis
1293 2774 1484 2815 earum
1512 2761 1671 2814 chor-
1755 2767 1941 2821 dinem
1975 2766 2287 2836 specierum
2319 2764 2644 2818 earumdem
2677 2763 2943 2817 statueris
2971 2766 3342 2821 ascendendo.

101 2858 172 2911 dis
192 2858 267 2911 vel
291 2858 523 2929 primas,
548 2855 644 2910 sed
666 2853 957 2917 secundas,
980 2852 1067 2905 vel
1085 2850 1300 2915 tertias,
1333 2851 1419 2904 vel
1443 2855 1672 2920 quartas
2476 2853 2629 2907 V111,

102 2947 300 3000 vocari?
340 2948 540 3001 Nonne
585 2949 641 2997 et
685 2942 1046 2996 habitudines
1082 2956 1275 2993 earum
1321 2937 1673 2992 manifestius
1757 2947 1986 3013 ()uarca
2010 2945 2335 3011 quibusdam
2361 2946 2935 3011 spcricsdesrcndendo
2954 2945 3343 3011 disponantur.

102 3036 331 3100 intueris,
362 3033 645 3106 quomodo
672 3032 854 3103 prima
880 3030 1230 3084 diatessaron
1260 3029 1472 3100 species
1509 3027 1729 3106 semi-n
1826 3034 2020 3087 WILH.
2081 3034 2128 3085 A
2181 3031 2631 3102 quibuscumque
2687 3033 2744 3087 id
2792 3034 3000 3086 factum
3047 3032 3345 3100 inveneris,

104 3125 298 3178 tonium
331 3125 504 3177 habet
530 3122 588 3175 in
617 3121 801 3175 medio
828 3138 839 3188 ;
888 3119 1132 3173 secunda
1162 3119 1217 3171 in
1246 3119 1444 3189 primo,
1480 3119 1731 3170 secun-UI
1755 3122 2060 3175 secundum
2091 3119 2500 3185 remissionem,
2530 3137 2652 3191 quae
2699 3137 2759 3175 se
2801 3120 3016 3192 species
3044 3120 3223 3190 magis
3251 3121 3352 3174 de-

103 3212 216 3266 dum
235 3214 607 3268 intensionem
631 3211 753 3264 dico
780 3227 794 3277 ;
835 3208 1004 3263 tertia
1032 3207 1089 3261 in
1127 3207 1325 3261 ultimo
1349 3226 1362 3274 ;
1413 3206 1673 3277 quodque
1753 3211 1930 3265 clarat
1951 3210 2250 3275 cantando,
2266 3210 2585 3263 ordinatum
2608 3227 2729 3264 esse
2750 3210 2990 3275 noveris,
3014 3226 3128 3263 non
3150 3226 3350 3263 secun-

104 3302 263 3371 prima
288 3304 552 3374 diapente
579 3300 792 3371 species
831 3297 1001 3352 habet
1037 3297 1394 3351 semitonium
1430 3301 1555 3367 post
1583 3302 1671 3349 to-
1754 3300 1886 3354 dum
1928 3299 2325 3364 intensionem,
2380 3299 2511 3352 licet
2555 3298 2797 3354 intensio
2838 3298 3048 3370 ubique
3096 3299 3252 3370 prior
3281 3299 3357 3354 sit

106 3406 240 3456 num,
263 3398 453 3463 postea
475 3390 753 3452 ditonum,
780 3387 1026 3441 secunda
1050 3387 1109 3440 in
1156 3386 1356 3457 primo,
1396 3385 1564 3439 tertia
1613 3384 1672 3437 in
1755 3406 1923 3460 quam
1952 3388 2225 3451 remissio,
2261 3392 2325 3441 ut
2360 3387 2418 3441 in
2468 3405 2622 3454 arcu,
2680 3394 2746 3443 ut
2791 3388 2847 3442 in
2895 3387 3102 3458 sagitta
3130 3404 3355 3444 sursum

106 3478 297 3547 ultimo,
324 3484 527 3552 quarta
548 3484 675 3550 post
702 3477 976 3542 ditonum,
995 3481 1189 3546 postea
1211 3480 1406 3528 tonum
1429 3474 1453 3526 Τ
1475 3474 1673 3528 Nonne
1755 3479 1982 3541 directa,
2005 3484 2069 3532 ut
2094 3478 2147 3531 in
2181 3476 2364 3548 pluvia
2387 3495 2398 3542 ;
2424 3477 2539 3531 hzec
2569 3477 2717 3531 enim
2747 3482 2804 3532 et
2828 3477 3147 3547 hujusmodi
3165 3479 3358 3533 omnia

106 3569 234 3622 clare
262 3569 512 3633 intueris,
548 3567 790 3638 qualiter
828 3566 934 3618 iste
975 3565 1288 3635 specierum
1336 3563 1471 3617 ordo
1499 3564 1581 3616 vel
1607 3579 1673 3616 ex
1754 3568 1910 3638 prius
1956 3567 2343 3633 intenduntur,
2378 3583 2546 3637 quam
2599 3566 2715 3631 illo,
2761 3567 2910 3621 unde
2959 3566 3354 3637 procedebant,

107 3656 195 3710 hoc
218 3659 453 3713 maxime
483 3656 758 3711 naturalis
801 3653 1025 3725 probari
1075 3659 1276 3724 potest,
1324 3652 1455 3723 quia
1482 3651 1676 3723 prima:
1759 3657 2138 3711 remittantur.
2161 3657 2413 3726 Denique
2435 3662 2492 3709 et
2519 3656 2732 3727 species
2752 3657 2986 3726 singula:
3005 3657 3202 3710 ordine
3223 3673 3361 3728 pra:-

110 3747 286 3815 speciei
314 3749 507 3802 sedem
553 3745 753 3799 tribuit
806 3744 864 3797 in
909 3743 1091 3814 spatio
1148 3741 1466 3813 prinCipaliS
1508 3745 1678 3794 tetra-
1760 3746 1907 3799 dicto
1958 3747 2027 3799 de
2061 3745 2419 3799 tetrachordo
2464 3746 2521 3799 in
2568 3745 2987 3799 tetrachordum
3035 3746 3267 3800 intensaa
3310 3746 3359 3800 si

110 3835 298 3901 Chordi,
326 3837 473 3908 (μιοά
505 3837 653 3889 inter
711 3833 1021 3904 [mimarum
1077 3831 1413 3885 ChOl‘duI‘um
1444 3830 1676 3901 Primus.
1760 3836 2140 3898 remittantur,
2164 3834 2323 3887 initio
2341 3839 2565 3905 sumpto
2592 3834 2662 3887 ab
2682 3834 3031 3898 ultimis,ubi
3052 3834 3358 3888 terminum

111 3922 154 3975 id
182 3931 276 3990 est,
310 3928 373 3979 A.
397 3932 455 3980 et
474 3926 537 3979 D.
566 3929 628 3977 ut
657 3922 914 3994 superius
936 3921 1041 3974 tibi
1072 3921 1317 3974 nondum
1342 3919 1679 3989 intelligellt—i
1762 3941 1953 3978 carum
1983 3923 2304 3988 statuimus,
2331 3940 2525 3976 omnes
2556 3924 2750 3977 eadem
2782 3923 2889 3987 via,
2923 3940 3034 3993 qua
3063 3929 3356 3991 venerunt,

110 4011 294 4067 dictum
316 4013 691 4080 est,locatur!
725 4012 1027 4080 Perpende,
1058 4027 1263 4080 quisse,
1298 4008 1682 4078 diligenter,et
1762 4014 1831 4067 ad
1866 4013 2170 4084 principale
2200 4012 2617 4065 tetrachordum
2663 4012 2815 4065 velut
2857 4011 2928 4065 ad
2973 4011 3206 4081 originis
3244 4028 3360 4066 suae

111 4098 230 4155 illud
254 4103 550 4174 perpende,
576 4100 855 4171 quomodo
884 4099 942 4152 in
973 4099 1095 4169 ipsa
1128 4099 1436 4168 primarum
1468 4097 1681 4167 specie-
1763 4103 1973 4156 fontem
2022 4108 2321 4155 recurrunt
2357 4118 2369 4167 ς
2422 4117 2761 4171 quamquam
2809 4117 2991 4154 omnis
3046 4100 3289 4154 melodia
3327 4116 3362 4154 a

112 4204 221 4243 rum
237 4191 476 4246 naturali
498 4189 849 4262 processione
871 4188 1052 4258 ipsum
1072 4187 1242 4241 etiam
1263 4187 1680 4240 tetrachordum
1766 4191 2059 4264 principali
2102 4191 2369 4259 digressa,
2406 4206 2439 4243 a
2468 4190 2641 4253 ﬁnali,
2672 4196 2737 4243 ut
2765 4188 3140 4259 praediximus,
3173 4189 3363 4245 mode-

117 4278 260 4334 ﬁnale
284 4282 523 4352 quodam
568 4279 783 4333 occulto
812 4278 1007 4331 ordine
1048 4281 1104 4330 et
1144 4277 1267 4346 lege
1314 4282 1529 4329 naturae
1555 4292 1685 4346 pro-
1768 4287 1941 4340 retur,
1975 4288 2205 4348 regatur
2230 4280 2348 4347 jam
2378 4283 2436 4331 et
2464 4278 2823 4347 dijudicetur.

117 4365 319 4423 ductum
351 4377 457 4425 est.
505 4368 649 4432 Quid
690 4372 777 4421 est
822 4383 958 4436 ergo
1003 4366 1327 4420 earumdem
1376 4365 1683 4435 specierum
1839 4370 2011 4424 0THL-
2063 4370 2223 4422 Nunc
2268 4367 2460 4438 igitur,
2496 4367 2889 4422 dilectissime!
2920 4368 3054 4440 quia
3088 4374 3146 4424 et
3172 4368 3229 4423 in
3258 4369 3366 4424 hac

119 4457 445 4529 principium,
482 4458 590 4512 nisi
619 4456 923 4528 principale
952 4455 1373 4509 tetrachordum
1393 4455 1417 4507 ?
1438 4454 1520 4507 vel
1551 4454 1682 4524 quid
1700 4447 1748 4505 D
1768 4458 2073 4529 quaestione
2094 4457 2435 4524 satisfecisti,
2451 4462 2577 4529 post
2595 4458 3028 4529 pulcherrimam
3060 4476 3091 4513 e
3119 4458 3367 4514 naturali

121 4544 342 4615 ipsarum
370 4546 796 4611 consummatio,
856 4545 965 4599 nisi
1011 4544 1354 4599 tetrachordi
1394 4544 1575 4597 ﬁnalis
1621 4560 1685 4597 ex
1766 4548 2014 4602 thalamo
2042 4563 2143 4600 suo
2172 4546 2482 4616 specierum
2508 4547 2855 4601 diatessaron
2871 4552 2928 4601 et
2955 4547 3219 4620 diapente
3235 4565 3367 4620 pro-

124 4636 391 4709 principali
433 4638 697 4709 genitura
743 4636 997 4707 quaedam
1046 4640 1103 4688 et
1140 4634 1475 4706 productio?
1505 4633 1687 4688 Simili
1769 4632 2109 4700 ductionem,
2140 4641 2268 4706 post
2295 4637 2779 4690 tetrachordorum
2801 4637 3370 4709 processionem,post

127 4725 268 4780 modo
317 4726 374 4780 in
419 4725 817 4781 constitutione
865 4724 1177 4795 specierum
1218 4723 1481 4794 diapente
1519 4729 1690 4777 tetra-
1770 4726 2031 4780 subtilem
2062 4725 2392 4795 primarum,
2422 4726 3117 4790 secundarum,tertiarum
3136 4733 3369 4798 etquar—

126 4811 365 4870 chordum
391 4815 745 4887 superiorum
771 4831 835 4867 ex
864 4814 1105 4873 ﬁnali,et
1122 4829 1188 4867 ex
1218 4813 1689 4884 subsequentibus
1771 4821 1959 4869 tarum
1989 4814 2325 4868 chordarum
2356 4830 2420 4867 ex
2444 4814 2805 4868 tetrachordo
2838 4815 3153 4886 principali,
3186 4832 3251 4870 ac
3269 4832 3372 4886 per

128 4903 387 4971 speciebus
408 4905 679 4960 excellens
713 4920 779 4958 ex
816 4902 1092 4973 superiori
1133 4902 1401 4973 procedit.
1453 4901 1544 4956 Sic
1572 4901 1692 4955 sin-
1772 4906 1878 4959 hoc
1906 4903 2214 4957 harmoniae
2235 4902 2427 4957 totius.
2454 4907 2519 4956 ut
2548 4903 2905 4973 promiseras,
2941 4904 3367 4969 derivationem,

127 4992 359 5058 gulorum
375 4993 859 5049 tetrachordorum
880 4992 951 5046 ad
972 4991 1691 5063 troporuminstitutionem
1775 4994 2041 5064 diapason
2074 5008 2294 5063 quoque
2323 4991 2535 5063 species
2567 4992 2762 5046 eodem
2787 5008 2974 5063 quaeso
3004 4992 3225 5060 decore,
3258 5007 3369 5063 quo

131 5084 493 5150 spectantium,
525 5084 720 5154 primae
754 5099 819 5135 ex
850 5081 1173 5153 principalis
1202 5081 1545 5135 tetrachordi
1576 5081 1695 5151 pri—
1777 5089 1835 5139 et
1873 5083 2135 5149 minores,
2168 5081 2338 5135 facias
2364 5080 2684 5152 procedere.

131 5182 224 5232 ma,
252 5188 326 5226 διο
349 5189 541 5227 omnes
566 5171 821 5226 secundae
852 5188 917 5225 ex
945 5170 1121 5241 ipsius
1137 5171 1400 5235 secunda,
1429 5170 1697 5225 sictertiw
2524 5168 2620 5224 IX.

134 5269 188 5309 ex
210 5261 385 5325 tertia,
417 5268 474 5316 et
503 5267 715 5333 quartae
745 5278 810 5314 ex
832 5266 1031 5331 quarta
1061 5260 1220 5330 quasi
1250 5277 1315 5313 ex
1346 5266 1588 5331 quatuor
1608 5260 1697 5314 di-
2227 5262 2297 5315 De
2326 5261 2594 5328 speciebus
2624 5260 2917 5327 Dz‘apason.

134 5360 282 5403 versae
305 5358 515 5406 naturae
542 5350 835 5405 elementis
858 5349 1263 5421 producuntur,
1308 5349 1423 5403 sive
1463 5354 1595 5404 nata
1618 5355 1701 5403 to-
1851 5352 2042 5406 WILH.
2071 5351 2152 5405 De
2183 5349 2471 5421 speciebus
2499 5348 2767 5419 diapason
2793 5347 2925 5419 quid
2950 5346 3193 5418 amplius
3211 5365 3377 5405 nosse

138 5432 209 5487 nis
232 5436 567 5498 derivantur.
1782 5440 2025 5503 laboras,
2069 5440 2176 5494 nisi
2199 5440 2346 5511 quod
2376 5456 2571 5493 omnes
2601 5436 2799 5492 musici
2820 5438 3380 5498 asseverant,scilicet

199 5524 357 5585 Orat.
389 5530 620 5584 Placent
646 5534 843 5584 cuncta
863 5529 1165 5584 admodum
1190 5545 1311 5601 qua:
1331 5528 1491 5594 dicis,
1517 5533 1574 5583 et
1594 5546 1707 5584 non
1788 5536 2003 5601 septem
2033 5545 2153 5583 esse
2174 5529 2478 5583 secundum
2511 5532 2725 5599 septem
2740 5526 3067 5581 discrimina
3081 5543 3298 5592 vocum,
3322 5534 3381 5583 et

143 5610 298 5670 solum
338 5618 453 5674 haec
503 5619 809 5691 perpendo,
843 5618 942 5674 sed
984 5624 1042 5674 et
1089 5618 1200 5673 alia
1250 5618 1506 5691 quaedam
1552 5618 1709 5690 prius
1792 5618 1924 5691 quia
1961 5618 2158 5674 eadem
2205 5616 2535 5673 discrimina
2571 5616 2634 5671 in
2677 5615 3053 5672 monochordo
3092 5616 3383 5687 geminata
