3934 6366
520 297 659 384 1155
1536 294 1594 348 s.
1634 293 2376 364 GUILLELMrmArrts
2415 295 2754 350 HIRSAUG.
3654 293 3800 362 1155

529 427 684 494 sunt,
709 422 1022 494 prima-ma
1048 421 1252 494 primo
1291 417 1617 491 discrimine
1655 419 1726 486 ad
1767 419 2032 488 primum.
2064 419 2189 490 ὶΔιᾼ
2209 420 2385 484 donec
2421 423 2603 484 tenaci
2657 422 2943 483 memoriae
2997 423 3477 494 committaqu
3522 422 3806 484 maximus

523 517 628 577 est,
654 511 731 576 ab
754 513 826 566 -A.
845 511 922 564 ad
954 527 1006 579 a.
1039 509 1340 576 secundam
1372 508 1668 575 asecurmlo
1698 507 1766 562 ad
1789 508 2115 573 secundum,
2201 527 2357 564 error
2372 516 2486 564 tam
2518 511 2750 572 scientia
2769 511 3246 583 devitatur,quam
3266 511 3586 582 ignorantia
3615 511 3805 574 incur-

519 601 710 664 idest,
737 617 772 654 a
819 599 885 653 B.
921 599 978 652 in
1029 599 1073 670 η.
1125 597 1448 662 ascendere,
1481 597 1669 667 sicque
1707 597 2004 659 semitonio
2035 599 2119 658 vel
2201 600 2365 652 ritur.
2403 601 2542 659 Item
2576 601 2931 673 tetrachorda
2964 601 3268 671 principale
3298 609 3356 662 et
3383 601 3677 661 excellens.
3710 617 3806 663 su-

524 693 660 746 tono
678 705 780 760 per
799 688 1023 742 ordines
1045 687 1359 740 litterarum
1381 685 1667 749 scandere,
1687 685 1861 738 donec
1881 687 2122 756 septima

523 777 581 846 in
607 795 663 848 g.
701 783 1032 848 snperacuta
1064 775 1311 830 ﬁniatur.

601 868 781 928 ,OTHL.
813 866 870 919 Si
897 873 977 928 tu,
1004 882 1169 936 quem
1200 872 1416 918 naturae
1442 863 1656 916 Niliaco
1687 863 1838 916 fonte
1852 863 2122 924 occultio-

525 956 604 1025 ris
653 955 1142 1028 investigatoribus
1197 971 1308 1006 non
1354 954 1544 1024 paucis
1592 954 1750 1007 facile
1791 955 2117 1024 pertulerim

528 1043 594 1116 [ι.
621 1045 986 1116 praetulerim]
1015 1044 1162 1098 hanc
1188 1044 1496 1114 specierum
1538 1042 1806 1112 diapason
1846 1044 2120 1110 constitu—

526 1134 738 1202 tionem
770 1151 853 1198 ea,
889 1149 999 1204 qua
1042 1133 1366 1203 promisisti,
1412 1132 1630 1186 ratione
1674 1131 2016 1204 probaveris,
2057 1132 2119 1190 id

527 1228 632 1290 est,
663 1223 810 1293 quod
832 1239 872 1275 .a
898 1221 1304 1292 principalibus
1325 1221 1694 1275 tetrachordis
1723 1220 1992 1276 inoffenso
2021 1238 2122 1274 na-

525 1312 728 1366 turalis
755 1311 966 1366 ordinis
997 1311 1137 1382 pede
1188 1327 1485 1381 pregressa
1530 1310 1623 1372 sit,
1657 1310 1796 1364 nihil
1833 1317 1935 1372 est,
1973 1310 2121 1380 quod

524 1401 677 1466 ultra
702 1401 770 1454 de
799 1400 888 1462 his
919 1416 1166 1469 quaerere
1197 1397 1463 1452 laborem.

596 1490 784 1546 WILH.
810 1489 1044 1558 Antiqui
1075 1493 1130 1541 et
1160 1488 1670 1546 moderni'musicaz
1699 1487 1837 1542 artis
1866 1492 2120 1544 auctores

529 1579 713 1634 multa
772 1577 1044 1647 scripsere
1101 1576 1433 1646 probabilia,
1463 1577 1641 1630 multa
1681 1577 1838 1630 utilia
1877 1583 1934 1629 et
1964 1577 2120 1629 valde

532 1667 870 1737 neCessaria,
906 1666 1040 1736 quin
1070 1659 1244 1718 immo
1281 1667 1492 1736 primas
1523 1666 1774 1734 ejusdem
1802 1665 1939 1718 artis
1967 1665 2123 1718 inve-

2205 688 2411 754 periori
2457 706 2523 748 ea
2571 689 2876 749 mediante,
2911 690 2956 748 si
3010 708 3040 743 e
3079 690 3301 746 diverso
3351 691 3625 751 conferas,
3674 689 3804 744 aliae

2203 783 2445 846 quatuor
2473 778 2684 848 species
2708 779 2978 849 diapason
3017 780 3294 834 consimili
3338 785 3554 836 naturae
3592 786 3804 838 ornatu

2201 865 2570 935 apparebunt.
2602 867 2790 927 Prima
2820 867 2953 922 item
2998 868 3266 938 diapason
3312 868 3523 938 species
3545 885 3584 929 Aa
3615 867 3804 938 prima

2204 955 2454 1008 fmatium
2491 955 2552 1009 υ.
2604 963 2661 1018 et
2703 972 2737 1010 a
2795 957 2976 1025 prima
3005 957 3393 1017 excellentium
3436 957 3490 1010 cl.
3528 955 3801 1025 quoniam

2202 1059 2436 1096 numero
2484 1044 2734 1114 duplices
2779 1052 2928 1107 sunt,
2978 1046 3122 1102 sicut
3147 1053 3204 1100 et
3233 1052 3433 1116 quarta
3456 1045 3800 1111 continetur,

2203 1133 2434 1201 sed_aiio
2474 1133 2794 1194 medietatis
2840 1134 3078 1199 vinculo,
3108 1135 3319 1204 scilicet
3342 1135 3520 1205 prima
3549 1135 3805 1204 superio-

2202 1237 2324 1276 rum
2357 1237 2409 1274 a.
2445 1223 2744 1286 medietate
2766 1224 3477 1300 com.pagina.tur.Sec-unda
3495 1223 3564 1276 ab
3593 1223 3807 1288 utrius-

2205 1326 2317 1379 que.
2339 1312 2713 1368 tetrachordis
2742 1313 3096 1376 secundisﬂd
3127 1321 3210 1366 est
3240 1315 3302 1367 E.
3333 1319 3453 1369 ete.
3477 1312 3804 1374 cohibetur,

2203 1405 2260 1451 et
2290 1416 2322 1452 a
2351 1401 2596 1465 secunda
2623 1401 2974 1472 superiorum
2995 1403 3036 1471 Tn
3057 1404 3424 1473 coadunatm'.
3441 1403 3627 1458 Tertia
3644 1420 3676 1454 a
3695 1409 3813 1454 ter-

2205 1487 2319 1555 tiis,
2351 1489 2406 1541 id
2441 1497 2527 1542 est
2551 1490 2607 1542 F.
2641 1496 2699 1544 et
2727 1491 2764 1542 f.
2811 1491 3230 1559 constringitur,
3262 1492 3361 1546 sed
3389 1508 3421 1543 a
3445 1491 3810 1561 superiorum

2210 1577 2373 1630 tertia
2415 1595 2463 1631 c.
2491 1579 3121 1647 -distinguitur.Quarta
3147 1581 3280 1640 item
3302 1596 3343 1642 ,a
3369 1580 3603 1649 quartis,
3634 1580 3691 1632 id
3723 1586 3816 1634 est

2208 1664 2274 1718 G.
2304 1673 2359 1718 et
2383 1684 2444 1734 g.
2469 1667 2983 1736 comprehenditur,
3007 1676 3063 1721 et
3093 1685 3125 1721 a
3147 1675 3349 1738 quarta
3376 1668 3733 1738 superiorum
3752 1667 3812 1719 d.

525 1772 664 1810 nere
689 1772 876 1820 venas,
896 1755 1076 1826 ipsum
1097 1771 1317 1825 quoque
1338 1753 1793 1824 limpidissimum
1826 1753 2122 1825 fontem,id
2146 1744 2186 1802 Β
2213 1756 2585 1810 connectitur.
2637 1757 2838 1820 Nonne
2864 1757 3060 1826 primae
3089 1757 3358 1828 diapason
3385 1757 3598 1827 species
3630 1764 3688 1820 et
3720 1757 3813 1810 di-

529 1852 634 1904 est.
667 1843 974 1915 principale
1001 1843 1418 1906 tetrachordum
1469 1843 1708 1912 quodam
1739 1841 2121 1912 Peripateticae

527 1932 764 2001 rationis
809 1949 870 1986 ex
921 1938 1079 2002 parte
1131 1932 1390 1984 detexere
1430 1930 1682 1991 fossorio,
1717 1931 1848 1983 licet
1895 1930 2122 2000 quidam

531 2022 759 2078 illarum
789 2027 1031 2091 quatuor
1062 2038 1270 2083 rerum,
1300 2022 1361 2073 in
1393 2019 1596 2091 quibus
1628 2019 1765 2073 artis
1799 2018 2123 2088 hujusmodi

529 2128 753 2180 summa
782 2111 1056 2175 consistit,
1089 2109 1496 2181 aliquantisper
1514 2110 1777 2162 turbante
1807 2107 2127 2180 ignorantia

527 2216 642 2269 non
672 2200 991 2270 perspicuos
1047 2199 1176 2254 inde
1223 2200 1458 2256 haustus
1502 2198 1939 2268 propinaverint.
1967 2197 2125 2252 Unde

529 2305 633 2344 nos
663 2305 764 2358 per
793 2287 984 2354 omnia
1029 2286 1422 2353 venerabiliter
1466 2287 1576 2340 illis
1623 2302 1938 2356 assurgere,
1973 2292 2029 2338 et
2074 2285 2121 2338 si

528 2377 665 2448 quid
691 2375 978 2442 turbidum
1027 2375 1333 2437 hauserint,
1387 2375 1606 2432 cautius
1633 2375 1967 2445 perspicere,
2002 2391 2123 2444 per-

525 2470 896 2536 spectumque.
920 2464 1233 2530 humillime
1261 2481 1502 2534 purgare
1523 2469 1744 2534 oportet
1775 2481 1785 2515 :
1821 2463 1968 2534 quod
1998 2471 2118 2528 tum

525 2554 583 2608 in
604 2561 865 2625 promptu
892 2553 1071 2622 erit,si
1095 2554 1260 2606 Patre
1283 2553 1557 2614 luminum
1584 2552 2116 2620 doqanteducidam,

529 2648 594 2694 ut
623 2641 830 2712 incepi,
861 2658 973 2698 non
1033 2642 1212 2708 solum
1263 2641 1575 2711 specierum
1624 2641 1912 2710 diapason.
1955 2656 2120 2709 quam

526 2733 796 2804 postulas,
826 2734 923 2786 sed
953 2737 1008 2786 et
1036 2734 1285 2796 omnium
1330 2733 1452 2803 pari
1483 2733 1647 2786 modo
1674 2731 2122 2786 memorabilium

528 2829 772 2892 quatuor
800 2839 988 2875 rerum
1019 2821 1217 2874 seriem
1249 2821 1739 2874 indissociabiliter
1788 2821 1893 2873 sibi
1942 2822 2124 2875 00112!)-

522 2918 743 2980 rentem
775 2928 839 2966 ex
869 2918 982 2966 tam
1017 2911 1316 2982 purissimo
1339 2927 1510 2981 quum
1546 2909 1832 2964 verissimo
1858 2911 2009 2963 fonte
2029 2928 2125 2964 na-

528 3007 670 3060 turae
693 3001 1021 3072 produxero.
1059 3003 1183 3072 ipse
1213 3001 1364 3054 enim
1395 3001 1540 3055 sicut
1578 3017 1703 3054 mox
1733 2999 1926 3053 audita
1956 3007 2122 3074 natu-

2207 1844 2394 1912 cendae
2425 1852 2575 1907 sunt,
2612 1852 2668 1898 et
2691 1863 2833 1911 verae
2861 1852 3015 1913 sunt,
3046 1863 3168 1915 quae
3197 1863 3229 1900 a
3257 1846 3453 1917 primis
3479 1846 3706 1924 chordis
3755 1851 3818 1899 et

2208 1934 2565 1986 extremitate
2595 1935 2972 1999 continentur,
3009 1942 3064 1988 et
3096 1935 3397 1989 medietate
3447 1935 3815 2005 distinguun-

2207 2027 2319 2086 tur,
2345 2028 2400 2074 et
2421 2039 2456 2074 a
2477 2023 2671 2092 primis
2692 2023 2973 2089 minorum
2996 2025 3485 2091 consonantiarum
3499 2023 3814 2095 speciebus

2208 2111 2626 2176 instituuntur?
2656 2113 2741 2165 An
2774 2129 2898 2181 quae
2947 2130 2980 2166 a
3021 2114 3300 2179 secundis,
3329 2130 3516 2183 quaeve
3545 2130 3580 2166 a
3599 2113 3814 2178 tertiis,

2208 2199 2323 2252 sive
2353 2216 2381 2251 a
2415 2199 2628 2269 quartis
2658 2200 2851 2254 eodem
2885 2201 3049 2266 modo
3079 2201 3474 2268 informantur,
3513 2217 3626 2255 non
3673 2208 3817 2267 sunt

2210 2287 2410 2340 merito
2443 2289 2702 2344 secundae
2730 2289 2813 2342 vel
2845 2291 3042 2356 tertiae,
3068 2291 3151 2356 vel
3183 2290 3428 2360 quartae?

2276 2378 2428 2443 OTnL
2477 2378 2696 2434 Potenti
2719 2384 2774 2432 et
2802 2378 3166 2448 insuperabili
3195 2379 3413 2439 ratione
3435 2376 3688 2448 probasti
3719 2393 3809 2440 ea,

2205 2482 2328 2534 quae
2361 2466 2668 2535 promisisti
2719 2486 2730 2519 :
2789 2468 2885 2520 sed
2921 2484 3120 2537 perge,
3170 2484 3378 2538 quaeso,
3427 2466 3714 2537 velociter,
3749 2473 3817 2540 ut

2212 2554 2450 2626 Domino
2475 2557 2708 2624 juvante
2742 2556 2814 2622 ad
2852 2557 3123 2622 effectum
3178 2557 3362 2627 operis
3397 2556 3691 2627 pervenire
3722 2572 3817 2610 va-

2206 2644 2340 2706 leas.

2278 2731 2464 2786 WILH.
2497 2732 2696 2802 Itaque
2715 2739 2838 2788 octo
2865 2733 3153 2802 speciebus
3184 2733 3517 2804 naturaliter
3539 2732 3814 2787 constitu-

2208 2821 2278 2874 tis
2309 2821 2553 2890 illorum,
2588 2839 2727 2891 quos
2775 2823 3001 2890 abusive
3027 2830 3188 2876 tonos
3217 2824 3428 2888 dicunt,
3462 2827 3583 2876 octo
3611 2828 3814 2892 tropo-

2207 2926 2331 2964 rum
2365 2911 2638 2978 naturalis
2669 2911 2850 2964 oritur
2879 2912 3189 2981 dispositio,
3216 2912 3292 2964 ita
3309 2919 3370 2964 ut
3389 2919 3632 2982 quatuor
3651 2913 3814 2981 prio-

2207 3016 2303 3067 res
2331 2999 2385 3052 in
2420 3007 2666 3070 quatuor
2693 3001 3033 3070 subjugales,
3068 3008 3123 3054 et
3153 3008 3394 3071 quatuor
3418 3007 3720 3072 sequentes
3751 3001 3813 3056 in

524 3090 957 3162 ralispecierum
981 3090 1328 3154 diatessaron
1351 3091 1677 3160 etdiapente
1698 3090 2116 3156 constitutione,
2135 3101 2179 3160 ί]
2205 3095 2448 3156 quatuor
2486 3090 2841 3159 authenticos
2886 3097 3194 3153 transeant.
3247 3091 3303 3148 Si
3331 3090 3478 3158 enim
3507 3089 3674 3160 tropi,
3712 3090 3814 3162 qui

525 3178 660 3249 quin
682 3179 746 3244 in
772 3178 892 3248 ipsa
917 3178 1141 3248 quidam
1173 3195 1234 3232 ex
1269 3178 1550 3232 modernis
1580 3179 1867 3242 erraverit,
1896 3178 2120 3251 judica-

525 3266 626 3334 sti;
659 3267 739 3328 ita
771 3267 962 3324 statim
1009 3274 1298 3338 perspecta
1332 3275 1657 3321 czeterarum
1694 3266 1957 3337 puritate,
1988 3266 2122 3338 quid

524 3355 585 3409 in
624 3355 702 3412 eis
735 3357 990 3426 .priorum
1041 3357 1358 3426 ignorantia
1404 3356 1714 3409 turbaverit
1759 3356 2124 3424 musicorum,

527 3451 625 3506 aut
653 3461 756 3515 per
782 3451 837 3498 te
865 3452 1126 3515 potenter
1157 3445 1440 3511 decernes,
1474 3452 1573 3498 aut
1602 3462 1690 3498 me
1733 3445 2125 3500 decernentem

525 3534 792 3599 velociter
839 3534 1135 3604 intelliges.
1199 3535 1419 3606 Species
1485 3534 1753 3604 diapason
1819 3533 2125 3606 secundum

525 3640 825 3694 numerum
855 3632 1142 3694 troporum
1163 3623 1217 3680 in
1242 3623 1592 3684 authenticos
1622 3630 1678 3676 et
1697 3623 2016 3696 subjugales
2047 3621 2128 3674 di-

525 3713 879 3780 stinctorum,
911 3719 1033 3774 octo
1059 3729 1200 3773 esse,
1250 3721 1451 3765 natura
1491 3719 1837 3766 monstrante
1883 3711 2122 3764 manife-

523 3808 674 3860 stum
705 3808 808 3864 est.
852 3802 985 3866 Quae
1015 3808 1204 3856 tamen
1254 3801 1532 3856 naturalis
1572 3801 1792 3854 numeri
1822 3801 2015 3854 ordine
2045 3800 2124 3854 ita

523 3891 911 3962 computandae
958 3907 1069 3946 non
1117 3895 1268 3954 sunt,
1299 3896 1361 3944 ut
1413 3891 1563 3946 dicas
1611 3890 1806 3960 prima,
1855 3889 2117 3948 secunda.

523 3981 708 4046 tertia.
747 3987 967 4051 quarta,
1003 3980 1219 4050 quinta,
1249 3985 1422 4038 sexta,
1447 3984 1502 4032 et
1521 3979 1599 4032 sic
1629 3980 1697 4031 ad
1721 3985 1968 4032 octavam
1995 3995 2121 4048 per-

522 4070 715 4132 venias
745 4088 754 4118 :
791 4070 889 4124 sed
915 4076 1041 4139 post
1077 4075 1318 4138 quatuor
1345 4068 1549 4122 iterum
1581 4069 1702 4121 aliae
1731 4075 2122 4137 quatuor,,non

524 4159 807 4230 a,guinta,
823 4159 929 4220 sed
957 4175 988 4211 a
1010 4157 1191 4228 prima
1212 4157 1738 4227 denuoincipieutes
1761 4156 2120 4210 numeranda:

2206 3185 2448 3245 quatuor
2480 3185 2615 3244 sunt
2639 3179 2706 3244 in
2727 3185 2942 3246 natura
2967 3196 3065 3249 pro
3087 3178 3452 3244 discernenda
3481 3185 3680 3238 cantus
3711 3196 3815 3232 va-

2210 3265 2409 3338 rietate
2461 3266 2522 3319 in
2573 3273 2695 3322 octo
2744 3267 3184 3327 distribuantur,
3237 3269 3350 3332 illa,
3387 3285 3510 3339 qua:
3553 3268 3816 3339 priorum

2213 3361 2456 3426 quatuor
2489 3357 2804 3425 specierum
2837 3357 3107 3427 diapason
3139 3357 3321 3428 prima
3335 3363 3437 3420 est,
3463 3357 3519 3426 in
3546 3356 3821 3428 subjuga-

2209 3443 2316 3514 lem
2331 3445 3172 3514 preticonvertitur,secundain
3193 3446 3540 3516 subjugalem
3565 3445 3813 3513 deuteri,

2209 3548 2311 3585 nec
2347 3549 2459 3600 non
2494 3534 2723 3603 reliquae
2761 3535 2883 3598 duae
2915 3535 2972 3587 in
3002 3535 3140 3601 alios
3172 3535 3332 3598 duos,
3365 3541 3428 3587 ut
3455 3534 3666 3587 dictum
3699 3541 3814 3599 est,

2209 3621 2469 3690 similiter
2494 3622 2608 3684 illa,
2641 3640 2762 3693 quae
2785 3623 2839 3676 in
2862 3623 3224 3694 sequentibus
3249 3630 3490 3694 quatuor
3513 3623 3815 3693 speciebus

2208 3709 2391 3779 prima
2422 3716 2523 3774 est,
2547 3727 2668 3781 quae
2700 3712 2848 3780 inter
2871 3712 2935 3766 Di
2971 3718 3027 3765 et
3055 3712 3090 3766 d
3143 3711 3542 3778 eontinetur,in
3566 3711 3812 3766 authen-

2206 3799 2377 3852 ticum
2410 3807 2634 3870 protum
2662 3801 3029 3868 transfertur;
3062 3801 3303 3855 secunda
3335 3800 3390 3852 in
3418 3800 3813 3854 authenticum

2205 3887 2609 3959 deuterum,et
2634 3889 2764 3941 item
2794 3896 3005 3952 czeterze
3035 3890 3159 3942 dum
3187 3889 3245 3942 in
3266 3896 3619 3948 remanentes
3644 3890 3809 3942 duos.

2206 3977 2262 4029 Si
2293 3994 2420 4030 vero
2452 3979 2529 4031 ita
2559 3977 2952 4048 disponuntur.
2971 3984 3033 4030 ut
3054 3977 3659 4050 quisqueautbenticus
3681 3979 3813 4047 jun-

2205 4072 2292 4118 cto
2321 4065 2428 4120 sibi
2461 4066 2739 4137 subjugali
2763 4084 2862 4120 suo
2896 4084 3041 4122 unus
3071 4067 3456 4120 inditl'erenter
3485 4073 3682 4138 tropus
3715 4067 3812 4134 ha-

2206 4154 2424 4220 beatur,
2454 4162 2512 4208 et
2537 4173 2607 4224 ex
2625 4162 2749 4210 octo
2783 4157 3118 4211 naturaliter
3147 4164 3391 4227 quatuor
3425 4158 3563 4222 fiant
3592 4158 3810 4228 species

521 4255 656 4301 sunt
673 4254 728 4300 et
750 4247 1361 4317 constituendae.lgitur
1375 4247 1420 4300 si
1437 4247 1802 4305 tetrachordo
1817 4245 2119 4317 principale
2206 4261 2428 4316 quoque
2457 4246 2894 4316 diapason,quas
2917 4245 3272 4311 authenticus
3286 4251 3342 4310 et
3362 4245 3810 4316 subjugalisejus

524 4353 593 4394 ac.
619 4337 879 4408 superius
909 4353 938 4392 e
959 4336 1186 4406 regione
1208 4353 1497 4407 compares
1517 4343 1572 4389 et
1586 4333 1974 4406 jungas,ﬁnali
2005 4351 2122 4394 me-
2141 4378 2187 4435 D
2207 4333 2311 4386 sibi
2339 4334 2642 4404 vindicant,
2675 4341 2732 4389 et
2757 4336 2904 4390 unde
2926 4341 3202 4397 constant,
3224 4335 3387 4404 jungi
3418 4341 3475 4388 et
3501 4335 3809 4402 coadunari

526 4426 800 4495 dictatum
845 4431 902 4494 et
946 4426 1292 4488 vinculorum
1339 4425 1454 4478 vice
1503 4423 2184 4494 interposito,lquatuor”
2206 4439 2430 4488 necesse
2460 4430 2564 4477 est.
2596 4424 2764 4492 Verbi
2793 4423 2977 4493 gratia
3023 4442 3034 4476 :
3077 4424 3134 4492 in
3165 4430 3391 4498 pratum
3419 4423 3810 4485 indiﬂerenter

528 4514 742 4584 species
773 4515 1044 4585 diapason
1075 4515 1292 4578 exinde,
1326 4531 1464 4584 quas
1495 4513 1801 4577 desideras,
1848 4511 2122 4566 naturalis
2205 4513 2568 4585 statuendum
2609 4520 2851 4584 quatuor
2880 4513 3133 4584 priorum
3174 4519 3231 4566 et
3257 4519 3517 4584 quatuor
3565 4530 3808 4585 sequen-

526 4609 683 4666 qrtus
722 4610 778 4660 et
809 4604 1022 4670 ordinis
1050 4605 1248 4664 decore
1287 4603 1606 4674 precedent.
1651 4602 1905 4677 Denique
1940 4603 2123 4674 prima
2203 4601 2342 4670 tium
2375 4603 2684 4671 specierum
2719 4603 2842 4672 dure
2886 4604 3081 4672 primae
3125 4608 3484 4666 concurrunt,
3516 4619 3652 4676 una,
3687 4619 3808 4674 qua:

524 4693 738 4765 species
783 4694 1052 4764 diapason
1091 4711 1124 4746 a
1162 4693 1345 4763 prima
1391 4692 1647 4761 gravium
1685 4693 1752 4746 Α.
1793 4697 1851 4745 et
1877 4708 1911 4744 a
1939 4692 2122 4762 prima
2204 4697 2289 4751 est
2322 4689 2392 4743 ab
2423 4692 2489 4743 A.
2518 4690 2581 4744 in
2611 4708 2664 4744 a.
2689 4691 2887 4757 altera,
2923 4709 3044 4762 quae
3073 4698 3159 4746 est
3186 4708 3219 4745 a
3248 4692 3313 4763 D.
3347 4691 3404 4744 in
3426 4691 3484 4758 d.
3515 4691 3574 4762 in
3605 4691 3808 4746 deute-

523 4783 872 4854 superiorum
905 4800 957 4836 a.
991 4782 1330 4854 continetur,
1361 4788 1418 4835 et
1447 4798 1480 4833 a
1530 4781 1711 4850 prima
1757 4779 2010 4834 ﬁnalium
2203 4795 2328 4832 rum
2363 4779 2662 4850 indiscrete
2691 4782 3137 4852 componendum
3166 4789 3535 4851 utrarumque
3563 4785 3810 4852 quatuor

521 4871 824 4931 medietate
851 4870 1236 4939 distinguitur.
1286 4869 1541 4925 Secunda
1572 4868 1705 4922 item
1734 4868 1803 4922 ab
1825 4869 2119 4945 utriusque
2203 4867 2517 4941 specierum
2551 4870 2806 4924 secundae
2829 4871 3193 4940 conveniunt,
3218 4886 3330 4928 una
3352 4886 3473 4939 quae
3494 4875 3580 4922 est
3598 4885 3632 4922 a
3658 4869 3720 4922 B.
3747 4870 3806 4923 in

517 4959 889 5026 tretrachordi
918 4959 1196 5020 secundis,
1227 4958 1284 5010 id
1313 4964 1399 5014 est
1425 4959 1485 5016 B.
1520 4964 1574 5011 et
1603 4958 1648 5027 ﬁ.
1691 4959 2119 5028 comprehendi-
2203 4957 2232 5031 η
2266 4957 2439 5011 altera
2477 4975 2597 5029 quae
2630 4964 2714 5013 est
2740 4959 2810 5012 ab
2860 4961 2916 5012 Ισὶ.
2969 4959 3026 5014 in
3059 4977 3103 5012 e.
3139 4957 3203 5012 In
3233 4959 3427 5030 tritum
3459 4958 3802 5030 coniunctim

518 5053 632 5112 tur,
657 5055 713 5102 et
742 5066 776 5101 a
799 5048 1044 5101 secunda
1069 5046 1324 5100 tinalium
1355 5047 1415 5100 E.
1443 5046 1810 5116 connectitur.
1834 5048 1972 5102 Item
2002 5054 2118 5100 ter-
2201 5046 2619 5102 informandum
2665 5049 2959 5124 utriusque
2983 5048 3194 5102 ordinis
3224 5047 3403 5101 tertiae
3425 5053 3805 5120 coeunt,.una

514 5138 594 5191 tia
624 5155 656 5191 a
685 5137 886 5196 tertiis,
921 5137 977 5190 id
1004 5143 1087 5189 est
1109 5136 1170 5189 Ο.
1197 5141 1313 5188 etc.
1347 5136 1685 5205 implicatur,
1716 5142 1771 5189 et
1800 5153 1833 5188 a
1863 5137 2115 5188 finalium
2203 5152 2322 5204 quae
2353 5143 2439 5190 est
2467 5136 2534 5189 ab
2564 5138 2623 5190 C.
2654 5137 2711 5190 in
2743 5139 3004 5208 c..altera
3028 5155 3151 5209 quae
3181 5142 3266 5207 est
3297 5153 3329 5200 a_
3358 5136 3416 5188 F.
3452 5135 3509 5190 in
3540 5136 3576 5188 t’.
3611 5135 3677 5189 In
3715 5143 3794 5190 ιθ-

513 5228 684 5281 tertia
707 5228 767 5280 F.
802 5225 1180 5296 conjungitur.
1210 5226 1419 5288 Quarta
1448 5225 1580 5280 item
1613 5242 1644 5278 a
1685 5226 1918 5295 quartis,
1951 5225 2008 5278 id
2029 5232 2114 5278 est
2197 5225 2451 5300 trardum
2479 5226 2650 5280 simili
2685 5227 2848 5298 modo
2877 5227 3315 5298 continuandum
3349 5232 3560 5298 quartae
3592 5225 3804 5286 utrobi-

511 5318 578 5372 D.
613 5321 668 5370 et
699 5316 1098 5386 dl._includitur,
1133 5321 1190 5368 et
1217 5331 1251 5376 a
1282 5322 1480 5386 quarta
1512 5315 1763 5368 tinalium
1788 5316 1853 5387 G.
1885 5315 2110 5387 propria
2193 5329 2300 5384 que
2347 5331 2406 5368 se
2446 5323 2768 5388 conserupt,
2820 5333 2935 5372 una
2981 5333 3103 5387 quae
3146 5321 3233 5370 est
3279 5314 3582 5387 alD.._in,d.
3619 5315 3803 5388 altera

511 5413 568 5463 et
597 5406 758 5478 quasi
785 5403 1127 5466 hereditaria
1157 5404 1458 5475 nativaque
1479 5405 1610 5458 sede
1640 5405 1972 5472 vinculatur.
1992 5403 2105 5462 Has
2190 5418 2313 5471 quae
2341 5407 2428 5456 est
2455 5419 2489 5456 a
2518 5404 2588 5457 G.
2619 5403 2678 5457 in
2697 5421 2754 5473 g.

511 5501 702 5565 autem
759 5494 898 5562 duas
933 5495 998 5550 D.
1045 5499 1109 5560 ,et
1157 5493 1212 5548 d.
1261 5494 1526 5570 biformes
1573 5510 1696 5555 esse
1737 5509 1801 5548 ac
1831 5491 2100 5570 duplices,

509 5583 990 5657 suggesserim
1011 5589 1128 5658 est.
1142 5584 1426 5658 Marius
1440 5581 2098 5659 .rscpstmdommines.
