3934 6384
106 342 236 406 ιιῦῖ

1589 328 1887 394 MUSIGA.

3231 321 3368 393 “5.8

853 465 927 522 -X.
1710 460 2030 523 Atessaron
2079 463 2228 518 enim
2258 463 2344 516 vel
2388 462 2670 532 diapente,
2715 477 2838 531 quae
2884 463 3121 531 singulae
3171 480 3267 534 per
3305 481 3366 518 se

108 573 248 643 Quod
261 577 322 634 in
329 575 738 643 pﬁna'pafrium
750 571 1406 636 chordarumopemtt'om
1422 569 1493 620 sit
1508 567 1688 618 omnis

523 646 604 700 vis
635 647 682 697 et
713 644 925 709 agnitio
957 648 1262 708 tropormn.

169 735 276 790 Sed
315 735 431 788 haec
458 731 672 799 tropica
710 730 998 798 dispositio
1028 729 1143 782 sive
1173 745 1228 782 1n
1257 733 1380 783 octo
1412 723 1691 779 diffunda-

105 831 209 889 tur,
231 824 349 878 sive
379 823 438 876 in
463 827 706 892 quatuor
725 825 1069 881 coerceatur,
1090 823 1242 871 totus
1273 815 1548 869 naturalis
1573 814 1692 881 ejus

105 915 272 984 vigor,
311 926 532 968 necnon
577 908 826 977 ejusdem
872 907 1075 976 vigoris
1113 906 1309 962 intima
1338 911 1392 959 et
1441 901 1692 958 acutissi-

105 1019 209 1065 ma,
237 999 676 1068 cautissimaque
714 995 1022 1068 speeulatio
1051 995 1137 1048 vel
1185 993 1416 1064 agnitio,
1449 993 1507 1046 in
1539 989 1693 1062 prin-

105 1091 364 1162 cipalium
406 1088 742 1142 chordarum
786 1085 894 1146 sita
939 1090 1024 1139 est
1066 1083 1428 1155 operatione:
1483 1089 1539 1134 et
1582 1096 1696 1132 non

105 1180 288 1234 solum
302 1179 440 1242 haec,
468 1177 571 1230 sed
601 1182 657 1229 et
693 1175 874 1229 omnis
891 1174 1010 1242 jam
1041 1173 1189 1229 dicta
1217 1172 1526 1242 specierum
1557 1185 1690 1221 con—

105 1266 339 1329 stitutio,
372 1273 426 1319 et
453 1265 637 1319 adhuc
663 1262 903 1318 dicenda
920 1261 1218 1319 modorum
1250 1258 1584 1320 differentia,
1607 1257 1695 1310 in-

104 1370 480 1426 superemnes
501 1351 754 1408 melodiae
772 1348 1526 1422 prmcipalesdistinctiones,
1549 1346 1698 1403 alia:-

106 1461 209 1516 que
222 1442 620 1514 proprietates,
639 1456 738 1495 seu
755 1454 1127 1510 quaecumque
1149 1437 1385 1492 materia
1406 1453 1470 1494 ex
1485 1434 1698 1505 princi-

105 1533 241 1604 palis
263 1529 610 1586 tetrachordi
626 1545 764 1586 vena
792 1529 1090 1588 conﬂatur,
1123 1532 1196 1589 et,
1234 1531 1297 1584 ut
1329 1527 1408 1578 ita
1436 1524 1694 1585 dixerim,

107 1626 538 1686 commassat—ur,
551 1624 672 1674 tota
692 1617 900 1690 eisdem
915 1615 1317 1686 principalibus
1347 1614 1699 1684 singulorum

109 1719 400 1781 troporum
427 1705 841 1776 chordis,quasi
865 1705 1088 1759 malleis
1110 1703 1466 1775 quibusdam,
1490 1702 1700 1756 forma-

1771 554 2141 618 tetraehordaa
2171 552 2264 607 vel
2292 551 2686 622 pentachordte
2714 555 2880 613 sunt,
2911 549 2990 607 ,ὶξι
3031 551 3229 620 primis
3268 559 3368 607 aut

1773 645 2050 706 secundis,
2073 643 2156 696 vel
2182 641 2364 695 tertiis
2389 641 2504 694 sive
2538 638 2752 710 quartis
2781 639 3004 694 chordis
3034 639 3203 710 incipi
3238 646 3367 696 tan.

1773 741 1894 789 tum
1913 742 1971 786 et
1987 732 2137 788 finiri
2163 730 2376 784 sufficit
2405 745 2417 779 :
2457 729 2733 798 diapason
2763 743 2911 790 vero,
2934 728 3085 782 unde
3107 728 3254 799 trepi
3279 729 3368 783 di-

1776 828 2110 893 Spommtur,
2151 826 2213 874 et
2259 835 2384 889 quae
2437 818 2671 887 singulae
2720 834 2785 870 ex
2828 817 3102 887 utrisque,
3153 818 3212 872 id
3260 823 3372 883 est,

1777 914 2126 968 diatessaron
2187 915 2244 962 et
2305 908 2570 976 diapente
2626 905 2962 967 consistunt,
3023 907 3373 962 octoehondm

1777 1009 1936 1066 sunt;
1961 1005 2025 1053 et
2051 1000 2176 1053 ideo
2203 997 2364 1068 quasi
2396 997 2641 1065 majores
2685 995 2866 1064 spatio
2894 995 3106 1051 eisdem
3160 996 3372 1066 princi-

1779 1090 1998 1161 palibus
2018 1087 2249 1149 chordis
2284 1103 2395 1140 non
2423 1086 2603 1140 solum
2632 1083 2930 1142 initiantur
2959 1089 3016 1139 et
3060 1085 3374 1139 terminan-

1779 1187 1892 1243 tur,
1927 1195 2116 1236 verum
2141 1177 2310 1234 etiam
2343 1176 2399 1228 in
2423 1173 2719 1230 mediosui
2750 1173 2920 1228 variis
2948 1173 3376 1243 distinguuntur

1778 1269 1977 1330 modis.
2031 1267 2285 1330 Quatuor
2334 1280 2587 1334 namque
2631 1263 2853 1332 species
2911 1262 3203 1330 diapason,
3251 1279 3374 1333 quae

1780 1357 2100 1426 subiugales
2112 1355 2343 1411 totidem
2357 1357 2616 1408 statuunt
2633 1351 2848 1406 medias
2884 1351 2982 1420 huj
2993 1351 3210 1405 usmedi
3223 1368 3379 1422 qum-

1783 1451 1918 1507 runt
1945 1443 2356 1506 distinctiones,
2389 1447 2455 1496 ut
2487 1441 2624 1511 ipsae
2654 1440 2953 1495 medietate
2977 1439 3256 1510 diapente
3273 1441 3379 1494 ha-

1783 1534 1954 1594 beant
1978 1550 2165 1603 supra,
2207 1539 2264 1589 et
2292 1532 2639 1588 diatessaron
2673 1529 2836 1582 infra.
2873 1530 2986 1584 Illae
3017 1536 3226 1594 autem,
3258 1547 3382 1600 quae

1784 1624 1842 1682 in
1865 1623 2218 1681 authenticos
2243 1626 2560 1682 transeunt,
2584 1619 2664 1673 ita
2685 1618 3003 1676 mediandae
3025 1625 3255 1678 sunt,.ut
3269 1619 3384 1673 dia-

1785 1718 2039 1766 tessaron
2065 1710 2340 1780 superius,
2357 1714 2414 1762 et
2445 1708 2936 1778 diapentesistant
2959 1707 3383 1762 inferius-Etim

111 1806 230 1854 tur:
259 1799 397 1854 licet
416 1796 564 1851 enim
596 1795 903 1864 secundum
931 1793 1006 1858 id,
1035 1793 1189 1863 quod,
1214 1792 1484 1846 dividitur
1513 1791 1574 1844 in
1600 1808 1700 1860 ge-
1720 1814 1768 1872 Β
1781 1803 1898 1871 iam
1939 1817 2051 1854 non
2080 1800 2148 1852 de
2190 1798 2480 1868 speciebus
2508 1797 2798 1866 diapason,
2831 1796 2928 1851 sed
2959 1797 3028 1850 de
3052 1796 3252 1866 tmpis,
3287 1797 3384 1866 qui

111 1905 213 1943 nus
240 1888 302 1943 in
331 1885 564 1956 species,
587 1883 737 1946 huic,
756 1883 812 1939 id
835 1887 941 1950 est,
971 1881 1281 1952 operationi
1313 1879 1703 1950 principalium

116 1976 454 2032 chordarum
477 1980 704 2027 caeteras
732 1979 844 2025 tres
864 1988 1184 2042 cowquevas
1195 1970 1503 2040 posuerim,
1548 1969 1705 2040 ipsas

118 2073 305 2120 tamen
348 2061 592 2118 mirabili
633 2061 871 2130 quodam
921 2061 1120 2113 effectu
1159 2065 1375 2113 naturae
1418 2057 1704 2129 praecellit.

117 2156 257 2209 Nam
276 2150 750 2224 quemadmodum
765 2149 967 2206 caritas
983 2147 1174 2201 virtuti
1194 2164 1308 2202 una
1329 2163 1453 2200 cum
1479 2145 1710 2216 reliquis

119 2242 373 2315 partibus
403 2242 522 2310 eius
554 2256 619 2296 ex
649 2237 940 2295 divisionis.
957 2244 1238 2308 praecepto
1257 2235 1571 2305 subjicitur,
1597 2252 1714 2290 om-

119 2331 212 2387 nia
237 2338 446 2394 tamen,
482 2328 550 2384 de
575 2327 775 2397 quibus
796 2326 971 2381 virtus
1006 2325 1366 2396 praedicatur,
1394 2341 1494 2395 per
1525 2325 1710 2393 ipsum

121 2420 474 2491 complentur
506 2435 517 2469 :
552 2417 654 2482 ita,
675 2415 1062 2486 principalium
1087 2415 1425 2471 chordarum
1457 2411 1711 2482 operatio

121 2510 226 2565 sub,
247 2525 456 2580 genere
478 2506 724 2577 quidem,
751 2505 898 2574 quod
930 2511 1015 2558 est
1049 2504 1259 2560 musica
1281 2503 1592 2576 disciplina,
1620 2518 1713 2572 pa-

123 2599 262 2653 titur
275 2595 564 2666 (partitur)
593 2610 930 2664 coaequevas,
954 2593 1208 2647 eamdem
1227 2600 1412 2652 tamen
1428 2591 1711 2663 quodam-

124 2687 298 2742 modo"
318 2684 555 2756 peragit,
581 2683 826 2753 disponit
855 2689 909 2735 et
937 2683 1284 2738 moderatur.

195 2777 373 2832 OTHL.
401 2775 515 2842 Ego
532 2774 651 2842 jam
670 2772 872 2832 factum
908 2771 1220 2842 specierum
1238 2770 1489 2824 omnium
1504 2767 1714 2822 consti-

124 2867 400 2923 tutionem
421 2862 954 2934 dispositionemque
968 2868 1258 2930 troporum
1282 2860 1357 2928 ita
1375 2856 1717 2930 perfectissi-

127 2972 280 3010 mam
327 2952 678 3016 crediderim,
706 2956 780 3006 .ut
823 2951 869 3004 si
899 2949 1034 3018 quid
1064 2948 1304 3018 amplius
1340 2947 1603 3010 addatur,
1631 2961 1719 2998 su-

126 3045 405 3116 perfluum
435 3042 528 3106 sit,
573 3057 690 3098 non
725 3038 1135 3100 necessarium,
1187 3037 1392 3108 quippe
1422 3052 1543 3106 qum
1591 3050 1718 3104 spe-

1789 1908 1854 1946 ex
1879 1890 1971 1948 his
1996 1894 2270 1949 constant,
2307 1888 2624 1956 loquamur,
2651 1891 2708 1938 et
2736 1885 3212 1955 quemadmodum
3241 1885 3378 1955 ipsae

1789 1981 1844 2033 in
1872 1985 2062 2048 tropos
2090 1977 2543 2038 transferuntur:
2577 1975 2658 2029 sic
2685 1981 2878 2030 nostra
2912 1973 3228 2044 quoque-ab
3245 1973 3386 2044 ipsis

1791 2069 1862 2125 ad
1889 2084 1984 2128 eos
2013 2072 2264 2126 vertatur
2288 2064 2530 2122 collatio.

2518 2149 2646 2209 XI].

1795 2247 2088 2302 Naturalis
2109 2245 2399 2311 dispositio
2441 2248 2729 2310 tropo-rum
2777 2245 3080 2309 separatim
3119 2245 3184 2296 tn
3237 2244 3379 2309 VIII,

2311 2332 2652 2396 conj-uncum
2683 2331 2746 2382 in
2780 2331 2803 2384 Ι
2812 2330 2869 2383 ιν.
3352 2313 3359 2321 ’

1867 2421 2006 2480 Octo
2017 2427 2312 2491 troporum
2323 2418 2529 2489 singuli
2548 2434 2715 2478 unam
2734 2419 3126 2477 tantummodo
3147 2420 3388 2474 mediam

1796 2509 2210 2571 distinctionem
2233 2511 2462 2576 habent,
2489 2509 2670 2578 juncti
2699 2525 2828 2561 vero
2855 2515 2913 2562 et
2931 2509 3393 2579 natu-raliterpo-

1799 2599 1893 2653 siti
1923 2601 2080 2660 duas.
2117 2600 2275 2663 Quod
2317 2605 2393 2655 ut.
2418 2598 2765 2653 enucleatius
2813 2598 3152 2667 proferatur,
3197 2614 3392 2652 omnes

1802 2688 1889 2742 hic
1928 2689 2137 2758 pariter
2166 2688 2514 2750 ordinentur,
2536 2694 2592 2742 et
2620 2686 2924 2756 separatim
2941 2686 3002 2740 in
3027 2693 3172 2750 octo,
3192 2692 3397 2741 etcen-

1793 2777 2106 2846 junctimin
2130 2783 2388 2846 quatuor,
2411 2783 2474 2830 ut
2503 2793 2600 2846 per
2629 2775 2785 2829 initia
2810 2781 2867 2828 et
2892 2777 3047 2838 ﬁnes,
3069 2776 3393 2846 mediasque

1804 2866 2193 2919 distinctiones
2215 2882 2428 2929 eorum,
2449 2865 2614 2934 plena
2642 2863 2698 2917 in
2722 2863 2803 2917 eis
2821 2863 3210 2932 principalium
3241 2864 3398 2916 chor-

1804 2955 2022 3019 darum,
2057 2953 2427 3023 specialisque
2445 2952 2735 3022 regiminis
2765 2951 3010 3022 dignitas
3033 2951 3397 3022 exprimatur.

1804 3043 2182 3104 Authenticus
2212 3041 2527 3111 protus,qui
2549 3047 2634 3094 est
2653 3057 2685 3093 a
2705 3040 2835 3094 D,.in
2858 3040 2913 3092 d.
2936 3041 3178 3095 mediam
3193 3041 3398 3094 distin-

127 3135 340 3188 cierum
367 3130 578 3201 primas
603 3128 938 3187 chordarum
979 3125 1287 3190 collocavit,
1319 3124 1591 3184 secundas
1618 3123 1720 3182 in-.
1747 3130 1789 3188 C
1810 3133 2050 3194 ctionem
2079 3131 2254 3184 habet
2283 3130 2340 3184 in
2371 3148 2403 3186 a
2427 3149 2449 3197 ;η
2469 3130 2783 3199 subjugalis
2810 3129 2947 3197 ejus,
2989 3129 3084 3199 qui
3115 3137 3201 3196 est
3220 3129 3289 3183 ab
3325 3131 3394 3183 Α.

129 3230 216 3280 ter
269 3219 563 3282 secundas,
616 3216 811 3275 tertias
842 3215 991 3268 inter
1033 3214 1248 3276 tertias,
1296 3218 1525 3284 quartas
1567 3212 1724 3266 inter

133 3315 403 3382 quartas;
433 3314 488 3362 et
518 3324 640 3377 quae
669 3313 860 3376 trepos
881 3305 971 3358 ita
989 3303 1332 3363 naturaliter
1347 3301 1642 3371 disposuit,
1663 3306 1728 3356 ut

128 3407 327 3474 protus
358 3413 484 3453 cum
527 3394 806 3470 subiugali
837 3411 938 3450 suo
969 3409 1034 3445 ex
1065 3392 1317 3464 utrisque
1356 3390 1560 3461 primis
1599 3406 1728 3461 spe-

131 3488 321 3544 ciebus
369 3487 640 3556 diapason
678 3483 964 3546 consistat,
1014 3482 1281 3536 deutcrus
1334 3497 1398 3534 ex
1446 3479 1726 3545 secundis,

131 3580 301 3635 tritus
328 3593 398 3631 ex
426 3574 628 3639 tertiis,
663 3573 948 3631 tetrardus
979 3589 1042 3630 ex
1079 3571 1314 3641 quartis.

111 3649 124 3658 ’
206 3668 400 3722 W'ILH.
435 3665 604 3720 Nulla
640 3663 701 3721 in.
729 3663 829 3726 his,
863 3678 1045 3732 neque
1084 3661 1141 3716 in
1177 3660 1300 3713 aliis
1329 3659 1515 3712 adhuc
1545 3658 1730 3728 profe-

135 3756 325 3812 rendis
348 3754 558 3824 absque
584 3753 747 3823 plane
771 3750 1161 3822 principalium
1184 3749 1518 3806 chordarum
1543 3763 1736 3816 opera-

138 3847 292 3900 tione
312 3843 522 3914 poterit
540 3840 948 3910 esseprofectio
970 3857 981 3893 :
1009 3855 1175 3907 quam
1194 3836 1575 3905 operationem
1606 3834 1734 3888 faci-

136 3935 247 3990 lius
263 3933 492 3989 tandem
513 3931 571 3984 in
592 3930 695 3993 his,
723 3946 845 4000 quae
865 3930 984 3997 jam
1015 3927 1320 3981 constituta
1349 3925 1434 3978 vel
1452 3924 1738 3994 disposita

139 4028 296 4086 sunt,
326 4022 550 4092 plenam
580 4019 626 4072 si
641 4035 692 4071 :e
722 4035 830 4074 non
866 4018 1084 4087 plenam
1126 4015 1422 4090 intelliges,
1443 4020 1739 4084 postquam

142 4113 210 4167 de
231 4110 372 4182 ipsis
403 4107 805 4180 principalibus
834 4105 1074 4166 chordis,
1102 4121 1224 4174 qum
1257 4103 1390 4166 sint,
1417 4109 1473 4156 et
1495 4102 1740 4171 qualiter

141 4217 244 4272 pro
267 4197 501 4253 diversis
523 4195 809 4254 effectibus
824 4195 1042 4248 diversa
1072 4192 1383 4251 sortiantur
1411 4191 1662 4253 nomina,
1686 4195 1744 4248 et

144 4287 430 4360 quomodo
462 4286 587 4357 plus
629 4285 687 4338 in
719 4283 1057 4353 majoribus,
1090 4282 1148 4336 in
1192 4279 1502 4338 minoribus
1543 4280 1744 4340 minus

146 4381 480 4450 aperentur,
499 4373 660 4444 quod
687 4372 946 4432 dominus
972 4370 1208 4437 dederit,
1241 4385 1566 4440 exposuero,

895 4479 990 4533 XI.

210 4575 352 4640 Qua
372 4573 490 4626 sint
503 4570 848 4651 principales
871 4568 1102 4629 chorda};
1132 4572 1185 4621 et
1198 4582 1317 4636 qua
1334 4568 1679 4633 operatione-8

808 4655 1061 4707 zpsarmn
1076 4683 1087 4695 .

225 4730 452 4785 Eaedem
484 4745 617 4798 ergo
647 4727 886 4791 chorda,
919 4743 1041 4797 quae
1073 4726 1131 4780 in
1177 4725 1576 4780 constitutione
1622 4741 1751 4795 spe-

154 4821 375 4875 cierum
417 4818 611 4888 primae
658 4817 938 4882 dicuntur,
969 4815 1360 4887 quiaprimam
1391 4814 1635 4884 speciem
1663 4814 1748 4866 in-

151 4910 422 4975 cludunt;
452 4914 512 4962 et
532 4923 652 4978 quae
683 4906 957 4966 secundae,
978 4905 1130 4975 .quia
1158 4904 1498 4970 secundam;
1533 4909 1591 4957 et
1629 4920 1751 4974 quae

153 4999 360 5062 tertiae,
395 4997 526 5067 quia
554 4995 780 5054 tertiam
807 5014 819 5061 ;
866 5001 922 5050 et
952 5012 1073 5064 quae
1103 4993 1483 5054 nominantur
1515 4998 1748 5063 quartae,

154 5088 290 5159 quia
305 5093 565 5158 quartam
595 5083 1054 5143 determinant.in
1076 5083 1755 5153 dispositionetmporum

156 5175 500 5248 principales
533 5174 892 5244 appellantur,
923 5189 936 5228 :
981 5189 1046 5225 eo
1087 5171 1254 5242 quod,
1289 5171 1417 5225 licet
1445 5172 1504 5224 in
1541 5171 1757 5228 caeteris

159 5265 425 5323 omnibus
469 5264 812 5334 generaliter
839 5263 1182 5326 maximam,
1219 5265 1285 5318 ut,
1317 5260 1756 5333 praefatussum,

159 5354 408 5416 habeant
429 5353 756 5423 potentiam,
777 5352 835 5406 in
850 5353 954 5408 hac
971 5357 1160 5406 tamen
1186 5350 1512 5421 specialiter
1537 5349 1678 5403 mira
1700 5356 1759 5410 et

159 5442 432 5500 ineffabili
463 5440 738 5511 dignitate
767 5440 1175 5511 prinoipantur,
1205 5438 1528 5512 .et.in._ipsa,
1567 5445 1760 5510 utpote

161 5531 628 5605 spatiismaiorc.
653 5529 1040 5608 multeplura,
1071 5544 1243 5600 quam
1262 5527 1330 5588 in
1351 5527 1763 5592 constitutione

162 5620 499 5692 specierum.
511 5618 876 5682 diatessaron,
894 5619 995 5689 vel.
1009 5618 1286 5698 diapente;
1300 5617 1765 5690 merentumnia-

1808 3224 1864 3275 in
1890 3239 1944 3277 a.
1975 3221 2216 3282 mediam
2245 3219 2658 3277 distinctionem
2691 3218 2862 3289 ponit
2885 3217 2944 3272 in
2974 3219 3040 3271 Β.
3075 3218 3168 3288 qui
3198 3218 3397 3288 si-jun-

1809 3318 2035 3380 gantur,
2060 3316 2124 3364 ut
2147 3308 2530 3367 indifferenter
2554 3307 2629 3364 sit
2651 3307 3142 3377 prntus,.ascendzi-t
3155 3307 3313 3362 ab-A.
3334 3307 3400 3362 .in

1813 3400 1867 3452 d.
1910 3400 2050 3454 duas
2091 3397 2397 3456 continens
2451 3396 2842 3453 distinctiones
2887 3396 3129 3461 medias,
3160 3397 3246 3450 .id
3297 3402 3402 3464 est,

1815 3490 1883 3544 D.
1925 3494 1982 3544 et
2005 3505 2057 3542 a.

1877 3575 2254 3632 .Authentious
2281 3575 2568 3639 deuterus,
2593 3573 2691 3644 qui
2719 3577 2804 3628 est
2833 3573 3061 3628 ah.E.-in
3091 3591 3140 3628 e.
3163 3574 3406 3629 mediam

1816 3665 2235 3723 distinctionem
2261 3664 2494 3718 sortitur
2536 3663 2592 3717 in
2625 3664 2671 3732 ﬁ.
2707 3661 3016 3732 subjugalis
3035 3664 3183 3733 ejus,
3201 3663 3416 3733 quiest

1817 3757 1878 3808 B.
1915 3756 1972 3808 in
2003 3755 2063 3815 b.
2103 3754 2344 3810 mediam
2374 3752 2789 3809 distinctionem
2839 3752 2986 3805 locat
3031 3752 3086 3805 in
3142 3753 3202 3806 E.
3237 3752 3334 3822 qui
3362 3753 3414 3808 si

1819 3844 2161 3908 adtinentur,
2192 3849 2256 3896 ut
2286 3841 2654 3902 continuatim
2689 3841 2763 3894 sit
2798 3840 3099 3902 deuterus,.
3117 3841 3338 3894 scandit
3359 3857 3409 3893 ia

1821 3933 1881 3985 B.
1909 3933 1964 3984 in
1987 3950 2040 3987 e.
2082 3932 2220 3985 duas
2246 3931 2517 4001 recipiens
2556 3929 2944 3983 distinctiones
2966 3929 3276 3997 medias,-id
3300 3935 3407 3997 est,

1825 4023 1884 4074 E.
1911 4029 1968 4074 et
1997 4021 2048 4072 b.
3178 4001 3185 4005 ’

1896 4107 2267 4165 Authenticus
2289 4107 2474 4174 tritus,
2499 4107 2594 4178 qui
2614 4113 2701 4162 est
2729 4107 2798 4163 ab
2815 4108 2878 4162 F.
2904 4108 2972 4161 in
2999 4108 3038 4161 f.
3065 4107 3422 4162 mediam-di-

1827 4193 2182 4255 stinctionem
2211 4193 2364 4249 elicit
2387 4191 2444 4254 in
2469 4209 2516 4245 c.
2539 4191 3022 4263 subjugalisqius,
3049 4193 3144 4263 qui
3173 4199 3314 4248 est-a
3340 4194 3411 4252 Ο.

1831 4283 1891 4335 in
1924 4299 1971 4334 c.
2006 4280 2249 4343 mediam
2285 4280 2700 4339 distinctionem
2731 4281 2919 4351 signat
2938 4282 3002 4335 .in
3046 4283 3102 4339 F.
3137 4281 3232 4351 qui
3259 4281 3308 4335 si
3324 4297 3422 4336 co-

1835 4371 2119 4441 pulentur,
2152 4375 2215 4423 ut
2238 4369 2594 4432 uniformiter
2618 4369 2904 4435 sittritus,
2929 4371 3111 4440 surgit
3136 4388 3170 4424 a
3195 4371 3258 4424 C.
3291 4370 3350 4424 in
3381 4370 3420 4424 f.

1764 4450 1814 4509 Β
1833 4459 1972 4515 duas
2002 4457 2648 4527 capiensldjstinctiones
2680 4458 2913 4525 medias,
2941 4459 3198 4516 id.estF.
3229 4463 3352 4514 etc.

1906 4546 2280 4602 Anthenticus
2303 4545 2610 4611 tetrardus,
2647 4546 2742 4616 qui
2773 4553 2860 4606 est
2886 4565 2920 4602 a
2945 4547 3091 4604 .G.-in
3121 4548 3428 4617 g.m.ediam

1837 4635 2251 4697 distinctionem
2291 4635 2498 4698 delibat
2518 4635 2664 4694 inzd.
2696 4635 3012 4706 subjugalis
3043 4637 3182 4706 ejus,
3202 4637 3313 4708 :qui
3343 4642 3431 4697 est

1835 4742 1870 4778 a
1907 4726 1973 4780 D.
2009 4725 2152 4778 in-d.
2178 4723 3047 4787 mediam.distinctionemnutat
3068 4725 3125 4782 in
3156 4727 3224 4780 G.
3257 4727 3355 4796 qui
3377 4726 3430 4780 si

1833 4819 2256 4878 connectentur,
2289 4820 2354 4877 ut
2378 4813 2714 4875 naturaliter
2742 4831 2893 4870 unus
2913 4815 2988 4876 sit
3018 4815 3423 4881 tetrardus,at-

1832 4901 2001 4972 tingit
2038 4919 2072 4956 a
2097 4901 2162 4956 D.
2211 4901 2372 4970 ing.
2419 4901 2559 4964 duas
2590 4901 2992 4962 determinetis
3035 4902 3426 4972 distinctiones

1838 4991 2069 5056 medias,
2104 4990 2160 5044 id
2191 4989 2362 5046 estG.
2387 4994 2447 5043 et
2469 4989 2528 5048 d,
2548 4989 2688 5048 Haec
2713 4999 2902 5051 autem
2927 4991 3432 5062 tropornnidjspo-

1837 5080 1986 5146 sitio,
2031 5080 2160 5135 licet
2186 5078 2451 5144 distincte
2481 5077 2849 5148 pleniterque,
2899 5085 2964 5138 ut
3007 5079 3283 5146 arbitror,
3305 5082 3428 5150 jam

1841 5176 2068 5241 peracta
2096 5170 2205 5236 sit;
2266 5185 2336 5224 ne
2383 5167 2525 5230 forte
2568 5168 2690 5238 ipsa
2715 5167 2806 5222 sui
2846 5169 3197 5238 plenitudine
3248 5171 3424 5227 aciem

1843 5260 2178 5321 intellectus,
2213 5258 2349 5336 dum
2377 5258 2925 5328 singulapenetrare
2964 5258 3431 5330 laborat,.quevis

1842 5348 2032 5405 nubilo
2080 5347 2472 5419 perpleXiQniS.
2506 5346 2810 5409 obtundat;
2831 5347 3219 5408 .manifestius
3246 5349 3434 5410 adhuc

1842 5443 1959 5501 tam
1988 5437 2238 5508 corporis
2267 5442 2382 5500 tam
2411 5436 2594 5499 cordis
2616 5435 2744 5496 visu
2770 5436 2994 5506 ﬁgurae:
3023 5437 3195 5507 huius
3223 5438 3436 5510 perspi-

1839 5525 2389 5673 caaciasuhiiciptur.
2421 5527 2575 5589 νέω..
2604 5528 2700 5594 βα.
2725 5525 3006 5593 κΑτὶηῘπαν
3035 5527 3441 5586 inﬁrmam.“

1897 5621 2097 5671 ottonc.

1897 5621 2097 5671 ottonc.
