3934 6362
535 322 675 382 1159

610 537 677 592 Ιη
708 554 819 608 qua
847 538 1118 592 nimirum
1164 538 1345 607 ﬁgura
1387 540 1564 590 totam
1605 541 1875 607 susceptae
1904 554 1939 591 a
1969 536 2132 592 nobis

540 627 789 681 materiae
810 627 1225 699 abyssum,qua:-
1242 627 1359 695 jam
1393 624 1449 677 in
1482 624 1619 678 satis
1649 625 1823 679 latum
1856 626 2132 680 constitu-

539 714 709 767 tionis
736 715 984 768 omnium
1014 714 1322 785 specierum
1355 730 1419 766 ac
1442 712 1823 783 dispositionis
1838 719 2128 784 treporum

538 821 728 874 aequor
755 804 1067 857 collationis
1115 809 1318 856 nostrae
1366 803 1536 855 ductu
1584 802 1785 855 ditl‘usa
1833 809 1936 863 est,
1979 805 2133 858 velut

536 893 680 946 intra
711 892 1025 962 parvissimi
1078 893 1183 944 laci
1231 889 1543 960 marginem
1595 891 1839 943 naturali
1890 892 2129 961 quodam

535 986 671 1034 aestu
699 985 983 1050 receptum
1012 980 1417 1049 collectumque
1449 977 1747 1032 mirabere.
1784 978 1965 1032 Habet
1982 979 2131 1032 enim

540 1075 841 1140 quaternos
866 1069 1123 1122 tramites
1154 1068 1209 1121 in
1230 1068 1350 1121 vice
1374 1072 1616 1137 quatuor
1637 1069 1979 1121 naturalium
2012 1076 2131 1122 tro-

538 1175 758 1230 porum,
790 1158 846 1212 id
870 1163 971 1212 est.
1000 1174 1125 1211 cum
1158 1156 1549 1226 subjugalibus
1588 1156 1872 1211 unitorum
1898 1158 2127 1228 positos,

538 1264 777 1320 quorum
824 1246 1030 1317 singuli
1079 1246 1330 1316 ejusdem
1369 1245 1537 1315 tropi,
1562 1246 1723 1315 cujus
1754 1245 2011 1300 obtinent
2047 1246 2132 1300 vi-

537 1340 926 1406 cem,quatuor
963 1334 1136 1387 etiam
1164 1332 1565 1404 principalibus
1585 1333 1808 1386 chordis
1832 1339 1959 1403 post
1979 1338 2133 1387 certa

537 1425 887 1479 diatessaron
933 1428 992 1477 et
1036 1422 1317 1493 diapente,
1368 1422 1485 1475 sive
1536 1422 1805 1492 diapason
1835 1422 2017 1493 spatia
2044 1423 2132 1476 in-

544 1514 737 1584 scripti
766 1513 941 1566 totius
966 1513 1083 1581 jam
1109 1512 1357 1565 decursaa
1387 1510 1726 1564 narrationis
1746 1510 2130 1565 brevissimam

539 1609 598 1658 et
625 1609 815 1656 tamen
859 1601 1243 1672 plenissimam
1288 1600 1816 1670 apertissimamque
1859 1601 2134 1671 recapitu-

538 1690 809 1744 lationem
860 1688 1147 1742 continere
1195 1687 1530 1759 probantur.
1574 1688 1754 1741 Tanta
1799 1687 2004 1758 quippe
2026 1687 2126 1751 vis,

540 1780 882 1848 eﬂ'ectusque
932 1777 1185 1849 potentia
1233 1777 1381 1830 inest
1427 1776 1830 1853 principalibus
1886 1776 2191 1861 chordis;B

540 1868 689 1940 quod
731 1873 788 1921 et
830 1884 1001 1938 supra
1046 1867 1374 1932 memoravi,
1407 1872 1473 1920 ut
1518 1867 1634 1920 haec
1678 1866 1858 1919 brevis
1906 1866 2127 1919 illarum

538 1957 807 2013 connexio
836 1973 977 2028 pene
1021 1956 1295 2015 omnium,
1324 1972 1446 2026 qum
1488 1956 1607 2025 jam
1641 1959 1792 2009 tacta
1836 1955 1921 2009 vel
1950 1954 2132 2008 adhuc

542 2046 825 2117 tangenda
856 2051 1007 2109 sunt,
1039 2044 1444 2116 plenitudinem
1478 2043 1818 2098 contineant.
1848 2044 1911 2098 In
1931 2043 2130 2097 ultimo

460 2170 465 2173 -
543 2136 695 2191 enim
726 2135 975 2200 tramite,
998 2134 1092 2205 qui
1116 2139 1276 2205 proto
1297 2132 1924 2204 praetitulatur,primus
1946 2130 2131 2186 enmi-

540 2224 645 2279 bus
666 2223 932 2287 collectis,
961 2229 1018 2277 et
1056 2222 1127 2277 ab
1157 2222 1413 2287 invicem,
1446 2222 1525 2275 ita
1556 2228 1619 2275 ut
1645 2222 1701 2275 in
1731 2221 2125 2287 monochordo,

538 2312 1039 2385 proportionaliter
1066 2311 1354 2381 sejunctis,
1387 2310 1601 2381 liquido
1628 2310 1942 2380 inspicitur,
1967 2315 2028 2363 ut
2060 2311 2126 2363 A.

541 2407 598 2457 et
626 2403 694 2456 D.
727 2402 872 2455 sicut
900 2401 960 2454 in
989 2400 1387 2454 constitutione
1416 2399 1730 2470 specierum
1778 2398 1990 2452 dictum
2023 2404 2126 2464 est,

543 2490 784 2562 primam
805 2489 1044 2561 speciem
1075 2489 1424 2542 diatessaron
1453 2489 1520 2541 D.
1554 2493 1611 2541 et
1635 2505 1684 2542 a.
1722 2487 1962 2559 primam
2001 2505 2129 2558 spe-

541 2579 684 2633 ciem
707 2578 969 2649 diapente
999 2594 1051 2631 a.
1085 2582 1141 2631 et
1163 2578 1217 2631 d.
1250 2576 1489 2647 primam
1512 2576 1715 2630 iterum
1746 2576 1987 2646 speciem
2018 2576 2135 2629 dia-

537 2673 811 2733 tessaron,
843 2672 901 2721 et
932 2682 1157 2720 rursum
1179 2666 1245 2721 A.
1281 2672 1336 2719 et
1387 2682 1444 2720 a.
1478 2665 1719 2735 primam
1749 2664 1987 2735 speciem
2020 2665 2136 2718 dia-

538 2774 734 2829 pason,
779 2756 1026 2826 itemque
1057 2755 1121 2809 D.
1155 2759 1212 2808 et
1236 2753 1290 2809 d.
1321 2753 1559 2824 primam
1593 2754 1830 2823 speciem
1864 2753 2135 2824 diapason

537 2845 901 2911 concludant;
935 2849 992 2898 et
1012 2848 1075 2897 ut
1105 2842 1460 2897 authenticus
1490 2847 1683 2913 protus
1705 2859 1769 2895 ex
1799 2842 1922 2912 ipsa
1944 2846 2134 2910 prima

538 2935 721 3007 specie
746 2934 1037 3005 diapason,
1062 2949 1185 3003 quae
1203 2936 1289 2985 est
1311 2948 1343 2985 a
1367 2933 1427 2986 D.
1458 2931 1516 2984 in
1549 2932 1601 2984 d.
1629 2936 1864 2993 constet,
1891 2932 2133 2985 mediam

542 3024 958 3079 distinctionem
979 3022 1187 3076 faciens
1215 3020 1271 3076 in
1300 3039 1359 3078 a.
1381 3026 1439 3075 et
1459 3020 1529 3074 ab
1552 3020 1746 3074 eadem
1780 3038 1833 3075 a.
1868 3021 2135 3075 diatessa-

1547 323 1605 376 S.
1645 321 2041 378 GUILLELMI
2076 318 2382 375 ABBATIS
2418 319 2763 381 HIRSAUG.

2143 448 2196 507 A

3677 312 3820 373 1160

2948 445 3094 499 XIV.

2418 536 2625 602 Figura
2656 535 3010 590 Monochordi
3041 539 3093 587 ct
3121 536 3441 602 explanatio
3462 536 3604 602 ejus.

2284 623 2688 678 Universaliter
2730 630 2918 678 autem
2948 623 3038 676 hic
3066 622 3374 676 notandum
3402 627 3488 676 est
3516 618 3671 691 quod
3694 634 3819 671 om-

2214 727 2312 765 nes
2339 712 2647 765 authentici
2668 730 2701 765 a
2735 710 2996 766 ﬁnalibus
3020 710 3351 781 incipientes
3376 710 3447 763 ad
3478 708 3819 764 excellentes

2213 801 2543 862 ascendunt,
2561 809 2618 855 et
2645 802 2701 854 in
2732 798 3117 870 superioribus
3139 800 3595 870 distinguuntur:
3616 812 3818 851 omnes

2214 905 2342 941 vero
2366 889 2691 958 subjugales
2730 905 2763 942 a
2790 887 3052 958 gravibus
3084 888 3410 942 inchoantes
3449 887 3504 941 in
3553 885 3815 957 superio-

2218 976 2374 1030 ribus
2408 978 2700 1040 ﬁniuntur,
2737 982 2793 1030 et
2824 976 2881 1029 in
2917 974 3178 1029 ﬁnalibus
3227 976 3585 1040 mediantur;
3619 973 3817 1041 sicque

2216 1065 2411 1119 ﬁnales
2433 1074 2490 1120 et
2518 1066 2834 1137 superiores
2857 1063 3112 1133 utrisque
3138 1069 3270 1118 sunt
3293 1080 3640 1125 communes,
3678 1076 3817 1131 gra-

2215 1171 2309 1207 ves
2338 1161 2525 1208 autem
2550 1152 2958 1225 subjugalibus,
2975 1154 3307 1206 excellentes
3329 1152 3669 1207 authenticis
3690 1167 3820 1221 pro-

2215 1243 2350 1313 priae
2394 1249 2557 1310 sunt;
2601 1249 2657 1296 et
2688 1243 2836 1313 quod
2866 1242 3171 1308 naturales,
3203 1242 3255 1295 id
3291 1248 3393 1308 est,
3426 1241 3819 1295 indifferentes

2215 1338 2458 1402 quatuor
2484 1332 2633 1402 tropi
2675 1348 2707 1386 a
2737 1330 3002 1402 gravibus
3048 1330 3336 1385 initiantes
3379 1331 3448 1384 ad
3476 1330 3818 1385 excellentes

2214 1436 2393 1490 usque
2424 1421 2774 1491 pertingunt,
2806 1425 2863 1473 et
2890 1425 3008 1473 tam
3038 1419 3095 1472 in
3133 1419 3396 1473 ﬁnalibus
3425 1435 3592 1489 quam
3623 1418 3683 1471 in
3722 1434 3819 1471 su-

2215 1509 2527 1580 perioribus
2559 1510 2773 1563 medias
2802 1507 3193 1562 distinctiones
3222 1508 3535 1579 accipiunt;
3595 1506 3676 1560 sic
3721 1511 3820 1559 ta-

2216 1616 2346 1653 men
2375 1600 2554 1653 initiis
2586 1605 2642 1652 et
2690 1598 2948 1653 terminis
2996 1597 3309 1668 mediisque
3358 1595 3819 1651 distinctionibus

2212 1688 2466 1742 omnium
2502 1688 2571 1742 ab
2592 1688 2826 1741 invicem
2859 1685 3211 1756 inazqualiter
3231 1686 3589 1751 distantibus,
3610 1691 3678 1739 ut
3693 1684 3819 1737 hinc

2213 1777 2269 1830 in
2303 1776 2564 1830 omnibus
2589 1783 2788 1847 regnet
2812 1776 3120 1847 aequalitas,
3156 1783 3209 1829 et
3237 1776 3473 1847 quisque
3504 1775 3622 1829 suis
3648 1772 3817 1845 prin-

2214 1865 2487 1935 cipalibus
2512 1866 2753 1929 chordis,
2796 1865 2945 1935 quod
2974 1870 3032 1917 et
3071 1882 3241 1937 supra
3269 1864 3721 1928 memoravimus,
3755 1868 3819 1916 et

2214 1954 2533 2024 incipiatur,
2551 1962 2605 2008 et
2637 1954 2870 2009 ﬁniatur
2890 1962 2948 2009 et
2968 1956 3367 2026 distinguatur,
3390 1959 3655 2023 totusque
3675 1951 3815 2005 inde

2214 2049 2431 2098 constet
2460 2049 2517 2097 et
2549 2049 2798 2113 regatur,
2833 2050 3027 2116 utpote
3058 2050 3254 2117 protus
3300 2061 3363 2097 ea:
3401 2044 3655 2097 omnibus
3681 2044 3814 2109 pri-

2214 2136 2319 2186 mis
2353 2152 2367 2185 :
2400 2134 2659 2185 dcutcrus
2689 2150 2753 2186 ea:
2783 2136 3038 2187 omnibus
3072 2133 3349 2199 secundis,
3383 2132 3555 2186 tritus
3592 2148 3661 2185 ea:
3689 2146 3813 2185 01η--

2214 2222 2376 2275 nibus
2403 2224 2599 2284 tertiis,
2638 2223 2918 2275 tetrardus
2949 2239 3014 2276 ex
3041 2221 3300 2277 omnibus
3320 2219 3555 2292 quartis.

2285 2310 2390 2364 Sed
2424 2315 2479 2364 et
2511 2311 2614 2364 hoc
2646 2311 2785 2365 satis
2807 2312 3057 2365 notabile
3084 2310 3478 2381 videtur,quod
3507 2308 3685 2379 ipsius
3714 2322 3817 2361 na-

2212 2402 2354 2453 tura:
2408 2399 2715 2453 auctoritas
2745 2399 2834 2453 hic
2878 2400 3174 2454 manifeste
3203 2399 3457 2453 concedit
3482 2397 3810 2461 Ptolomaeo,

2214 2488 2637 2542 consonantiam
2654 2488 2927 2559 diapason
2948 2506 3075 2543 cum
3101 2490 3449 2543 diatessaron
3466 2486 3535 2541 ab
3556 2485 3812 2556 antiquis

2216 2577 2579 2648 philosophis,
2615 2594 2680 2632 eo
2705 2578 2853 2648 quod
2902 2583 2958 2631 et
3002 2595 3066 2633 ex
3103 2577 3555 2649 superpartiente
3583 2579 3815 2631 constat

2217 2668 2598 2736 proportione,
2661 2667 3015 2737 repudiatam
3069 2666 3361 2722 verissima
3411 2666 3629 2720 ratione
3686 2680 3816 2735 pro-

2219 2755 2403 2822 banti;
2437 2755 2640 2825 singuli
2674 2756 2824 2809 enim
2855 2757 3201 2810 naturalium
3244 2761 3487 2827 quatuor
3512 2760 3813 2824 troporum

2218 2844 2349 2897 licet
2378 2860 2445 2897 ex
2475 2844 2562 2897 his
2583 2843 2853 2915 diapason
2899 2845 3207 2899 secundum
3246 2844 3567 2916 praedictam
3600 2841 3813 2913 specie-

2217 2948 2341 2985 rum
2368 2931 2838 2985 coadunationem
2881 2938 3309 3003 componantur,
3349 2931 3655 2985 secundum
3690 2931 3814 2998 pla-

2215 3037 2345 3074 nam
2374 3026 2565 3074 tamen
2593 3021 2986 3091 descriptionis
3008 3022 3175 3091 hujus
3206 3024 3444 3075 formam
3468 3018 3814 3090 simplicem-

544 3130 648 3168 ron
699 3113 976 3183 superius,
1012 3111 1273 3181 diapente
1306 3116 1495 3164 autem
1526 3109 1739 3163 habens
1768 3109 2035 3176 inferius;
2077 3114 2193 3180 etc
2215 3126 2323 3180 que
2354 3125 2654 3163 numerum
2685 3110 3020 3164 chordarum
3054 3127 3118 3164 ex
3150 3110 3348 3164 cadem
3380 3108 3651 3180 diapason
3680 3123 3813 3161 cum

540 3202 818 3273 quomodo
848 3200 1158 3270 subjugalis
1189 3200 1308 3269 ejus
1337 3216 1401 3253 ex
1431 3199 1528 3252 illa
1573 3199 1755 3269 prima
1792 3198 1975 3269 specie
2004 3198 2128 3252 dia-

539 3308 736 3362 pason,
764 3307 885 3360 quae
917 3295 1004 3343 est
1047 3288 1116 3342 ab
1158 3290 1224 3342 A.
1258 3289 1315 3341 in
1355 3304 1408 3341 a.
1440 3287 1729 3349 consistat,
1772 3287 2015 3341 mediam
2048 3288 2130 3341 di-

542 3377 899 3432 stinctionem
935 3382 1190 3430 statuens
1222 3375 1277 3429 in
1309 3375 1375 3432 D.
1402 3382 1455 3429 ct
1476 3392 1645 3446 supra
1663 3376 1916 3429 eamdem
1932 3376 2127 3430 D.dia-

540 3470 729 3538 pente,
762 3464 908 3518 infra
939 3481 1067 3518 vero
1094 3464 1441 3517 diatessaron
1486 3480 1811 3530 assumens;
1854 3470 1911 3517 et
1937 3481 2131 3534 quem-

538 3555 841 3609 admodum
874 3554 960 3608 hae
985 3554 1108 3607 dure
1148 3554 1363 3624 species
1402 3553 1669 3624 diapason
1712 3552 2128 3623 protumindif-

541 3644 787 3699 ferenter
834 3642 1135 3697 conﬁciant
1180 3641 1398 3696 duabus
1431 3642 1632 3696 mediis
1677 3641 2129 3696 distinctionibus

537 3733 856 3799 dilatatum,
888 3738 945 3786 et
974 3748 1140 3802 quam
1172 3731 1399 3785 omnino
1442 3730 1698 3784 mirando
1747 3730 2130 3785 moderamine

538 3828 753 3879 naturae
785 3821 966 3876 omnis
996 3821 1303 3891 primarum
1326 3820 1662 3875 chordarum
1681 3820 1932 3890 operatio
1948 3821 2131 3875 solum

536 3918 764 3984 protum
788 3908 1112 3965 constituat.

608 4001 879 4056 Similiter
909 4000 966 4052 in
987 3998 1230 4053 secundo
1258 3998 1506 4064 tramite,
1534 3998 1629 4068 qui
1658 3998 1891 4052 deutero
1930 3998 2129 4069 praesi-

535 4097 761 4163 gnatur,
793 4088 1054 4142 secundis
1075 4086 1363 4154 omnibus;
1392 4094 1562 4157 atque
1594 4087 1649 4140 in
1681 4087 1869 4153 tertio,
1889 4086 1982 4156 qui
1996 4088 2132 4141 trito

537 4183 905 4252 praenotatur,
939 4176 1199 4230 omnibus
1247 4176 1475 4242 tertiis;
1506 4192 1609 4230 nec
1650 4193 1763 4229 non
1809 4176 1867 4229 in
1908 4182 2127 4246 quarto,

538 4269 636 4339 qui
658 4266 907 4321 tetrardo
938 4264 1337 4336 praescribitur,
1372 4264 1632 4318 omnibus
1662 4265 1878 4335 quartis
1906 4265 2122 4331 eadem,

542 4374 655 4429 qua
678 4355 1125 4427 dixi,spatiorum
1151 4354 1513 4425 proportione
1534 4354 1944 4417 ordinatis,non
1967 4355 2129 4409 tardo

2212 3198 2562 3251 diatessaron
2593 3203 2813 3252 tantum
2845 3199 3094 3252 existunt
3122 3197 3503 3253 consonantia.
3540 3196 3724 3266 Igitur
3750 3195 3811 3249 in

2212 3292 2334 3341 octo
2365 3286 2591 3341 discreti
2633 3287 2840 3355 singuli
2886 3287 3096 3341 habent
3128 3294 3244 3342 tres
3273 3286 3608 3358 principales
3648 3285 3813 3339 chor-

2211 3375 2331 3441 das,
2382 3375 2441 3429 in
2467 3380 2711 3446 quatuor
2739 3382 2929 3430 autem
2973 3377 3368 3441 recontinuati,
3404 3382 3676 3446 quatuor;
3708 3373 3811 3428 sic-

2213 3481 2321 3535 que
2348 3466 2430 3530 ﬁt,
2464 3471 2529 3518 ut
2548 3464 2659 3519 duo
2691 3464 2761 3518 ab
2792 3464 3027 3518 invicem
3050 3465 3328 3536 disjuncti,
3352 3470 3409 3519 et
3437 3464 3810 3533 singulariter

2211 3552 2447 3624 inspecti
2498 3570 2591 3607 sex
2639 3554 2977 3625 principales
3029 3555 3265 3609 chordas
3302 3554 3645 3619 contineant,
3675 3570 3807 3608 con-

2208 3643 2388 3713 juncti
2420 3659 2548 3696 vero
2575 3648 2632 3697 et
2660 3642 2720 3696 in
2740 3658 2917 3697 unum
2947 3649 3171 3715 tropum
3191 3643 3401 3698 redacti
3423 3643 3647 3697 nonnisi
3671 3659 3808 3714 qua-

2213 3736 2342 3786 tuor
2370 3730 2633 3785 habeant.

2288 3822 2404 3874 Hoc
2434 3821 2606 3874 etiam
2633 3838 2773 3890 pene
2802 3840 2915 3894 pra:
2949 3822 3208 3877 omnibus
3230 3827 3287 3876 et
3314 3838 3483 3893 super
3503 3821 3690 3875 omnia
3717 3820 3810 3875 hic

2214 3910 2577 3964 memorabile
2600 3917 2704 3977 est,
2729 3911 2860 3982 quia
2883 3913 3000 3966 haec
3029 3912 3425 3983 principalium
3462 3911 3813 3967 chordarum

2211 3998 2554 4063 distributio,
2589 4016 2710 4069 quae
2759 4002 2824 4055 ﬁt
2872 4018 2972 4071 per
3010 4001 3174 4054 initia
3208 4006 3264 4054 et
3299 4002 3438 4054 ﬁnes
3480 3999 3810 4070 mediasque

2213 4088 2603 4142 distinctiones
2621 4089 2971 4159 singulorum
2996 4096 3118 4143 octo
3150 4100 3457 4160 troporum,
3480 4089 3809 4159 illud,cujus

2213 4176 2272 4230 in
2341 4177 2722 4247 superioribus
2772 4179 3113 4233 mentionem
3169 4178 3488 4243 habuimus,
3544 4184 3601 4232 et
3659 4178 3811 4248 quod

2213 4266 2414 4337 saepius
2445 4267 2863 4321 retractandum
2889 4273 3059 4339 atque
3092 4268 3494 4322 ruminandum
3520 4284 3641 4321 esse
3671 4267 3812 4320 dixi-

2213 4373 2357 4422 mus,
2392 4356 2687 4410 manifeste
2709 4357 2992 4411 declarat:
3024 4357 3079 4411 id
3114 4362 3217 4422 est,
3256 4358 3535 4428 quomodo
3573 4355 3640 4409 D.
3673 4362 3732 4410 et
3750 4356 3807 4409 d.

540 4445 856 4501 hebetantis
899 4444 1073 4498 animi
1102 4442 1417 4513 aenigmate,
1446 4443 1542 4496 sed
1572 4450 1965 4496 monientanea
1996 4460 2125 4497 sen-
2146 4435 2195 4493 D
2214 4443 2479 4498 biformes
2508 4446 2646 4498 ﬁant
2675 4462 2738 4498 ac
2757 4446 3027 4517 duplices.
3068 4444 3216 4500 Sane
3246 4452 3360 4499 tres
3381 4444 3530 4499 modi
3560 4443 3812 4498 biformi-

540 4534 718 4589 sibilis
746 4533 974 4587 obtutus
1001 4530 1634 4603 perlustratione,quasi
1659 4532 1798 4585 facie
1829 4532 1899 4585 ad
1930 4532 2125 4587 faciem

540 4623 893 4695 cognoscitur
916 4636 927 4676 :
957 4623 1087 4692 quia
1098 4636 1448 4691 unaquaeque
1472 4619 1719 4690 ipsarum
1736 4620 2129 4691 principalium

541 4712 881 4768 chordarum
934 4710 1110 4765 series
1146 4710 1199 4762 in
1245 4709 1341 4762 illo
1372 4714 1555 4778 tropo,
1582 4709 1670 4762 cui
1701 4710 1983 4781 adscripta
2020 4717 2124 4776 est,

539 4804 794 4858 eamdem
824 4818 991 4872 quam
1025 4799 1217 4870 prima:
1245 4798 1302 4852 in
1334 4804 1497 4869 proto
1534 4800 1763 4869 regendi
1810 4800 2131 4872 specialiter

540 4892 921 4965 operandique
947 4888 1154 4943 habeat
1178 4892 1534 4959 potestatem.
1569 4889 1850 4959 Quidquid
1879 4889 2029 4943 enim
2058 4891 2125 4944 Α.

540 4989 598 5038 et
622 4983 686 5037 D.
719 4981 778 5035 in
799 4985 980 5051 proto,
1007 4978 1112 5031 hoc
1133 4978 1192 5031 B.
1219 4982 1274 5031 et
1309 4976 1351 5030 Ε
1402 4976 1462 5031 in
1491 4976 1743 5043 deutero,
1774 4978 1831 5031 id
1862 4978 2033 5032 etiam
2064 4980 2125 5032 C.

540 5078 599 5127 et
625 5072 686 5125 F.
717 5071 776 5124 in
804 5068 957 5132 trito,
991 5066 1174 5137 ipsum
1210 5082 1432 5136 quoque
1470 5066 1536 5119 D.
1581 5071 1638 5121 et
1667 5066 1734 5120 G.
1781 5067 2132 5121 constituunt

538 5161 596 5216 in
617 5158 889 5215 tetrardo.
919 5156 1069 5210 Idem
1100 5158 1188 5208 est
1215 5154 1271 5207 in
1301 5154 1532 5209 caeteris.
1561 5155 1629 5209 Et
1658 5160 1721 5209 ut
1742 5156 1844 5209 hoc
1873 5155 2132 5209 similiter

538 5265 806 5321 corporeo
831 5246 1020 5299 videas
1048 5242 1275 5308 intuitu,
1292 5242 1542 5313 singulos
1574 5245 1766 5314 ﬁgurte
1787 5250 1992 5298 nostrae
2011 5250 2132 5298 tra-

540 5340 723 5404 mites,
767 5352 906 5409 quos
950 5333 1006 5387 in
1050 5338 1294 5403 quatuor
1320 5333 1661 5387 naturalium
1690 5339 1983 5403 troporum
2016 5334 2132 5387 vice

539 5429 752 5501 positos
778 5424 932 5480 brevi
964 5420 1362 5495 principalium
1390 5420 1725 5476 chordarum
1758 5421 2133 5492 descriptione

538 5515 989 5580 constrinximus,
1009 5512 1066 5565 in
1088 5510 1366 5581 regularis
1388 5509 1623 5565 licentiae
1654 5509 2012 5565 ditl‘usionem
2041 5528 2131 5565 re-

539 5606 789 5661 laxemus
814 5604 922 5658 hoc
948 5599 1137 5656 modo.
1176 5600 1290 5654 νεά.
1314 5601 1409 5667 ﬁg.
1441 5599 1507 5667 B,
1534 5600 1709 5668 infra.

2209 4533 2343 4587 tatis
2391 4539 2561 4605 atque
2591 4533 2951 4605 duplicitatis‘
2982 4551 3177 4589 eorum
3208 4540 3469 4606 patenter
3493 4533 3584 4587 hic
3626 4539 3813 4588 osten-

2210 4622 2441 4679 duntur.
3014 4622 3021 4628 ’

2945 4713 3064 4767 XV.

2421 4801 2566 4854 Unda
2600 4801 2857 4868 biformes
2886 4807 2933 4855 et
2958 4802 3200 4869 duplices
3230 4804 3344 4855 sint
3374 4803 3438 4857 Β.
3463 4806 3511 4855 ct
3534 4802 3586 4855 d.

2282 4888 2524 4953 Primus,
2562 4889 2713 4959 quod
2737 4889 2796 4944 in
2826 4890 3024 4944 ordine
3060 4891 3178 4945 sive
3204 4907 3438 4945 numero
3469 4890 3812 4945 chordarum

2210 4977 2607 5049 principalium
2646 4980 3134 5034 tetrachordorum
3167 4985 3224 5033 et
3254 4980 3465 5034 ultima:
3511 4986 3647 5033 sunt
3671 4997 3815 5049 gra-

2210 5067 2363 5120 vium
2409 5084 2476 5120 ac
2503 5067 2879 5137 superiorum,
2913 5075 2967 5123 et
3015 5069 3211 5140 primae
3258 5069 3511 5122 ﬁnalium
3542 5084 3605 5122 ac
3638 5067 3815 5122 excel-

2212 5152 2466 5209 lentium.
2510 5156 2818 5223 Secundus,
2853 5158 3001 5228 quod
3027 5158 3085 5211 in
3114 5156 3483 5228 dispositione
3504 5163 3806 5226 troporum

2215 5244 2421 5298 eadem
2439 5262 2548 5299 uno
2574 5262 2637 5299 ac
2657 5246 2852 5299 eodem
2875 5247 3056 5317 spatio
3087 5251 3145 5300 et
3165 5245 3549 5300 authenticum
3581 5252 3808 5315 protum

2215 5337 2271 5385 et
2296 5333 2653 5403 subjugalem
2685 5335 2999 5389 tetrardum
3032 5335 3346 5389 includunt.
3385 5334 3633 5397 Tertius,
3658 5333 3809 5405 quod

2214 5420 2273 5474 in
2303 5420 2618 5477 dilferentia
2647 5424 2963 5489 modorum,
2999 5424 3054 5477 id
3104 5429 3209 5491 est,
3242 5422 3585 5494 agnitionem
3611 5429 3809 5494 tropo-

2214 5527 2341 5565 rum
2374 5512 2582 5566 eaedem
2608 5518 2666 5565 et
2692 5512 2937 5583 primum
2961 5513 3189 5567 modum
3218 5512 3522 5567 instituunt
3550 5517 3607 5567 et
3635 5529 3808 5584 quar-

2214 5604 2339 5655 tum
2373 5619 2385 5655 :
2429 5599 2529 5671 qui
2564 5600 2767 5656 tertius
2808 5601 3155 5673 duplicitatis
3196 5601 3398 5657 modus
3441 5600 3671 5657 interim
3704 5600 3808 5657 tibi
