3934 6392
136 401 260 457 1161

1601 403 1892 458 MUSICA.

3245 417 3384 478 1162

137 526 235 580 erit
250 525 460 581 caeteris
491 524 707 580 duobus
734 524 1038 593 obscurior,
1069 527 1247 582 donec
1283 528 1352 582 de
1399 529 1582 582 modis
1610 545 1707 582 vo-
1727 531 1774 590 Α
1794 529 1975 583 forma
2002 531 2178 600 possit
2217 532 2469 602 agnosci,
2504 532 2574 587 ab
2611 535 2857 606 antiquis
2902 539 3113 595 tradita
3154 543 3383 599 musicis

137 631 251 669 cum
277 619 514 668 tractare
543 615 896 686 caeperimus.
919 617 1028 669 Pro
1057 615 1145 669 his
1161 633 1294 686 ergo
1323 617 1505 670 tribus
1531 617 1711 671 modis

135 720 378 774 supremo
405 704 682 773 Largitori
731 721 794 758 eo
834 705 1076 775 majores
1127 722 1162 758 a
1209 705 1370 759 nobis
1406 707 1712 761 referendae

135 797 253 845 sunt
271 797 479 861 grates,
511 808 620 861 quo
649 791 939 862 hucusque
975 793 1244 863 incogniti
1276 793 1533 847 omnibus
1561 794 1710 846 anti-

135 881 246 951 quis
265 887 318 934 et
346 881 628 934 modernis
658 881 964 947 latuerunt,
987 882 1338 952 latentesque
1361 883 1602 935 maxima
1631 881 1711 934 eis

134 969 341 1022 errandi
396 985 565 1023 causa
614 970 862 1024 fuerunt.
914 971 1060 1024 Nam
1112 972 1218 1025 etsi
1267 970 1609 1040 generaliter
1646 986 1712 1022 ex

133 1057 433 1126 ignorantia
461 1057 555 1111 illa
585 1064 826 1128 quatuor
853 1075 1063 1121 rerum,
1101 1059 1159 1112 in
1189 1059 1390 1129 quibus
1420 1059 1558 1112 artis
1587 1075 1711 1112 mu-

131 1146 245 1200 sicae
267 1163 487 1200 summa
511 1147 783 1212 consistit,
829 1148 1063 1202 diversis
1103 1149 1258 1213 locis,
1292 1154 1354 1201 ut
1385 1147 1710 1218 praedictum

133 1240 226 1300 est,
255 1235 632 1302 deviaverint;
679 1236 736 1289 in
765 1237 871 1290 hoc
901 1242 1092 1290 tamen
1141 1237 1281 1302 loco,
1323 1237 1380 1290 id
1409 1242 1514 1299 est,
1546 1236 1604 1289 in
1635 1236 1712 1306 ip-

133 1340 308 1378 sarum
361 1325 428 1379 D.
475 1329 534 1378 et
585 1325 638 1377 d.
692 1324 1032 1380 biformitate
1087 1327 1440 1396 agnoscenda
1485 1324 1712 1396 speciali

135 1413 359 1483 quadam
382 1413 631 1468 caecitate
660 1415 928 1484 percussi,
957 1420 1015 1469 et
1041 1415 1201 1486 quasi
1234 1414 1490 1468 unanimi
1536 1414 1712 1466 offen-

134 1502 274 1556 sione
305 1503 539 1572 repulsi,
570 1519 763 1557 omnes
792 1503 1017 1558 adducti
1047 1509 1181 1558 sunt
1207 1503 1268 1557 in
1305 1519 1573 1557 errorem.
1616 1502 1714 1555 In-

132 1591 292 1645 terius
321 1591 500 1661 igitur
519 1591 834 1645 mirabilem
881 1592 1129 1663 ipsarum
1159 1593 1225 1648 D.
1259 1597 1316 1646 et
1343 1592 1396 1645 d.
1450 1596 1712 1645 naturam

130 1680 485 1750 speculantes.
521 1681 826 1735 secundum
858 1681 935 1747 id,
978 1682 1126 1752 quod
1164 1681 1223 1735 in
1261 1680 1512 1752 quolibet
1547 1678 1712 1732 bifor-

129 1768 327 1822 mitatis
350 1774 408 1823 et
445 1769 790 1840 duplicitatis
833 1787 949 1824 suae
995 1771 1161 1824 modo
1210 1770 1424 1824 faciunt
1471 1774 1710 1838 utraque

1791 618 2090 689 descriptio
2118 622 2486 690 supponenda
2509 627 2609 676 est.
2633 624 2733 677 rEt
2757 630 2882 695 post
2905 626 3021 682 haec
3050 630 3384 699 quibusdam

1791 705 2138 777 interpositis
2165 730 2177 765 :
2205 727 2231 760 α
2253 713 2421 780 atque
2454 710 2544 764 hic
2571 717 2675 771 est.
2693 712 2896 783 inquit,
2917 722 3142 772 octavus
3161 722 3382 790 modus,

1794 811 1960 864 quam
1999 796 2322 850 Ptolomeus
2348 801 2810 868 superannexuit.
2833 821 2860 854 »
2891 804 3132 859 Causam
3162 825 3386 880 quoque

1793 883 1963 952 hujus
2016 885 2344 939 annexionis
2397 888 2637 956 aperuit,
2679 890 2892 944 scilicet
2939 895 3087 963 quod
3137 898 3386 969 antiquis

1793 987 1905 1024 non
1933 971 2042 1024 nisi
2069 979 2284 1042 septem
2314 975 2508 1029 modos
2556 979 3031 1046 quemadmodum
3069 990 3126 1038 et
3170 993 3387 1057 septem

1793 1057 2004 1126 species
2021 1058 2290 1128 diapason
2302 1063 2604 1116 secundum
2618 1072 2830 1136 septem
2846 1068 3172 1127 discrimina
3186 1091 3386 1130 vocum

1792 1146 2210 1216 recipientibus,
2243 1151 2568 1205 eorumdem
2598 1155 2890 1210 modorum
2923 1158 3286 1230 dispositione
3316 1165 3388 1219 ab

1795 1233 1876 1286 eis
1897 1235 1954 1288 in
1988 1236 2596 1306 proslambanomenos,
2644 1244 2791 1312 quod
2835 1251 2920 1299 est
2956 1248 3021 1300 A.
3056 1248 3298 1321 incepta,
3329 1257 3386 1307 et

1793 1323 1978 1377 usuali
2028 1330 2289 1379 tonorum
2337 1333 2436 1381 aut
2491 1330 2913 1387 semitoniorum
2963 1337 3281 1394 intensione
3326 1342 3387 1396 in

1793 1418 2062 1482 paranete
2087 1413 2641 1487 hyperboleon,quod
2663 1426 2748 1474 est
2781 1439 2835 1491 g.
2868 1425 3146 1492 gradatim
3178 1430 3387 1499 perdu-

1795 1504 1884 1553 cta
1898 1500 2088 1571 ibique
2119 1502 2297 1568 ﬁnita,
2331 1506 2596 1574 quoniam
2626 1508 2743 1561 haec
2769 1512 2984 1582 tr0pica
3003 1513 3290 1586 dispositio
3320 1534 3388 1573 ex

1794 1589 2139 1660 simplicibus
2149 1594 2571 1662 quatuordecim
2594 1597 2818 1652 chordis
2838 1601 3108 1670 consistit,
3132 1610 3186 1659 et
3203 1607 3388 1662 adhuc

1792 1679 1862 1733 de
1890 1678 1975 1732 bis
2003 1679 2275 1750 diapason
2304 1698 2568 1752 suprema
2595 1686 2804 1742 chorda
2831 1694 2959 1743 nete
2985 1691 3384 1763 hyperboleon,

1794 1785 1916 1839 qua:
1935 1768 2060 1838 est:
2079 1768 2275 1832 defuit,
2295 1776 2359 1824 ut
2382 1770 2463 1825 bis
2483 1772 2753 1844 diapason
2774 1781 2955 1832 totum
2975 1779 3035 1834 in
3062 1782 3166 1837 hoc
3192 1785 3390 1840 ordine

129 1874 307 1924 unum,
357 1874 473 1913 non
523 1858 978 1914 inconvenienter
1014 1876 1108 1914 eas
1153 1859 1368 1930 lapides
1413 1859 1712 1928 angulares
1730 1852 1777 1911 B
1795 1857 2193 1923 insumeretur,
2217 1863 2442 1914 octavus
2460 1863 2659 1916 modus
2681 1864 2738 1917 in
2755 1865 3056 1923 Ptolomaeo
3071 1872 3324 1942 adjectus
3336 1879 3394 1929 et

128 1945 349 2002 diximus
381 1973 392 2006 :
442 1948 753 2003 secundum
781 1949 838 2002 id
868 1965 1018 2014 vero,
1059 1949 1210 2019 quod
1262 1963 1458 2001 omnes
1510 1945 1710 2000 musici
1791 1946 1940 2000 inter
1967 1963 2020 2010 a,
2049 1951 2106 1999 et
2132 1946 2394 2018 :locatus
2424 1954 2527 2004 est.
2557 1949 2623 2004 In
2654 1969 2766 2022 qua
2794 1958 3074 2012 sententia
3091 1961 3150 2015 id
3179 1964 3391 2018 sentire

125 2035 349 2104 graviter
395 2037 460 2091 in
491 2037 573 2091 eis
600 2038 972 2104 offenderunt,
1021 2054 1134 2092 non
1184 2036 1468 2090 immerito
1498 2035 1710 2106 lapides
1795 2035 2056 2089 videntur
2083 2036 2321 2107 antiqui,
2340 2043 2532 2109 tr0pos
2562 2047 2791 2111 propter
2812 2044 2916 2099 hoc
2935 2050 3226 2117 augendos
3243 2068 3385 2118 esse,

129 2124 432 2179 offensionis
492 2131 548 2180 et
591 2127 836 2180 scandali
869 2131 1060 2197 petras
1114 2125 1508 2192 nominamus;
1562 2124 1710 2194 quod
1793 2139 1864 2176 ne
1896 2123 1956 2176 in
2004 2139 2199 2178 eorum
2249 2125 2612 2196 dispositione
2663 2131 2734 2184 de
2778 2148 2999 2188 summa
3049 2137 3390 2194 chordarum

128 2218 185 2264 ut
226 2212 614 2270 indubitanter
666 2215 988 2286 probemus,
1022 2231 1192 2286 quam
1235 2214 1458 2268 fortiter
1512 2213 1573 2266 in
1622 2213 1711 2266 his
1795 2211 1929 2282 quid
1976 2213 2257 2283 supersit;
2303 2231 2430 2269 cum
2469 2233 2573 2271 nos
2625 2235 2753 2273 vere
2795 2222 3125 2292 sentiamus,
3204 2228 3386 2298 magis

129 2301 388 2356 maximus
418 2303 784 2374 antiquorum
808 2303 1058 2366 Boetius,
1091 2319 1158 2357 ac
1184 2303 1582 2356 modernorum
1618 2317 1714 2372 po-

128 2389 313 2445 tissimi
341 2392 480 2446 Otto
509 2397 568 2447 et
596 2391 777 2447 Guido
799 2392 1151 2459 offenderint,
1184 2392 1244 2446 in
1272 2390 1602 2447 memoriam
1633 2406 1716 2444 re-

129 2479 397 2538 ducamus.

837 2573 986 2627 XVI.

131 2657 363 2723 Qualiter
389 2663 610 2716 Boetius
639 2666 688 2716 et
707 2665 887 2716 caeteri
915 2663 1117 2715 musici
1145 2663 1208 2715 in
1236 2663 1298 2715 D.
1334 2664 1383 2713 et
1411 2661 1466 2712 d.
1499 2673 1715 2712 errave-

223 2751 355 2813 rint,
388 2755 444 2803 et
465 2752 608 2819 quod
634 2752 834 2818 duplex
851 2751 915 2803 Α.
942 2751 1242 2803 necessario
1271 2752 1612 2802 assumatur.

191 2838 418 2894 Boetius
441 2839 501 2893 in
514 2839 880 2910 dispositione
910 2844 1032 2892 octo
1066 2838 1379 2908 ﬁguraliter
1408 2836 1708 2905 descripta,

129 2927 211 2982 ubi
229 2935 420 3001 tropos
451 2928 646 3000 primis
664 2946 858 2983 eorum
882 2927 1221 2993 nominibus,
1237 2933 1459 2998 protum
1481 2927 1715 2980 authen-

129 3017 286 3086 ticum
303 3018 551 3079 dorium,
566 3019 862 3072 deuterum
880 3017 1178 3088 phrygium
1190 3057 1204 3082 ,
1222 3017 1453 3070 tertium
1476 3015 1686 3086 lydium
1697 3058 1709 3079 ,

129 3108 430 3162 tetrardum
488 3107 872 3178 mixolydium,
929 3106 1253 3175 subjugales
1314 3105 1707 3176 hypodorium,

127 3193 588 3268 hypophrygium,
640 3161 1570 3266 hypolidium,'h;pomixol3;dium
1617 3161 1773 3246 vo;C

1795 2301 2032 2356 chordos
2050 2307 2350 2373 propterea
2368 2305 2538 2360 etiam
2555 2308 3078 2378 superabundantes
3101 2317 3390 2386 ponendas

1795 2407 1936 2458 esse,
1977 2408 2049 2445 ne
2081 2392 2262 2446 solum
2292 2393 2362 2446 de
2409 2396 2652 2450 naturali
2683 2397 3067 2469 dispositione,
3099 2405 3198 2459 sed
3236 2410 3293 2460 et
3322 2407 3392 2461 de

1796 2479 2044 2548 regulari
2073 2480 2371 2536 diﬁ'usione
2393 2483 2733 2556 licentiaque
2762 2493 3073 2560 troporum,
3106 2493 3166 2547 in
3191 2494 3394 2564 quibus

1794 2573 1917 2622 tota
1967 2569 2049 2622 vis
2105 2570 2412 2625 harmonia;
2450 2573 2562 2627 sita
2609 2581 2714 2639 est,
2748 2578 2882 2647 quid
2929 2579 3090 2634 desit.
3142 2583 3393 2640 Dicimus

1796 2656 1967 2723 enim,
2002 2655 2148 2727 quOd
2178 2664 2236 2712 et
2263 2660 2590 2715 certissimis
2627 2664 2959 2735 Gregoriani
2988 2675 3186 2726 cantus
3213 2688 3396 2728 exem-

1799 2745 1905 2814 plis
1934 2745 2529 2818 probamus,quoniam
2571 2768 2764 2806 omnes
2789 2756 2936 2826 tropi
2963 2774 3136 2828 supra
3163 2767 3220 2814 et
3247 2761 3395 2817 infra

1798 2835 2084 2888 naturales
2129 2835 2397 2907 diapason
2445 2839 2531 2891 sui
2564 2841 2836 2896 terminos
2864 2845 3165 2915 aliquando
3203 2850 3260 2902 in
3299 2867 3393 2905 so-

1797 2939 1933 2976 num
1963 2923 2224 2991 vicinum,
2257 2925 2558 2996 aliquando
2586 2929 2643 2982 in
2675 2931 2902 2986 tertium
2933 2934 3168 2990 licenter
3194 2955 3254 2992 se
3284 2940 3393 2994 dif-

1796 3011 2056 3078 fundunt,
2093 3029 2214 3082 quae
2244 3014 2489 3080 licentia,
2524 3022 2588 3070 ut
2617 3019 2877 3075 omnibus
2915 3025 3207 3093 aequaliter
3233 3028 3393 3082 attri-

1794 3100 2020 3168 buatur,
2064 3119 2112 3156 a.
2165 3108 2332 3157 acuta
2379 3105 2607 3160 omnino
2652 3113 2737 3162 est
2790 3113 3127 3168 necessaria.
3179 3116 3257 3170 Ex
3286 3117 3393 3172 hoc

1797 3190 1967 3244 etiam
2007 3191 2203 3245 eadem
2231 3209 2285 3245 a.
2329 3193 2652 3250 nullatenus
2681 3197 2750 3250 de
2779 3215 3003 3255 summa
3053 3203 3393 3261 chordarum

128 3299 244 3338 rans
267 3285 324 3339 in
367 3289 597 3339 tantum
648 3285 905 3348 deviavit,
934 3289 997 3339 ut
1037 3301 1162 3338 cum
1212 3283 1534 3354 subjugales
1583 3281 1714 3336 inde
1795 3279 1980 3350 perire
2007 3278 2232 3349 poterit,
2283 3279 2416 3350 quia
2470 3283 2802 3355 quadrupla,
2853 3304 2976 3358 quae
3029 3295 3393 3349 mensurandi

127 3369 390 3437 dicantur,
426 3371 574 3442 quod
601 3370 886 3442 subjugati
931 3375 990 3425 et
1037 3369 1246 3425 subditi
1297 3370 1410 3424 sive
1442 3367 1714 3440 suppositi
1798 3368 2162 3422 monochordi
2194 3373 2280 3423 est
2307 3368 2553 3437 initium,
2605 3372 2848 3442 primum
2880 3376 2939 3431 in
2975 3395 3106 3433 eum
3144 3383 3394 3453 spatium

127 3458 228 3514 sint
253 3460 615 3528 authenticis,
642 3460 750 3532 ipsi
779 3459 1127 3530 subjugalem
1157 3459 1588 3530 tetrardi,quem
1608 3475 1711 3512 nos
1795 3457 2081 3511 terminat.
2107 3457 2286 3520 Quam
2311 3458 2534 3528 penitus
2564 3461 2733 3516 etiam
2761 3463 2891 3519 inde
2929 3467 3005 3521 sit
3029 3469 3390 3541 inevitabilis,

127 3554 368 3604 octavum
400 3548 663 3618 dicimus,
692 3549 1012 3604 authentico
1049 3566 1151 3604 suo
1183 3549 1484 3620 mixolydio
1513 3565 1710 3619 super-
1794 3547 1941 3616 quod
1969 3547 2026 3600 in
2052 3547 2301 3617 generali
2330 3553 2614 3603 structura
2659 3554 3025 3611 monochordi
3071 3559 3209 3614 nihil
3259 3579 3393 3633 pro-

127 3638 543 3706 posuerit,unde
563 3643 620 3693 et
633 3638 1181 3710 hypermixolydium
1204 3655 1332 3693 eum
1354 3637 1662 3692 nominavit
1693 3656 1704 3690 :
1793 3635 2108 3706 portionale
2128 3635 2249 3690 sine
2278 3637 2402 3707 ipsa
2430 3642 2615 3708 potest
2643 3642 2892 3711 regulari
2922 3645 3387 3719 ordineinveniri,

126 3725 227 3792 ubi,
259 3745 329 3783 ne
347 3728 556 3794 dicam,
584 3744 752 3799 quam
791 3728 1184 3799 incongruum,
1227 3729 1323 3782 sed
1355 3743 1524 3798 quam
1555 3743 1710 3797 pror-
1794 3725 1879 3777 vel
1908 3724 2245 3795 simplicium
2295 3727 2482 3780 nullus
2525 3727 2768 3797 ignorat.
2805 3731 2922 3786 Hac
2951 3733 3129 3804 igitur
3177 3738 3388 3810 triplici

126 3832 210 3870 sus
228 3818 473 3882 nullum,
503 3817 560 3871 id
590 3823 694 3884 est,
723 3816 1034 3888 subjugalis
1061 3817 1265 3872 habeat
1295 3819 1501 3881 locum,
1533 3815 1708 3886 ipsius
1792 3813 2009 3866 ratione
2053 3819 2184 3868 nete
2233 3815 2613 3886 hyperboleon
2656 3818 2990 3884 adstruitur,
3031 3840 3134 3878 nec
3180 3826 3387 3884 idcirco

125 3910 326 3962 natura:
374 3907 540 3960 docet
566 3906 889 3974 auctoritas,
934 3924 1057 3978 quae
1096 3906 1401 3976 unicuique
1430 3911 1614 3976 tropo,
1645 3909 1711 3958 ut
1791 3901 2063 3966 aboletur,
2089 3903 2134 3956 si
2162 3905 2447 3974 superﬂua
2468 3905 2722 3960 videatur
2740 3907 2798 3962 in
2827 3913 3074 3968 naturali
3097 3919 3388 3987 troporum

124 3994 457 4050 sufﬁcienter
477 3996 597 4066 jam
623 3995 884 4060 diximus,
918 3996 1087 4050 talem
1118 3996 1302 4050 locum
1331 3994 1545 4060 tribuit,
1569 3993 1710 4049 utin
1792 3990 2169 4061 dispositione,
2198 3998 2392 4064 utpote
2419 4011 2588 4065 quam
2639 3995 2848 4068 absque
2895 3999 2998 4055 hac
3042 4003 3283 4073 pleniter
3321 4025 3387 4062 ex

124 4084 229 4138 suis
256 4085 660 4157 principalibus
704 4085 926 4140 chordis
969 4091 1026 4139 et
1062 4084 1287 4139 initium
1335 4089 1392 4138 et
1436 4085 1606 4138 ﬁnem
1655 4087 1713 4137 et
1793 4079 1877 4133 bis
1906 4080 2195 4151 diapason,
2231 4081 2288 4135 id
2341 4088 2443 4150 est,
2485 4085 2762 4140 sexdecim
2792 4088 3012 4144 chordis
3060 4092 3208 4148 infra
3253 4114 3387 4167 spa-

123 4174 352 4229 mediam
405 4174 824 4229 distinctionem
874 4174 1131 4246 accipiat,
1178 4179 1234 4228 et
1283 4191 1404 4244 quae
1432 4173 1704 4245 tr0picam
1791 4169 1936 4223 tium
1983 4171 2407 4240 quatuordecim
2447 4173 2783 4230 chordarum
2834 4179 3088 4249 existere,
3131 4183 3270 4252 jam,
3321 4192 3388 4241 ut

123 4261 540 4333 dispositionem
562 4269 805 4336 quatuor
815 4263 1204 4336 principalium
1219 4263 1704 4318 tetrachordorum

123 4354 440 4421 terminum,
473 4355 570 4425 qui
599 4359 685 4409 est
711 4354 772 4409 in
813 4355 1101 4409 excellenti
1143 4372 1198 4425 g.
1228 4359 1380 4409 vetat
1421 4360 1706 4410 transcen-

123 4441 244 4498 dere
277 4461 289 4497 :
336 4443 488 4499 unde
515 4445 583 4498 D.
618 4448 676 4498 et
701 4444 756 4498 d.
784 4449 902 4498 tam
931 4445 990 4498 in
1022 4461 1256 4499 numero
1287 4461 1455 4515 quam
1505 4446 1703 4500 effectu

122 4530 448 4588 chordarum
473 4532 722 4604 duplices
740 4531 1116 4604 biformesque
1144 4538 1416 4598 statuens,
1431 4535 1704 4604 tr0picam

122 4619 534 4692 dispositionem
561 4628 739 4677 totam
777 4622 926 4677 infra
974 4623 1400 4694 quatuordecim
1447 4624 1700 4690 chordas,

121 4710 171 4764 id
200 4719 301 4778 est,
325 4717 543 4783 septem
568 4710 892 4766 discrimina
912 4712 997 4765 his
1027 4711 1209 4782 posita
1230 4712 1450 4782 peragit
1473 4731 1485 4779 ;
1515 4712 1705 4783 sicque

120 4812 330 4862 acutam
364 4823 418 4860 a.
460 4803 621 4876 quasi
665 4804 1010 4875 superfluam
1045 4819 1336 4857 remanere
1365 4803 1596 4873 patitur,
1644 4803 1701 4857 in

118 4912 276 4964 quam
331 4894 639 4966 subjugalis
682 4893 779 4948 ille
818 4893 1126 4947 secundum
1180 4892 1435 4947 Boetium
1483 4893 1694 4948 ﬁnitur.

118 4985 292 5049 Quare
312 4984 620 5040 secundum
640 4982 922 5048 Boetium,
957 4986 1013 5036 et
1042 4998 1153 5036 non
1180 4982 1486 5036 secundum
1510 4984 1697 5038 Ptolo-

114 5089 326 5140 meeum,
381 5074 468 5127 vel
494 5072 800 5128 secundum
850 5088 1045 5126 omnes
1074 5071 1497 5142 antiquissimos
1523 5073 1697 5126 Musi-

113 5177 294 5217 corum
323 5162 575 5216 dicamus
597 5160 623 5214 ‘l
652 5160 810 5225 Quod
839 5159 986 5214 enim
1028 5159 1224 5214 eadem
1259 5159 1484 5230 tropica;
1513 5159 1697 5230 dispo-

113 5250 318 5306 sitionis
345 5252 528 5322 ﬁgura
555 5249 672 5304 suis
695 5247 1043 5320 temporibus
1074 5248 1143 5302 ab
1165 5248 1411 5318 antiquis
1443 5248 1695 5304 derivata

114 5339 180 5393 sit
205 5340 448 5404 Musicis,
481 5344 536 5394 et
559 5339 708 5410 quod
728 5339 1064 5392 Ptolomaeus
1095 5354 1289 5391 eorum
1310 5337 1692 5391 nobilissimus

115 5429 363 5484 eumdem
390 5429 446 5483 in
483 5444 746 5499 supremo
774 5426 1052 5480 addiderit
1081 5425 1448 5496 subjugalem,
1483 5426 1604 5496 ipse
1633 5427 1692 5480 in

116 5518 320 5572 musica
338 5535 440 5572 sua
459 5516 735 5580 meminit,
759 5520 884 5587 post
905 5521 1182 5586 peractam
1203 5521 1493 5585 troporum
1515 5514 1698 5585 dispo-

117 5605 368 5661 sitionem
403 5607 485 5661 ita
511 5607 702 5661 dicens
732 5618 745 5652 ε
778 5606 1028 5669 Quorum
1057 5620 1169 5658 non
1210 5609 1276 5657 ut
1314 5602 1695 5674 intelligentiae

117 5697 289 5752 solum
317 5695 459 5752 ratio
485 5694 1014 5768 comprehendatur,
1045 5709 1240 5748 verum
1270 5692 1444 5748 oculis
1472 5708 1694 5764 quoque

345 5795 608 5858 PATBOL.
653 5795 770 5857 CL.

1787 4258 2050 4328 arbitror,
2081 4259 2440 4316 manifestum
2470 4266 2572 4316 est.

2494 4351 2670 4407 XVII.

1859 4437 2105 4504 Qualiter
2134 4440 2386 4492 moderni
2409 4445 2724 4497 erraverint
2753 4446 2815 4498 in
2844 4448 3042 4503 eisdem
3071 4451 3308 4508 chordis.

1858 4525 2147 4580 Hactenus
2185 4526 2255 4580 de
2284 4527 2606 4584 offensionis
2632 4531 2754 4586 loco
2798 4537 3107 4593 secundum
3144 4547 3378 4598 veteres.

1787 4616 1912 4668 Jam
1941 4614 2230 4669 videamus
2260 4617 2328 4669 de
2357 4617 2476 4688 ipso
2509 4621 2816 4675 secundum
2849 4623 2992 4690 illos,
3019 4645 3157 4698 quos
3184 4648 3382 4704 propo-

1787 4704 2007 4757 suimus
2046 4704 2363 4770 modernos,
2399 4711 2456 4758 et
2489 4706 2590 4761 hoc
2611 4725 2675 4762 eo
2705 4710 3030 4781 districtius,
3072 4733 3184 4788 qua
3210 4721 3381 4780 latius

1786 4794 1855 4846 de
1885 4793 2249 4863 antiquorum
2275 4796 2539 4850 seandalo
2571 4799 2750 4867 plana
2794 4800 3180 4874 intelligentiae
3208 4827 3380 4870 causa

1781 4884 2170 4941 tractavimus.
2211 4885 2339 4938 Otto
2366 4884 2425 4938 in
2462 4887 2780 4942 enchiriade
2810 4908 2912 4945 sua
2941 4895 3078 4949 satis
3106 4897 3374 4964 declarat,

1782 4974 1914 5045 quia
1959 4973 2110 5027 solus
2159 4973 2420 5027 eumdem
2467 4977 2780 5031 communis
2826 4980 3143 5039 oﬂendiculi
3191 4988 3376 5048 locum

1780 5063 2054 5118 naturalis
2101 5061 2312 5131 ingenii
2362 5063 2706 5119 sublimitate
2750 5067 3224 5145 deprehenderat;
3276 5083 3376 5137 sed

1780 5154 1913 5207 dum
1941 5152 2108 5205 nimis
2153 5156 2352 5205 cautus
2399 5158 2457 5206 et
2486 5153 2644 5223 quasi
2676 5157 2891 5212 caeteris
2917 5159 3374 5236 circumspectior

1776 5243 1922 5297 circa
1942 5242 2099 5296 illum
2117 5240 2317 5306 extitit,
2341 5242 2553 5296 caeteris
2580 5244 2805 5312 gravius
2835 5247 2889 5300 in
2911 5248 3094 5318 ipsum
3119 5255 3372 5318 offendit.

1777 5333 1939 5386 Solus
1969 5332 2118 5386 enim
2147 5331 2412 5385 biformes
2441 5332 2800 5404 duplicesque
2821 5335 2886 5389 D.
2911 5343 2966 5390 et
2988 5339 3043 5392 d.
3069 5341 3365 5416 intellexit,

1777 5426 1835 5474 et
1861 5421 1994 5474 dum
2026 5422 2130 5475 hoc
2153 5421 2413 5475 distincte
2437 5427 2740 5492 aperteque
2769 5425 3029 5481 omnibus
3057 5429 3375 5506 intelligen-

1779 5509 1912 5562 dum
1941 5510 2188 5580 proferre
2216 5511 2453 5576 studuit,
2493 5512 2722 5566 modum
2752 5512 2808 5566 in
2847 5514 3242 5586 distinguendo
3273 5545 3368 5582 ex-

1777 5597 1959 5652 cessit.
1997 5599 2135 5652 Cum
2162 5598 2313 5652 enim
2345 5600 2408 5652 D.
2445 5617 2558 5654 una
2587 5601 2894 5672 eademque
2919 5605 3118 5661 ultima
3136 5610 3209 5666 sit
3233 5633 3368 5685 gra-

1775 5686 1928 5741 vium
1952 5691 2011 5740 et
2033 5686 2215 5757 prima
2238 5688 2515 5756 ﬁnalium,
2530 5693 2589 5743 et
2609 5706 2736 5744 cum
2756 5691 3066 5767 eademque
3091 5700 3277 5770 prima
3292 5707 3369 5763 sit

3055 5794 3134 5858 37
