3934 6364
532 336 670 395 1167
1560 328 1617 381 S.
1659 324 2051 381 GUILLELMI
2088 323 2118 377 Α

2212 325 2395 382 lATIS
2434 328 2777 384 HIRSAUG.
3667 326 3808 386 1168

529 459 967 535 terpretationes
1010 471 1159 511 nunc
1211 451 1542 524 singillatim
1588 450 1772 504 dicere
1827 446 2125 520 praeterivi,
2145 448 2484 518 Atessaron,
2516 451 2806 506 interdum
2831 449 3000 504 etiam
3020 450 3207 522 ipsum
3226 447 3499 521 diapason
3513 450 3576 504 in
3592 450 3813 520 Grego-

533 552 667 624 quia
697 549 906 605 multos
932 547 1050 601 haec
1106 542 1394 614 scripsisse
1447 538 1651 594 inveni.
1688 538 1943 593 Moderni
1997 553 2128 590 vero
2210 538 2366 593 riano
2413 545 2583 595 cantu
2634 539 2949 610 reperimus
2988 559 2998 593 :
3040 539 3300 610 ideoque,
3339 540 3387 594 si
3440 540 3590 611 quod
3622 540 3694 594 de
3720 540 3814 594 his

532 638 715 692 adhuc
751 636 811 691 in
830 633 1105 706 principio
1125 647 1324 685 sonum
1346 645 1520 684 unum
1541 634 1777 698 etgrave
1806 641 2127 696 synemme-
2209 627 2567 683 intervallum
2596 628 2835 698 abjicere
2865 627 3188 695 debeamus,
3217 628 3517 683 nescimus.

533 743 647 781 non
669 726 727 780 B.
745 734 974 796 propter
994 721 1286 793 quasdam,
1317 735 1456 790 quas
1474 716 1830 788 postmodum
1853 714 2124 779 dicemus,

534 815 809 870 utilitates
829 813 1172 883 adjecerunt.

607 905 668 959 In
699 904 806 957 hoc
825 901 1091 955 differunt
1120 903 1361 970 quatuor
1389 893 1719 967 principalia
1749 892 2125 956 tetrachorda,

537 1009 659 1065 quae
680 994 823 1046 ﬁunt
840 989 1146 1045 secundum
1170 986 1426 1041 melodiae
1447 984 1695 1048 modum,
1718 982 1803 1035 vel
1821 981 2129 1035 secundum

534 1079 948 1135 institutionem
973 1083 1287 1148 troporum,
1332 1073 1401 1127 ab
1445 1073 1556 1125 illis
1602 1076 2016 1148 quatuortquae
2045 1084 2130 1121 sc-

534 1168 779 1223 cundum
827 1181 1106 1220 mensurae
1153 1162 1382 1217 modum
1414 1159 1819 1223 conficiuntur;
1861 1156 1995 1227 quia
2034 1155 2131 1208 illa

535 1257 747 1312 habent
769 1254 1131 1310 semitonium
1162 1252 1221 1305 in
1247 1249 1449 1315 medio,
1483 1249 1590 1302 ista
1644 1247 1702 1300 in
1755 1244 1954 1299 ultimo
1982 1263 1995 1311 ;
2035 1243 2133 1297 illa

527 1346 848 1416 junguntur
869 1343 927 1396 in
949 1342 1016 1397 D.
1048 1340 1206 1411 gravi
1228 1344 1286 1392 et
1312 1338 1367 1391 d.
1410 1341 1592 1400 acuta,
1622 1335 1731 1388 ista
1761 1333 1816 1386 in
1855 1350 1904 1387 e.
1948 1337 2006 1386 et
2037 1331 2081 1385 E
2113 1349 2127 1397 ;

528 1434 589 1488 in
618 1434 729 1487 illis
752 1436 1010 1503 superest
1028 1435 1197 1483 tonus
1215 1427 1273 1481 in
1289 1431 1531 1496 utraque
1551 1423 1824 1494 diapason
1848 1419 2126 1491 superius,

530 1523 592 1577 in
619 1522 742 1576 istis
766 1519 1018 1574 inferius.

604 1608 772 1665 Initia
790 1613 979 1671 autem
1001 1610 1294 1676 troporum
1310 1601 1386 1656 ibi
1408 1617 1529 1656 esse
1547 1605 1874 1661 noscuntur,
1904 1596 1998 1652 ubi
2019 1595 2128 1650 dif-

533 1698 786 1767 ferentias
810 1713 1024 1761 eorum,
1047 1694 1101 1748 id
1117 1699 1205 1748 est
1216 1694 1480 1747 sazculoru
1490 1707 1541 1743 m
1553 1706 1736 1754 amen,
1759 1688 2123 1752 inchoantur;

2281 716 2424 779 Quia
2463 734 2595 788 ergo
2646 718 2886 771 domnus
2945 717 3124 771 Berno
3171 734 3370 771 novem
3412 718 3813 773 consonantias

2210 805 2478 876 exemplis
2522 806 2840 872 elucidavit,
2891 822 2994 860 nos
3038 805 3109 859 ab
3146 822 3213 860 eo
3250 807 3660 877 pratermissas
3688 823 3815 862 exe-

2213 910 2467 964 quemur.
2494 894 2865 949 Unisonantia
2884 900 2987 961 est,
3020 894 3116 948 ubi
3144 912 3247 949 vox
3276 912 3390 949 non
3418 897 3690 964 variatur,
3712 897 3811 952 sed

2211 983 2402 1036 multae
2445 1000 2664 1039 neumae
2723 974 2933 1038 crebris
2962 984 3354 1039 iterationibus
3400 985 3460 1039 in
3511 1002 3627 1040 uno
3670 1002 3813 1040 sono

2211 1072 2589 1137 continuatur,
2613 1078 2679 1127 ut
2703 1072 2761 1127 in
2789 1074 3015 1128 exordio
3044 1075 3214 1144 hujus
3260 1075 3580 1145 antiphonae
3609 1074 3814 1146 proba-

2209 1162 2493 1216 turzAnt.
2538 1163 2665 1215 Ecce
2704 1158 2879 1216 veniet
2908 1164 3265 1226 desideratus,
3309 1164 3560 1235 itemque
3598 1164 3660 1218 in
3704 1166 3815 1219 hac

2212 1254 2328 1302 ant.
2349 1249 2592 1320 idipsum
2611 1250 2951 1305 lucidissime
2967 1256 3156 1322 patet:
3183 1254 3585 1307 Convertimini
3627 1255 3705 1308 ad
3722 1272 3813 1310 me

2214 1340 2276 1391 in
2300 1344 2404 1392 toto
2432 1340 2589 1393 corde
2626 1345 2817 1393 vestro.
2868 1339 3144 1411 Diapente
3187 1356 3313 1396 cum
3369 1341 3669 1396 semitonio
3701 1348 3809 1407 est,

2211 1442 2338 1480 cum
2361 1444 2464 1481 vox
2491 1433 2736 1498 quatuor
2762 1428 2911 1482 tonis
2942 1434 2997 1483 et
3035 1429 3253 1485 duobus
3281 1431 3596 1485 semitoniis
3617 1431 3815 1486 inten-

2210 1515 2365 1569 ditur
2383 1517 2469 1570 vel
2495 1517 2820 1579 remittitur,
2840 1518 2980 1572 utin
3005 1518 3101 1572 illo
3123 1518 3160 1590 ᾗ
3187 1521 3416 1574 damihi
3439 1523 3808 1576 intellectum.

2212 1603 2391 1674 quivis
2431 1604 2669 1674 probare
2692 1605 2919 1676 poterit,
2943 1605 3037 1676 qui
3078 1606 3235 1660 illum
3260 1613 3388 1679 post
3409 1609 3578 1662 ﬁnem
3604 1610 3813 1680 prioris

2212 1710 2311 1764 per
2338 1694 2490 1747 istud
2514 1694 2873 1748 intervallum
2903 1700 3054 1749 recte
3084 1696 3354 1767 inceperit
3381 1715 3392 1749 :
3422 1697 3478 1751 in
3501 1715 3666 1753 versu
3704 1715 3811 1754 au-

533 1787 713 1859 quivis
736 1786 887 1841 enim
913 1783 1363 1839 authenticorum
1407 1796 1576 1850 supra
1617 1777 1841 1831 ﬁnalem
1874 1792 2037 1830 suum
2067 1774 2126 1827 in
2142 1794 2191 1855 Β
2209 1789 2324 1836 tem
2337 1784 2566 1837 Domine
2581 1784 2721 1837 Deus
2736 1789 2795 1837 tu
2812 1787 3128 1851 cognovisti,
3151 1785 3206 1838 in
3229 1786 3575 1857 depositione
3590 1787 3811 1844 ultimae

533 1877 731 1949 quinto
760 1876 897 1938 loco,
922 1873 978 1927 id
998 1878 1101 1937 est,
1120 1872 1178 1925 in
1194 1869 1418 1941 propria
1436 1867 1619 1938 specie
1649 1866 1910 1936 diapente
1931 1865 2129 1938 incipit

531 1969 738 2037 praeter
766 1964 946 2017 solum
966 1962 1284 2023 deuterum,
1301 1957 1395 2029 qui
1409 1962 1638 2028 propter
1650 1955 2127 2026 imperfectionem

532 2051 838 2118 semitonii,
896 2050 1009 2104 imo
1038 2054 1269 2121 propter
1297 2053 1507 2101 metam
1531 2050 1587 2099 et
1614 2045 1804 2098 sedem
1834 2050 2125 2115 troporum

532 2158 593 2197 se
620 2141 891 2196 transfert
909 2138 979 2193 ab
1009 2137 1249 2192 secunda
1281 2135 1369 2190 sui
1405 2133 1697 2205 principali
1740 2132 1947 2186 chorda
1978 2132 2037 2186 in
2071 2149 2121 2189 c.

530 2236 731 2303 protus
759 2245 1006 2299 namque
1035 2227 1094 2280 in
1124 2242 1304 2280 messe
1332 2223 1548 2294 incipit,
1587 2221 1853 2275 deuterus
1881 2222 1939 2275 in
1970 2221 2032 2275 C.
2062 2226 2128 2276 ut

529 2319 744 2373 dictum
779 2323 882 2383 est,
914 2332 1016 2387 per
1033 2312 1587 2377 transmutationem,
1617 2310 1677 2364 in
1708 2326 1819 2380 qua
1835 2310 2002 2364 tritus
2027 2327 2129 2380 per

529 2413 793 2462 naturam
823 2405 1062 2467 orditur,
1084 2402 1369 2457 tetrardus
1380 2417 1510 2454 vero
1529 2400 1582 2453 d.
1604 2399 1918 2453 inchoatur.
1948 2399 2122 2469 Plaga

527 2501 720 2551 autem
749 2511 863 2549 non
897 2509 1069 2564 supra
1095 2492 1321 2546 ﬁnalem
1350 2490 1408 2543 in
1439 2489 1720 2559 diapente,
1752 2492 1816 2541 ut
1840 2487 2116 2556 magistri,

528 2585 630 2641 sed
655 2582 1071 2655 aliquantulum
1099 2580 1353 2644 inferius,
1383 2576 1618 2631 ubilibet
1663 2575 1776 2630 illis
1821 2576 2116 2643 convenit;

525 2672 754 2728 initium
789 2671 1030 2737 habent;
1054 2669 1199 2724 sicut
1218 2669 1386 2740 plaga
1400 2665 1548 2737 proti
1562 2665 1619 2719 in
1638 2665 1698 2719 F.
1722 2664 1885 2735 plage
1905 2664 2122 2718 deuteri

527 2762 617 2815 vel
638 2760 761 2816 triti
790 2760 959 2815 simul
986 2759 1046 2813 in
1084 2774 1285 2821 messe,
1314 2757 1481 2827 plaga
1498 2752 1735 2808 tetrardi
1754 2753 1811 2806 in
1833 2752 2124 2806 c.initian-

524 2855 639 2905 tur.
688 2850 915 2904 Primus
952 2864 1086 2917 ergo
1115 2853 1284 2901 tonus
1308 2844 1393 2899 vel
1428 2848 1664 2915 quartus
1716 2842 1802 2895 vel
1846 2848 2033 2895 sextus
2060 2842 2120 2895 in

523 2956 697 3007 mese,
722 2939 875 2993 solus
898 2937 1177 2992 secundus
1194 2935 1255 2989 in
1278 2935 1340 2990 F.
1361 2932 1560 2987 tertius
1572 2930 1802 3002 quintus
1814 2935 1871 2984 et
1891 2935 2118 2984 octavus

435 3085 444 3092 ,
522 3028 583 3082 in
609 3026 670 3083 C.
708 3026 861 3081 solus
908 3024 1179 3098 septimus
1204 3023 1265 3076 in
1292 3023 1348 3076 d.
1384 3021 1612 3074 initium
1668 3019 1896 3076 habent.
1928 3019 2116 3073 Unus-

2210 1887 2428 1925 neumae
2451 1875 2740 1940 justitiam
2764 1888 2967 1935 meam,
2990 1879 3047 1927 et
3068 1874 3126 1928 in
3147 1875 3456 1930 elevatione
3476 1877 3675 1947 primae
3697 1895 3812 1932 non

2209 1962 2486 2026 abscondi,
2537 1960 2807 2032 diapason
2859 1961 3215 2017 intervallum
3264 1981 3387 2019 esse
3435 1965 3803 2035 dignoscitur.

2211 2047 2447 2117 Oportet
2475 2065 2607 2118 ergo
2637 2049 2740 2103 has
2761 2051 3162 2106 consonantias
3188 2053 3296 2107 rite
3316 2054 3506 2109 animo
3521 2061 3697 2126 atque
3712 2072 3811 2110 au-

2208 2136 2363 2190 ribus
2383 2154 2505 2192 esse
2517 2143 2711 2205 notas;
2743 2138 2954 2193 frustra
2983 2134 3131 2194 enim
3154 2141 3272 2196 haec
3295 2148 3418 2197 arte
3433 2148 3604 2214 atque
3625 2145 3808 2199 scien-

2206 2226 2290 2280 tia
2315 2226 2658 2297 colliguntur
2679 2227 2789 2282 nisi
2816 2228 3029 2284 fuerint
3052 2246 3161 2285 usu
3196 2236 3367 2302 atque
3403 2232 3808 2289 exercitatione

2207 2315 2518 2371 notissima.

2751 2497 2825 2550 De
2846 2500 3240 2552 consonantiis.

2276 2580 2384 2634 Sex
2406 2585 2541 2635 sunt
2566 2584 2963 2649 consonantiae,
2988 2592 3103 2639 tres
3132 2585 3412 2657 simplices
3432 2590 3620 2643 ettres
3648 2605 3803 2645 com-

2204 2669 2416 2739 positae.
2453 2671 2744 2742 Simplices
2784 2678 2918 2727 sunt
2963 2674 3331 2739 diatessaron,
3364 2677 3649 2748 diapente,
3685 2679 3806 2734 dia-

2203 2773 2411 2826 pason;
2453 2761 2774 2831 compositae
2817 2762 3087 2833 diapason
3120 2780 3248 2818 cum
3275 2765 3647 2835 diatessaron,
3681 2768 3804 2823 dia-

2202 2863 2378 2917 pason
2403 2864 2528 2903 cum
2561 2849 2843 2922 diapente,
2877 2851 2962 2906 bis
2990 2852 3281 2923 diapason.

2900 2940 3105 2996 XXIII.

2625 3028 2771 3081 Unde
2782 3034 3023 3082 constent
3044 3031 3364 3085 intervalla.

526 3117 764 3189 quisque
793 3120 983 3170 autem
1012 3119 1210 3184 tropus
1240 3111 1299 3165 in
1329 3108 1557 3181 propria
1585 3107 1737 3161 ﬁnali
1753 3107 1961 3161 chorda
1976 3123 2117 3161 una-
2141 3110 2185 3171 Ο
2271 3112 2631 3169 Diatessaron
2654 3121 2874 3170 constat
2894 3133 2959 3170 ex
2987 3117 3206 3172 duobus
3232 3122 3383 3173 tonis
3403 3122 3798 3189 etsemitonio,

521 3221 652 3259 cum
681 3205 849 3276 plaga
874 3220 978 3258 sua
1008 3201 1220 3265 ﬁnitur,
1253 3203 1447 3269 utpote
1472 3201 1667 3268 protus
1684 3196 1740 3250 in
1757 3194 1829 3249 D.
1851 3196 2116 3250 deuterus

518 3293 580 3347 in
610 3293 671 3348 E.
704 3293 874 3347 tritus
902 3291 961 3346 in
986 3291 1049 3345 F.
1072 3287 1358 3344 tetrardus
1389 3286 1447 3340 in
1476 3285 1543 3340 G.
1568 3285 1717 3339 unde
1765 3290 1821 3339 et
1860 3283 2010 3337 istud
2039 3290 2117 3338 te-

519 3381 883 3437 trachordum
914 3379 1169 3433 ﬁnalium
1199 3376 1424 3434 dicitur.
1479 3373 1817 3430 Diﬁ'erentiae
1845 3373 1906 3427 in
1937 3372 2115 3443 tr0pis

518 3469 782 3524 bifariam
810 3469 975 3533 ﬁunt,
1003 3465 1187 3537 primo
1208 3463 1337 3536 quia
1358 3463 1416 3517 in
1435 3462 1680 3518 naturali
1697 3460 2020 3516 diversitate
2044 3460 2114 3514 ab

521 3557 760 3612 invicem
781 3555 1048 3609 diﬁ‘erunt
1079 3554 1139 3607 in
1165 3557 1466 3616 structura,
1514 3551 1574 3605 in
1605 3548 2005 3615 consonantiis,
2054 3548 2114 3603 in

522 3644 832 3716 speciebus,
864 3643 923 3698 in
954 3641 1355 3715 principalibus
1385 3638 1626 3720 chordis,
1657 3639 1714 3692 in
1746 3637 2110 3692 distinctioni-

517 3733 644 3799 bus,
676 3733 735 3788 in
762 3731 944 3787 modis
968 3748 1188 3796 vocum,
1227 3731 1287 3784 in
1335 3728 1510 3783 initiis
1541 3734 1599 3782 et
1635 3726 1839 3781 ﬁnibus
1884 3727 2021 3783 suis.
2058 3731 2115 3781 et

517 3822 651 3895 quia
677 3823 821 3877 alter
846 3820 1010 3875 alteri
1039 3821 1222 3874 locum
1261 3819 1321 3871 in
1359 3834 1462 3872 sua
1507 3816 1639 3871 sede
1670 3833 1781 3871 non
1802 3815 2024 3881 tribuit,
2057 3820 2115 3869 et

516 3913 661 3967 alter
675 3911 909 3966 alterius
927 3925 1191 3964 neumam
1211 3911 1313 3961 aut
1333 3905 1694 3960 transformat
1711 3911 1811 3959 aut
1825 3921 2114 3976 nunquam

514 4000 734 4072 recipit,
770 3998 996 4069 aliaque
1024 3996 1291 4069 perplura
1316 3993 1660 4065 hujusmodi.
1691 3992 1948 4048 Secundo
1979 3990 2113 4061 quia

515 4095 716 4144 cantus
757 4086 1110 4157 singulorum
1158 4089 1451 4155 troporum
1505 4098 1619 4137 non
1669 4097 1845 4135 unum
1891 4096 2114 4151 semper

514 4178 780 4248 idemque
808 4175 981 4229 habet
1005 4173 1228 4227 initium
1258 4191 1271 4240 ;
1305 4172 1403 4226 sed
1433 4172 1528 4243 qui
1557 4172 1617 4225 in
1639 4170 1795 4224 ﬁnali
1816 4168 2116 4239 cujuslibet

517 4267 746 4321 illorum
767 4263 975 4318 chorda
988 4262 1407 4333 incipit,primae
1429 4258 1758 4315 ditl'erentiae
1774 4259 1956 4312 locum
1975 4257 2115 4311 obti-

516 4361 640 4423 net;
674 4353 770 4425 qui
791 4369 922 4407 vero
941 4351 1089 4406 infra
1107 4352 1332 4406 ﬁnalem
1358 4349 1417 4403 in
1448 4349 1628 4403 vicino
1651 4348 1737 4402 vel
1766 4347 1935 4401 tertio
1976 4363 2113 4401 sono

2198 3201 2460 3273 diapente
2485 3220 2551 3257 ex
2578 3204 2760 3260 tribus
2781 3205 2931 3260 tonis
2979 3212 3036 3260 et
3079 3208 3396 3279 semitonio;
3428 3209 3702 3283 diapason
3731 3230 3803 3268 ex

2199 3290 2446 3362 quinque
2473 3292 2624 3347 tonis
2654 3299 2711 3348 et
2741 3293 2959 3349 duobus
2987 3295 3318 3352 semitoniis.

2891 3384 3089 3438 XXIV.

2322 3471 2459 3537 Quot
2486 3474 2602 3526 sint
2629 3477 2823 3541 species
2851 3476 3170 3530 earumdem
3190 3480 3667 3534 consonatiarum.

2265 3559 2628 3616 Diatessaron
2654 3567 2771 3616 tres
2803 3563 3017 3633 species
3036 3564 3224 3631 habet,
3243 3566 3503 3638 diapente
3524 3574 3794 3639 quatuor,

2195 3648 2466 3719 diapason
2488 3656 2728 3721 septem.
2762 3651 2955 3705 Prima
2990 3652 3202 3723 species
3232 3655 3583 3711 diatessaron
3620 3658 3800 3714 habet

2195 3736 2557 3790 semitonium
2577 3736 2634 3791 in
2668 3737 2871 3804 medio,
2903 3744 2969 3792 ut
2995 3740 3065 3793 ab
3095 3740 3160 3793 A.
3208 3739 3266 3794 in
3300 3742 3364 3796 D.
3427 3744 3686 3798 Secunda
3732 3746 3797 3800 in

2194 3824 2398 3894 primo,
2444 3830 2506 3879 ut
2540 3843 2573 3878 a
2607 3827 2666 3880 Β.
2699 3826 2755 3880 in
2785 3827 2844 3880 E.
2868 3827 3057 3882 Tertia
3092 3827 3151 3882 in
3171 3829 3373 3885 ultimo
3397 3831 3537 3898 loco,
3568 3838 3634 3887 ut
3662 3851 3697 3887 a
3725 3835 3793 3889 Ο.

2194 3913 2255 3966 in
2277 3913 2339 3971 F.
2358 3914 2548 3968 Prima
2558 3914 2769 3985 species
2789 3915 3051 3987 diapente
3087 3916 3259 3972 habet
3277 3919 3636 3974 semitonium
3665 3929 3800 3993 post

2195 4005 2414 4070 tonum,
2454 4008 2651 4073 postea
2671 4004 2946 4071 ditonum,
2981 4010 3046 4059 ut
3074 4022 3108 4059 a
3135 4005 3203 4059 D.
3237 4024 3297 4061 1n
3338 4024 3392 4063 a.
3445 4009 3707 4066 Secunda
3732 4012 3794 4067 in

2196 4089 2378 4160 primo
2419 4091 2801 4159 semitonium,
2832 4098 3030 4164 postea
3048 4094 3345 4163 tritonum,
3381 4101 3445 4150 ut
3465 4097 3534 4151 ab
3562 4099 3625 4152 E.
3664 4099 3727 4154 in
3766 4101 3794 4172 η

2195 4179 2383 4233 Tertia
2404 4179 2463 4234 in
2486 4181 2686 4235 ultimo
2711 4190 2839 4253 post
2867 4182 3161 4251 tritonum,
3181 4190 3247 4239 ut
3262 4184 3332 4239 ab
3353 4186 3416 4241 F.
3438 4186 3557 4241 inc.
3576 4188 3795 4253 Quarta

2197 4273 2325 4338 post
2353 4268 2610 4324 ditonum
2632 4271 3010 4339 semitonium,
3046 4271 3248 4327 dehinc
3277 4277 3480 4343 totum,
3521 4281 3588 4330 ut
3617 4277 3691 4332 ab
3720 4280 3787 4333 G.

2197 4354 2257 4409 in
2295 4356 2349 4411 d.

517 4443 756 4507 orditur,
782 4441 1037 4496 secundae
1065 4440 1341 4495 veltertiae
1361 4436 1690 4493 differentiae
1708 4453 1911 4490 nomen
1924 4425 2182 4492 habet.D
2273 4446 2422 4501 ordo
2452 4445 2764 4518 specierum
2794 4448 3064 4521 diapason
3104 4452 3413 4508 secundum
3449 4454 3795 4526 positionem

518 4534 703 4603 Supra
729 4532 955 4586 ﬁnalem
981 4535 1171 4585 autem
1227 4531 1286 4583 in
1322 4527 1491 4582 tertia
1535 4532 1737 4597 quarta
1777 4526 1863 4580 vel
1913 4524 2110 4596 quinta

516 4638 668 4689 voce,
694 4626 907 4693 quarta
936 4619 1145 4691 quintae
1175 4623 1232 4672 et
1260 4621 1428 4672 sexta:
1484 4614 1807 4669 differentiae
1860 4614 2100 4685 patebit,

1240 4706 1387 4760 XXI.

886 4801 1038 4868 Quod
1064 4800 1178 4852 sint
1207 4796 1506 4850 intervalla
1544 4810 1752 4848 vocum.

586 4890 887 4947 Intervalla
908 4904 1126 4953 vocum,
1153 4883 1355 4956 quibus
1386 4882 1567 4938 omnis
1593 4888 1790 4937 cantus
1811 4881 2105 4953 digeritur,

514 4981 756 5035 domnus
786 4978 970 5034 Guido
984 4993 1080 5031 sex
1099 4979 1323 5029 tantum
1349 4988 1470 5026 esse
1496 4976 1738 5025 testatur
1768 4991 1783 5025 :
1807 4970 1863 5025 id
1892 4976 1997 5037 est,
2029 4988 2112 5025 se-

514 5065 840 5135 mitonium,
859 5073 1079 5132 tonum,
1104 5063 1380 5128 ditonum,
1400 5060 1766 5125 diatessaron,
1787 5059 2113 5131 diapente,a

511 5155 785 5227 principio
827 5152 1052 5225 quidem
1080 5149 1517 5213 unisonantiam,
1565 5163 1599 5201 a
1629 5148 1743 5201 ﬁne
1771 5153 1963 5200 autem
1994 5147 2111 5200 dia-

511 5250 683 5317 pente
713 5261 843 5300 cum
872 5239 1168 5298 semitonio
1199 5244 1256 5293 et
1283 5238 1543 5309 diapente
1591 5253 1717 5291 cum
1768 5243 1901 5290 tono
1926 5235 2106 5290 absci-

512 5334 668 5401 dens,
687 5334 1010 5403 dicensque,
1030 5346 1144 5384 non
1160 5328 1364 5382 debere
1388 5344 1482 5381 eas
1497 5342 1625 5380 cum
1640 5325 1855 5379 caeteris
1874 5330 2109 5379 annota-

513 5423 585 5489 ri,
617 5422 778 5493 quasi
805 5439 929 5492 quae
953 5434 1264 5489 numquam
1295 5415 1353 5469 in
1400 5414 1647 5486 regulari
1684 5419 1853 5467 cantu
1888 5414 2110 5468 valeant

515 5510 834 5580 approbari.
865 5509 980 5564 Nos
1004 5522 1135 5561 vero
1185 5521 1300 5559 non
1345 5504 1527 5558 solum
1557 5503 1674 5556 haec
1702 5517 1898 5555 novem
1940 5500 2111 5555 inter-

516 5596 684 5665 valla,
711 5597 811 5651 sed
836 5602 893 5651 et
910 5596 1172 5666 diapente
1191 5609 1322 5647 cum
1351 5590 1670 5657 semitonio,
1686 5589 1745 5644 id
1766 5595 1852 5644 est
1878 5587 1963 5643 bis
1987 5589 2110 5645 dia-

2193 4535 2509 4590 litterarum
2532 4536 2592 4591 in
2612 4538 2989 4594 monochordo
3019 4539 3244 4596 habitus
3274 4547 3377 4609 est,
3398 4543 3456 4597 id
3476 4549 3581 4609 est,
3604 4545 3795 4616 prima

2194 4624 2406 4697 species
2435 4625 2505 4679 ab
2532 4628 2581 4679 A
2610 4626 2669 4680 in
2690 4644 2743 4681 a.
2767 4628 3013 4683 secunda
3031 4646 3066 4684 a
3085 4630 3128 4683 B
3147 4630 3208 4684 in
3226 4630 3281 4685 b.
3304 4631 3474 4686 tertia
3501 4649 3537 4687 a
3560 4634 3625 4688 C.
3646 4633 3710 4689 in
3739 4652 3788 4689 c.

2196 4721 2253 4770 et
2276 4714 2355 4769 sic
2372 4720 2604 4769 caeteras.

2265 4803 2532 4875 Exempla
2572 4803 2994 4860 intervallorum
3043 4808 3130 4862 vel
3177 4811 3676 4868 consonantiarum
3731 4815 3792 4870 in

2192 4891 2442 4946 versibus
2473 4891 2839 4947 illustrissimi
2869 4893 2975 4948 viri
3004 4892 3317 4952 Hermanni
3337 4899 3644 4969 patebunt:

2402 4980 2491 5028 Ter
2512 4980 2603 5028 tria
2620 4980 2892 5045 junctorum
2920 4988 3032 5031 sunt
3060 4983 3307 5035 intervalla
3333 5001 3579 5038 sonorum.

2193 5060 2255 5116 Id
2281 5065 2381 5124 est,
2420 5062 2643 5133 qualem
2672 5079 2937 5117 neumam
2967 5069 3132 5119 sonat
3181 5067 3563 5138 semitonium,
3596 5075 3785 5141 tonus,

2192 5149 2576 5209 semiditonus.
2597 5150 2841 5218 ditonus,
2865 5153 3234 5220 diatessaron,
3261 5156 3543 5229 diapente.
3560 5159 3791 5235 diapen-

2190 5243 2247 5291 te
2275 5254 2402 5292 cum
2431 5238 2752 5310 semitonio,
2774 5240 3035 5311 diapente
3060 5260 3186 5298 cum
3210 5249 3373 5303 tono.

2344 5417 2548 5484 Quibus
2564 5420 3017 5487 proportionibus
3045 5427 3286 5479 constent
3309 5427 3628 5484 intervalla.

2262 5504 2623 5559 Diatessaron
2651 5513 2872 5561 constat
2919 5527 2984 5563 ex
3031 5512 3395 5583 sesquitertia
3421 5517 3784 5588 proportione

2193 5593 2457 5666 diapente
2487 5611 2554 5651 ex
2575 5597 2961 5668 sesquialtera,
2984 5600 3255 5674 diapason
3284 5621 3352 5660 ex
3375 5604 3567 5679 dupla.
3615 5613 3784 5667 tonus
