3934 6362
142 344 274 405 1169
1612 365 1694 419 ΜῙ

1788 365 1898 420 CA.
3256 366 3395 422 1170

142 472 527 544 sesquioctava,
556 478 836 534 semitonii
881 487 1069 573 partes
1117 490 1392 557 apotoma
1429 488 1714 543 dicuntur.
1735 489 1868 550 Aab
1900 490 1962 545 Γ.
1999 491 2058 545 in
2097 491 2170 548 E.
2209 491 2340 563 quia
2379 493 2625 563 regulari
2672 497 2807 547 tono
2851 491 3086 558 orditur,
3117 494 3177 544 et
3207 491 3395 546 minus

825 588 1021 644 XXVI,
1801 579 2044 650 perfecte
2084 581 2141 634 in
2183 582 2479 636 semitonio
2508 582 2863 644 terminatur,
2894 581 3103 635 nullam
3135 579 3279 651 tropi
3314 597 3399 635 se-

200 674 264 727 In
290 677 419 741 quot
446 674 676 728 chordas
705 679 961 753 ascendat
989 682 1069 733 vel
1099 681 1384 736 descendat
1424 687 1650 753 quisque

1802 669 1928 722 dem
1962 685 2028 722 ex
2052 669 2148 723 illa
2188 671 2524 741 percipiunt,
2566 671 2805 741 ideoque
2842 669 3093 739 legitima
3137 685 3249 722 non
3291 675 3394 723 est.

777 752 1080 816 troporum.
1438 752 1445 753 ί
1562 752 1571 753 ⁷⁷
1804 757 2059 811 Secunda
2079 764 2176 812 eta
2191 760 2443 829 gegulari
2466 765 2601 813 tono
2621 758 2818 830 incipit
2832 765 2885 812 et
2905 758 2962 811 in
2982 757 3227 828 regulari
3243 762 3398 823 tono,

199 830 439 895 Quilibet
466 834 786 890 autenticus
798 841 1041 908 tropusa
1059 841 1212 894 ﬁnali
1240 859 1340 897 suo
1364 844 1424 898 in
1445 844 1717 899 decimam
1802 846 1858 899 id
1888 852 1973 900 est
2000 863 2153 901 mese
2180 848 2392 913 finitur,
2426 848 2665 918 ideoque
2696 846 3044 901 nobilissima
3069 854 3126 900 et
3153 846 3401 917 perfecta

134 920 383 974 chordam
404 920 661 992 licenter,
678 929 859 979 etnon
879 927 1134 996 ulterius,
1159 936 1361 1001 praeter
1380 934 1713 1003 tetrardum,
1802 940 1906 998 est,
1945 941 2003 989 et
2035 935 2092 989 in
2129 936 2290 991 initio
2327 938 2449 1006 ejus
2480 941 2537 991 et
2569 937 2683 990 ﬁne
2717 935 2867 1007 tropi
2896 935 3058 1006 quasi
3080 935 3139 989 in
3163 935 3398 1006 quibus-

135 1008 219 1079 qui
241 1009 464 1064 nonnisi
505 1011 565 1065 in
599 1028 811 1067 nonum
843 1016 1220 1087 phthongum,
1253 1023 1538 1089 ascendit;
1569 1023 1718 1078 infra
1799 1025 1928 1078 dam
1968 1023 2194 1078 sedibus
2246 1025 2625 1096 requiescunt.
2674 1025 2865 1079 Tertia
2902 1041 2936 1077 a
2976 1024 3223 1094 regulari
3260 1037 3396 1079 tono

133 1098 341 1153 ﬁnalem
369 1114 505 1153 vero
550 1107 814 1157 autentus
855 1106 1093 1177 quisque
1123 1108 1182 1162 in
1211 1109 1452 1164 vicinum
1483 1112 1571 1165 vel
1598 1117 1717 1167 ter-
1799 1113 2046 1183 quidem,
2068 1113 2124 1167 id
2164 1119 2249 1167 est
2270 1113 2329 1167 in
2358 1114 2426 1168 G.
2459 1114 2675 1184 incipit,
2706 1113 2805 1167 sed
2834 1113 3023 1167 minus
3049 1112 3305 1183 perfecta
3333 1112 3394 1167 in

132 1184 277 1251 tium,
300 1203 613 1259 numquam
632 1190 692 1244 in
712 1198 995 1261 quartum,
1020 1196 1326 1265 descendit,
1351 1200 1458 1254 nisi
1475 1200 1713 1255 sitcom-
1794 1202 2111 1268 semitonio,
2140 1202 2197 1255 id
2224 1208 2309 1256 est
2335 1202 2393 1256 in
2422 1219 2472 1257 e.
2507 1202 2733 1267 desinit,
2763 1202 3003 1273 ideoque
3029 1200 3285 1271 legitima
3308 1207 3395 1256 est

133 1276 303 1329 munis
321 1283 541 1344 cantus,
568 1279 664 1350 qui
684 1288 771 1335 est
798 1286 993 1354 tropus
1016 1285 1356 1341 inditl'erens.
1382 1290 1567 1360 Plaga:
1582 1307 1713 1344 vero
1794 1290 1853 1343 in
1884 1290 2044 1345 initio
2072 1308 2191 1357 suo,
2225 1291 2353 1345 ﬁnis
2379 1308 2509 1345 vero
2537 1308 2651 1345 non
2673 1290 2958 1362 recipitur.
2994 1291 3209 1355 Quarta
3235 1308 3271 1345 a
3296 1307 3390 1345 re-

135 1378 165 1415 a
191 1365 339 1418 ﬁnali
363 1367 518 1422 ultra
545 1369 804 1441 diapente
831 1372 891 1426 in
911 1380 1295 1442 sextam,er
1322 1395 1451 1432 vero
1466 1379 1524 1433 in
1544 1381 1714 1451 septi—
1791 1380 1981 1448 gulari
2009 1385 2165 1444 tono,
2198 1380 2253 1433 id
2280 1385 2366 1433 est
2384 1380 2443 1434 in
2472 1397 2520 1434 c.
2550 1380 2823 1451 incipiens
2845 1379 2971 1434 ideo
2991 1396 3103 1434 non
3140 1379 3389 1450 perfecta

130 1468 265 1507 mam
291 1471 483 1510 vocem
502 1459 813 1529 scandunt;
845 1461 993 1519 intra
1019 1464 1248 1520 ﬁnalem
1276 1472 1467 1521 autem
1496 1469 1568 1522 ad
1596 1469 1713 1524 dia—
1796 1472 1900 1532 est,
1935 1468 2067 1539 quia
2096 1469 2436 1523 terminatur
2459 1468 2516 1523 in
2547 1469 2591 1541 ξ,
2614 1470 2713 1523 sed
2744 1470 2878 1541 quia
2905 1484 3308 1541 synemmenon
3328 1468 3389 1524 in

129 1546 365 1598 tessaron
393 1562 544 1618 saepe
572 1552 771 1605 tonum
802 1559 1113 1608 assumunt.
1794 1556 2172 1611 monochordo
2201 1557 2362 1611 sedes
2386 1563 2676 1629 troporum
2694 1574 2815 1612 esse
2826 1573 2935 1611 non
2951 1556 3177 1628 poterit,
3193 1557 3392 1628 quinta

793 1642 1017 1697 XXVII.
1792 1645 1852 1699 in
1881 1645 2066 1699 medio
2090 1646 2272 1717 posita
2305 1653 2535 1717 propter
2573 1647 2760 1701 minus
2788 1646 3048 1717 regulare
3076 1662 3391 1717 synemme—

392 1727 565 1796 Cujus
597 1732 743 1798 tropi
769 1734 883 1785 sint
912 1734 1159 1800 qualibet
1188 1736 1419 1790 chorda.

1788 1751 1900 1789 non
1931 1735 2155 1806 penitus
2203 1751 2317 1790 non
2361 1735 2649 1806 recipitur.
2674 1736 2843 1790 Vides
2884 1734 3076 1805 igitur,
3107 1734 3390 1805 legitimas

186 1814 541 1885 Singulorum
590 1820 1076 1875 tetrachordorum
1126 1823 1322 1891 prima
1369 1824 1706 1896 principales
1722 1844 1769 1903 Β
1788 1829 2079 1896 troporum
2109 1824 2269 1878 sedes
2298 1824 2357 1878 in
2385 1824 2496 1878 illis
2525 1825 2660 1879 locis
2690 1840 2834 1889 esse,
2865 1825 2924 1878 in
2951 1823 3158 1895 quibus
3177 1823 3390 1879 dictum

126 1900 327 1958 chorda
345 1910 477 1960 sunt
508 1908 655 1977 proti
676 1912 733 1962 et
750 1910 870 1978 ejus
897 1911 1093 1981 plaga,
1126 1912 1340 1966 scilicet
1363 1917 1428 1967 A.
1461 1914 1525 1968 D.
1559 1931 1610 1967 a.
1643 1915 1698 1969 d.
1722 1900 1759 1903 —
1785 1918 1888 1967 est.

128 1989 324 2046 deuteri
354 1995 614 2050 secunda
658 1997 719 2058 Β.
777 1998 833 2052 Ε.
868 1999 893 2071 η
926 2016 976 2053 e.
1017 1999 1137 2054 triti
1178 2003 1358 2055 tertia
1389 2003 1451 2057 C.
1486 2001 1548 2056 F.
1582 2020 1626 2057 c.
1658 2005 1697 2057 f.

124 2081 339 2134 tetrardi
360 2089 599 2152 quarta,
628 2085 695 2140 D.
729 2087 795 2141 G.
827 2087 883 2140 d.
924 2104 978 2157 g.
1016 2088 1249 2159 quilibet
1277 2090 1452 2160 igitur
1476 2091 1703 2146 illorum

124 2182 276 2222 unam
302 2171 472 2226 habet
509 2173 571 2227 in
608 2175 891 2244 gravibus,
920 2193 1091 2231 unam
1116 2177 1173 2232 in
1204 2179 1497 2247 ﬁnalibus;
1530 2196 1703 2234 unam

124 2255 173 2310 in
196 2260 591 2330 superioribus,
628 2280 794 2319 unam
823 2265 882 2319 in
916 2267 1330 2327 excellentibus.

183 2347 362 2404 Primo
408 2351 545 2422 quia
600 2357 892 2424 troporum
949 2357 1338 2429 unusquisque
1393 2358 1702 2412 secundum

125 2440 318 2492 natura
360 2455 477 2495 sua
525 2442 927 2513 proprietatem
957 2443 1015 2498 in
1045 2446 1445 2517 principalibus
1482 2447 1704 2502 chordis

124 2525 225 2579 suis
250 2528 540 2599 aequaliter
564 2530 877 2586 intenditur
907 2538 964 2587 et
992 2534 1316 2602 remittitur,
1341 2540 1404 2589 ut
1430 2536 1488 2589 in
1518 2543 1704 2606 proto,

126 2628 300 2670 omnes
324 2617 542 2688 prima,
580 2619 637 2673 id
666 2625 754 2675 est
780 2622 846 2675 A.
876 2623 943 2677 D.
975 2639 1026 2676 a.
1059 2623 1114 2677 d.
1148 2629 1281 2677 tono
1311 2625 1698 2691 remittuntur,

125 2708 173 2756 et
213 2705 389 2775 prima
444 2708 631 2779 specie
685 2709 949 2781 diapente
986 2712 1373 2767 intenduntur.
1429 2714 1704 2769 Similiter

124 2792 365 2849 deuterus
392 2796 454 2850 in
483 2796 746 2853 omnibus
787 2800 1189 2872 principalibus
1240 2802 1357 2856 suis
1403 2803 1608 2869 nervis,
1640 2803 1698 2858 id

124 2886 195 2934 est
217 2882 271 2937 in
298 2885 559 2940 secundis
589 2886 799 2942 scilicet
827 2889 891 2943 B.
924 2890 986 2944 E.
1021 2889 1117 2962 ne.
1152 2890 1344 2945 ditono
1375 2891 1694 2962 deponitur,

2486 2002 2685 2057 XXIX.

1785 2111 1853 2165 In
1873 2110 2071 2177 quibus
2094 2109 2455 2162 tetrachordis
2471 2112 2908 2177 uniuscujusque
2929 2111 3078 2176 tropi
3090 2109 3389 2177 principa-

2285 2182 2356 2232 les
2385 2180 2597 2233 chorda
2622 2185 2885 2234 constent.

1859 2268 2048 2322 Prima
2077 2267 2401 2340 principalis
2443 2268 2655 2322 chorda
2704 2274 2790 2323 est
2835 2268 2897 2323 in
2943 2266 3196 2339 quolibet
3222 2271 3386 2339 tropo

1786 2357 2063 2423 ﬁnalium,
2099 2357 2346 2411 secunda
2372 2357 2748 2428 superiorum,
2779 2357 2947 2412 tertia
2974 2357 3384 2423 excellentium,

1788 2452 1991 2517 quarta
2036 2447 2313 2516 gravium,
2361 2450 2566 2517 utputa
2610 2446 2758 2517 preti
2803 2447 2870 2501 D.
2918 2447 2973 2504 d.
3007 2451 3063 2500 et
3091 2451 3391 2518 propterea

1785 2535 2118 2605 gravissima
2169 2542 2254 2590 est
2300 2535 2520 2602 ultima,
2565 2535 2698 2606 quia
2742 2535 3060 2590 autenticus
3101 2535 3261 2606 prius
3288 2552 3391 2607 per

1786 2626 1886 2678 has
1911 2625 2149 2678 chordas
2178 2624 2348 2678 debet
2374 2625 2645 2689 construi,
2677 2640 2846 2695 quam
2876 2625 3044 2696 plaga
3073 2625 3229 2694 ejus;
3266 2641 3389 2695 quae

1785 2714 1930 2767 sicut
1970 2712 2288 2767 autenticus
2330 2729 2576 2778 sursum,
2628 2712 2707 2766 sic
2763 2713 2888 2784 ipsa
2929 2712 3097 2766 debet
3137 2714 3388 2767 construi

1782 2802 2064 2856 deorsum.
2102 2802 2438 2872 Separemus
2478 2801 2826 2855 autenticum
2876 2807 3105 2873 protum
3150 2818 3184 2854 a
3220 2802 3390 2872 plaga

1780 2907 1885 2944 sua
1916 2909 1926 2942 :
1956 2890 2049 2944 hic
2083 2890 2286 2961 incipit
2319 2890 2376 2943 in
2414 2890 2481 2944 D.
2514 2895 2571 2943 et
2594 2889 2792 2944 ﬁnitur
2825 2890 2883 2944 in
2914 2890 2968 2944 d.
3003 2894 3061 2944 et
3087 2888 3259 2944 habet
3287 2890 3390 2945 has

123 2975 170 3023 et
192 2974 424 3028 secunda
452 2975 804 3031 diatessaron
835 2979 1020 3049 specie
1062 2979 1389 3034 intenditur.
1424 2981 1614 3035 Tritus
1637 2981 1696 3036 in
1778 2979 2114 3051 principales
2141 2985 2257 3032 tres
2285 2979 2521 3032 chordas
2552 2979 2683 3031 D.a.
2793 2995 3017 3034 sursum
3044 2978 3386 3050 :subjugalis

122 3061 356 3116 omnibus
396 3063 606 3128 tertiis,
632 3065 689 3118 id
720 3071 805 3119 est
830 3066 889 3120 in
920 3067 981 3120 C.
1007 3067 1066 3121 F.
1088 3085 1131 3122 c.
1158 3068 1198 3122 f.
1222 3067 1415 3122 ditono
1446 3069 1695 3124 intendi-
1776 3085 1907 3122 vero
1933 3068 2203 3138 incipiens
2245 3067 2304 3121 in
2334 3068 2400 3121 A.
2431 3073 2488 3121 et
2520 3066 2720 3121 ﬁniens
2758 3068 2817 3121 in
2864 3084 2913 3122 a.
2962 3067 3134 3122 habet
3168 3073 3225 3121 et
3261 3068 3386 3139 ipsa

121 3153 217 3215 tur,
245 3156 299 3204 et
324 3153 494 3207 tertia
523 3154 705 3224 specie
729 3155 1080 3210 diatessaron
1111 3157 1432 3227 deponitur.
1467 3159 1755 3223 Tetrar-C
1780 3158 1881 3212 has
1902 3163 2018 3211 tres
2049 3173 2100 3210 a.
2136 3158 2198 3211 B.
2226 3158 2292 3210 A.
2329 3156 2615 3223 deorsum,
2659 3173 2786 3227 qua
2833 3156 3002 3211 simul
3047 3158 3259 3227 juncta
3286 3173 3382 3211 sex

120 3236 208 3291 dus
228 3239 283 3294 in
307 3242 569 3297 omnibus
598 3244 831 3314 quartis,
860 3244 916 3299 id
956 3251 1043 3299 est
1086 3246 1142 3299 in
1168 3247 1234 3300 D.
1278 3247 1346 3301 G.
1382 3248 1436 3302 d.
1468 3265 1524 3318 g.
1560 3254 1693 3303 tono
1776 3246 1942 3300 ﬁunt.
1976 3245 2249 3300 Similiter
2285 3246 2354 3299 de
2383 3244 2597 3300 cateris
2626 3245 2818 3300 facias.

119 3323 420 3398 intenditur,
467 3337 527 3386 et
570 3338 771 3402 quarta
825 3334 1088 3405 diapente
1134 3336 1317 3406 specie
1371 3337 1690 3408 deponitur.
2491 3353 2665 3407 XXX.

120 3414 349 3473 Secundo
364 3421 515 3493 quod
536 3421 594 3475 in
618 3422 967 3492 singulorum
982 3429 1271 3495 troporum
1293 3426 1477 3497 prima
1493 3427 1694 3497 princi-

1784 3442 1913 3509 Quot
1940 3442 2153 3496 chorda
2179 3458 2493 3495 communes
2529 3445 2643 3495 sint
2680 3444 2977 3517 autenticis
3007 3447 3058 3496 et
3082 3442 3288 3511 plagis,
3330 3448 3379 3497 et

118 3505 215 3573 pali
234 3510 592 3577 gravissimus
611 3511 929 3579 descensus,
949 3512 1007 3567 in
1028 3515 1273 3568 secunda
1295 3515 1547 3570 melodia
1576 3518 1692 3569 exi-

1791 3505 1807 3509 ⁷
2370 3529 2487 3581 qua
2517 3516 2775 3581 propria.

119 3598 213 3659 tus,
240 3596 296 3651 in
324 3600 497 3654 tertia
525 3600 861 3672 principium
907 3602 1369 3662 differentiarum.
1402 3605 1461 3658 in
1489 3611 1692 3675 quarta
1843 3602 2125 3657 Autentici
2170 3602 2310 3656 duas
2361 3617 2689 3655 communes
2727 3617 2854 3655 cum
2903 3600 3291 3672 subjugalibus
3318 3603 3378 3658 in

118 3697 346 3742 summus
375 3705 661 3743 ascensus.
694 3690 884 3745 Tertio
915 3692 1060 3762 quod
1110 3692 1168 3746 in
1217 3692 1425 3746 eisdem
1465 3694 1688 3747 chordis
1772 3692 2051 3758 ﬁnalibus,
2107 3697 2179 3745 et'
2219 3691 2277 3745 in
2333 3689 2716 3762 superioribus
2765 3689 3102 3760 principales
3140 3691 3376 3746 chordas

118 3775 382 3843 troporum
438 3794 659 3833 neuma
710 3779 1136 3850 distinguuntur
1179 3787 1237 3835 et
1280 3782 1685 3852 producuntur.
1771 3780 1999 3843 habent,
2025 3786 2082 3834 et
2108 3780 2395 3851 propriam
2423 3796 2594 3834 unam
2631 3780 2690 3832 in
2720 3777 3118 3832 excellentibus
3151 3797 3163 3831 :
3193 3780 3375 3849 plaga

118 3858 304 3922 Quarto
324 3868 471 3936 quod
489 3868 746 3922 secunda
778 3879 834 3923 et
871 3876 1083 3940 quartae
1102 3869 1442 3942 principales
1471 3872 1690 3926 chorda
1776 3886 1903 3922 vero
1934 3886 2108 3922 unam
2141 3870 2351 3923 habent
2376 3868 2659 3940 propriam
2708 3867 2767 3921 in
2811 3865 3093 3937 gravibus,
3136 3872 3192 3921 et
3232 3868 3373 3922 duas

118 3953 431 4012 concludunt
458 3959 791 4027 autenticus,
810 3958 1004 4032 prima
1033 3975 1164 4013 vero
1195 3965 1253 4013 et
1276 3960 1455 4016 tertia
1483 3961 1688 4031 subju—
1769 3958 1967 4012 itidem
1988 3975 2314 4013 communes
2344 3975 2469 4012 cum
2510 3957 2808 4012 autenticis
2852 3958 2988 4024 suis,
3019 3959 3078 4012 in
3106 3957 3373 4012 ﬁnalibus

119 4039 271 4107 sales.
1769 4047 2027 4101 videlicet
2054 4053 2111 4101 et
2143 4047 2201 4100 in
2231 4046 2634 4118 superioribus,
2668 4046 2813 4100 sicut
2842 4052 3034 4118 protus
3072 4063 3107 4100 a
3134 4046 3201 4100 D.
3232 4046 3292 4100 in
3313 4047 3369 4101 d.

761 4137 1012 4193 XXVIII.
1770 4137 2148 4190 conscendens
2178 4137 2421 4207 primam
2467 4148 2524 4190 et
2554 4136 2795 4189 mediam
2841 4135 3012 4190 habet
3044 4152 3370 4190 communes

554 4227 626 4280 De
656 4228 869 4280 sedibus
916 4231 1222 4295 troporum.
1768 4242 1896 4280 cum
1927 4226 2117 4297 plaga,
2147 4226 2373 4279 tertiam
2410 4224 2582 4279 habet
2602 4226 2906 4296 pr0priam.
2939 4226 3115 4296 Plaga
3141 4241 3271 4279 vero
3300 4223 3372 4279 ab

179 4308 334 4368 Sedes
377 4315 466 4370 vel
511 4322 673 4370 meta
707 4321 1000 4386 troporum
1029 4322 1172 4384 octo,
1203 4317 1467 4387 legitima
1493 4323 1682 4373 autem
1769 4316 1832 4367 Α.
1874 4314 1932 4367 in
1952 4331 2003 4367 a.
2027 4314 2264 4367 tendens
2306 4314 2547 4384 primam
2567 4315 2634 4367 A.
2660 4313 2831 4367 habet
2852 4313 3157 4384 propriam,
3176 4328 3371 4367 secun-

118 4402 314 4456 nonnisi
336 4404 394 4459 in
426 4411 670 4477 quatuor
698 4405 833 4460 locis
850 4422 971 4459 esse
986 4412 1311 4473 noscuntur,
1336 4407 1393 4460 id
1420 4414 1505 4461 est
1532 4408 1590 4461 in
1616 4409 1677 4462 C.
1699 4443 1747 4502 D
1767 4402 1896 4456 dam
1927 4403 2059 4457 D.et
2085 4403 2310 4457 tertiam
2334 4419 2386 4455 a.
2407 4418 2532 4456 cum
2564 4402 2849 4456 autentico
2879 4401 3370 4455 communesHinc

116 4483 165 4539 in
186 4489 245 4543 G.
274 4492 329 4547 in
356 4511 408 4550 a.
462 4496 520 4550 in
561 4513 609 4549 c.
640 4495 946 4549 Videamus
986 4496 1179 4565 igitur,
1224 4502 1360 4567 quot
1396 4503 1557 4551 meta
1595 4498 1681 4551 vel
1703 4483 1746 4502 υ
1766 4498 1869 4555 est,
1898 4492 2046 4563 quod
2076 4491 2336 4562 superius
2365 4491 2577 4544 dictum
2609 4496 2713 4555 est,
2757 4491 2891 4561 quia
2934 4507 3057 4561 qua
3087 4489 3367 4561 simplices

116 4572 379 4637 intervalla
406 4590 687 4639 metarum
716 4585 775 4638 in
803 4586 1179 4639 monochordo
1209 4586 1329 4639 ﬁeri
1360 4587 1592 4656 possint,
1626 4592 1683 4639 et
1763 4586 1914 4646 sunt,
1966 4580 2277 4651 simplicem
2320 4586 2546 4651 tropum
2586 4586 2644 4634 et
2672 4579 2901 4633 modum
2947 4596 3145 4634 vocum
3186 4580 3369 4651 perci-

117 4677 201 4717 cur
223 4668 276 4722 in
302 4672 544 4742 praefatis
574 4671 708 4726 locis
738 4672 916 4741 magis
963 4671 1223 4742 legitima
1250 4689 1372 4726 esse
1400 4673 1677 4740 dicantur,
1764 4670 1945 4742 piunt,
1991 4687 2114 4740 qua
2156 4671 2339 4740 dupla
2380 4669 2691 4739 duplicem;
2725 4669 2858 4739 quia
2884 4668 3009 4723 dua
3038 4669 3235 4724 media
3264 4687 3368 4725 au-

118 4766 262 4820 qnam
289 4758 344 4813 in
373 4761 517 4827 aliis,
539 4759 685 4814 sicut
701 4761 958 4831 superius
979 4760 1191 4815 dictum
1226 4769 1325 4815 est.
1364 4762 1684 4816 Secundum
1765 4759 2035 4813 tenticum
2058 4764 2115 4812 et
2141 4759 2364 4829 plagam
2392 4758 2766 4812 communiter
2793 4758 3151 4824 concludunt,
3183 4758 3367 4829 prima

119 4844 580 4904 melodiamodum
597 4850 685 4904 vel
702 4850 1115 4921 institutionem
1137 4856 1429 4922 troporum
1445 4858 1687 4922 quatuor
1767 4865 1896 4902 vero
1943 4851 2010 4902 A.
2061 4847 2372 4918 simplicem
2415 4848 2659 4917 plagam,
2707 4852 2909 4917 quarta
2950 4863 3003 4904 a.
3052 4847 3365 4920 simplicem

119 4934 441 4993 tetrachorda
479 4939 537 4993 in
583 4940 960 4994 monochordo
992 4941 1311 5007 ﬁrmantur,
1340 4940 1397 4994 id
1434 4946 1519 4994 est
1546 4957 1679 5011 gra-
1769 4938 2115 4993 autenticum
2140 4936 2498 4991 determinat.

117 5016 247 5078 vium
268 5026 329 5081 A.
359 5028 422 5082 Β.
456 5028 518 5084 C.
548 5029 613 5083 D.
639 5029 893 5082 ﬁnalium
921 5028 996 5086 D.
1037 5029 1098 5082 E.
1130 5029 1192 5082 F.
1227 5030 1294 5084 G.
1324 5028 1677 5100 superiorum
2457 5025 2655 5079 ΧΧΧῙ·

120 5119 161 5157 a-
185 5108 235 5163 Ι).
260 5130 304 5167 c.
332 5117 385 5171 d.
423 5117 810 5172 excellentium
842 5118 895 5170 d.
925 5134 975 5171 e.
1004 5118 1044 5174 f.
1074 5135 1128 5187 g.
1164 5119 1544 5189 cujuscunque
1575 5119 1678 5172 ho-
1834 5118 1960 5185 Qua
1978 5116 2189 5170 chorda:
2218 5118 2539 5175 autenticus,
2575 5129 2693 5182 qua:
2714 5114 2943 5181 plagam
2974 5116 3289 5169 includant.

119 5208 226 5252 mm
245 5206 720 5261 tetrachordon
748 5211 943 5260 tonum
975 5223 1039 5260 ex
1070 5212 1310 5278 utraque
1335 5212 1494 5278 parte
1517 5208 1681 5261 addi-
1835 5206 2092 5261 Secunda
2134 5204 2308 5275 igitur
2350 5209 2407 5258 et
2453 5208 2656 5273 quarta
2698 5200 3093 5272 principalium
3122 5203 3361 5258 chorda-

121 5282 262 5355 deris,
287 5295 464 5349 oritur
500 5294 601 5349 tibi
650 5295 841 5366 aliqua
882 5301 1033 5349 meta
1078 5301 1390 5367 troporum,
1425 5302 1618 5366 utpote
1649 5314 1685 5351 a

121 5379 351 5441 gravibus
396 5383 581 5455 prima
628 5390 780 5439 meta
827 5390 971 5439 esta
1000 5385 1061 5439 Γ.
1106 5384 1161 5438 ἱη
1207 5386 1285 5450 E;
1338 5403 1373 5439 a
1421 5385 1682 5440 ﬁnalibus

123 5470 334 5525 secunda
359 5489 394 5527 a
420 5474 481 5529 C.
515 5473 573 5527 in
602 5491 662 5528 a:
681 5490 715 5527 a
744 5473 1128 5545 superioribus
1158 5474 1325 5528 tertia
1352 5492 1387 5528 a
1414 5476 1480 5529 G.
1515 5475 1575 5528 in
1605 5493 1635 5529 e
1662 5494 1674 5529 :

122 5549 180 5603 ab
197 5559 572 5615 excellentibus
607 5567 809 5632 quarta
829 5578 862 5615 a
881 5578 928 5616 c.
952 5560 1011 5615 in
1040 5562 1082 5633 ξ.
1114 5566 1306 5634 quinta
1326 5581 1426 5635 per
1454 5581 1681 5635 synem-

123 5652 300 5705 menon
320 5649 469 5704 nasci
494 5651 703 5721 poterit
740 5650 811 5715 ab
842 5650 905 5705 F.
935 5650 995 5706 in
1023 5652 1079 5706 (1.
1111 5652 1303 5717 Prima
1328 5653 1505 5722 igitur
1532 5658 1683 5706 meta

1765 5312 1889 5350 rum
1916 5295 2257 5349 concludunt
2286 5292 2654 5358 autenticum,
2684 5290 2964 5360 tertiaque
3004 5291 3191 5344 media
3234 5298 3321 5345 est
3344 5312 3362 5363 ;

1764 5386 1965 5456 prima,
2017 5395 2074 5438 et
2119 5383 2285 5437 tertia
2327 5383 2573 5453 plagam,
2619 5384 2676 5433 et
2716 5379 2962 5433 secunda
3006 5378 3195 5433 media
3242 5386 3358 5450 est;

1767 5479 1960 5545 utpote
2008 5478 2234 5544 protum
2279 5473 2345 5526 D.
2390 5476 2448 5525 et
2483 5471 2537 5524 d.
2584 5468 2939 5533 concludunt,
2982 5469 3144 5538 cujus
3175 5469 3363 5524 media

1763 5563 2046 5617 distinctio
2084 5568 2169 5616 est
2218 5578 2270 5615 a.
2302 5561 2526 5632 plagam
2572 5560 2694 5629 ejus
2732 5560 2798 5611 Α.
2833 5563 2891 5612 et
2917 5574 2969 5612 a.
3000 5557 3359 5626 concludunt,

1763 5652 1952 5707 media
1978 5657 2063 5705 est
2079 5652 2147 5705 D.
