3914 6400
462 293 594 350 1175
1310 301 1366 353 S.
1409 300 1799 357 GUILLELMI
1838 302 2143 358 ABBATIS
2182 298 2520 356 HIRSAUG.
2566 295 2862 351 MUSICA.
3595 296 3732 354 1176

454 418 514 472 in
541 418 610 472 D.
671 434 867 474 omnes
913 421 1304 476 coadunantur
1357 426 1674 492 graves,'in
1705 427 1761 479 C.
1795 427 1903 480 TE.
1934 427 2045 481 DE.
2067 427 2243 487 Arire
2264 424 2494 497 poteris.
2526 421 2596 475 Et
2649 425 2715 473 ut
2758 436 2824 473 eo
2854 416 3034 487 magis
3058 419 3182 469 tota
3209 415 3550 472 dilucidetur
3580 423 3734 472 stru—

457 522 586 562 cum
612 507 887 578 principio
916 510 1082 580 proti,
1123 510 1181 563 in
1236 511 1294 563 B.
1350 512 1452 565 SE.
1509 513 1616 566 TE.
1666 515 1778 568 TR.
1813 515 1961 568 inter
1987 516 2050 568 B.
2139 521 2316 577 ctura,
2347 514 2456 566 illis
2487 515 2729 581 quatuor
2750 504 3153 579 principalibus
3177 506 3332 571 locis,
3366 507 3422 560 id
3455 507 3623 561 estin
3663 506 3730 561 D.

460 601 518 649 et
542 598 610 649 A.
644 595 879 650 inferius
909 614 1335 668 synemmenon,
1367 617 1494 654 cum
1527 602 1688 656 initio
1717 603 1932 657 deuteri
1957 618 1967 650 :
1995 604 2054 658 in
2139 605 2199 658 in
2222 604 2288 657 G.
2318 602 2378 655 in
2405 601 2459 662 d,
2496 600 2554 653 in
2585 616 2641 669 g.
2675 597 2878 668 quibus
2915 611 3110 650 omnes
3148 595 3362 666 pariter
3390 603 3740 652 concurrunt

459 688 526 740 A.
559 685 668 738 TE.
700 701 829 738 cum
883 685 1196 757 inceptione
1248 688 1403 743 triti:
1442 691 1502 744 in
1534 692 1596 747 Γ.
1624 693 1734 746 ΤΕ.
1777 709 1906 746 cum
1938 698 2059 747 tota
2138 692 2306 763 tropi,
2340 689 2472 762 quia
2503 689 2561 742 in
2589 687 2726 758 ipsis
2755 702 2950 741 omnes
2979 685 3150 739 etiam
3190 685 3530 757 principales
3542 704 3742 742 conve-

462 772 784 827 initiabitur
810 778 1118 832 structura.
2139 781 2304 835 niunt
2357 779 2596 842 chordae,
2649 776 2862 830 scilicet
2894 791 3113 846 graves,
3144 775 3361 840 ﬁnales,
3396 777 3738 848 superiores,

533 863 730 917 Adhuc
758 864 963 918 desunt
977 865 1274 920 semitonia
1288 866 1407 920 triti
1424 874 1481 921 et
1518 868 1738 922 deuteri
1764 887 1890 924 cum
1912 888 2060 943 sym-
2139 869 2488 933 excellentes,
2522 865 2683 920 minii
2714 865 2916 919 coloris
2943 865 3286 918 inducantur
3321 865 3499 932 lineae,
3537 866 3745 938 hisque

465 967 631 1004 meno
660 952 807 1021 proti
839 958 896 1005 et
918 953 1154 1008 deuteri.
1189 955 1498 1009 Semitonia
1521 958 1640 1011 triti
1674 960 2058 1028 quaesiturusa
2141 957 2375 1027 singulis
2406 955 2626 1025 singula
2655 954 2851 1007 eadem
2881 951 3235 1006 ascribantur
3261 954 3514 1019 nomina,
3532 971 3743 1025 graves

463 1040 776 1109 penultimo
792 1048 998 1110 puncto
1025 1042 1175 1096 illius
1195 1043 1372 1108 lineae,
1405 1062 1529 1115 quae
1552 1046 1845 1101 deuterum
1879 1055 1935 1102 et
1961 1050 2061 1102 tri-
2141 1048 2200 1101 in
2232 1047 2297 1100 D.
2325 1045 2519 1098 finales
2546 1044 2601 1096 in
2633 1043 2696 1094 G.
2733 1048 2788 1094 et
2808 1041 2888 1095 sic
2917 1041 3121 1111 reliqui
3150 1058 3252 1112 per
3280 1043 3557 1097 ordinem.
3593 1045 3746 1115 Ergo

464 1133 586 1182 tum
617 1129 804 1183 media
823 1130 1054 1196 dirimit,
1091 1133 1146 1184 id
1175 1138 1260 1186 est
1287 1132 1357 1186 ab
1391 1137 1457 1198 A,
1484 1135 1622 1199 triti,
1657 1137 1726 1188 ad
1751 1139 2057 1192 terminum
2141 1139 2369 1206 peracta
2393 1137 2678 1186 structura
2707 1130 2905 1182 littera
2935 1129 3184 1200 duplices
3239 1136 3367 1184 nete
3407 1134 3747 1189 excellentes

465 1216 706 1270 dexterae
737 1219 988 1288 magadae
1017 1220 1250 1273 novenis
1280 1221 1462 1275 divide
1493 1223 1765 1293 partibus,
1800 1231 1857 1278 et
1879 1227 2060 1296 prima
2143 1225 2458 1286 deleantur,
2489 1225 2554 1274 ut
2583 1220 2767 1289 ﬁgura
2785 1235 2887 1288 per
2913 1234 2972 1270 se
2999 1217 3325 1287 integritate
3345 1221 3433 1274 sui
3448 1223 3746 1279 consistat.

466 1306 797 1361 terminabit
823 1307 882 1361 in
932 1308 1251 1375 semitonio,
1305 1311 1552 1364 secunda
1595 1319 1771 1380 vacat,
1805 1315 1974 1368 tertia
2001 1316 2060 1368 in
2216 1311 2324 1366 Sed
2353 1309 2618 1380 quoniam
2651 1307 2722 1361 ad
2743 1306 3096 1360 excitandum
3114 1307 3276 1362 valde
3289 1309 3445 1363 utilis
3466 1316 3554 1365 est
3567 1313 3748 1366 etiam

465 1395 782 1460 semitonio,
801 1401 1004 1466 quarta
1030 1403 1212 1466 vacat,
1243 1399 1442 1468 quinta
1470 1400 1528 1453 in
1558 1403 1874 1469 semitonio,
1907 1409 2063 1457 sexta
2145 1403 2267 1472 ipsa
2295 1397 2734 1453 differentiarum
2757 1396 2879 1448 loca
2899 1393 3212 1448 intimanda
3237 1396 3522 1455 videntur.
3562 1400 3630 1454 In
3649 1418 3751 1455 or-

463 1483 524 1537 in
553 1483 870 1555 semitonio,
903 1485 1134 1555 reliqua;
1164 1492 1381 1540 vacant.
1417 1487 1727 1544 Semitonia
1759 1508 1889 1546 vero
1922 1494 2062 1547 deu-
2144 1491 2274 1544 dine
2329 1486 2478 1558 proti
2527 1490 2583 1539 et
2639 1483 2757 1537 triti
2797 1483 3248 1537 authenticorum
3307 1485 3640 1544 differentia:
3687 1490 3750 1544 in

464 1572 574 1627 teri
623 1571 972 1638 inventurus,
1015 1572 1085 1626 ab
1111 1575 1304 1628 eodem
1341 1583 1546 1646 puncto
1590 1579 1850 1633 similiter
1885 1598 2063 1652 usque
2146 1579 2364 1649 quinto,
2392 1572 2772 1644 subjugalium
2803 1571 3052 1641 ipsorum
3097 1572 3158 1626 in
3184 1574 3354 1628 tertio
3379 1592 3412 1628 a
3435 1577 3592 1632 ﬁnali
3623 1579 3750 1634 loco

466 1660 539 1714 ad
568 1661 866 1730 magadam
923 1661 1146 1716 decenis
1199 1664 1409 1734 partire
1440 1665 1713 1736 passibus,
1763 1675 1818 1723 et
1849 1670 2064 1740 primus
2080 1706 2125 1765 B
2145 1671 2454 1738 ponuntur,
2483 1663 2542 1716 in
2570 1661 2767 1715 ordine
2791 1659 3010 1713 deuteri
3041 1666 3098 1714 et
3117 1663 3356 1716 tetrardi
3381 1682 3394 1730 ;
3423 1666 3748 1721 authentici

465 1753 660 1812 vacat,
703 1750 946 1804 secundo
993 1751 1118 1805 ﬁnit
1170 1752 1229 1805 in
1282 1753 1602 1820 semitonio,
1651 1757 1851 1812 tertius
1881 1765 2059 1826 vacat,
2080 1749 2125 1765 "
2145 1754 2364 1810 deuteri
2385 1750 2712 1806 differentiae
2741 1749 2800 1802 in
2830 1754 3004 1816 sexto,
3025 1750 3261 1804 tetrardi
3281 1751 3338 1805 in
3358 1754 3579 1824 quinto,
3607 1756 3749 1810 sub-

468 1842 706 1907 quartus
729 1837 785 1891 in
819 1839 1136 1904 semitonio,
1161 1841 1391 1912 quintus
1411 1850 1587 1908 vacat,
1612 1852 1802 1901 sextus
1821 1847 1880 1902 in
1899 1849 2063 1902 semi-
2138 1844 2363 1915 jugales
2383 1857 2576 1895 eorum
2626 1839 2685 1892 in
2726 1843 2926 1909 quarto
2961 1854 2997 1890 a
3023 1839 3180 1893 ﬁnali
3210 1840 3329 1894 loco
3350 1842 3633 1898 locantur.
3665 1846 3752 1900 En

465 1925 624 1980 tonio
655 1930 712 1979 et
740 1925 799 1979 in
825 1943 1190 1997 synemmeno
1219 1931 1386 2000 proti,
1417 1933 1690 2003 septimus
1733 1936 1792 1989 in
1830 1937 2060 1991 semito-
2142 1935 2317 1988 habes
2347 1945 2670 1984 mensuram
2691 1926 2922 1981 metrice
2943 1932 2999 1980 et
3020 1929 3290 1998 prosaice;
3321 1932 3418 1984 sed
3447 1934 3751 1988 metricam

466 2014 582 2081 nio,
606 2014 809 2085 reliqui
835 2023 1051 2070 vacant.
1079 2018 1498 2088 Synemmenon
1523 2022 1763 2088 deuteri,
1801 2026 1950 2095 quod
1969 2043 2060 2080 so-
2143 2027 2374 2095 propter
2403 2019 2702 2084 acutiores,
2732 2015 3044 2087 prosaicam
3073 2022 3494 2089 propternostri
3528 2023 3750 2078 similes

470 2101 587 2157 lum
617 2108 814 2170 restat,
845 2104 1216 2176 sesquialtera
1247 2109 1855 2182 proportionefacilius
1897 2129 2062 2187 repe-
2144 2110 2523 2184 imperitiores
2551 2105 2923 2178 compositam
2953 2121 3074 2160 esse
3102 2108 3323 2162 noveris
3347 2109 3511 2180 ([55).

2028 2241 2150 2294 XLI

1303 2325 1566 2380 Mensura
1598 2327 1918 2383 thorematz's
1952 2336 2238 2398 troporum
2265 2331 2387 2381 arte
2415 2325 2666 2379 metrica.

1181 2408 1451 2466 Mensura
1469 2429 1675 2468 novum
1703 2416 1801 2485 qui
1829 2417 1910 2470 vis
1937 2417 2196 2470 thorema
2213 2420 2526 2486 troporum,

1176 2497 1370 2554 Primo
1399 2502 1669 2572 magadas
1698 2503 1757 2557 in
1788 2505 1967 2558 latum
1998 2505 2182 2559 divide
2210 2506 2389 2570 ﬁnes;

1180 2588 1402 2644 Scilicet
1420 2592 1485 2644 A.
1523 2592 1587 2645 Β.
1621 2592 1680 2646 C.
1714 2592 1965 2648 Vacuum
1990 2593 2232 2647 concede
2255 2607 2522 2664 superne,

1177 2677 1249 2731 Et
1277 2679 1557 2750 reliquum
1589 2682 1784 2752 spatiis
1804 2683 2031 2753 paribus
2060 2683 2273 2755 partire
2305 2680 2616 2752 quaternis.

1177 2768 1433 2832 Quatuor
1457 2786 1590 2840 ergo
1619 2772 1767 2842 tropi
1793 2773 2030 2826 totidem
2059 2772 2255 2844 spatiis
2283 2769 2558 2825 dominati

1177 2857 1426 2927 Quisque
1455 2875 1622 2912 suum
1652 2866 1838 2931 captet
1859 2862 2198 2932 proprioque
2223 2861 2542 2915 charactere
2571 2858 2775 2928 signet,

1177 2948 1245 2999 A.
1279 2946 1342 3000 B.
1375 2948 1640 3018 contiguo
1661 2950 1850 3004 sedem
1879 2951 2085 3021 largire
2114 2950 2365 3004 tetrardo
2390 2969 2402 3016 ;

1179 3034 1323 3088 Hinc
1350 3036 1539 3102 tritus,
1571 3037 1702 3092 hinc
1727 3039 1978 3106 deutrus,
2009 3045 2310 3109 teneatque
2328 3035 2633 3091 novissima
2667 3039 2878 3105 protus.

1178 3124 1335 3177 Tunc
1360 3123 1510 3178 inter
1536 3128 1806 3196 magadas
1833 3144 2061 3183 mensus
2085 3127 2392 3182 Guidonice
2411 3142 2586 3196 ponas

1181 3213 1415 3279 Puncta,
1441 3221 1578 3285 quot
1595 3217 1714 3287 ipse
1733 3218 1884 3274 velit.
1908 3219 2024 3272 Nec
2046 3219 2356 3289 hypernete
2383 3214 2487 3270 tibi
2506 3214 2670 3269 desit.

1183 3301 1366 3373 Hujus
1396 3304 1704 3376 hypernete
1731 3323 2077 3378 synemenon
2106 3313 2163 3361 et
2188 3309 2253 3360 A.
2284 3305 2470 3376 gravis
2499 3305 2661 3358 adde.

1183 3394 1384 3463 Sicque
1411 3392 1496 3447 bis
1525 3395 1751 3468 undena
1768 3399 2090 3450 statuentur
2116 3396 2175 3449 in
2205 3394 2400 3448 ordine
2427 3397 2650 3464 puncta.

1181 3482 1426 3537 Ultimus
1454 3484 1543 3538 his
1571 3500 1728 3554 aeque
1754 3484 1914 3538 limes
1937 3489 2238 3556 punctetur
2255 3481 2539 3552 utrinque.

1182 3573 1339 3627 Basis
1361 3580 1417 3627 et
1445 3574 1536 3628 hic
1565 3573 1731 3645 proti,
1755 3579 2049 3628 coraustus
2073 3577 2126 3626 et
2143 3573 2273 3626 inde
2302 3571 2558 3626 tetrardi.

1181 3665 1262 3716 Ac
1280 3679 1546 3717 mensura
1568 3664 1759 3717 statim
1788 3668 2093 3733 peragatur
2117 3662 2512 3728 continuatim,

1182 3753 1353 3821 Cujus
1378 3753 1488 3806 erit
1512 3751 1689 3805 facilis
1717 3751 2079 3822 perpetratio,
2112 3751 2159 3805 si
2181 3767 2397 3804 memor
2415 3750 2548 3814 eris,

1178 3841 1370 3896 Prima
1401 3858 1531 3896 voce
1556 3846 1746 3912 trOpos
1772 3842 1885 3895 PR.
1918 3841 2030 3894 DE.
2062 3841 2177 3894 TR.
2204 3841 2313 3897 TE.
2337 3841 2612 3908 titulatos,

1180 3933 1251 3987 Et
1281 3931 1848 4001 monogrammaticas
1875 3935 2070 3984 teneas
2100 3930 2244 3983 hanc
2274 3936 2462 3984 mente
2483 3931 2724 4001 ﬁguram
2761 3951 2772 3985 :

1179 4021 1314 4085 Quae
1344 4020 1580 4074 totidem
1606 4019 1804 4090 spatiis
1832 4023 2113 4082 constans,
2138 4024 2276 4088 quot
2298 4024 2506 4088 puncta
2530 4020 2804 4075 Guidonis

1178 4110 1450 4178 Diximus,
1482 4127 1516 4164 a
1545 4098 1571 4179 ﬂ
1609 4125 1670 4162 se
1697 4109 1880 4162 tendit
1906 4108 1977 4161 ad
2006 4107 2203 4161 infima
2228 4124 2490 4178 gammaa,

1177 4198 1244 4254 In
1275 4200 1472 4273 spatiis
1497 4200 1698 4252 horum
1724 4199 1973 4252 retinens
2001 4213 2427 4266 monogramnia
2445 4205 2756 4270 troporum,

1175 4287 1351 4342 Linea
1374 4304 1516 4359 quos
1544 4291 1763 4356 tangat,
1793 4303 1921 4341 cum
1947 4286 2141 4356 regula
2163 4290 2372 4355 puncta
2400 4273 2684 4359 peragrat.

1177 4377 1287 4432 Sed
1307 4375 1884 4446 monogrammatibus
1912 4375 2125 4447 liquido
2146 4391 2455 4444 synemena
2480 4384 2761 4443 notamus,

1175 4468 1275 4522 Est
1303 4466 1504 4537 quibus
1532 4465 1850 4537 appositum
1891 4467 2010 4533 SY;
2060 4466 2334 4537 lymmata
2379 4483 2509 4521 vero
2542 4468 2744 4540 quibus
2775 4473 2875 4528 SE.

1175 4555 1422 4628 Quaeque
1449 4556 1632 4610 vicina
1654 4561 1833 4611 tenes.

915 4646 979 4700 I‘.
1125 4648 1194 4700 A.
1590 4647 1646 4700 S.
2007 4645 2069 4699 Β.
2407 4645 2461 4699 C.

2007 4645 2069 4699 B.
2407 4645 2468 4699 G.
2901 4655 2969 4710 D.
3004 4656 3236 4713 Graves.

805 4721 819 4785 1
847 4680 1003 4787 TE.'1
1033 4680 1288 4773 ΤΕῩΤΕ.
1324 4721 1335 4786 ι
1368 4719 1502 4790 Syn.
1533 4680 1646 4772 ΤΞ]
1676 4718 1786 4772 DE.
1823 4719 1834 4784 1
1868 4717 1955 4771 Se.
1981 4680 2087 4770 TE.
2120 4717 2233 4771 TR.
2269 4720 2280 4784 1
2311 4717 2351 4771 Τ

1868 4717 1955 4771 Se.
1981 4680 2087 4770 TE.
2120 4717 2233 4771 TR.
2269 4720 2280 4784 1
2311 4680 2448 4771 TE.“
2452 4686 2564 4775 DE.
2605 4719 2723 4776 PR.
2759 4727 2770 4792 1
2801 4680 3352 4784 ΤΕῨΤΞἫΞῨῬΕ.
3387 4732 3398 4798 1

1011 4808 1073 4864 E.
1467 4807 1531 4862 F.
1850 4807 1916 4861 G.
1941 4807 2181 4860 Finales.
2525 4825 2579 4862 a.
3052 4817 3110 4872 s,

807 4899 818 4963 Ι
848 4896 957 4951 ΤΕ.
984 4897 1097 4951 TR.
1130 4897 1243 4952 PR.
1278 4899 1289 4963 Ι
1320 4897 1427 4950 ΤΕ.
1454 4895 1570 4951 DE.
1592 4897 1704 4952 PR.
1738 4898 1748 4965 |
1778 4894 2148 4950 TE.TR.DE.
2183 4895 2290 4954 PR.
2328 4899 2337 4963 I

1833 4894 2148 4950 E.TR.DE.
2183 4895 2290 4954 PR.
2328 4899 2337 4963 1
2369 4897 2476 4951 TE.
2502 4897 2611 4952 TR.
2631 4899 2743 4954 PR.
2779 4903 2795 4971 1
2825 4904 2921 4976 Sy.
2952 4905 3199 4962 TE.DE.
3221 4907 3332 4962 PR.
3369 4912 3379 4975 1

1003 4986 1030 5056 Π
1371 5003 1418 5040 c.
2134 4987 2189 5040 d.
2219 4987 2567 5057 Superiores.
2993 5013 3044 5050 θ,

802 5074 940 5144 1Se.
959 5074 1069 5129 TE.
1098 5075 1210 5130 TR.
1247 5075 1383 5144 |Te.
1420 5076 1514 5147 Sy.
1544 5075 1654 5131 TR.
1691 5075 1803 5130 DE.
1831 5076 1944 5130 PR.
1978 5073 1991 5144 1
2021 5076 2130 5130 TE.
2165 5076 2278 5131 TR.
2319 5076 2408 5131 Se.
2453 5077 2564 5130 DE.
2607 5077 2719 5133 PR.
2755 5082 2766 5148 1
2797 5081 2904 5136 TE.
2935 5083 3048 5138 TR.
3088 5084 3177 5139 Se.
3223 5084 3336 5140 PR.
3372 5089 3384 5153 1

2488 5219 2514 5256 δ
2737 5202 2768 5274 t1
3014 5236 3037 5263 α
3246 5228 3288 5267 ‹ι.

1020 5262 1062 5318 f.
1349 5282 1406 5335 g.
1430 5265 1792 5320 Excellentes.
2488 5227 2531 5317 ἒ.

2084 5227 2109 5254 ιι
2488 5227 2514 5256 D
2742 5227 2768 5274 Η
3014 5236 3037 5263 c
3246 5228 3279 5266 d.

1733 5283 1792 5320 :s.
2089 5287 2129 5316 ιι.
2489 5279 2531 5317 b.
2735 5273 2762 5344 η
3010 5294 3046 5322 c.
3239 5286 3279 5322 d.

795 5352 806 5419 1
837 5349 948 5410 TE.
978 5350 1091 5406 DE.
1123 5351 1236 5407 PR.
1273 5353 1283 5423 1
1315 5353 1831 5408 TE.TR.DE.‘PR.
1869 5354 1878 5417 1
1909 5355 2015 5410 TE.
2038 5356 2154 5411 TR.
2181 5356 2291 5410 PR.
2328 5357 2337 5429 1
2369 5358 2480 5412 DE.
2509 5359 2620 5414 PR.
2657 5363 2666 5429 1
2699 5362 2817 5417 TR.
2853 5361 2862 5434 1
2896 5363 3005 5417 DE.
3032 5363 3140 5420 PR.
3176 5367 3187 5432 1
3219 5363 3332 5418 PR.
3366 5366 3378 5431 1

443 5519 814 5649 “(516152111321
817 5523 946 5649 (ﬁnit
981 5521 1153 5584 codex
1181 5525 1498 5590 Blasiamus,
1524 5523 1820 5595 sequentia
1859 5525 2017 5582 addit
2056 5527 2477 5584 Vindobonensis
2506 5546 2831 5585 mensuram
2870 5531 3140 5590 nimirum
3168 5531 3482 5600 metricam,
3515 5533 3587 5588 de
3617 5550 3730 5606 qua
