3914 6356
99 307 232 364 1177

726 310 1204 370 HERIMANNUS
1242 315 1600 372 METENSIS
1637 313 1865 369 EPISC.
1913 342 1978 355 -—
2016 311 2316 369 NOTITIA
2353 310 2762 367 HISTORICA.

3232 309 3370 368 1178

1313 440 1404 494 Sic
1433 445 1624 495 autem
1655 438 1931 509 lymmata
1957 452 2176 508 quaeres
2208 455 2219 490 :

819 527 1040 592 Deutri,
1067 527 1183 581 sive
1211 528 1350 592 triti,
1385 545 1507 600 quae
1528 529 1688 582 linere
1717 527 1968 596 subjacet
1996 526 2114 590 uni,

820 616 1085 670 Imminet
1111 621 1281 687 atque
1301 617 1416 681 alii,
1448 634 1560 687 qua
1586 621 1720 670 sunt
1747 616 2030 669 mediante
2057 613 2341 685 dirempti.

819 705 1094 759 Primitus
1122 707 1268 759 hanc
1295 706 1366 760 ab
1395 723 1480 772 eo,
1515 706 1663 776 quod
1685 704 1858 758 habet
1879 703 2193 775 penultima
2220 707 2448 774 puncto.

820 794 1028 848 Passus
1053 793 1111 847 in
1136 795 1310 848 denos
1338 795 1387 848 si
1415 795 1638 861 dividis,
1667 795 1798 847 inde
1827 810 2072 847 novenos
2105 809 2118 848 :

823 884 900 937 Ex
930 884 1088 937 denis
1116 883 1212 938 isti
1242 885 1452 939 saliunt
1478 885 1537 938 in
1565 885 1841 955 lymmata
1871 883 2078 948 deutri,

806 971 1090 1042 Septimus
1120 977 1176 1024 et
1201 976 1415 1038 sextus,
1441 977 1677 1043 quartus
1708 971 1875 1024 simul
1905 975 2074 1041 atque
2105 972 2403 1026 secundus.

819 1061 1030 1114 Contra
1055 1076 1223 1130 quem
1251 1065 1470 1114 sextum
1498 1061 1646 1131 proti
1677 1076 2022 1130 synemenon
2052 1060 2393 1114 habendum.

817 1149 891 1201 At
921 1164 1024 1201 sua
1051 1152 1250 1201 cuncta
1280 1148 1414 1201 trito
1446 1149 1515 1201 de
1545 1148 1708 1202 nonis
1738 1147 1827 1200 hic
1856 1154 2014 1200 notat
2044 1148 2180 1200 ordo
2211 1162 2221 1203 :

815 1235 1038 1289 Tertius
1067 1241 1125 1288 et
1154 1235 1394 1306 primus,
1427 1236 1678 1306 quintus,
1707 1239 1834 1305 post
1861 1235 2009 1288 hunc
2039 1252 2260 1306 quoque
2291 1241 2499 1289 sextus.

820 1324 922 1377 His
947 1323 1026 1377 ita
1055 1323 1340 1394 dispositis
1367 1325 1607 1378 necdum
1637 1339 1981 1394 synemenon
2008 1322 2238 1376 habebis

817 1413 1014 1466 Deutri
1043 1413 1422 1484 symphonice,
1450 1414 1599 1484 quod
1627 1418 1684 1467 et
1711 1413 1884 1466 addes
1915 1411 2126 1482 absque
2151 1411 2361 1466 labore.

610 1503 848 1571 Explica
876 1503 1088 1555 Musz'ca
1114 1503 1257 1554 beati
1283 1501 1473 1555 Patris
1501 1503 1776 1555 Wﬂhelmi
1803 1502 2293 1568 Hirsaugiensium
2322 1502 2554 1555 abbatis.

140 1682 3258 1709 Μ

1477 1828 1641 1874 ANNO
1683 1826 1900 1873 DOMINI
1944 1826 2090 1871 MXC.

1038 1962 2450 2102 HEBIMANNUS

1337 2189 1695 2247 METENSIS
1733 2188 2142 2246 EPISCOPUS.

623 2459 1086 2557 ΝΟΤΙΤΙΑ
1159 2455 1774 2554 HISTORICA

1848 2456 1969 2551 IN
2042 2453 2871 2551 HERIMANNUM.

1129 2637 1289 2717 (Gal.
1331 2638 1583 2712 Christ,
1618 2657 1762 2699 nov.
1803 2642 1850 2699 t.
1886 2639 2050 2711 XIII,
2084 2657 2151 2716 p.
2181 2636 2350 2718 732.)

177 2950 358 3006 Claris
386 2952 670 3007 natalibus
697 2952 756 3008 in
797 2953 1040 3008 Saxonia
1083 2958 1252 3008 natus
1298 2953 1698 3019 Herimannus,
1718 2957 1768 3016 Α
1789 2951 2041 3006 dicturus
2068 2951 2310 3005 adesset.
2354 2951 2514 3015 Quod
2543 2952 2589 3005 si
2619 2951 2828 3006 faceret
2868 2951 3219 3022 neglexisset,
3253 2968 3312 3007 se
3349 2968 3386 3006 a

111 3037 412 3111 discipulus
467 3042 758 3096 Hannonis
817 3042 1268 3113 archiepiscopus
1332 3040 1700 3108 Coloniensis,

110 3126 433 3184 Leodiensis
465 3131 814 3202 praepositus,
840 3130 1094 3185 unanimi
1120 3130 1254 3183 cleri
1279 3146 1341 3183 ac
1366 3129 1558 3200 populi
1579 3145 1705 3182 con-

111 3232 269 3273 sensu
298 3219 596 3290 praefectus
642 3225 700 3274 et
738 3220 797 3273 in
843 3219 1163 3290 episc0pum
1210 3224 1568 3272 consecratus
1597 3218 1702 3272 fuit

109 3319 246 3360 anno
279 3305 442 3364 1073.
476 3308 645 3363 Gravi
690 3308 883 3362 dolore
924 3309 1213 3379 perculsus
1241 3307 1601 3361 investituras
1633 3306 1702 3361 ab

108 3393 442 3466 imperatore
461 3398 758 3468 accepisse,
776 3414 903 3451 mox
920 3413 954 3450 a
969 3414 1188 3451 summo
1205 3396 1467 3467 pontifice
1483 3395 1703 3450 veniam

109 3485 281 3552 petiit.
316 3487 444 3540 Non
473 3487 650 3540 multo
692 3492 819 3558 post
865 3485 1260 3556 Gerslengensi
1297 3485 1595 3539 conventui
1633 3485 1702 3538 de

110 3573 368 3629 sedandis
389 3575 705 3630 Germania;
723 3575 903 3630 turbis
924 3575 1136 3641 habito,
1162 3591 1277 3628 una
1295 3591 1423 3628 cum
1445 3573 1700 3644 pluribus

109 3663 344 3730 pmlatis
367 3669 426 3717 et
447 3664 810 3734 optimatibus
828 3663 1414 3720 interfuit.Walonem
1439 3661 1698 3716 abbatem

110 3749 161 3805 S.
179 3753 418 3818 Amulli,
445 3769 612 3823 quem
634 3753 920 3807 Manasses
940 3751 1231 3806 Remensis
1249 3751 1699 3821 archiepiscopus

108 3837 306 3894 ibidem
336 3841 677 3895 monasterio
699 3843 755 3895 S.
783 3841 1023 3911 Remigii
1049 3841 1391 3911 prafecerat,
1415 3839 1593 3893 Metas
1614 3855 1698 3892 re-

110 3925 364 3984 deuntem
393 3931 463 3984 ad
513 3929 771 3999 Gregorii
798 3930 899 3984 VII
945 3945 1102 4000 papa:
1152 3928 1699 3982 commendationem

111 4013 343 4090 benigne
359 4019 595 4090 excepit,
611 4025 668 4073 et
689 4019 746 4072 in
763 4020 811 4088 ej
819 4035 885 4072 us
897 4019 1140 4088 gratiam
1154 4017 1404 4072 restituit
1419 4017 1700 4071 nundinas

112 4105 164 4160 in
188 4109 543 4163 solemnitate
565 4108 932 4162 dedicationis
955 4108 1013 4161 in
1036 4112 1371 4178 perpetuum
1390 4106 1695 4160 habendas.

1786 3040 2179 3094 communione
2217 3040 2474 3094 Ecclesiae
2517 3041 2834 3110 sejunctum
2863 3039 2932 3093 iri
2964 3056 3064 3110 pro
3093 3045 3246 3096 certo
3281 3042 3386 3097 ha-

1784 3130 1962 3183 beret.
1984 3129 2101 3182 Hoc
2122 3129 2320 3183 nuntio
2341 3146 2437 3183 rex
2463 3145 2635 3200 supra
2655 3129 2884 3183 modum
2905 3129 3148 3183 offensus
3170 3131 3385 3200 legatos

1784 3235 1819 3273 a
1848 3225 2148 3290 conspectu
2188 3234 2288 3272 suo
2335 3214 2561 3288 repulit,
2595 3224 2652 3272 et
2679 3218 3008 3274 Wormatia
3049 3225 3384 3274 conventum

1784 3307 1842 3361 in
1874 3307 2357 3378 Septuagesimam
2391 3307 2630 3372 induxit,
2662 3306 2719 3360 in
2750 3324 2859 3378 quo
2900 3307 3206 3378 Gregorius
3243 3326 3386 3380 pon-

1786 3396 2001 3450 tiﬁcatu
2029 3396 2296 3467 depulsus
2335 3403 2438 3456 est,
2473 3401 2671 3450 contra
2704 3396 2952 3466 plurium
2999 3396 3386 3468 episcoporum

1786 3485 2144 3544 sententiam.
2180 3491 2236 3540 et
2264 3485 2601 3539 nominatim
2635 3485 2965 3552 Hermanni,
3000 3486 3187 3556 palam
3216 3486 3386 3556 profl-

1784 3576 1958 3629 tentis
1987 3576 2221 3628 vetitum
2252 3591 2373 3628 esse
2401 3574 2620 3644 legibus
2646 3575 2928 3628 canonicis
2951 3575 3272 3646 episcopum
3294 3573 3389 3630 ab-

1785 3669 2004 3717 sentem
2055 3664 2429 3718 condemnare
2470 3681 2481 3715 :
2524 3663 2620 3716 sed
2667 3668 2858 3717 tamen
2898 3663 3100 3733 majori
3148 3680 3385 3718 numero

1783 3753 2087 3806 concedere
2106 3752 2372 3823 oportuit.
2389 3752 2698 3806 Persuasus
2719 3768 2863 3822 papa
2879 3752 3086 3805 multos
3098 3752 3386 3823 episcopos

1779 3856 1894 3895 non
1941 3840 2050 3894 nisi
2093 3840 2145 3893 vi
2175 3847 2233 3894 et
2276 3845 2430 3894 metu
2461 3841 2783 3904 assensisse,
2838 3839 3017 3895 Udoni
3047 3840 3383 3906 Trevirensi,

1779 3929 2125 3984 Theodorico
2170 3929 2512 3984 Virdunensi
2563 3935 2732 4000 atque
2781 3929 3124 3982 Herimanno
3167 3929 3387 3983 litteras

1782 4017 1990 4083 emisit,
2019 4017 2144 4070 illos
2169 4017 2476 4072 adhortans
2505 4025 2570 4072 ut
2598 4023 2805 4072 sancta:
2842 4017 2961 4072 sedi
2993 4019 3166 4071 finem
3195 4033 3384 4071 serva-

1781 4111 1926 4170 rent,
1967 4106 2302 4176 culpamque
2351 4123 2602 4176 congrua
2652 4106 3034 4161 satisfactione
3079 4106 3381 4161 diluerent.

112 4193 241 4252 Dein
263 4214 392 4252 vero
411 4198 564 4251 locus
582 4197 633 4250 ei
653 4214 764 4250 non
786 4197 967 4250 defuit.
982 4196 1371 4267 expostulandi
1392 4200 1449 4249 et
1469 4195 1696 4265 quidem
1717 4209 1763 4267 Β
1785 4195 2054 4265 Equidem
2086 4195 2144 4248 in
2175 4200 2361 4249 errato
2392 4195 2772 4250 Herimannus
2801 4212 2913 4250 non
2947 4196 3042 4250 diu
3072 4212 3389 4268 persevera-

113 4299 294 4341 amore
322 4287 392 4340 de
419 4287 670 4352 Walone,
701 4292 766 4340 ut
805 4285 954 4339 infra
1000 4284 1269 4338 dicemus.
1302 4285 1540 4338 Romam
1569 4301 1697 4338 cum

111 4373 442 4431 Theodorico
481 4375 672 4430 Sancti
713 4375 952 4428 Huberti
996 4373 1196 4428 abbate
1242 4373 1522 4444 profectus
1548 4389 1696 4426 anno

108 4461 256 4520 1071.
287 4464 582 4519 Paschalia
610 4464 754 4518 festa
777 4463 924 4517 Pisis
954 4463 1093 4533 egit;
1123 4463 1271 4516 unde
1301 4463 1409 4516 iter
1433 4478 1696 4533 pergens,

110 4549 332 4608 Romam
362 4553 614 4618 accessit,
648 4569 713 4606 ac
761 4551 1016 4622 precibus
1051 4551 1242 4604 etl'usis
1271 4551 1337 4604 ad
1372 4556 1695 4604 sanctorum

109 4645 478 4712 apostolorum
493 4640 761 4706 tumulos,
777 4657 980 4711 papam
997 4640 1333 4710 Gregorium
1345 4638 1452 4693 VII
1473 4639 1690 4706 invisit;

110 4745 140 4783 a
162 4749 268 4804 quo
296 4748 409 4786 non
431 4731 537 4785 sibi
562 4736 784 4784 tantum
809 4729 1100 4783 charitatis
1131 4728 1474 4792 testimonia,
1500 4744 1694 4781 verum

110 4825 160 4874 et
181 4821 454 4892 episcopis
482 4819 774 4874 Leodiensi
805 4834 870 4871 ac
900 4817 1348 4887 Babenbergensi
1368 4816 1688 4870 Tbeodvino

111 4915 161 4963 et
183 4911 544 4972 Herimanno,
577 4925 766 4962 sacros
795 4923 1036 4961 canones
1066 4907 1302 4960 violasse
1327 4905 1687 4970 insimulatis,

113 4997 460 5070 benignitatis
489 4997 731 5068 insignia
758 4996 1022 5050 obtinuit.
1057 4994 1172 5050 Sub
1200 5011 1412 5048 annum
1443 4992 1582 5049 1076
1601 4994 1693 5048 fu-

114 5095 323 5143 nestum
353 5104 419 5141 ac
440 5087 768 5140 diuturnum
801 5085 1043 5139 schisma
1059 5090 1314 5138 exortum
1345 5088 1448 5148 est,
1468 5089 1695 5136 auctore

118 5175 166 5231 in
203 5176 398 5249 primis
428 5176 668 5230 Henrico
700 5174 767 5228 VI
813 5173 1128 5228 Germaniae
1157 5189 1309 5242 rege,
1343 5172 1440 5242 qui
1469 5171 1696 5225 nefariis

119 5267 321 5320 actibus
367 5281 605 5336 regnum
648 5263 968 5318 infestabat.
1009 5262 1156 5316 Huic
1204 5264 1406 5331 saepius
1456 5260 1696 5330 benigne

1780 4283 1877 4347 vit,
1901 4283 2311 4338 absolutionem
2341 4302 2374 4338 a
2402 4284 2708 4339 Jarantone
2728 4285 2926 4339 abbate
2948 4285 3125 4340 sancti
3147 4286 3385 4356 Benigni

1781 4372 2127 4426 Divionensis
2157 4373 2214 4426 in
2247 4373 2438 4443 vigilia
2466 4374 2685 4428 Natalis
2715 4375 2941 4428 Domini
2973 4375 3222 4446 ejusdem
3252 4375 3387 4430 anni

1779 4458 1919 4516 1076
1946 4467 2298 4515 consecutus.
2334 4461 2541 4516 Eodem
2573 4479 2741 4528 anno,
2791 4480 2984 4518 mense
3030 4466 3284 4534 Augusto
3315 4463 3385 4518 ab

1780 4549 1978 4602 eodem
2031 4549 2296 4620 pontiﬁce
2349 4549 2567 4604 litteras
2619 4551 2836 4622 accipit,
2891 4551 3093 4622 quibus
3128 4569 3274 4624 papa
3305 4553 3388 4607 ait

1783 4655 1996 4705 omnes,
2058 4639 2154 4708 qui
2201 4655 2328 4692 cum
2374 4656 2504 4708 rege
2561 4640 3059 4706 communicarent,
3120 4659 3386 4696 censuras

1779 4726 2033 4792 subiisse,
2065 4727 2365 4796 ipsumque
2413 4730 2935 4783 excommunicandi
2975 4731 3070 4799 jus
3100 4731 3384 4786 habuisse.

1777 4814 2103 4886 Insequenti
2148 4831 2298 4868 anno
2347 4815 2601 4884 ejusdem
2648 4817 2927 4887 pontificis
2972 4819 3134 4888 jussu
3175 4819 3389 4873 sedavit

1776 4904 1934 4958 litem
1965 4908 2172 4956 motam
2215 4903 2365 4957 inter
2396 4904 2720 4974 episcopum
2751 4906 3118 4960 Leodiensem
3157 4914 3213 4961 et
3243 4907 3385 4962 Vul—

1780 4992 1986 5064 padum
2025 4991 2281 5045 abbatem
2317 4992 2373 5046 S.
2406 4992 2713 5055 Laurentii,
2750 4994 2847 5063 qui
2895 5011 2996 5047 suo
3043 4997 3385 5051 monasterio

1779 5100 1949 5137 causa
1985 5083 2197 5136 indicta
2224 5083 2419 5152 pulsus
2469 5081 2671 5136 fuerat.
2709 5085 2973 5138 Attamen
3005 5085 3384 5142 Herimannus

1780 5173 1849 5226 ob
1870 5172 2151 5242 singulare
2173 5188 2308 5240 erga
2327 5176 2579 5225 sanctam
2602 5172 2790 5225 sedem
2821 5173 3092 5238 studium,
3120 5174 3382 5228 oll‘ensio-

1779 5279 1910 5315 nem
1941 5260 2295 5331 imperatoris
2333 5259 2522 5320 subiit,
2569 5265 2626 5313 et
2655 5261 2712 5313 in
2743 5260 3078 5330 Moguntina
3107 5269 3383 5318 conventu

117 5356 479 5427 nequidquam
507 5353 791 5407 admonito
820 5352 1124 5421 Gregorius
1152 5349 1262 5403 VII
1292 5351 1476 5403 denuo
1496 5366 1597 5420 per
1624 5351 1757 5430 le-C
1781 5350 2136 5404 renuntiatus
2165 5354 2250 5403 est
2295 5348 2471 5402 hostis
2512 5348 2754 5419 imperii.
2788 5349 3200 5405 Persecutionis
3247 5369 3380 5423 ergo

116 5450 261 5513 gatos
284 5443 389 5498 sub
418 5444 585 5497 finem
609 5441 744 5496 anni
764 5440 1132 5511 praecedentis
1157 5438 1346 5503 edixit,
1364 5444 1428 5492 ut
1447 5439 1693 5492 secunda

118 5533 554 5604 Quadragesimae
583 5529 934 5585 hebdomade
960 5528 1028 5582 ad
1059 5527 1358 5582 concilium
1386 5527 1576 5581 Romae
1604 5528 1695 5581 in-

119 5621 314 5680 dictum
335 5623 405 5680 de
432 5619 782 5688 criminibus,
814 5634 1052 5693 quorum
1086 5622 1438 5688 argueretur,
1465 5632 1694 5672 causam

1781 5439 2019 5493 vitandae
2031 5439 2439 5492 Virdunensem
2459 5437 2779 5509 episcopum
2795 5439 3200 5494 Theodericum
3220 5441 3378 5508 adiit,

1777 5545 1812 5582 a
1862 5545 1992 5599 quo,
2023 5528 2449 5581 commendatus
2481 5544 2516 5581 a
2543 5544 2709 5598 papa,
2753 5543 2922 5598 quam
2971 5528 3382 5585 humanissime

1776 5623 2036 5688 acceptus
2066 5622 2170 5673 est.
2194 5616 2407 5673 Dehinc
2429 5616 2815 5691 oppigneratis
2836 5617 3170 5688 quibusdam
3195 5619 3372 5675 eccle-
