3914 6392
459 332 597 392 1183

1389 338 1810 394 HERIMANNI
1848 301 2205 394 METENSIS
2240 333 2471 391 EPISG.
2514 334 2829 390 CHARTA.

3604 327 3741 386 1184

456 476 625 533 quam
654 476 757 533 pro
784 460 959 516 totius
987 459 1248 517 Ecclesiae
1272 463 1513 518 tuitione
1539 464 1599 518 in
1626 464 1835 518 foedum
1874 463 2049 527 dedit,
2071 466 2117 524 A
2136 463 2387 518 cantium
2406 455 3218 540 exauditorinnumerabilibus
3228 453 3737 528 polletvirtutibus,

455 566 521 604 eo
550 556 742 605 tamen
761 557 958 604 tenore
978 556 1044 604 ut
1068 552 1258 605 nullus
1285 552 1569 607 haeredum
1601 553 1797 624 ipsius,
1826 552 1933 606 nisi
1952 552 2053 606 ad-

454 640 775 693 vocatitiam
804 639 1044 693 civitatis
1067 640 1334 707 tenuerit,
1363 641 1468 695 hoc
1494 641 1718 695 feodum
1743 641 1851 695 sibi
1879 640 2056 696 vindi-

455 732 563 782 cet.
590 729 658 782 Et
681 734 746 782 ut
775 728 833 782 in
863 727 1129 782 nundinis
1173 730 1447 783 memoria
1473 730 1860 784 translationis
1888 729 2053 783 istius

451 817 759 888 jucundius
788 823 958 889 atque
978 817 1254 871 celebrius
1297 835 1332 871 a
1356 819 1813 873 convenientibus
1843 818 2053 872 habea-

457 908 571 965 tur,
592 921 769 975 equus
787 905 1101 976 quindecim
1126 906 1431 959 solidorum
1451 905 1653 977 abipso
1670 907 1936 960 advocato
1953 906 2055 961 ibi-

457 992 586 1046 dem
606 995 1218 1064 repraesentaturQuod
1248 995 1295 1049 si
1314 995 1691 1060 saecularibus,
1723 1000 1788 1051 ut
1806 1012 1927 1050 mos
1946 1000 2051 1061 est,

458 1080 518 1135 in
549 1098 820 1152 equorum
851 1083 1106 1137 cursibus
1139 1100 1199 1137 se
1245 1084 1674 1151 delectantibus,
1720 1084 2053 1155 quibusdam

456 1171 753 1241 specialius
782 1171 840 1225 in
868 1172 1027 1242 equis
1047 1172 1338 1226 exercitari
1355 1174 1644 1243 placuerit,
1670 1173 1882 1238 victori,
1901 1179 2053 1227 taxa-

456 1264 516 1312 to
545 1259 721 1330 pretio
741 1260 1038 1314 dimidium
1074 1261 1447 1331 relinquatur,
1474 1263 1761 1316 residuum
1794 1262 2053 1316 Ecclesia:

457 1348 795 1418 assignetur.
831 1349 888 1403 Si
908 1366 1036 1404 vero
1066 1351 1260 1404 eadem
1279 1350 1367 1404 die
1381 1351 1700 1405 hocfestum
1731 1368 1840 1405 non
1861 1351 2051 1417 fuerit,

456 1435 528 1488 ad
552 1452 848 1506 vesperum
869 1453 1046 1508 equus
1067 1438 1311 1492 ecclesiae
1335 1438 1456 1492 sine
1476 1438 1851 1503 controversia
1870 1438 2056 1492 dimit-

455 1529 644 1579 tatur:
676 1541 845 1595 quem
872 1526 940 1592 si,
973 1531 1039 1580 ut
1067 1526 1278 1581 dictum
1310 1533 1412 1593 est,
1443 1544 1556 1581 non
1587 1527 1854 1599 posuerit,
1881 1526 2054 1581 abbas

454 1613 566 1667 loci
589 1613 659 1667 ab
685 1630 751 1667 eo
771 1614 1021 1684 requiret
1052 1632 1064 1668 :
1098 1614 1218 1685 ipse
1258 1631 1388 1669 vero
1413 1616 1735 1670 nullatenus
1765 1617 2053 1670 contradi-

456 1716 584 1758 cere
613 1700 801 1757 habet.
833 1703 902 1757 Et
930 1703 1194 1773 quoniam
1222 1704 1324 1758 has
1344 1705 1626 1760 nundinas
1643 1705 1915 1759 bannales
1932 1721 2054 1759 esse

2137 553 2208 607 ad
2237 553 2463 606 laudem
2494 558 2552 605 et
2577 549 2818 620 gloriam
2850 547 3096 602 nominis
3124 546 3352 602 Christi.
3387 544 3574 616 Igitur
3602 545 3744 599 hanc

2137 648 2389 696 nostram
2438 638 2804 693 traditionem
2833 643 2892 691 et
2930 636 3096 701 dona,
3154 634 3309 689 omni
3340 640 3599 705 tempore
3627 639 3748 688 rata

2136 746 2467 803 permanere
2498 734 2556 783 et
2587 727 2929 789 inconvulsa,
2971 724 3305 779 auctoritate
3342 723 3746 794 omnipotentis

2134 818 2256 882 Dei,
2288 817 2439 871 beati
2469 832 2690 887 quoque
2719 814 2984 869 Clemetis
3005 819 3062 867 et
3090 818 3284 867 nostra
3307 812 3741 879 conﬁrmamus;

2136 907 2308 977 sigilli
2337 906 2517 960 etiam’
2539 905 2717 959 nostri
2740 902 3181 973 consignatione,
3211 917 3429 956 necnon
3459 906 3518 955 et
3546 917 3744 971 perso-

2139 1013 2341 1051 narum
2407 994 2859 1050 authenticarum
2911 991 3322 1062 subscriptione
3387 989 3744 1055 roboramus,

2138 1090 2367 1140 cunctos
2411 1098 2755 1138 successores
2786 1086 3007 1135 nostros
3037 1081 3151 1134 haec
3200 1084 3471 1150 perpetuo
3500 1078 3750 1133 ﬁdeliter

2134 1189 2462 1229 conservare
2472 1171 2575 1225 sub
2587 1170 2824 1225 districti
2831 1169 3031 1240 judicii
3063 1169 3319 1223 examine
3337 1171 3743 1222 contestantes.

2136 1264 2192 1317 Si
2224 1278 2336 1333 qua
2364 1269 2553 1316 autem
2583 1258 2955 1314 ecclesiastica
2993 1257 3342 1313 saecularisve
3367 1272 3612 1327 persona
3642 1257 3747 1311 ho-

2134 1368 2259 1407 rum
2285 1349 2570 1421 quidpiam
2602 1348 2909 1417 infringere
2947 1345 3385 1417 praesumpserit,
3418 1362 3453 1399 a
3480 1345 3748 1399 sacratis-

2136 1441 2278 1495 simo
2308 1454 2541 1510 corpore
2569 1442 2626 1491 et
2642 1435 2916 1506 sanguine
2946 1434 3171 1489 Domini
3202 1434 3466 1500 alienata,
3499 1433 3559 1486 in
3593 1433 3748 1487 diem

2137 1528 2346 1584 Christi
2378 1533 2436 1581 et
2457 1526 2555 1581 Dei
2586 1526 2658 1579 sit
2686 1524 2989 1579 anathema
3030 1523 3139 1577 nisi
3184 1522 3499 1594 resipuerit.
3529 1521 3751 1576 Horum

2135 1618 2390 1672 omnium
2409 1616 2659 1669 fautores
2680 1613 2912 1668 idoneos
2923 1618 3116 1681 testes,
3131 1612 3360 1673 visores,
3380 1617 3438 1666 et
3451 1610 3749 1664 auditores

2136 1707 2331 1762 subter
2368 1703 2719 1759 adnotandos
2754 1702 2988 1772 dignum
3036 1700 3316 1768 duximus,
3348 1716 3594 1771 quorum
3624 1700 3750 1753 haec

456 1806 768 1850 censemus.
809 1791 1046 1848 sollicite
1098 1793 1276 1847 isdem
1316 1794 1614 1848 advocatus
1634 1811 1734 1866 per
1753 1811 1813 1848 se
1840 1811 1938 1849 seu
1957 1811 2057 1866 per
2070 1822 2117 1881 B
2135 1801 2269 1851 sunt
2292 1794 2554 1849 nomina:

455 1879 699 1936 civitatis
719 1881 996 1936 castaldos
1033 1881 1322 1953 provideat
1344 1899 1415 1938 ne
1449 1883 1584 1954 quid
1629 1883 1869 1955 tempori
1910 1900 2053 1954 prae-

456 1967 745 2023 nominato
773 1970 1122 2037 detrahatur,
1158 1986 1227 2024 ne
1250 1970 1346 2042 qui
1389 1977 1766 2026 mercatorum
1814 1972 2057 2025 maxime

456 2057 894 2113 Bucchariorum
912 2076 971 2113 se
987 2059 1344 2126 subtrahunt,
1360 2077 1597 2131 quorum
1621 2060 1872 2115 omnium
1887 2077 2058 2131 super

455 2145 561 2201 hoc
584 2146 703 2201 foro
731 2147 864 2203 facti
881 2148 1154 2218 justiﬁes,
1176 2149 1326 2203 feodi
1343 2150 1430 2203 sui
1446 2149 1664 2204 noverit
1691 2166 1815 2203 esse
1831 2150 2054 2221 supple-

455 2241 990 2302 mentum,attamen
1002 2238 1275 2308 quidquid
1290 2237 1628 2309 injuriarum
1641 2238 1788 2292 infra
1802 2237 2053 2293 bannum

455 2324 849 2395 praedictarum
883 2326 1257 2381 Ecclesiarum
1280 2326 1539 2381 Ecclesiae
1566 2327 1651 2381 illi
1680 2343 1715 2381 a
1736 2343 1829 2380 me
1876 2326 2053 2380 dona-

454 2417 598 2479 tum,
630 2418 688 2468 et
705 2418 839 2469 tunc
865 2419 923 2468 et
949 2431 1172 2486 semper
1197 2414 1481 2481 acciderit,
1514 2415 1585 2469 ad
1613 2416 1787 2470 solius
1835 2414 2055 2469 abbatis

453 2500 563 2556 loci
583 2506 643 2556 et
661 2519 892 2556 suorum
918 2503 1239 2557 ofﬁcialium
1263 2504 1540 2572 justitiam
1574 2502 1893 2574 pertinebit.
1930 2504 2049 2557 Hac

453 2589 659 2645 celebri
687 2590 988 2646 traditione
1008 2592 1139 2645 data
1168 2598 1225 2645 et
1248 2597 1508 2662 suscepta
1535 2596 1593 2645 et
1619 2592 1906 2645 communi
1932 2607 2048 2645 om-

454 2678 615 2734 nium
630 2681 888 2735 consultu
908 2685 1260 2735 sacramento
1281 2681 1527 2743 ﬁrmata,
1542 2680 1632 2734 die
1652 2680 1868 2745 eadem,
1887 2680 1945 2734 id
1964 2685 2049 2734 est

454 2768 652 2839 quinta
678 2769 868 2823 Nonas
888 2769 1037 2837 Maii,
1054 2770 1125 2824 ad
1144 2770 1328 2825 locum
1359 2769 1625 2824 Basilicas
1646 2769 1879 2835 dictum,
1895 2769 2045 2823 unde

452 2856 633 2928 pridie
660 2856 843 2912 fuerat
865 2863 1240 2929 assumptum,
1272 2871 1438 2928 quem
1468 2856 1647 2911 isdem
1703 2861 1930 2911 sanctus
1985 2856 2045 2911 in

452 2946 568 3001 vita
594 2962 699 3001 sua
725 2962 840 3020 suae
859 2946 1074 3017 requiei
1102 2947 1407 3017 delegerat,
1440 2946 1684 3000 maxima
1708 2947 2043 3017 populorum

452 3035 755 3089 comitante
775 3040 997 3090 caterva
1013 3052 1214 3106 corpus
1239 3034 1654 3090 sanctissimum
1674 3040 1760 3087 est
1778 3034 2040 3101 relatum,

2210 1886 2444 1955 Hagano
2475 1880 2646 1936 abbas
2666 1881 2794 1935 loci.

2208 1972 2490 2028 Henricus
2529 1970 2702 2025 abbas
2739 1970 3076 2025 Gorziensis.

2207 2064 2393 2117 Lanzo
2416 2060 2590 2114 abbas
2612 2059 2801 2113 Sancti
2821 2059 3100 2114 Vincentii

2205 2148 2506 2204 Durandus
2536 2146 2707 2201 abbas
2735 2147 2926 2201 Sancti
2956 2146 3371 2219 Symphoriani.

2204 2235 2485 2293 Adalbero
2505 2234 2951 2289 archidiaconus.

2207 2324 2545 2380 Ruocelinus
2572 2323 3014 2378 archidiaconus.

2207 2413 2519 2469 Gervoldus
2549 2411 2997 2467 archidiaconus.

2200 2502 2500 2557 Matfridus
2527 2500 2976 2555 archidiaconus.

2199 2590 2496 2646 Canonici:
2520 2590 2918 2657 Ermcrannus;
2951 2588 3241 2655 Arnulfus,
3271 2588 3591 2653 Lietardus,
3610 2592 3747 2646 Ber-

2129 2678 2303 2734 tulfus
2350 2684 2563 2745 cantor,
2622 2679 2915 2733 Folmarus
2962 2685 3178 2747 cantor,
3227 2679 3366 2733 item
3416 2679 3740 2749 Folmarus,

2128 2769 2395 2833 Joannes,
2417 2768 2738 2832 Anselmus,
2774 2772 2880 2831 etc.

2198 2857 2457 2912 Monachi
2477 2857 2729 2927 ejusdem
2751 2856 2887 2910 loci:
2915 2855 3208 2923 Ricberius
3223 2855 3392 2926 prior,
3415 2856 3603 2923 Odilo,
3629 2863 3740 2912 etc.

2196 2947 2441 3001 Nomina
2486 2946 2759 3000 laicorum
2791 2961 2803 2994 :
2833 2945 3211 3000 Theodericus
3257 2945 3388 3011 dux,
3437 2946 3743 3002 Folmarus

2126 3052 2331 3102 comes,
2364 3035 2721 3091 Burchardus
2743 3034 2936 3105 judex,
2958 3034 3271 3105 Wypaldus
3317 3033 3598 3102 Scabinio,
3627 3036 3745 3091 Ge-

452 3123 549 3179 ubi
579 3124 883 3179 honoriﬁce
905 3125 1141 3179 collatus
1168 3125 1296 3196 pius
1326 3129 1383 3178 et
1401 3124 1669 3189 clemens,
1702 3139 1762 3177 se
1790 3122 1882 3194 pie
1896 3122 2048 3178 invo—
2065 3117 2108 3178 C
2130 3124 2350 3191 rardus,
2380 3130 2488 3188 etc.

461 3302 1992 3331 Μ

1996 3299 3725 3327 m

1394 3447 1933 3559 CHARTA
2018 3449 2787 3562 HERIMANNI

451 3659 595 3737 Qua
622 3659 885 3724 Waloni
908 3658 1131 3722 abbati
1162 3656 1227 3723 S.
1278 3656 1541 3723 Arnulﬁ
1565 3657 1899 3748 Metensis,
1922 3660 2038 3740 jus
2087 3660 2400 3724 annualis
2437 3667 2798 3740 mercatus,
2857 3683 2891 3721 «
2940 3660 3396 3748 quorumdam
3434 3661 3735 3725 factione

1544 3747 1724 3810 male
1756 3747 2127 3827 sublatum,
2168 3772 2200 3806 »
2238 3751 2618 3813 conﬁrmat.

1327 3925 1654 3995 (Hsualssa,
1688 3926 1927 3980 Histoire
1953 3925 2043 3979 des
2068 3927 2285 3992 évéques
2315 3927 2379 3981 de
2408 3928 2566 3995 Metz,
2604 3944 2657 3999 p.
2683 3924 2835 3998 369.)

518 4215 588 4271 In
612 4217 838 4273 nomine
859 4217 1064 4289 Patris,
1095 4224 1154 4274 et
1177 4220 1324 4288 Filii,
1352 4227 1409 4276 et
1436 4221 1677 4293 Spiritus
1704 4221 1901 4287 sancti,
1927 4219 2043 4275 HE-

447 4320 747 4374 mxauuus,
767 4308 948 4379 gratia
978 4308 1080 4363 Dei
1107 4316 1312 4365 sanctae
1342 4312 1607 4366 Metensis
1626 4312 1831 4383 praesul
1852 4311 2041 4365 Eccle-

447 4394 562 4461 siae,
594 4397 809 4451 cunctis
834 4402 951 4451 tam
971 4400 1338 4471 praesentibus
1356 4416 1526 4471 quam
1541 4400 1747 4454 futuris
1762 4400 2038 4466 ﬁdelibus,

447 4484 860 4541 misericordias
887 4488 1111 4543 Domini
1143 4489 1202 4543 in
1231 4494 1503 4543 aeternum
1534 4494 1781 4543 cantare.

518 4574 662 4638 Quia
691 4574 975 4631 beatitudo
1012 4584 1334 4632 sanctorum
1362 4584 1600 4644 constat,
1632 4584 1688 4631 et
1716 4579 1787 4632 de
1811 4593 2043 4632 munere

444 4664 661 4733 gratiae,
695 4669 750 4718 et
779 4665 847 4719 de
873 4665 1241 4720 retributione
1290 4666 1543 4736 justitiaa,
1575 4667 1928 4720 innitendum
1959 4671 2045 4720 est

447 4751 750 4823 unicuique
768 4754 1015 4808 ﬁdelium
1052 4754 1374 4808 omnimoda
1401 4754 1775 4809 sollicitudine
1803 4755 2045 4826 qualiter

444 4840 503 4894 in
532 4857 631 4912 spe
655 4848 826 4913 atque
861 4843 1081 4898 actione
1110 4843 1405 4914 utriusque
1432 4844 1749 4915 pertingere
1770 4844 1944 4915 possit
1975 4845 2047 4899 ad

442 4931 651 5001 gaudia
669 4932 930 5002 perennis
952 4932 1096 4986 vitae.
1123 4933 1191 4986 Et
1203 4932 1469 5003 quoniam
1489 4932 1848 5003 diligentibus
1869 4934 2048 4987 Deum

444 5021 632 5075 omnia
656 5026 1030 5093 cooperantur
1050 5021 1109 5074 in
1137 5021 1342 5075 bonum
1365 5021 1568 5075 idcirco
1590 5022 1770 5076 modis
1786 5023 2046 5076 omnibus

443 5116 530 5164 est
566 5110 708 5165 bene
756 5111 1037 5181 agendum
1086 5110 1393 5164 secundum
1423 5111 1572 5181 quod
1602 5111 1871 5182 scriptum
1925 5117 2039 5164 est:

444 5200 811 5267 Quodcunque
844 5204 1016 5267 potest
1045 5216 1248 5253 manus
1279 5204 1375 5253 tua
1393 5203 1591 5269 facere,
1625 5206 1903 5254 instanter
1930 5216 2047 5269 ope-

441 5289 649 5342 rare.N
651 5305 714 5342 os
725 5305 857 5359 ergo
872 5288 988 5342 hazc
1008 5300 1176 5359 atque
1196 5288 1283 5343 his
1298 5289 1506 5343 similia
1520 5290 1576 5343 in
1598 5296 1920 5343 sanctorum
1937 5288 2045 5342 Pa-

441 5382 593 5432 trum
606 5366 901 5432 sententiis
922 5377 1228 5448 prudenter
1247 5378 1661 5449 salubriterque
1679 5379 1825 5432 dicta
1846 5394 2045 5448 appro-

2122 4220 2318 4286 tiﬁcio,
2352 4236 2480 4274 cum
2529 4224 2734 4276 nostra;
2789 4221 2995 4276 mentis
3050 4221 3307 4277 interiori
3361 4223 3727 4289 discussione,

2122 4315 2245 4365 tum
2275 4309 2664 4377 religiosorum
2688 4311 2779 4381 pia
2807 4312 3193 4379 collocutione,
3227 4312 3498 4383 cuapimus
3520 4312 3733 4366 sollici-

2122 4400 2237 4454 tius
2260 4399 2545 4453 reminisci
2574 4399 2770 4454 salutis
2799 4406 3003 4455 nostras
3028 4402 3246 4455 animae.
3268 4402 3521 4471 Cumque
3542 4401 3612 4454 ad
3630 4402 3738 4455 hoc

2123 4487 2265 4542 bene
2299 4487 2594 4558 profutura
2640 4490 2973 4543 occurrisset
3024 4488 3246 4543 Domini
3292 4488 3573 4543 sententia
3622 4506 3738 4560 qua

2125 4577 2364 4631 dicitur:
2396 4578 2529 4630 Date
2556 4581 3013 4645 eleemosynamct
3037 4584 3227 4631 omnia
3256 4579 3469 4631 munda
3484 4584 3733 4632 suntvo-

2128 4669 2224 4727 bz’s,
2255 4666 2579 4737 supervenit
2597 4667 2758 4719 nobis
2778 4668 2991 4721 cunctis
3012 4666 3373 4721 charissimus
3398 4672 3455 4720 et
3473 4668 3737 4722 omnibus

2126 4755 2491 4809 charissimus
2522 4754 2903 4825 praeferendus
2938 4755 3268 4809 venerabilis
3307 4755 3534 4810 nomine
3569 4756 3738 4811 Walo

2129 4845 2300 4898 abbas
2326 4844 2562 4898 cmnobii
2594 4845 2784 4898 Sancti
2815 4846 3033 4898 Arnulﬁ
3065 4845 3348 4915 quondam
3379 4846 3735 4900 memorandi

2128 4939 2299 5004 atque
2349 4949 2573 5003 semper
2623 4934 2926 4987 venerandi
2977 4934 3527 4989 Mediomatricorum
3577 4934 3738 4989 urbis

2129 5021 2491 5094 episcopi,cui
2508 5028 2564 5075 et
2588 5022 2801 5093 aliquid
2815 5024 3064 5077 humana
3081 5023 3373 5076 nobilitate
3402 5023 3729 5093 loquamur,

2129 5112 2362 5165 Carolus
2386 5127 2625 5180 magnus
2650 5110 2959 5182 imperator
2978 5129 3042 5165 ac
3062 5112 3329 5182 patricius
3351 5112 3737 5168 Romanorum

2126 5201 2185 5254 in
2205 5199 2586 5269 generationis
2628 5200 2779 5254 linea
2816 5201 3191 5271 quadrincpos
3235 5200 3466 5254 exstitit.
3496 5201 3574 5255 Ut
3603 5219 3734 5257 vero

2126 5290 2208 5355 ﬁt,
2267 5305 2389 5343 cum
2438 5288 2587 5342 inter
2634 5305 2736 5342 nos
2784 5296 2953 5360 atque
2999 5289 3325 5359 praedictum
3374 5288 3636 5343 abbatem
3664 5292 3734 5346 de

2128 5378 2320 5433 multis
2348 5394 2533 5432 sermo
2564 5382 2712 5430 esset
2738 5383 2912 5442 ortus,
2961 5384 3300 5448 conquestus
3346 5383 3430 5431 est
3471 5379 3621 5448 quod
3660 5379 3731 5434 ab

445 5440 962 5537 bantes,totiusqu-e
988 5467 1238 5521 veritatis
1261 5468 1528 5521 ﬁrmitate
1554 5440 1795 5521 subnixa
1825 5440 2045 5520 ratione
2062 5440 2108 5496 υ
2127 5466 2399 5537 improbis
2431 5466 2753 5519 hominibus
2779 5440 2956 5520 multa
2968 5440 3256 5537 pateretur
3273 5440 3567 5537 dispendia
3590 5485 3729 5538 prae-

442 5554 796 5624 apertissima
829 5556 1260 5626 perpendentes,
1292 5563 1592 5627 postquam
1648 5562 1876 5609 auctore
1928 5556 2043 5609 Deo
2127 5556 2307 5609 dictus
2335 5555 2508 5620 locus,
2532 5554 2743 5607 addens
2768 5556 2969 5609 annale
3015 5561 3322 5609 mercatum
3352 5557 3731 5626 quorumdam

442 5642 898 5719 promotisumus
926 5645 985 5699 in
1005 5646 1174 5717 hujus
1201 5651 1407 5701 sanctae
1435 5644 1700 5700 Metensis
1726 5645 1874 5699 sedis
1903 5661 2046 5717 pon-
2128 5644 2393 5711 factione,
2427 5644 2524 5714 qui
2571 5660 2736 5697 suum
2783 5644 3001 5699 lucrum
3049 5645 3340 5717 deputant,
3374 5644 3422 5699 si
3461 5644 3586 5699 aliis
3617 5646 3729 5700 dis-
