3914 6354
107 334 246 393 1185

1252 331 1348 387 DE
1383 328 1752 386 TRANSITU
1789 292 2226 391 HERIMANNI.

3231 333 3382 393 1186

102 458 372 531 pendium
400 457 663 520 inferant,
685 456 1194 528 imprmsentiarum
1223 455 1373 509 male
1401 455 1707 523 sublatum,
1724 456 1854 516 Aut
1878 458 1940 513 in
1967 458 2174 514 talibus
2214 459 2442 527 assolet,
2487 459 2574 514 vel
2618 459 2833 529 injuria
2876 457 3193 530 contigerit,
3224 476 3375 515 sum-

103 547 455 619 temporibus
496 546 673 601 nostri
721 545 1147 617 praedecessoris
1178 551 1384 599 sanctae
1416 545 1704 599 memoriae

104 636 478 691 Adelberonis
507 637 627 707 jam
674 634 1042 706 quadriennio
1087 634 1343 688 habitum
1390 634 1447 688 in
1477 634 1704 688 dedica-

101 725 249 778 tione
277 725 465 795 ipsius
511 724 786 779 Ecclesiae.
819 724 979 778 Unde
1009 740 1110 776 nos
1158 723 1449 793 cupientes
1475 726 1705 792 proten-

102 815 227 868 dere
257 830 404 884 opus
432 813 836 867 misericordiae
875 813 935 866 in
963 812 1202 866 salutem
1252 816 1457 865 nostrae
1484 810 1704 873 animae,

104 908 267 974 atque
299 902 362 956 in
395 902 751 957 commodum
788 901 1063 965 Ecclesiae,
1109 900 1367 972 precibus
1400 899 1578 970 ipsius
1609 897 1710 952 ab-

108 992 246 1046 batis
272 1008 499 1046 necnon
523 990 958 1062 religiosissima;
987 995 1158 1061 atque
1186 987 1417 1059 virginis
1437 988 1552 1042 Deo
1573 1004 1707 1041 con-

105 1086 332 1136 sacrata:
359 1080 505 1134 inibi
555 1080 788 1134 reclusae
833 1079 1073 1133 dominae
1121 1076 1349 1132 nomine
1390 1077 1703 1144 Hodiernae,

106 1171 476 1240 omniumque
504 1169 745 1223 fratrum
775 1168 870 1239 pia
916 1166 1345 1239 supplicatione,
1375 1170 1543 1237 atque
1570 1183 1708 1221 una-

105 1260 238 1314 nimi
264 1275 550 1313 consensu
587 1263 906 1312 nostrorum
958 1256 1229 1322 ﬁdelium,
1264 1255 1614 1309 restituimus
1651 1261 1709 1309 et

109 1349 462 1403 reddidimus
479 1347 666 1419 ipsum
688 1347 890 1412 forum,
922 1346 980 1399 in
1008 1344 1387 1416 [solemnitate
1407 1344 1585 1415 ipsius
1606 1345 1706 1399 de-

103 1437 396 1493 dicationis
426 1436 832 1508 perpetualiter
872 1434 1221 1491 habendum.
1267 1434 1344 1488 Ut
1388 1432 1567 1503 igitur
1604 1449 1707 1488 nos

102 1527 174 1597 pii
192 1526 380 1597 operis
403 1530 759 1580 exsecutores
788 1540 1110 1578 mereamur
1127 1521 1366 1577 caelestis
1393 1521 1555 1591 regni
1583 1520 1706 1575 ﬁeri

104 1614 426 1685 participes,
456 1613 728 1685 quidquid
757 1612 934 1667 nostri
957 1612 1103 1682 juris
1133 1611 1191 1664 in
1221 1611 1343 1681 ipso
1369 1610 1488 1664 foro
1509 1609 1706 1664 haberi

107 1704 503 1774 comperimus,
529 1702 605 1756 nil
629 1701 789 1756 nobis
813 1702 1215 1771 relinquentes,
1245 1705 1426 1753 totum
1452 1698 1703 1753 servien-

1786 562 1938 600 mam
1967 548 2131 618 pretii
2157 564 2327 619 quam
2375 548 2463 602 lex
2489 564 2592 619 pro
2620 548 2865 603 vindicta
2908 548 3085 619 culpae
3114 549 3378 617 exegerit,

1787 636 1941 689 nullo
1973 636 2253 691 retinente
2282 635 2454 691 abbas
2482 636 2734 707 accipere
2753 635 2994 690 debebit.
3016 635 3386 691 Obsecramus

1788 724 2015 778 tandem
2047 732 2276 779 cunctos
2324 731 2451 797 post
2497 743 2599 780 nos
2647 730 2913 779 venturos
2941 725 3254 796 pontiﬁces,
3286 740 3388 795 per

1791 828 1985 866 omnes
2032 814 2256 868 Domini
2297 814 2706 879 miserationes,
2747 819 2806 868 et
2856 830 2958 884 per
2993 813 3387 868 auctoritatem

1791 899 2085 956 duodecim
2133 904 2536 974 apostolorum,
2566 902 2876 974 praesertim
2919 902 3100 957 sancti
3155 902 3387 957 Joannis

1793 989 2141 1045 dilectissimi
2170 992 2414 1058 Domini,
2448 993 2608 1063 cujus
2654 993 2713 1046 in
2761 992 2991 1063 praefato
3043 992 3383 1046 monasterio

1787 1078 1925 1132 dens
1950 1079 2190 1133 habetur
2218 1085 2276 1133 et
2304 1085 2622 1146 veneratur,
2656 1085 2720 1134 ut
2747 1080 3140 1133 conﬁrmatum
3153 1078 3386 1134 cstinibi

1788 1167 2123 1221 auctoritate
2152 1167 2301 1221 beati
2324 1168 2459 1222 noni
2488 1168 2689 1223 Leonis
2721 1184 2896 1239 papae,
2917 1174 2974 1221 et
3002 1184 3103 1238 per
3129 1184 3383 1222 amorem

1788 1255 2039 1310 omnium
2071 1262 2411 1317 sanctorum.
2440 1274 2654 1312 necnon
2688 1263 2745 1311 et
2781 1257 3133 1311 obtestamur
3158 1274 3262 1328 per
3288 1273 3387 1311 no-

1788 1349 1965 1397 stram
1995 1360 2162 1414 quam
2193 1360 2228 1397 a
2254 1345 2371 1398 Deo
2400 1345 2717 1415 accepimus
2745 1350 3099 1415 potestatem,
3120 1349 3185 1398 ut
3202 1360 3383 1414 neque

1788 1450 1824 1487 a
1850 1448 1909 1486 se
1934 1449 2117 1503 neque
2150 1450 2182 1486 a
2213 1432 2463 1504 quolibet
2483 1433 2707 1487 irritum
2732 1433 2850 1487 ﬁeri
2876 1432 3210 1504 permittant
3228 1433 3382 1491 istud

1789 1538 1929 1592 opus
1960 1521 2374 1589 misericordiae,
2399 1522 2544 1593 quod
2574 1522 2781 1593 scripto
2809 1523 3071 1593 praesenti
3100 1527 3158 1576 et
3198 1527 3385 1577 aucto-

1787 1610 1954 1664 ritate
1972 1617 2177 1665 nostrae
2208 1627 2429 1678 manus,
2444 1611 2880 1682 nominibusque
2899 1616 3223 1666 nostrorum
3252 1611 3386 1666 ﬁde-

1785 1699 1923 1753 lium
1951 1700 2368 1754 conﬁrmamus.

113 1792 256 1847 tibus
274 1793 396 1847 Deo
428 1790 567 1845 inibi
604 1791 766 1845 fratri
797 1789 1155 1856 contulimus,
1188 1788 1472 1859 deputatis
1510 1787 1703 1842 decem
1721 1809 1769 1869 Β
1856 1788 1971 1858 Ego
2002 1788 2378 1843 Hcrimannus
2401 1787 2667 1843 Metensis
2694 1787 2951 1843 Ecclesiae
2971 1788 3177 1860 praesul
3199 1786 3386 1859 signa-

104 1881 284 1936 solidis
313 1881 473 1935 inter
500 1877 1326 1952 primicerium,thesaurarium
1351 1882 1520 1947 atque
1541 1893 1704 1931 cano-

1787 1895 1858 1932 Vl.

105 1971 252 2025 nicos
281 1970 472 2024 sancti
501 1968 772 2040 Stephani
816 1972 874 2020 et
901 1967 1231 2020 advocatum
1259 1965 1516 2030 civitatis,
1572 1982 1707 2036 quo-

103 2077 219 2114 rum
253 2060 488 2131 quidem
515 2058 764 2129 quinque
792 2056 1000 2110 dantur
1028 2071 1130 2126 pro
1160 2054 1518 2109 restitutione
1545 2071 1707 2108 num-

104 2165 317 2203 morum
349 2148 451 2220 qui
479 2146 589 2201 sibi
633 2145 1002 2200 conferuntur
1047 2143 1117 2198 de
1168 2143 1401 2214 privatis
1442 2143 1704 2197 mercatis

1859 1966 2091 2037 Signum
2112 1967 2417 2038 primicerii
2439 1966 2829 2022 Adalberonis.

1859 2055 1914 2113 S.
1949 2055 2192 2110 Ricberii
2220 2056 2628 2112 archidiaconi.

1858 2145 1915 2199 S.
1949 2145 2218 2199 Gernoldi
2247 2144 2646 2199 archidiaconi.

1857 2233 1912 2287 S.
1944 2233 2191 2288 Udelrici
2220 2233 2619 2288 archidiaconi.

1857 2322 1914 2378 S.
1941 2322 2173 2376 Joannis
2200 2321 2441 2380 Erarii.

1858 2410 1917 2467 S.
1948 2410 2182 2465 Comitis
2210 2410 2479 2470 Folmari.

1856 2499 1912 2554 S.
1946 2500 2230 2554 Cuonradi
2258 2499 2500 2555 comitis.

1857 2588 1914 2643 S.
1947 2587 2283 2644 Herimanni
2312 2588 2560 2646 comitis.

1853 2676 1910 2731 S.
1944 2678 2157 2732 Udonis
2183 2678 2427 2732 comitis.

1859 2766 1917 2824 S.
1949 2766 2229 2820 Rothiridi
2260 2766 2330 2819 de
2360 2764 2635 2819 Prisneio.

1853 2854 1908 2909 S.
1941 2854 2224 2908 Cuononis
2252 2854 2321 2907 de
2348 2853 2610 2908 Tincber.

1855 2944 1911 2998 S.
1947 2942 2260 2997 Burchardi
2292 2941 2563 2997 advocati.

1856 3032 1912 3086 S.
1944 3029 2174 3085 Joannis
2202 3029 2371 3101 primi
2397 3028 2694 3084 scabionis.

1863 3120 1920 3175 S.
1952 3119 2199 3175 Alterici.

1863 3209 1921 3263 S.
1950 3207 2168 3262 abbatis
2191 3206 2462 3262 Walonis.

107 2244 222 2292 octo
252 2239 497 2292 dierum.
543 2234 657 2291 Alii
703 2234 1050 2288 nilhominus
1098 2232 1307 2287 dantur
1340 2232 1608 2302 quinque,
1641 2236 1706 2287 ut

106 2343 200 2381 nos
229 2330 510 2382 exacuunt
535 2324 595 2378 in
623 2341 683 2378 se
715 2323 942 2378 dentem
990 2321 1212 2375 invidiae
1255 2320 1315 2374 in
1369 2320 1531 2374 bmiis
1572 2337 1705 2392 pro-

111 2415 360 2471 ventibus
391 2416 656 2478 fratrum,
687 2412 784 2467 sed
813 2411 1101 2482 gaudeant
1135 2426 1265 2464 cum
1304 2409 1700 2480 gaudentibus,

109 2509 167 2557 ut
206 2506 307 2560 ﬁat
351 2503 507 2576 quod
554 2501 825 2573 scriptum
858 2505 946 2555 est
977 2518 989 2552 :
1024 2501 1176 2567 Quod
1202 2500 1372 2552 vultis
1400 2503 1461 2551 ut
1490 2500 1704 2566 faciant

110 2595 248 2647 vobis
268 2596 586 2648 homineset
611 2608 701 2645 vos
730 2591 917 2644 eadem
937 2591 1102 2657 facite
1131 2590 1265 2641 illis.
1288 2587 1569 2641 Praeterea
1581 2588 1703 2656 jam

109 2681 279 2736 dictus
318 2683 624 2737 advocatus
653 2695 905 2734 seorsum
943 2678 1079 2731 item
1108 2676 1320 2747 accepit
1346 2676 1537 2729 decem
1568 2676 1702 2730 soli-

111 2770 201 2825 dos
243 2776 300 2825 et
341 2776 465 2825 tres
495 2768 692 2823 decani
723 2773 892 2838 atque
948 2764 1195 2819 scabinio
1238 2771 1428 2818 ternos
1472 2764 1696 2831 solidos,

118 2858 312 2929 singuli
340 2859 404 2912 in
432 2856 749 2911 mercedem
778 2854 866 2909 sui
897 2853 1084 2918 officii,
1102 2857 1381 2924 quatenus
1408 2868 1590 2923 neque
1618 2851 1702 2906 in-

110 2946 232 3001 ferri
260 2965 295 3002 a
323 2946 600 3017 quolibet,
640 2960 824 3015 neque
853 2943 1043 2996 sinant
1069 2940 1407 3012 injustitiam
1437 2941 1522 2994 vel
1551 2940 1703 3012 inju-

111 3036 241 3090 riam
270 3036 392 3108 pati
422 3032 745 3106 quemlibet.
782 3033 957 3086 Extra
988 3032 1091 3085 hos
1120 3029 1363 3100 denique
1390 3028 1624 3099 triginta
1648 3034 1707 3083 et

111 3125 238 3179 duos
273 3124 507 3186 solidos,
540 3121 710 3176 nullis
737 3120 812 3174 sit
863 3119 1110 3185 omnino,
1165 3118 1250 3172 vel
1292 3117 1567 3188 exigendi,
1614 3119 1701 3173 vel

109 3214 378 3270 retinendi
404 3213 602 3282 iniqua
618 3209 998 3282 praesumptio.
1026 3207 1085 3263 Si
1114 3223 1225 3278 qua
1244 3223 1374 3261 vero
1401 3206 1698 3276 injustitia,

119 3387 3364 3414 W

837 3528 1020 3619 DE
1076 3522 1751 3621 TRANSITU
1807 3522 2616 3625 HERIMANNI.

1056 3745 1250 3824 (HUGO
1282 3738 1651 3813 Flaviniac.,
1688 3737 1967 3799 Chronic.
2002 3737 2080 3797 ad
2114 3755 2220 3797 an.
2250 3733 2455 3815 1090.)

172 4036 669 4110 Appropinquante
693 4053 822 4092 vero
847 4036 938 4090 die
966 4035 1341 4090 determinato
1371 4034 1441 4088 ad
1466 4033 1704 4088 transfe-
1782 4046 1932 4097 rum,
1965 4035 2030 4085 ut
2048 4028 2170 4084 sine
2198 4029 2347 4096 dolo,
2390 4029 2510 4083 sine
2537 4027 2915 4092 simulatione,
2946 4029 3257 4083 tractarent
3284 4046 3381 4084 ne-

115 4124 309 4179 rendas
360 4125 706 4180 venerabiles
747 4125 1013 4196 reliquias
1054 4125 1137 4192 (S.
1178 4123 1511 4191 Clementis),
1553 4122 1703 4177 vires
1782 4118 2000 4190 gotium
2030 4117 2287 4173 Ecclesiae
2307 4117 2365 4171 in
2393 4116 2633 4187 simplici
2656 4120 2714 4171 et
2740 4116 2893 4170 nuda
2913 4115 3164 4183 veritate,
3189 4121 3245 4171 et
3265 4134 3382 4173 om-

122 4214 308 4269 tenues
336 4214 578 4268 Domino
606 4220 890 4268 annuente
918 4213 1551 4284 recepit(Herimann.),
1571 4212 1705 4266 etin
1784 4207 1949 4262 nibus
1981 4207 2243 4262 ultimum
2272 4207 2396 4261 vale
2437 4206 2594 4271 dixit,
2633 4222 2761 4259 cum
2800 4204 3044 4259 mirabili
3082 4204 3381 4262 verborum

121 4301 495 4357 transferendo
522 4302 688 4357 beato
716 4300 1004 4356 Clemente
1033 4302 1165 4358 Kal.
1192 4301 1461 4355 Maiicum
1481 4315 1704 4354 summa
1722 4349 1758 4358 _
1786 4302 1844 4351 et
1863 4297 2051 4351 vultus
2079 4296 2392 4350 affectione.
2425 4294 2528 4349 Die
2554 4293 2726 4348 tertio
2766 4294 2914 4348 circa
2932 4294 3135 4348 horam
3173 4312 3381 4351 nonam

119 4386 239 4444 cleri
266 4390 555 4462 plebisque
609 4391 905 4445 devotione
934 4391 1123 4445 divina
1147 4390 1332 4461 gratia
1359 4349 1768 4443 desiderium!)
1782 4385 2104 4456 intelligens
2155 4401 2319 4439 suum
2364 4383 2668 4438 transitum
2714 4382 3030 4450 imminere,
3090 4385 3382 4440 convocari

120 4477 226 4545 ejus
240 4479 705 4551 implevit,ettota
722 4479 1372 4549 urbe,imototaregione
1384 4478 1453 4532 ad
1470 4477 1701 4532 verbum
1782 4476 1984 4530 fratres
2000 4474 2189 4545 jussit,
2226 4478 2284 4527 et
2318 4473 2464 4527 ﬁlios
2502 4478 2752 4528 astantes
2793 4490 2864 4527 ne
2884 4473 3141 4528 dolerent
3167 4491 3297 4529 voce
3326 4480 3383 4529 et

120 4568 519 4634 praedicationis
531 4569 579 4639 ej
588 4586 653 4622 us
664 4574 967 4630 astante,et
977 4569 1047 4623 de
1062 4585 1159 4623 ore
1175 4569 1297 4639 ejus
1310 4584 1435 4622 rore
1446 4583 1701 4638 supernae
1784 4580 1956 4618 manu
1985 4563 2345 4635 compescuit.
2364 4563 2414 4616 A
2435 4561 2637 4632 quibus
2664 4579 2794 4616 cum
2819 4561 3266 4633 interrogaretur
3291 4564 3383 4618 cui

122 4653 419 4711 dulcedinis
439 4657 1032 4723 distillante,omnibus
1050 4657 1341 4723 absolutis,
1369 4662 1427 4711 et
1443 4654 1701 4710 abomni-
1786 4668 1880 4706 eos
1927 4651 2210 4705 desolatos
2264 4648 2629 4721 relinqueret,
2687 4649 2821 4720 quid
2867 4649 2947 4704 eis
2991 4650 3319 4722 praeciperet
3367 4670 3379 4705 :

121 4739 212 4798 bus
241 4746 402 4818 quasi
431 4745 501 4800 ab
529 4747 650 4817 ipso
678 4747 794 4801 Deo
816 4745 1163 4800 absolutione
1183 4746 1377 4817 petita,
1400 4745 1629 4799 tandem
1646 4744 1703 4798 in
1787 4741 2112 4796 Commendo
2159 4756 2266 4799 vos,
2302 4738 2402 4801 ait,
2453 4740 2588 4802 Deo;
2621 4742 2755 4791 state
2787 4741 2849 4792 in
2878 4740 2981 4805 ﬁde
3031 4744 3083 4792 et
3128 4741 3383 4794 doctrina

122 4833 336 4889 auribus
364 4834 625 4889 omnium
646 4835 1000 4901 desideravit,
1036 4835 1263 4889 dicens:
1297 4835 1516 4902 Sufﬁcit
1537 4835 1699 4891 mihi.
1788 4831 1929 4883 beati
1967 4830 2135 4891 Petri,
2184 4830 2328 4880 sicut
2354 4843 2390 4879 a
2416 4827 2811 4879 successoribus
2855 4829 2972 4894 ejus
3010 4832 3059 4881 et
3088 4828 3303 4881 vidistis
3332 4833 3384 4882 et

123 4936 149 4971 0
191 4927 411 4978 utinam
454 4927 709 4992 respiciat
738 4926 897 4987 Deus,
932 4928 981 4978 et
1010 4927 1173 4992 ﬁniat
1223 4925 1430 4977 labores
1459 4940 1621 4985 meos,
1655 4926 1705 4976 et
1787 4918 2044 4971 audistis.
2105 4915 2173 4969 Et
2227 4919 2355 4985 post
2404 4914 2522 4969 haec
2574 4931 2769 4968 omnes
2817 4913 3169 4982 benedicens,
3221 4916 3383 4987 signo

122 5015 371 5081 suscipiat
400 5014 464 5065 in
488 5028 620 5080 pace
649 5016 913 5081 spiritum
934 5029 1119 5066 meum
1142 5029 1245 5081 per
1263 5015 1705 5067 intercessionem
1788 5005 1966 5061 crucis
2016 5021 2077 5059 se
2124 5003 2382 5069 munivit,
2432 5007 2489 5057 et
2538 5002 2797 5057 invocata
2840 5008 3035 5058 sancta
3082 5004 3381 5072 Trinitate,

123 5104 285 5154 sancti
312 5100 625 5162 Clementis,
659 5105 818 5169 cujus
849 5104 1298 5154 sacratissimum
1327 5117 1522 5169 corpus
1551 5101 1705 5155 hodie
1788 5100 1999 5149 sanctae
2028 5093 2220 5147 Mariae
2247 5110 2308 5147 se
2338 5092 2758 5157 commendans,
2793 5108 3093 5146 commune
3139 5095 3384 5164 patroci-

123 5189 304 5253 videre,
333 5192 566 5257 palpare
589 5194 637 5242 et
659 5192 964 5257 transferre
989 5193 1282 5258 magniﬁco
1303 5206 1532 5244 munere
1554 5191 1707 5243 nobis
1789 5184 1947 5238 nium
1978 5188 2301 5237 sanctorum
2332 5180 2660 5252 implorans,
2692 5180 2869 5234 oculis
2918 5186 2976 5235 et
3026 5182 3286 5237 manibus
3326 5184 3386 5238 in

127 5275 179 5327 de
189 5282 305 5333 calo
315 5279 584 5331 donatum
606 5283 681 5332 est
701 5283 719 5330 !
737 5277 852 5332 Sub
870 5278 975 5331 hac
997 5294 1126 5332 voce
1148 5278 1386 5349 populus
1406 5277 1705 5348 ingemuit,
1791 5274 1991 5327 coelum
2014 5271 2262 5337 elevatis,
2286 5270 2407 5324 sine
2426 5269 2541 5323 ullo
2563 5268 2802 5339 strepitu
2823 5268 2973 5323 vocis
3003 5274 3060 5322 et
3085 5275 3242 5324 motu
3270 5288 3389 5326 cor-

128 5375 175 5414 et
198 5362 370 5416 fracto
413 5361 695 5432 ﬁnemque
741 5361 997 5415 laborum
1027 5361 1352 5432 imploranti
1398 5362 1706 5418 condoluit.
1791 5363 1962 5434 poris,
1998 5361 2159 5433 quasi
2189 5358 2565 5423 obdormiens,
2598 5356 2859 5428 spiritum
2890 5357 3094 5412 emisit.
3121 5360 3389 5429 Sequenti

128 5441 338 5504 Duobus
357 5448 555 5503 diebus
574 5449 1048 5504 intercedentibus
1070 5451 1240 5522 quaesi
1262 5451 1527 5522 praesagis
1546 5452 1712 5505 vicini
1794 5456 1955 5506 nocte
1975 5450 2238 5522 apparuit
2263 5449 2483 5504 cuidam
2524 5447 2724 5502 dilecto
2744 5463 2864 5512 suo,
2907 5462 3075 5518 quem
3121 5447 3181 5501 in
3208 5448 3389 5504 ﬁlium

148 5538 403 5598 ransitus,
450 5538 708 5593 ﬁdelibus
765 5539 1022 5593 Ecclesiae
1068 5540 1190 5594 ﬁeri
1222 5540 1484 5612 epistolas
1520 5541 1709 5610 jussit,
1795 5541 2180 5611 adoptaverat,
2205 5538 2304 5609 qui
2337 5554 2461 5592 cum
2485 5537 2688 5608 psalmi
2706 5540 3070 5591 cantarentur
3084 5553 3197 5608 prae
3217 5536 3391 5592 tristi-

135 5638 285 5681 orans
321 5630 380 5682 et
407 5625 677 5697 adjurans
711 5643 815 5698 per
848 5627 1128 5683 viventem
1155 5628 1214 5684 in
1252 5629 1458 5685 saecula
1483 5629 1710 5685 saeculo-
1794 5629 1879 5684 tia
1905 5627 2309 5698 obdormierat,
2347 5625 2426 5681 ait
2470 5625 2555 5680 illi
2588 5643 2602 5679 :
2633 5625 2762 5682 Noli
2800 5630 3018 5682 mestus
3058 5642 3166 5681 esse
3206 5627 3394 5683 salvus
