3914 6392
485 366 619 435 “91
790 340 801 347 “
1538 360 1889 417 GUIDONIS
1922 359 2228 415 ABBATIS
2265 357 2686 415 FARFENSIS.
3615 354 3757 413 1192

479 492 605 559 Quo
633 490 814 547 crucis
842 489 1158 545 almiﬂuum
1187 486 1398 542 meruit
1423 501 1757 557 cognoscere
1783 485 2025 556 signum,
2083 485 2144 546 Α
2160 484 2294 550 Quae
2321 484 2539 555 fulgore
2565 483 2655 538 sui
2680 481 2985 555 superabat
3003 479 3222 536 lumina
3246 478 3465 535 Phoebi.

479 583 545 637 In
574 599 685 652 quo
715 580 985 653 percepit,
1021 595 1123 633 cur
1149 577 1230 631 sic
1254 574 1521 630 animalia
1549 576 1674 636 fixa,
2160 572 2206 627 Ο
2237 571 2461 625 Domini
2486 572 2681 642 pietas,
2714 569 2938 625 Domini
2966 569 3225 623 miranda
3253 572 3502 640 potestas
3527 567 3539 620 l

482 671 713 732 Sistant,
744 668 947 740 quidve
976 667 1135 728 ferat,
1168 666 1254 719 vel
1277 665 1406 718 talis
1432 664 1559 718 ﬁxio
1583 667 1793 733 poscat.
2160 660 2338 724 Quam
2366 660 2507 713 bene
2525 659 2811 721 sublimat,
2845 659 2931 712 vel
2963 675 3086 729 quae
3114 657 3378 728 disponit,
3411 655 3664 727 Opimat!

481 758 639 812 Tunc
667 756 1140 827 circumspiciens,
1165 760 1223 808 et
1250 753 1493 825 plurima
1522 757 1709 805 mente
1732 751 2037 816 revolvens,
2159 749 2415 819 Namque
2447 749 2600 802 locus
2628 748 2845 818 pridem
2876 764 2989 801 non
3018 747 3223 813 cultus,
3246 746 3446 799 visitur
3474 745 3649 805 idem,

480 846 727 900 Advocat
757 845 1059 916 agricolam
1092 843 1216 905 sibi,
1234 858 1398 913 quem
1423 857 1596 912 prope
1615 840 1795 893 cernit
1820 844 2074 893 arantem
2156 839 2341 908 Atque
2368 837 2777 908 frequentatur,
2811 836 3030 899 colitur,
3064 834 3424 905 Dominoque
3452 837 3734 895 sacratur,

482 933 564 988 De
593 934 754 1004 cujus
785 932 1034 994 stimulo,
1068 932 1228 1001 signo
1260 930 1440 984 crucis
1472 929 1734 999 efﬁgiato,
2164 926 2231 980 In
2261 942 2371 996 quo
2392 926 2628 997 leprosis
2657 924 2891 990 curatio,
2922 925 3113 978 lumen
3144 929 3201 978 et
3230 922 3402 989 orbis,

481 1022 754 1093 Reliquiis
774 1021 973 1092 positis
997 1019 1179 1075 inﬁxit
1208 1019 1404 1083 humo,
1437 1023 1607 1087 atque
1634 1014 1888 1070 recessit.
2165 1014 2360 1069 Surdis
2384 1031 2449 1068 ac
2477 1015 2650 1068 mutis
2676 1019 3014 1085 reparantur
3041 1013 3191 1067 dona
3218 1012 3439 1067 salutis.

481 1111 557 1165 At
586 1127 744 1165 sacer
772 1111 866 1164 ille
896 1111 1068 1171 locus,
1103 1109 1354 1162 Audoem‘
1383 1107 1534 1161 Urna;
1558 1104 1855 1166 vocitatur,
2158 1102 2315 1157 Tunc
2334 1102 2410 1156 ibi
2430 1103 2686 1156 salviﬁcae
2714 1102 2915 1165 crucis,
2951 1108 3121 1173 atque
3149 1100 3250 1156 Dei
3280 1100 3385 1155 sub
3417 1102 3653 1163 honore,

485 1197 552 1253 In
591 1215 702 1269 quo
733 1198 1012 1252 mirantur
1032 1196 1289 1257 virtutes,
1326 1201 1494 1265 atque
1525 1197 1842 1265 patrantur,
2160 1192 2229 1245 Et
2264 1192 2442 1262 patris
2466 1191 2741 1256 Audoeni,
2774 1191 2901 1245 vitae
2932 1190 3147 1244 meritis
3178 1189 3490 1255 reverendi,

479 1287 764 1358 Praecipue
792 1287 1036 1358 primum
1069 1302 1178 1356 quo
1209 1283 1446 1354 contigit
1471 1298 1593 1337 esse
1613 1286 1915 1337 sacratum.
2160 1280 2454 1334 Fundatur
2478 1280 2755 1351 templum
2776 1279 3064 1334 Leutfredi
3085 1278 3254 1333 rebus
3281 1279 3587 1333 adauctum
3622 1296 3637 1333 :

479 1377 606 1431 Non
625 1382 920 1447 postquam
937 1373 1180 1445 geminis
1207 1373 1482 1426 mundum
1509 1386 1617 1424 nox
1644 1369 1812 1423 vestit
1839 1368 1962 1431 alis,
2155 1370 2220 1423 In
2241 1386 2350 1440 quo
2381 1374 2706 1424 sanctorum
2735 1367 3055 1439 disponitur
3074 1367 3211 1422 ordo
3238 1366 3508 1434 virorum,

480 1465 643 1520 Multi
672 1463 1112 1518 ﬂammivoniam
1141 1461 1327 1516 subito
1354 1460 1544 1514 videre
1573 1459 1893 1512 columnam
1916 1475 1929 1525 ;
2156 1456 2227 1511 Et
2250 1457 2390 1528 Regi
2419 1473 2616 1528 regum
2646 1457 2994 1511 famulantur
3017 1472 3167 1511 nunc
3195 1460 3253 1510 et
3278 1455 3338 1510 in
3367 1472 3568 1511 aevum.

1815 1732 1978 1777 ANNO
2022 1732 2240 1777 DOMINI
2281 1733 2405 1777 ΠΧΩ
2416 1762 2431 1777 .

750 1904 1383 2103 GUIDO
1515 1901 3492 2199 ABWARFENSIS.

1416 2303 1966 2416 NOTITIA
2042 2299 2809 2412 HISTORICA.

1140 2512 1413 2591 (FABRIC.
1445 2509 1820 2572 Bibliotheca
1843 2509 2050 2572 media
2075 2517 2135 2571 et
2161 2508 2381 2592 inﬁma:
2412 2507 2750 2587 latinitatis,
2782 2509 2890 2587 III,
2925 2506 3093 2588 130.)

562 2805 726 2862 Circa
744 2820 956 2859 annum
991 2801 1126 2860 1093
1153 2802 1289 2857 vixit
1313 2803 1497 2858 Guido
1524 2803 1834 2857 monachus
1862 2807 2033 2874 atque
2071 2803 2203 2857 inde
2250 2798 3255 2874 post,AHugonemuabbasEarfensis
3290 2796 3538 2874 Acmnobii
3586 2797 3807 2874 beatae-

490 2877 745 2949 Virginis
773 2876 832 2930 in
862 2892 997 2949 agro
1027 2874 1302 2929 Acutiano
1333 2875 1388 2949 in
1419 2874 1660 2939 Sabinis,
1688 2874 1745 2928 in
1761 2870 1968 2949 ducatu
1995 2870 2282 2945 Spoletina
2305 2870 2857 2949 ordinis'ldenedicti,
2877 2871 2966 2949 cui
2994 2870 3120 2924 libri
3138 2871 3250 2925 duo
3276 2872 3349 2949 De
3372 2887 3478 2924 usu
3500 2875 3551 2949 et
3572 2872 3777 2949 ordine

488 2951 562 3003 ad
581 2942 1221 3003 drnandam'Ecclesiam
1250 2947 1595 3010 catholicam,
1632 2962 1725 2999 nec
1746 2962 1857 2999 non
1887 2948 1959 2998 ad
1988 2942 2419 2999 conservandam
2437 2946 2715 3011 regularis
2733 2945 2979 2996 tramitis
3012 2958 3269 2996 normam
3291 2944 3355 2995 in
3381 2942 3620 2996 cmnobio
3637 2942 3776 2995 Far-

488 3022 632 3087 [θη.ςί
660 3036 724 3073 ex
754 3017 970 3073 duobus
1001 3033 1132 3071 mss.
1164 3016 1433 3071 Vaticano
1463 3022 1520 3070 et
1548 3016 1876 3070 monasterii
1907 3016 1964 3070 S.
1999 3016 2159 3070 Pauli
2183 3016 2392 3082 Romae,
2420 3014 2557 3069 editi
2586 3014 2799 3087 suntin
2829 3011 3776 3087 Benedictorumqecongregatione

491 3084 549 3145 S.
581 3089 755 3144 Blasii
786 3089 845 3143 in
876 3088 1256 3159 Sylva-Nigra,
1292 3087 1560 3159 praeclara
1577 3087 1802 3158 Sylloge
1830 3092 2083 3141 veterum
2112 3091 2611 3141 monumentorum
2641 3085 2733 3140 cui
2756 3084 2961 3139 titulus
2993 3101 3005 3137 :
3054 3086 3204 3140 Vetus
3230 3085 3529 3152 disciplina
3558 3099 3777 3139 mona-

488 3164 642 3216 stica.
678 3160 838 3214 Paris
876 3156 1033 3226 1726,
1064 3156 1312 3230 4⁰,Ῥεεῖ
1339 3156 1567 3215 37-132.

1649 3442 2598 3610 GUIDONIS

676 3695 2086 3869 DISCIPLINA
2196 3693 3574 3867 FABFENSIS

1249 4124 1961 4231 MONASTERII
2038 4127 2125 4221 S.
2199 4126 2547 4221 PAULI
2622 4125 3009 4221 ΒΟΜιΈ.

1790 4390 2462 4491 MONITUM.

560 4575 824 4649 Farfense
852 4574 1622 4649 monasteriumppinisabinis
1657 4575 1717 4631 in
1746 4578 1954 4633 ducatu
1997 4577 2319 4649 Spoletano,
2353 4595 2387 4633 a
2429 4582 2622 4632 monte
2649 4574 2991 4649 Acutianum
3020 4574 3253 4649 dictum,
3289 4578 3491 4649 agente
3514 4575 3763 4649 Hugone

490 4645 691 4720 abbate
710 4647 814 4720 sub
844 4648 1013 4720 finem
1042 4665 1077 4701 x
1109 4647 1299 4720 saeculi
1330 4647 1781 4720 Cluniacensium
1807 4645 2241 4704 consuetudines
2270 4650 2498 4720 recepit.
2531 4649 2703 4719 Cujus
2730 4647 2814 4702 rei
2844 4649 3047 4720 seriem
3062 4645 3414 4720 descriptam
3438 4645 3761 4720 habes/in-

490 4718 700 4773 nalium
734 4718 941 4772 Bened.
967 4723 1104 4771 tom.
1133 4718 1229 4788 IV,
1254 4734 1382 4788 pag.
1414 4718 1521 4775 1‘20
1550 4724 1606 4772 et
1634 4719 1757 4774 206.
1788 4721 1878 4774 Hae
1907 4737 2037 4774 vero
2059 4717 2512 4787 consuetudines,
2546 4717 2653 4775 etsi
2675 4736 2800 4773 cum
2833 4720 2997 4774 editis
3026 4717 3271 4773 Udalrici
3289 4717 3449 4771 libris
3473 4718 3625 4788 apud
3655 4718 3763 4772 Da-

488 4790 741 4844 cherium
781 4789 979 4860 Spicil.
1002 4794 1139 4860 tom.
1171 4787 1199 4841 Ι
1227 4804 1382 4842 nova:
1412 4789 1673 4843 editionis
1692 4790 1748 4843 in
1781 4792 2067 4845 nonnullis
2096 4792 2467 4855 consentiant,
2502 4792 2682 4846 multa
2709 4795 2899 4844 tamen
2938 4790 3228 4845 continent
3255 4805 3378 4859 quae
3423 4787 3570 4859 apud
3606 4805 3764 4843 eum-

488 4860 615 4933 dem
642 4859 1451 4933 auctoremdesiderantur,_et
1478 4861 1750 4933 singulari
1789 4862 2176 4933 observatione
2204 4863 2374 4933 digna
2402 4868 2551 4917 sunt.
2586 4863 2648 4916 In
2678 4861 2853 4932 priori
2881 4861 3022 4916 libro
3051 4860 3239 4933 divina
3261 4860 3607 4933 ordinantur
3632 4860 3760 4914 ofﬁ-

489 4932 577 4987 cia
603 4950 615 4986 :
649 4931 708 4986 in
738 4930 1031 5003 posteriori
1060 4930 1335 5003 regularis
1352 4931 2007 5003 disciplinaexplicatur.
2042 4934 2108 4988 ln
2157 4932 2228 4987 iis
2266 4930 2594 4988 Concordia;
2625 4930 2948 5002 regularum
2996 4937 3054 4986 et
3082 4930 3415 5003 traditionis
3440 4930 3760 5003 Hildemari

487 5002 699 5059 mentio
728 5000 809 5073 ﬁt.
835 5003 1139 5073 Propterea
1166 5001 1315 5071 quod
1335 5000 1782 5057 Cluniacensium
1813 5021 1950 5058 usus
1974 5021 2041 5058 ex
2061 5004 2333 5073 Capitulis
2361 5005 2541 5059 sancti
2567 5000 2850 5058 Benedicti
2879 5002 3237 5067 Anianensis,
3261 5001 3357 5072 qui
3384 5000 3757 5056 Concordiam

485 5075 644 5129 illam
669 5072 864 5135 edidit,
886 5072 1181 5145 Adesumpti
1204 5075 1354 5145 sunt.
1388 5073 1737 5145 Describitur
1763 5075 2044 5129 Farfensis
2079 5072 2407 5130 monasterii
2435 5081 2738 5131 structura.
2781 5074 2971 5145 agitur
2998 5074 3365 5145 demensum
3396 5073 3761 5145 vestimento-

488 5162 635 5202 rum.
662 5143 1009 5217 professione
1031 5143 1355 5208 monastica,
1389 5144 1606 5217 abbatis
1624 5145 2030 5217 benedictione,
2063 5145 2345 5217 oblatione
2374 5163 2698 5217 puerorum,
2725 5142 2895 5217 atque
2925 5145 2994 5199 de
3024 5143 3150 5217 aliis
3178 5144 3345 5217 rebus
3376 5142 3758 5217 scitu_dignis-

487 5214 675 5271 simiai
690 5214 913 5270 Eaedem
946 5230 1111 5285 porro
1139 5216 1569 5269 consuetudines
1598 5215 1668 5270 ab
1689 5217 1883 5271 Odone
1912 5216 2264 5270 Cluniacensi
2304 5214 2393 5271 in_
2418 5214 2824 5271 monasterium
2860 5216 3048 5271 Sancti
3080 5215 3241 5270 Pauli
3262 5216 3453 5269 Romae
3476 5214 3667 5281 illatae,
3701 5223 3758 5270 et

485 5294 614 5360 post
640 5287 957 5360 eumqjussu
981 5285 1202 5360 Agapiti
1232 5286 1691 5360 PP_.amonachis
1719 5287 2342 5360 Corziensibusibidem
2362 5290 2605 5360 ﬁrmatae
2625 5290 2874 5342 fuerunt.
2900 5290 3275 5360 Asservantur
3300 5286 3580 5360 bodieque
3592 5286 3755 5341 dictae

370 5344 375 5353 ’
484 5344 915 5414 consuetudines
943 5356 1002 5410 in
1031 5344 1205 5410 Veteri
1223 5357 1409 5412 codice
1429 5358 1756 5412 monasterii
1785 5359 1972 5412 Sancti
2001 5357 2161 5412 Pauli
2190 5358 2246 5412 in
2278 5358 2446 5421 Urbe,
2479 5366 2536 5414 et
2563 5360 2623 5413 in
2643 5360 2754 5414 alio
2784 5375 2889 5413 ms.
2915 5358 3103 5413 codice
3136 5358 3268 5412 olim
3299 5344 3572 5421 Farferisi,
3601 5373 3752 5413 nunc

483 5432 775 5496 Vaticano,
810 5428 915 5483 sub
941 5429 1044 5482 hoc
1058 5428 1224 5482 titulo
1248 5447 1258 5481 :
1283 5430 1483 5498 Incipit
1509 5432 1778 5498 perfectus
1803 5446 1936 5482 usus
1974 5433 2083 5483 sire
2107 5430 2243 5483 ordo
2270 5431 2346 5483 ad
2375 5433 2690 5484 ornandam
2728 5432 3023 5484 Ecclesiam
3054 5430 3397 5491 catholicam,
3416 5444 3512 5481 nec
3539 5444 3654 5481 non
3679 5431 3750 5482 ad

486 5502 917 5556 conservandam
946 5502 1223 5567 regularis
1253 5503 1498 5555 tramitis
1530 5515 1792 5554 normam
1824 5502 1885 5552 in
1904 5501 2136 5554 canobio
2168 5502 2326 5554 beata
2353 5503 2546 5556 Maria:
2572 5516 2782 5568 semper
2807 5504 3043 5569 virginis
3063 5504 3127 5553 in
3145 5515 3279 5567 agro
3307 5501 3579 5554 Acutiano
3607 5515 3747 5553 com-

481 5578 630 5638 ptus.
667 5574 744 5627 Ex
774 5571 975 5641 quibus
995 5571 1212 5625 duobus
1244 5588 1375 5625 mss.
1408 5572 1570 5626 Joan.
1595 5569 1880 5642 Mabillon,
1912 5571 2227 5642 exemplum
2249 5571 2486 5627 describi
2513 5573 2746 5630 curavit.
2772 5572 2920 5642 quod
2951 5572 3037 5625 vir
3049 5569 3490 5642 humanissimus
3519 5569 3586 5624 D.
3612 5570 3743 5642 Yin-

487 5642 706 5697 centius
724 5639 1086 5697 Tliuillierius
1107 5658 1174 5697 ex
1198 5642 1450 5712 ejusdem
1469 5658 1678 5697 musaeo
1706 5641 1847 5696 mihi
1876 5639 2169 5698 concessit.
2190 5643 2469 5701 Caeterum
2490 5648 2597 5699 etsi
2616 5639 3049 5699 consuetudines
3074 5643 3195 5698 ista;
3218 5658 3254 5696 a
3279 5639 3739 5696 Cluniacensibus
