  <div class='ocr_page' id='page_1' title='image "/cluster/home/n/w/nwhite01/storage/ocr_20150623/150/umn.31951002477443u/672.png"; bbox 0 0 3914 6382; ppageno 0'>
   <div class='ocr_carea' id='block_1_1' title="bbox 132 330 262 388">
    <p class='ocr_par' dir='ltr' id='par_1_1' title="bbox 132 330 262 388">
     <span class='ocr_line' id='line_1_1' title="bbox 132 330 262 388; baseline 0.008 -1"><span class='ocrx_word' id='word_1_1' title='bbox 132 330 262 388; x_wconf 84' lang='grc'><strong>1193</strong></span> 
     </span>
    </p>
   </div>
   <div class='ocr_carea' id='block_1_2' title="bbox 1307 333 2181 394">
    <p class='ocr_par' dir='ltr' id='par_1_2' title="bbox 1307 333 2181 394">
     <span class='ocr_line' id='line_1_2' title="bbox 1307 333 2181 394; baseline 0.002 -4"><span class='ocrx_word' id='word_1_2' title='bbox 1307 333 1722 393; x_wconf 82' lang='lat' dir='ltr'><strong>DISCIPLINA</strong></span> <span class='ocrx_word' id='word_1_3' title='bbox 1761 336 2181 394; x_wconf 85' lang='lat' dir='ltr'><strong>FARFENSIS.</strong></span> 
     </span>
    </p>
   </div>
   <div class='ocr_carea' id='block_1_3' title="bbox 3237 342 3378 402">
    <p class='ocr_par' dir='ltr' id='par_1_3' title="bbox 3237 342 3378 402">
     <span class='ocr_line' id='line_1_3' title="bbox 3237 342 3378 402; baseline 0 0"><span class='ocrx_word' id='word_1_4' title='bbox 3237 342 3378 402; x_wconf 74' lang='grc'>1194</span> 
     </span>
    </p>
   </div>
   <div class='ocr_carea' id='block_1_4' title="bbox 130 455 3380 534">
    <p class='ocr_par' dir='ltr' id='par_1_4' title="bbox 130 455 3380 534">
     <span class='ocr_line' id='line_1_4' title="bbox 130 455 3380 534; baseline 0.003 -22"><span class='ocrx_word' id='word_1_5' title='bbox 130 460 352 534; x_wconf 71' lang='lat' dir='ltr'><strong>sumptae</strong></span> <span class='ocrx_word' id='word_1_6' title='bbox 378 455 697 534; x_wconf 87' lang='lat' dir='ltr'><strong>s_i_nt,_p_rius</strong></span> <span class='ocrx_word' id='word_1_7' title='bbox 721 460 914 512; x_wconf 87' lang='lat' dir='ltr'><strong>tamen</strong></span> <span class='ocrx_word' id='word_1_8' title='bbox 941 457 1250 534; x_wconf 66' lang='lat' dir='ltr'><strong>quamilla:</strong></span> <span class='ocrx_word' id='word_1_9' title='bbox 1275 459 1601 534; x_wconf 67' lang='lat' dir='ltr'><strong>conscripta:</strong></span> <span class='ocrx_word' id='word_1_10' title='bbox 1626 460 1854 534; x_wconf 77' lang='lat' dir='ltr'><strong>fuerint,</strong></span> <span class='ocrx_word' id='word_1_11' title='bbox 1886 475 2014 517; x_wconf 88' lang='lat' dir='ltr'><strong>cum</strong></span> <span class='ocrx_word' id='word_1_12' title='bbox 2042 461 2382 534; x_wconf 70' lang='lat' dir='ltr'><strong>posteriores</strong></span> <span class='ocrx_word' id='word_1_13' title='bbox 2411 461 2533 517; x_wconf 61' lang='lat' dir='ltr'><strong>ista;</strong></span> <span class='ocrx_word' id='word_1_14' title='bbox 2578 477 2693 518; x_wconf 90' lang='lat' dir='ltr'><strong>non</strong></span> <span class='ocrx_word' id='word_1_15' title='bbox 2728 461 2836 519; x_wconf 75' lang='lat' dir='ltr'><strong>nisi</strong></span> <span class='ocrx_word' id='word_1_16' title='bbox 2865 464 3068 520; x_wconf 62' lang='lat' dir='ltr'><strong>seculo</strong></span> <span class='ocrx_word' id='word_1_17' title='bbox 3097 479 3158 521; x_wconf 78' lang='grc' dir='ltr'><strong>χι</strong></span> <span class='ocrx_word' id='word_1_18' title='bbox 3184 481 3220 520; x_wconf 84' lang='lat' dir='ltr'><strong>a</strong></span> <span class='ocrx_word' id='word_1_19' title='bbox 3245 467 3380 523; x_wconf 86' lang='lat' dir='ltr'><strong>Ber-</strong></span> 
     </span>
    </p>
   </div>
   <div class='ocr_carea' id='block_1_5' title="bbox 131 528 3380 601">
    <p class='ocr_par' dir='ltr' id='par_1_5' title="bbox 131 528 3380 601">
     <span class='ocr_line' id='line_1_5' title="bbox 131 528 3380 601; baseline 0.004 -19"><span class='ocrx_word' id='word_1_20' title='bbox 131 528 292 582; x_wconf 87' lang='lat' dir='ltr'><strong>nardo</strong></span> <span class='ocrx_word' id='word_1_21' title='bbox 317 535 372 582; x_wconf 91' lang='lat' dir='ltr'><strong>et</strong></span> <span class='ocrx_word' id='word_1_22' title='bbox 396 528 649 601; x_wconf 85' lang='lat' dir='ltr'><strong>Ucalrico</strong></span> <span class='ocrx_word' id='word_1_23' title='bbox 679 535 918 584; x_wconf 59' lang='lat' dir='ltr'><strong>exarata;</strong></span> <span class='ocrx_word' id='word_1_24' title='bbox 946 528 1077 595; x_wconf 84' lang='lat' dir='ltr'><strong>Sint,</strong></span> <span class='ocrx_word' id='word_1_25' title='bbox 1101 530 1171 584; x_wconf 92' lang='lat' dir='ltr'><strong>de</strong></span> <span class='ocrx_word' id='word_1_26' title='bbox 1201 530 1404 601; x_wconf 86' lang='lat' dir='ltr'><strong>quibus</strong></span> <span class='ocrx_word' id='word_1_27' title='bbox 1433 528 1600 601; x_wconf 73' lang='lat' dir='ltr'><strong>paulo</strong></span> <span class='ocrx_word' id='word_1_28' title='bbox 1629 531 1864 588; x_wconf 87' lang='lat' dir='ltr'><strong>inferius</strong></span> <span class='ocrx_word' id='word_1_29' title='bbox 1892 528 2161 588; x_wconf 82' lang='lat' dir='ltr'><strong>dicemus.</strong></span> <span class='ocrx_word' id='word_1_30' title='bbox 2203 533 2326 598; x_wconf 86' lang='lat' dir='ltr'><strong>Qua</strong></span> <span class='ocrx_word' id='word_1_31' title='bbox 2367 550 2497 590; x_wconf 87' lang='lat' dir='ltr'><strong>vero</strong></span> <span class='ocrx_word' id='word_1_32' title='bbox 2539 534 2757 589; x_wconf 81' lang='lat' dir='ltr'><strong>ratione</strong></span> <span class='ocrx_word' id='word_1_33' title='bbox 2793 534 2936 590; x_wconf 86' lang='lat' dir='ltr'><strong>ritus</strong></span> <span class='ocrx_word' id='word_1_34' title='bbox 2965 553 2996 591; x_wconf 89' lang='lat' dir='ltr'><strong>e</strong></span> <span class='ocrx_word' id='word_1_35' title='bbox 3025 537 3380 595; x_wconf 79' lang='lat' dir='ltr'><strong>Cluniacensi</strong></span> 
     </span>
    </p>
   </div>
   <div class='ocr_carea' id='block_1_6' title="bbox 129 599 3381 682">
    <p class='ocr_par' dir='ltr' id='par_1_6' title="bbox 129 599 3381 682">
     <span class='ocr_line' id='line_1_6' title="bbox 129 599 3381 682; baseline 0.004 -29"><span class='ocrx_word' id='word_1_36' title='bbox 129 599 473 682; x_wconf 45' lang='lat' dir='ltr'><strong>monasterio:</strong></span> <span class='ocrx_word' id='word_1_37' title='bbox 506 605 561 654; x_wconf 89' lang='lat' dir='ltr'><strong>et</strong></span> <span class='ocrx_word' id='word_1_38' title='bbox 589 616 688 671; x_wconf 91' lang='lat' dir='ltr'><strong>per</strong></span> <span class='ocrx_word' id='word_1_39' title='bbox 717 616 854 682; x_wconf 75' lang='lat' dir='ltr'><strong>quos</strong></span> <span class='ocrx_word' id='word_1_40' title='bbox 883 601 1096 682; x_wconf 79' lang='lat' dir='ltr'><strong>accepti</strong></span> <span class='ocrx_word' id='word_1_41' title='bbox 1118 599 1257 682; x_wconf 71' lang='lat' dir='ltr'><strong>sint,</strong></span> <span class='ocrx_word' id='word_1_42' title='bbox 1279 599 1447 656; x_wconf 79' lang='lat' dir='ltr'><strong>docet</strong></span> <span class='ocrx_word' id='word_1_43' title='bbox 1459 602 1743 674; x_wconf 83' lang='lat' dir='ltr'><strong>prologus,</strong></span> <span class='ocrx_word' id='word_1_44' title='bbox 1787 604 1884 676; x_wconf 86' lang='lat' dir='ltr'><strong>qui</strong></span> <span class='ocrx_word' id='word_1_45' title='bbox 1912 622 1948 659; x_wconf 89' lang='lat' dir='ltr'><strong>a</strong></span> <span class='ocrx_word' id='word_1_46' title='bbox 1980 605 2237 660; x_wconf 90' lang='lat' dir='ltr'><strong>Guidone</strong></span> <span class='ocrx_word' id='word_1_47' title='bbox 2260 606 2555 676; x_wconf 86' lang='lat' dir='ltr'><strong>monacho,</strong></span> <span class='ocrx_word' id='word_1_48' title='bbox 2599 606 2797 661; x_wconf 91' lang='lat' dir='ltr'><strong>eodem</strong></span> <span class='ocrx_word' id='word_1_49' title='bbox 2840 607 2984 662; x_wconf 85' lang='lat' dir='ltr'><strong>forte</strong></span> <span class='ocrx_word' id='word_1_50' title='bbox 3023 609 3119 681; x_wconf 86' lang='lat' dir='ltr'><strong>qui</strong></span> <span class='ocrx_word' id='word_1_51' title='bbox 3155 610 3381 682; x_wconf 85' lang='lat' dir='ltr'><strong>Hugoni</strong></span> 
     </span>
    </p>
   </div>
   <div class='ocr_carea' id='block_1_7' title="bbox 130 669 1234 744">
    <p class='ocr_par' dir='ltr' id='par_1_7' title="bbox 130 669 1234 744">
     <span class='ocr_line' id='line_1_7' title="bbox 130 669 1234 744; baseline 0.001 -19"><span class='ocrx_word' id='word_1_52' title='bbox 130 669 306 726; x_wconf 83' lang='lat' dir='ltr'><strong>abbati</strong></span> <span class='ocrx_word' id='word_1_53' title='bbox 327 671 506 726; x_wconf 84' lang='lat' dir='ltr'><strong>Farfae</strong></span> <span class='ocrx_word' id='word_1_54' title='bbox 533 669 815 735; x_wconf 79' lang='lat' dir='ltr'><strong>successit,</strong></span> <span class='ocrx_word' id='word_1_55' title='bbox 845 669 1083 744; x_wconf 81' lang='lat' dir='ltr'><strong>scriptus</strong></span> <span class='ocrx_word' id='word_1_56' title='bbox 1112 672 1234 728; x_wconf 86' lang='lat' dir='ltr'><strong>fuit.</strong></span> 
     </span>
    </p>
   </div>
   <div class='ocr_carea' id='block_1_8' title="bbox 742 982 1704 1120">
    <p class='ocr_par' dir='ltr' id='par_1_8' title="bbox 742 982 1704 1120">
     <span class='ocr_line' id='line_1_8' title="bbox 742 982 1704 1120; baseline 0 -4"><span class='ocrx_word' id='word_1_57' title='bbox 742 982 1704 1120; x_wconf 88' lang='lat' dir='ltr'><strong>DISCIPLINA</strong></span> 
     </span>
    </p>
   </div>
   <div class='ocr_carea' id='block_1_9' title="bbox 1825 985 2752 1121">
    <p class='ocr_par' dir='ltr' id='par_1_9' title="bbox 1825 985 2752 1121">
     <span class='ocr_line' id='line_1_9' title="bbox 1825 985 2752 1121; baseline 0.003 -3"><span class='ocrx_word' id='word_1_58' title='bbox 1825 985 2478 1119; x_wconf 85' lang='lat' dir='ltr'><strong>FARFEN</strong></span> <span class='ocrx_word' id='word_1_59' title='bbox 2495 985 2752 1121; x_wconf 95' lang='grc' dir='ltr'>8Ι8</span> 
     </span>
    </p>
   </div>
   <div class='ocr_carea' id='block_1_10' title="bbox 910 1359 2623 1461">
    <p class='ocr_par' dir='ltr' id='par_1_10' title="bbox 910 1359 2623 1461">
     <span class='ocr_line' id='line_1_10' title="bbox 910 1359 2623 1461; baseline 0.004 -6"><span class='ocrx_word' id='word_1_60' title='bbox 910 1359 1617 1457; x_wconf 80' lang='lat' dir='ltr'><strong>MONASTERII</strong></span> <span class='ocrx_word' id='word_1_61' title='bbox 1692 1363 1779 1458; x_wconf 92' lang='lat' dir='ltr'><strong>S.</strong></span> <span class='ocrx_word' id='word_1_62' title='bbox 1859 1365 2200 1460; x_wconf 85' lang='lat' dir='ltr'><strong>PAULI</strong></span> <span class='ocrx_word' id='word_1_63' title='bbox 2264 1363 2623 1461; x_wconf 69' lang='grc' dir='ltr'><strong>ΡιΟΜιίΕ</strong></span> 
     </span>
    </p>
   </div>
   <div class='ocr_carea' id='block_1_11' title="bbox 603 1541 2906 1622">
    <p class='ocr_par' dir='ltr' id='par_1_11' title="bbox 603 1541 2906 1622">
     <span class='ocr_line' id='line_1_11' title="bbox 603 1541 2906 1622; baseline 0.003 -17"><span class='ocrx_word' id='word_1_64' title='bbox 603 1541 714 1605; x_wconf 76' lang='lat' dir='ltr'><strong>Ex</strong></span> <span class='ocrx_word' id='word_1_65' title='bbox 739 1561 846 1604; x_wconf 86' lang='lat' dir='ltr'><strong>ms.</strong></span> <span class='ocrx_word' id='word_1_66' title='bbox 895 1541 1200 1622; x_wconf 80' lang='lat' dir='ltr'><strong>Vaticano,</strong></span> <span class='ocrx_word' id='word_1_67' title='bbox 1231 1563 1395 1605; x_wconf 88' lang='lat' dir='ltr'><strong>num.</strong></span> <span class='ocrx_word' id='word_1_68' title='bbox 1429 1546 1613 1622; x_wconf 83' lang='lat'><strong>6808,</strong></span> <span class='ocrx_word' id='word_1_69' title='bbox 1647 1553 1706 1605; x_wconf 82' lang='lat' dir='ltr'><strong>et</strong></span> <span class='ocrx_word' id='word_1_70' title='bbox 1733 1545 1928 1606; x_wconf 82' lang='lat' dir='ltr'><strong>veteri</strong></span> <span class='ocrx_word' id='word_1_71' title='bbox 1946 1544 2144 1608; x_wconf 87' lang='lat' dir='ltr'><strong>codice</strong></span> <span class='ocrx_word' id='word_1_72' title='bbox 2175 1546 2395 1609; x_wconf 97' lang='lat' dir='ltr'><strong>Sancti</strong></span> <span class='ocrx_word' id='word_1_73' title='bbox 2415 1547 2609 1610; x_wconf 82' lang='lat' dir='ltr'><strong>Pauli</strong></span> <span class='ocrx_word' id='word_1_74' title='bbox 2628 1549 2693 1610; x_wconf 86' lang='lat' dir='ltr'><strong>in</strong></span> <span class='ocrx_word' id='word_1_75' title='bbox 2727 1547 2906 1611; x_wconf 83' lang='lat' dir='ltr'><strong>Urbe.</strong></span> 
     </span>
    </p>
   </div>
   <div class='ocr_carea' id='block_1_12' title="bbox 1389 1846 2147 1962">
    <p class='ocr_par' dir='ltr' id='par_1_12' title="bbox 1389 1846 2147 1962">
     <span class='ocr_line' id='line_1_12' title="bbox 1389 1846 2147 1962; baseline 0 -4"><span class='ocrx_word' id='word_1_76' title='bbox 1389 1846 2147 1962; x_wconf 83' lang='lat' dir='ltr'><strong>PROLOGUS.</strong></span> 
     </span>
    </p>
   </div>
   <div class='ocr_carea' id='block_1_13' title="bbox 199 2078 3397 2154">
    <p class='ocr_par' dir='ltr' id='par_1_13' title="bbox 199 2078 3397 2154">
     <span class='ocr_line' id='line_1_13' title="bbox 199 2078 3397 2154; baseline 0 -19"><span class='ocrx_word' id='word_1_77' title='bbox 199 2081 332 2136; x_wconf 88' lang='lat' dir='ltr'><strong>Cum</strong></span> <span class='ocrx_word' id='word_1_78' title='bbox 360 2098 464 2154; x_wconf 90' lang='lat' dir='ltr'><strong>per</strong></span> <span class='ocrx_word' id='word_1_79' title='bbox 489 2081 812 2138; x_wconf 79' lang='lat' dir='ltr'><strong>universam</strong></span> <span class='ocrx_word' id='word_1_80' title='bbox 839 2081 1061 2137; x_wconf 85' lang='lat' dir='ltr'><strong>Italiam</strong></span> <span class='ocrx_word' id='word_1_81' title='bbox 1081 2081 1291 2137; x_wconf 84' lang='lat' dir='ltr'><strong>Christi</strong></span> <span class='ocrx_word' id='word_1_82' title='bbox 1319 2086 1598 2153; x_wconf 73' lang='lat' dir='ltr'><strong>praecepta</strong></span> <span class='ocrx_word' id='word_1_83' title='bbox 1625 2084 1778 2143; x_wconf 86' lang='lat' dir='ltr'><strong>an-A</strong></span> <span class='ocrx_word' id='word_1_84' title='bbox 1797 2082 2102 2152; x_wconf 80' lang='lat' dir='ltr'><strong>praeclarus</strong></span> <span class='ocrx_word' id='word_1_85' title='bbox 2131 2080 2359 2146; x_wconf 73' lang='lat' dir='ltr'><strong>effulsit,</strong></span> <span class='ocrx_word' id='word_1_86' title='bbox 2405 2095 2507 2134; x_wconf 87' lang='lat' dir='ltr'><strong>nec</strong></span> <span class='ocrx_word' id='word_1_87' title='bbox 2546 2096 2660 2134; x_wconf 92' lang='lat' dir='ltr'><strong>non</strong></span> <span class='ocrx_word' id='word_1_88' title='bbox 2689 2083 2744 2134; x_wconf 88' lang='lat' dir='ltr'><strong>et</strong></span> <span class='ocrx_word' id='word_1_89' title='bbox 2772 2078 2829 2134; x_wconf 87' lang='lat' dir='ltr'><strong>in</strong></span> <span class='ocrx_word' id='word_1_90' title='bbox 2858 2079 3225 2135; x_wconf 85' lang='lat' dir='ltr'><strong>aediﬁcatione</strong></span> <span class='ocrx_word' id='word_1_91' title='bbox 3252 2081 3397 2136; x_wconf 89' lang='lat' dir='ltr'><strong>mul-</strong></span> 
     </span>
    </p>
   </div>
   <div class='ocr_carea' id='block_1_14' title="bbox 140 2170 1722 2239">
    <p class='ocr_par' dir='ltr' id='par_1_14' title="bbox 140 2170 1722 2239">
     <span class='ocr_line' id='line_1_14' title="bbox 140 2170 1722 2239; baseline 0.002 -16"><span class='ocrx_word' id='word_1_92' title='bbox 140 2171 475 2239; x_wconf 90' lang='lat' dir='ltr'><strong>nularentur,</strong></span> <span class='ocrx_word' id='word_1_93' title='bbox 508 2177 565 2226; x_wconf 91' lang='lat' dir='ltr'><strong>et</strong></span> <span class='ocrx_word' id='word_1_94' title='bbox 592 2172 743 2226; x_wconf 90' lang='lat' dir='ltr'><strong>velut</strong></span> <span class='ocrx_word' id='word_1_95' title='bbox 770 2171 829 2225; x_wconf 91' lang='lat' dir='ltr'><strong>in</strong></span> <span class='ocrx_word' id='word_1_96' title='bbox 860 2171 1095 2226; x_wconf 89' lang='lat' dir='ltr'><strong>vastidio</strong></span> <span class='ocrx_word' id='word_1_97' title='bbox 1121 2176 1500 2237; x_wconf 82' lang='lat' dir='ltr'><strong>versarentur,</strong></span> <span class='ocrx_word' id='word_1_98' title='bbox 1533 2170 1722 2226; x_wconf 85' lang='lat' dir='ltr'><strong>diabo-</strong></span> 
     </span>
    </p>
   </div>
   <div class='ocr_carea' id='block_1_15' title="bbox 141 2258 1722 2332">
    <p class='ocr_par' dir='ltr' id='par_1_15' title="bbox 141 2258 1722 2332">
     <span class='ocr_line' id='line_1_15' title="bbox 141 2258 1722 2332; baseline 0.002 -20"><span class='ocrx_word' id='word_1_99' title='bbox 141 2258 246 2314; x_wconf 62' lang='lat' dir='ltr'><strong>lica;</strong></span> <span class='ocrx_word' id='word_1_100' title='bbox 290 2261 682 2331; x_wconf 86' lang='lat' dir='ltr'><strong>suggestiones</strong></span> <span class='ocrx_word' id='word_1_101' title='bbox 725 2266 1016 2332; x_wconf 63' lang='lat' dir='ltr'><strong>ceperunt</strong></span> <span class='ocrx_word' id='word_1_102' title='bbox 1062 2260 1437 2332; x_wconf 82' lang='lat' dir='ltr'><strong>augmentari,</strong></span> <span class='ocrx_word' id='word_1_103' title='bbox 1470 2265 1527 2314; x_wconf 91' lang='lat' dir='ltr'><strong>et</strong></span> <span class='ocrx_word' id='word_1_104' title='bbox 1554 2277 1722 2331; x_wconf 89' lang='lat' dir='ltr'><strong>opere</strong></span> 
     </span>
    </p>
   </div>
   <div class='ocr_carea' id='block_1_16' title="bbox 141 2349 1719 2420">
    <p class='ocr_par' dir='ltr' id='par_1_16' title="bbox 141 2349 1719 2420">
     <span class='ocr_line' id='line_1_16' title="bbox 141 2349 1719 2420; baseline 0.001 -18"><span class='ocrx_word' id='word_1_105' title='bbox 141 2351 410 2420; x_wconf 89' lang='lat' dir='ltr'><strong>compleri,</strong></span> <span class='ocrx_word' id='word_1_106' title='bbox 440 2350 524 2405; x_wconf 86' lang='lat' dir='ltr'><strong>ita</strong></span> <span class='ocrx_word' id='word_1_107' title='bbox 543 2355 608 2405; x_wconf 93' lang='lat' dir='ltr'><strong>ut</strong></span> <span class='ocrx_word' id='word_1_108' title='bbox 631 2350 872 2404; x_wconf 89' lang='lat' dir='ltr'><strong>etiamin</strong></span> <span class='ocrx_word' id='word_1_109' title='bbox 897 2351 1070 2405; x_wconf 89' lang='lat' dir='ltr'><strong>sacris</strong></span> <span class='ocrx_word' id='word_1_110' title='bbox 1101 2350 1389 2404; x_wconf 89' lang='lat' dir='ltr'><strong>constituti</strong></span> <span class='ocrx_word' id='word_1_111' title='bbox 1409 2349 1719 2417; x_wconf 87' lang='lat' dir='ltr'><strong>ordinibus,</strong></span> 
     </span>
    </p>
   </div>
   <div class='ocr_carea' id='block_1_17' title="bbox 142 2437 1724 2510">
    <p class='ocr_par' dir='ltr' id='par_1_17' title="bbox 142 2437 1724 2510">
     <span class='ocr_line' id='line_1_17' title="bbox 142 2437 1724 2510; baseline 0.001 -19"><span class='ocrx_word' id='word_1_112' title='bbox 142 2437 271 2493; x_wconf 89' lang='lat' dir='ltr'><strong>sicut</strong></span> <span class='ocrx_word' id='word_1_113' title='bbox 297 2456 416 2494; x_wconf 92' lang='lat' dir='ltr'><strong>mos</strong></span> <span class='ocrx_word' id='word_1_114' title='bbox 463 2439 736 2494; x_wconf 89' lang='lat' dir='ltr'><strong>laicorum</strong></span> <span class='ocrx_word' id='word_1_115' title='bbox 781 2444 885 2506; x_wconf 90' lang='lat' dir='ltr'><strong>est,</strong></span> <span class='ocrx_word' id='word_1_116' title='bbox 917 2457 1118 2494; x_wconf 86' lang='lat' dir='ltr'><strong>uxores</strong></span> <span class='ocrx_word' id='word_1_117' title='bbox 1147 2439 1484 2510; x_wconf 83' lang='lat' dir='ltr'><strong>acciperent,</strong></span> <span class='ocrx_word' id='word_1_118' title='bbox 1518 2444 1575 2493; x_wconf 90' lang='lat' dir='ltr'><strong>et</strong></span> <span class='ocrx_word' id='word_1_119' title='bbox 1603 2439 1724 2493; x_wconf 89' lang='lat' dir='ltr'><strong>sine</strong></span> 
     </span>
    </p>
   </div>
   <div class='ocr_carea' id='block_1_18' title="bbox 141 2527 1718 2599">
    <p class='ocr_par' dir='ltr' id='par_1_18' title="bbox 141 2527 1718 2599">
     <span class='ocr_line' id='line_1_18' title="bbox 141 2527 1718 2599; baseline 0 -19"><span class='ocrx_word' id='word_1_120' title='bbox 141 2527 316 2599; x_wconf 86' lang='lat' dir='ltr'><strong>aliqua</strong></span> <span class='ocrx_word' id='word_1_121' title='bbox 342 2529 677 2584; x_wconf 84' lang='lat' dir='ltr'><strong>difﬁcultate</strong></span> <span class='ocrx_word' id='word_1_122' title='bbox 699 2528 954 2584; x_wconf 82' lang='lat' dir='ltr'><strong>haeresim</strong></span> <span class='ocrx_word' id='word_1_123' title='bbox 971 2534 1296 2584; x_wconf 84' lang='lat' dir='ltr'><strong>exercerent</strong></span> <span class='ocrx_word' id='word_1_124' title='bbox 1324 2527 1718 2583; x_wconf 88' lang='lat' dir='ltr'><strong>Simoniacam.</strong></span> 
     </span>
    </p>
   </div>
   <div class='ocr_carea' id='block_1_19' title="bbox 146 2616 1724 2688">
    <p class='ocr_par' dir='ltr' id='par_1_19' title="bbox 146 2616 1724 2688">
     <span class='ocr_line' id='line_1_19' title="bbox 146 2616 1724 2688; baseline 0 -18"><span class='ocrx_word' id='word_1_125' title='bbox 146 2616 380 2672; x_wconf 68' lang='lat' dir='ltr'><strong>Caelestis</strong></span> <span class='ocrx_word' id='word_1_126' title='bbox 411 2623 549 2673; x_wconf 92' lang='lat' dir='ltr'><strong>tunc</strong></span> <span class='ocrx_word' id='word_1_127' title='bbox 577 2618 874 2673; x_wconf 84' lang='lat' dir='ltr'><strong>clementia</strong></span> <span class='ocrx_word' id='word_1_128' title='bbox 902 2619 1120 2672; x_wconf 86' lang='lat' dir='ltr'><strong>favente</strong></span> <span class='ocrx_word' id='word_1_129' title='bbox 1140 2617 1329 2688; x_wconf 86' lang='lat' dir='ltr'><strong>Regis,</strong></span> <span class='ocrx_word' id='word_1_130' title='bbox 1361 2617 1457 2687; x_wconf 91' lang='lat' dir='ltr'><strong>qui</strong></span> <span class='ocrx_word' id='word_1_131' title='bbox 1480 2616 1724 2688; x_wconf 89' lang='lat' dir='ltr'><strong>pretioso</strong></span> 
     </span>
    </p>
   </div>
   <div class='ocr_carea' id='block_1_20' title="bbox 143 2705 1728 2770">
    <p class='ocr_par' dir='ltr' id='par_1_20' title="bbox 143 2705 1728 2770">
     <span class='ocr_line' id='line_1_20' title="bbox 143 2705 1728 2770; baseline 0.001 -12"><span class='ocrx_word' id='word_1_132' title='bbox 143 2705 262 2760; x_wconf 90' lang='lat' dir='ltr'><strong>olim</strong></span> <span class='ocrx_word' id='word_1_133' title='bbox 303 2708 580 2762; x_wconf 89' lang='lat' dir='ltr'><strong>mundum</strong></span> <span class='ocrx_word' id='word_1_134' title='bbox 625 2725 727 2762; x_wconf 90' lang='lat' dir='ltr'><strong>suo</strong></span> <span class='ocrx_word' id='word_1_135' title='bbox 767 2707 1008 2762; x_wconf 91' lang='lat' dir='ltr'><strong>redemit</strong></span> <span class='ocrx_word' id='word_1_136' title='bbox 1054 2724 1267 2770; x_wconf 86' lang='lat' dir='ltr'><strong>cruore,</strong></span> <span class='ocrx_word' id='word_1_137' title='bbox 1311 2706 1611 2761; x_wconf 84' lang='lat' dir='ltr'><strong>suscitatus</strong></span> <span class='ocrx_word' id='word_1_138' title='bbox 1642 2711 1728 2759; x_wconf 90' lang='lat' dir='ltr'><strong>est</strong></span> 
     </span>
    </p>
   </div>
   <div class='ocr_carea' id='block_1_21' title="bbox 145 2795 1726 2867">
    <p class='ocr_par' dir='ltr' id='par_1_21' title="bbox 145 2795 1726 2867">
     <span class='ocr_line' id='line_1_21' title="bbox 145 2795 1726 2867; baseline -0.001 -17"><span class='ocrx_word' id='word_1_139' title='bbox 145 2795 354 2865; x_wconf 88' lang='lat' dir='ltr'><strong>quidam</strong></span> <span class='ocrx_word' id='word_1_140' title='bbox 397 2797 602 2851; x_wconf 91' lang='lat' dir='ltr'><strong>decore</strong></span> <span class='ocrx_word' id='word_1_141' title='bbox 647 2796 971 2867; x_wconf 91' lang='lat' dir='ltr'><strong>splendidus</strong></span> <span class='ocrx_word' id='word_1_142' title='bbox 1001 2796 1346 2858; x_wconf 84' lang='lat' dir='ltr'><strong>monachico,</strong></span> <span class='ocrx_word' id='word_1_143' title='bbox 1379 2795 1726 2849; x_wconf 88' lang='lat' dir='ltr'><strong>Romualdus</strong></span> 
     </span>
    </p>
   </div>
   <div class='ocr_carea' id='block_1_22' title="bbox 141 2884 1727 2957">
    <p class='ocr_par' dir='ltr' id='par_1_22' title="bbox 141 2884 1727 2957">
     <span class='ocr_line' id='line_1_22' title="bbox 141 2884 1727 2957; baseline 0.001 -20"><span class='ocrx_word' id='word_1_144' title='bbox 141 2885 368 2952; x_wconf 89' lang='lat' dir='ltr'><strong>nomine,</strong></span> <span class='ocrx_word' id='word_1_145' title='bbox 398 2885 499 2957; x_wconf 90' lang='lat' dir='ltr'><strong>qui</strong></span> <span class='ocrx_word' id='word_1_146' title='bbox 531 2901 787 2940; x_wconf 86' lang='lat' dir='ltr'><strong>normam</strong></span> <span class='ocrx_word' id='word_1_147' title='bbox 830 2885 1022 2956; x_wconf 68' lang='lat' dir='ltr'><strong>prisca:</strong></span> <span class='ocrx_word' id='word_1_148' title='bbox 1046 2885 1280 2956; x_wconf 70' lang='lat' dir='ltr'><strong>justitiae</strong></span> <span class='ocrx_word' id='word_1_149' title='bbox 1313 2884 1370 2938; x_wconf 90' lang='lat' dir='ltr'><strong>in</strong></span> <span class='ocrx_word' id='word_1_150' title='bbox 1404 2901 1538 2939; x_wconf 88' lang='lat' dir='ltr'><strong>sexu</strong></span> <span class='ocrx_word' id='word_1_151' title='bbox 1567 2900 1727 2938; x_wconf 89' lang='lat' dir='ltr'><strong>reno-</strong></span> 
     </span>
    </p>
   </div>
   <div class='ocr_carea' id='block_1_23' title="bbox 144 2973 1726 3046">
    <p class='ocr_par' dir='ltr' id='par_1_23' title="bbox 144 2973 1726 3046">
     <span class='ocr_line' id='line_1_23' title="bbox 144 2973 1726 3046; baseline 0.001 -22"><span class='ocrx_word' id='word_1_152' title='bbox 144 2973 277 3028; x_wconf 87' lang='lat' dir='ltr'><strong>vavit</strong></span> <span class='ocrx_word' id='word_1_153' title='bbox 302 2982 546 3046; x_wconf 89' lang='lat' dir='ltr'><strong>utroque</strong></span> <span class='ocrx_word' id='word_1_154' title='bbox 591 2981 648 3030; x_wconf 89' lang='lat' dir='ltr'><strong>et</strong></span> <span class='ocrx_word' id='word_1_155' title='bbox 694 2975 910 3028; x_wconf 90' lang='lat' dir='ltr'><strong>ordine.</strong></span> <span class='ocrx_word' id='word_1_156' title='bbox 952 2974 1128 3044; x_wconf 86' lang='lat' dir='ltr'><strong>Cujus</strong></span> <span class='ocrx_word' id='word_1_157' title='bbox 1175 2975 1428 3045; x_wconf 86' lang='lat' dir='ltr'><strong>exempla</strong></span> <span class='ocrx_word' id='word_1_158' title='bbox 1473 2973 1726 3028; x_wconf 89' lang='lat' dir='ltr'><strong>imitatus</strong></span> 
     </span>
    </p>
   </div>
   <div class='ocr_carea' id='block_1_24' title="bbox 143 3063 1725 3134">
    <p class='ocr_par' dir='ltr' id='par_1_24' title="bbox 143 3063 1725 3134">
     <span class='ocr_line' id='line_1_24' title="bbox 143 3063 1725 3134; baseline 0 -20"><span class='ocrx_word' id='word_1_159' title='bbox 143 3063 460 3119; x_wconf 88' lang='lat' dir='ltr'><strong>venerabilis</strong></span> <span class='ocrx_word' id='word_1_160' title='bbox 491 3065 654 3134; x_wconf 85' lang='lat' dir='ltr'><strong>Hugo</strong></span> <span class='ocrx_word' id='word_1_161' title='bbox 679 3064 871 3131; x_wconf 85' lang='lat' dir='ltr'><strong>abbas,</strong></span> <span class='ocrx_word' id='word_1_162' title='bbox 895 3063 1182 3118; x_wconf 87' lang='lat' dir='ltr'><strong>renovavit</strong></span> <span class='ocrx_word' id='word_1_163' title='bbox 1197 3064 1380 3134; x_wconf 87' lang='lat' dir='ltr'><strong>prisca</strong></span> <span class='ocrx_word' id='word_1_164' title='bbox 1403 3068 1725 3117; x_wconf 84' lang='lat' dir='ltr'><strong>sanctorum</strong></span> 
     </span>
    </p>
   </div>
   <div class='ocr_carea' id='block_1_25' title="bbox 1803 2169 3399 2241">
    <p class='ocr_par' dir='ltr' id='par_1_25' title="bbox 1803 2169 3399 2241">
     <span class='ocr_line' id='line_1_25' title="bbox 1803 2169 3399 2241; baseline -0.001 -16"><span class='ocrx_word' id='word_1_165' title='bbox 1803 2179 1990 2226; x_wconf 86' lang='lat' dir='ltr'><strong>torum</strong></span> <span class='ocrx_word' id='word_1_166' title='bbox 2019 2169 2490 2225; x_wconf 86' lang='lat' dir='ltr'><strong>monasteriorum</strong></span> <span class='ocrx_word' id='word_1_167' title='bbox 2514 2187 2525 2222; x_wconf 93' lang='lat'>:</span> <span class='ocrx_word' id='word_1_168' title='bbox 2550 2170 2719 2223; x_wconf 86' lang='lat' dir='ltr'><strong>Pater</strong></span> <span class='ocrx_word' id='word_1_169' title='bbox 2741 2186 2872 2224; x_wconf 91' lang='lat' dir='ltr'><strong>vero</strong></span> <span class='ocrx_word' id='word_1_170' title='bbox 2886 2170 3066 2240; x_wconf 87' lang='lat' dir='ltr'><strong>Hugo,</strong></span> <span class='ocrx_word' id='word_1_171' title='bbox 3091 2169 3399 2241; x_wconf 88' lang='lat' dir='ltr'><strong>sequipeda</strong></span> 
     </span>
    </p>
   </div>
   <div class='ocr_carea' id='block_1_26' title="bbox 1805 2258 3396 2331">
    <p class='ocr_par' dir='ltr' id='par_1_26' title="bbox 1805 2258 3396 2331">
     <span class='ocr_line' id='line_1_26' title="bbox 1805 2258 3396 2331; baseline -0.001 -16"><span class='ocrx_word' id='word_1_172' title='bbox 1805 2261 1924 2331; x_wconf 91' lang='lat' dir='ltr'><strong>ejus</strong></span> <span class='ocrx_word' id='word_1_173' title='bbox 1955 2260 2182 2315; x_wconf 71' lang='lat' dir='ltr'><strong>effectus</strong></span> <span class='ocrx_word' id='word_1_174' title='bbox 2212 2259 2271 2313; x_wconf 92' lang='lat' dir='ltr'><strong>in</strong></span> <span class='ocrx_word' id='word_1_175' title='bbox 2301 2259 2478 2330; x_wconf 82' lang='lat' dir='ltr'><strong>regali</strong></span> <span class='ocrx_word' id='word_1_176' title='bbox 2506 2258 2779 2324; x_wconf 72' lang='lat' dir='ltr'><strong>coenobio,</strong></span> <span class='ocrx_word' id='word_1_177' title='bbox 2823 2258 2884 2313; x_wconf 93' lang='lat' dir='ltr'><strong>in</strong></span> <span class='ocrx_word' id='word_1_178' title='bbox 2927 2263 3168 2325; x_wconf 89' lang='lat' dir='ltr'><strong>tantum,</strong></span> <span class='ocrx_word' id='word_1_179' title='bbox 3220 2264 3284 2313; x_wconf 93' lang='lat' dir='ltr'><strong>ut</strong></span> <span class='ocrx_word' id='word_1_180' title='bbox 3323 2258 3396 2313; x_wconf 88' lang='lat' dir='ltr'><strong>ad</strong></span> 
     </span>
    </p>
   </div>
   <div class='ocr_carea' id='block_1_27' title="bbox 1805 2346 3400 2403">
    <p class='ocr_par' dir='ltr' id='par_1_27' title="bbox 1805 2346 3400 2403">
     <span class='ocr_line' id='line_1_27' title="bbox 1805 2346 3400 2403; baseline 0 -1"><span class='ocrx_word' id='word_1_181' title='bbox 1805 2349 2116 2403; x_wconf 85' lang='lat' dir='ltr'><strong>Galliarum</strong></span> <span class='ocrx_word' id='word_1_182' title='bbox 2155 2348 2345 2403; x_wconf 90' lang='lat' dir='ltr'><strong>studia</strong></span> <span class='ocrx_word' id='word_1_183' title='bbox 2383 2348 2787 2402; x_wconf 88' lang='lat' dir='ltr'><strong>venerabilium</strong></span> <span class='ocrx_word' id='word_1_184' title='bbox 2818 2346 3133 2402; x_wconf 72' lang='lat' dir='ltr'><strong>cmnobium</strong></span> <span class='ocrx_word' id='word_1_185' title='bbox 3176 2346 3400 2402; x_wconf 88' lang='lat' dir='ltr'><strong>Clunia-</strong></span> 
     </span>
    </p>
   </div>
   <div class='ocr_carea' id='block_1_28' title="bbox 1806 2437 3404 2505">
    <p class='ocr_par' dir='ltr' id='par_1_28' title="bbox 1806 2437 3404 2505">
     <span class='ocr_line' id='line_1_28' title="bbox 1806 2437 3404 2505; baseline 0 -13"><span class='ocrx_word' id='word_1_186' title='bbox 1806 2438 2077 2505; x_wconf 88' lang='lat' dir='ltr'><strong>censium,</strong></span> <span class='ocrx_word' id='word_1_187' title='bbox 2109 2437 2204 2493; x_wconf 93' lang='lat' dir='ltr'><strong>ubi</strong></span> <span class='ocrx_word' id='word_1_188' title='bbox 2227 2437 2558 2493; x_wconf 88' lang='lat' dir='ltr'><strong>venerabilis</strong></span> <span class='ocrx_word' id='word_1_189' title='bbox 2580 2438 2749 2492; x_wconf 87' lang='lat' dir='ltr'><strong>Pater</strong></span> <span class='ocrx_word' id='word_1_190' title='bbox 2779 2437 2962 2504; x_wconf 91' lang='lat' dir='ltr'><strong>Odilo,</strong></span> <span class='ocrx_word' id='word_1_191' title='bbox 2993 2437 3148 2491; x_wconf 91' lang='lat' dir='ltr'><strong>velut</strong></span> <span class='ocrx_word' id='word_1_192' title='bbox 3170 2437 3404 2492; x_wconf 86' lang='lat' dir='ltr'><strong>lucerna</strong></span> 
     </span>
    </p>
   </div>
   <div class='ocr_carea' id='block_1_29' title="bbox 1806 2526 3403 2598">
    <p class='ocr_par' dir='ltr' id='par_1_29' title="bbox 1806 2526 3403 2598">
     <span class='ocr_line' id='line_1_29' title="bbox 1806 2526 3403 2598; baseline 0.001 -17"><span class='ocrx_word' id='word_1_193' title='bbox 1806 2528 2053 2594; x_wconf 87' lang='lat' dir='ltr'><strong>radians,</strong></span> <span class='ocrx_word' id='word_1_194' title='bbox 2087 2528 2268 2582; x_wconf 90' lang='lat' dir='ltr'><strong>adhuc</strong></span> <span class='ocrx_word' id='word_1_195' title='bbox 2297 2527 2492 2598; x_wconf 80' lang='lat' dir='ltr'><strong>fulget,</strong></span> <span class='ocrx_word' id='word_1_196' title='bbox 2527 2528 2708 2581; x_wconf 88' lang='lat' dir='ltr'><strong>multa</strong></span> <span class='ocrx_word' id='word_1_197' title='bbox 2752 2527 2821 2581; x_wconf 92' lang='lat' dir='ltr'><strong>de</strong></span> <span class='ocrx_word' id='word_1_198' title='bbox 2849 2526 3076 2581; x_wconf 89' lang='lat' dir='ltr'><strong>illorum</strong></span> <span class='ocrx_word' id='word_1_199' title='bbox 3101 2532 3403 2582; x_wconf 88' lang='lat' dir='ltr'><strong>consuetu-</strong></span> 
     </span>
    </p>
   </div>
   <div class='ocr_carea' id='block_1_30' title="bbox 1808 2616 3404 2684">
    <p class='ocr_par' dir='ltr' id='par_1_30' title="bbox 1808 2616 3404 2684">
     <span class='ocr_line' id='line_1_30' title="bbox 1808 2616 3404 2684; baseline 0.002 -15"><span class='ocrx_word' id='word_1_200' title='bbox 1808 2617 1958 2682; x_wconf 87' lang='lat' dir='ltr'><strong>dine,</strong></span> <span class='ocrx_word' id='word_1_201' title='bbox 2002 2617 2071 2670; x_wconf 90' lang='lat' dir='ltr'><strong>ad</strong></span> <span class='ocrx_word' id='word_1_202' title='bbox 2103 2617 2407 2671; x_wconf 90' lang='lat' dir='ltr'><strong>utilitatem</strong></span> <span class='ocrx_word' id='word_1_203' title='bbox 2436 2616 2696 2682; x_wconf 86' lang='lat' dir='ltr'><strong>fratrum,</strong></span> <span class='ocrx_word' id='word_1_204' title='bbox 2738 2616 2850 2670; x_wconf 88' lang='lat' dir='ltr'><strong>illis</strong></span> <span class='ocrx_word' id='word_1_205' title='bbox 2899 2616 3230 2684; x_wconf 88' lang='lat' dir='ltr'><strong>commissis,</strong></span> <span class='ocrx_word' id='word_1_206' title='bbox 3263 2621 3321 2671; x_wconf 91' lang='lat' dir='ltr'><strong>et</strong></span> <span class='ocrx_word' id='word_1_207' title='bbox 3345 2617 3404 2672; x_wconf 90' lang='lat' dir='ltr'><strong>in</strong></span> 
     </span>
    </p>
   </div>
   <div class='ocr_carea' id='block_1_31' title="bbox 1809 2704 3406 2776">
    <p class='ocr_par' dir='ltr' id='par_1_31' title="bbox 1809 2704 3406 2776">
     <span class='ocr_line' id='line_1_31' title="bbox 1809 2704 3406 2776; baseline 0.001 -17"><span class='ocrx_word' id='word_1_208' title='bbox 1809 2705 1951 2759; x_wconf 91' lang='lat' dir='ltr'><strong>ovile</strong></span> <span class='ocrx_word' id='word_1_209' title='bbox 1973 2705 2181 2759; x_wconf 86' lang='lat' dir='ltr'><strong>Christi</strong></span> <span class='ocrx_word' id='word_1_210' title='bbox 2209 2705 2528 2776; x_wconf 86' lang='lat' dir='ltr'><strong>aggregatis</strong></span> <span class='ocrx_word' id='word_1_211' title='bbox 2557 2704 2890 2774; x_wconf 88' lang='lat' dir='ltr'><strong>imposuerit</strong></span> <span class='ocrx_word' id='word_1_212' title='bbox 2913 2705 2985 2759; x_wconf 89' lang='lat' dir='ltr'><strong>ad</strong></span> <span class='ocrx_word' id='word_1_213' title='bbox 3023 2706 3262 2760; x_wconf 87' lang='lat' dir='ltr'><strong>salutem</strong></span> <span class='ocrx_word' id='word_1_214' title='bbox 3287 2705 3406 2760; x_wconf 88' lang='lat' dir='ltr'><strong>ani-</strong></span> 
     </span>
    </p>
   </div>
   <div class='ocr_carea' id='block_1_32' title="bbox 1808 2795 3406 2866">
    <p class='ocr_par' dir='ltr' id='par_1_32' title="bbox 1808 2795 3406 2866">
     <span class='ocr_line' id='line_1_32' title="bbox 1808 2795 3406 2866; baseline 0.003 -19"><span class='ocrx_word' id='word_1_215' title='bbox 1808 2811 2050 2848; x_wconf 85' lang='lat' dir='ltr'><strong>marum.</strong></span> <span class='ocrx_word' id='word_1_216' title='bbox 2081 2795 2158 2849; x_wconf 84' lang='lat' dir='ltr'><strong>Ex</strong></span> <span class='ocrx_word' id='word_1_217' title='bbox 2185 2795 2389 2866; x_wconf 91' lang='lat' dir='ltr'><strong>quibus</strong></span> <span class='ocrx_word' id='word_1_218' title='bbox 2417 2813 2564 2850; x_wconf 92' lang='lat' dir='ltr'><strong>unus</strong></span> <span class='ocrx_word' id='word_1_219' title='bbox 2593 2797 2752 2850; x_wconf 90' lang='lat' dir='ltr'><strong>valde</strong></span> <span class='ocrx_word' id='word_1_220' title='bbox 2778 2795 3103 2866; x_wconf 83' lang='lat' dir='ltr'><strong>inspiratus.</strong></span> <span class='ocrx_word' id='word_1_221' title='bbox 3134 2800 3192 2849; x_wconf 89' lang='lat' dir='ltr'><strong>et</strong></span> <span class='ocrx_word' id='word_1_222' title='bbox 3213 2811 3406 2851; x_wconf 86' lang='lat' dir='ltr'><strong>accen-</strong></span> 
     </span>
    </p>
   </div>
   <div class='ocr_carea' id='block_1_33' title="bbox 1808 2883 3405 2956">
    <p class='ocr_par' dir='ltr' id='par_1_33' title="bbox 1808 2883 3405 2956">
     <span class='ocr_line' id='line_1_33' title="bbox 1808 2883 3405 2956; baseline 0.002 -19"><span class='ocrx_word' id='word_1_223' title='bbox 1808 2900 1903 2938; x_wconf 91' lang='lat' dir='ltr'><strong>sus</strong></span> <span class='ocrx_word' id='word_1_224' title='bbox 1932 2883 1990 2938; x_wconf 93' lang='lat' dir='ltr'><strong>in</strong></span> <span class='ocrx_word' id='word_1_225' title='bbox 2031 2884 2245 2938; x_wconf 89' lang='lat' dir='ltr'><strong>fervore</strong></span> <span class='ocrx_word' id='word_1_226' title='bbox 2279 2886 2606 2951; x_wconf 90' lang='lat' dir='ltr'><strong>monastico,</strong></span> <span class='ocrx_word' id='word_1_227' title='bbox 2641 2903 2706 2940; x_wconf 88' lang='lat' dir='ltr'><strong>ex</strong></span> <span class='ocrx_word' id='word_1_228' title='bbox 2735 2884 3024 2956; x_wconf 87' lang='lat' dir='ltr'><strong>discipulis</strong></span> <span class='ocrx_word' id='word_1_229' title='bbox 3071 2884 3264 2939; x_wconf 84' lang='lat' dir='ltr'><strong>domni</strong></span> <span class='ocrx_word' id='word_1_230' title='bbox 3291 2885 3405 2940; x_wconf 89' lang='lat' dir='ltr'><strong>Ro-</strong></span> 
     </span>
    </p>
   </div>
   <div class='ocr_carea' id='block_1_34' title="bbox 1807 2972 3406 3042">
    <p class='ocr_par' dir='ltr' id='par_1_34' title="bbox 1807 2972 3406 3042">
     <span class='ocr_line' id='line_1_34' title="bbox 1807 2972 3406 3042; baseline 0.003 -17"><span class='ocrx_word' id='word_1_231' title='bbox 1807 2972 2039 3037; x_wconf 91' lang='lat' dir='ltr'><strong>mualdi,</strong></span> <span class='ocrx_word' id='word_1_232' title='bbox 2073 2974 2302 3027; x_wconf 90' lang='lat' dir='ltr'><strong>nomine</strong></span> <span class='ocrx_word' id='word_1_233' title='bbox 2331 2974 2576 3028; x_wconf 88' lang='lat' dir='ltr'><strong>Joannes</strong></span> <span class='ocrx_word' id='word_1_234' title='bbox 2607 2972 2696 3042; x_wconf 90' lang='lat' dir='ltr'><strong>(l),</strong></span> <span class='ocrx_word' id='word_1_235' title='bbox 2721 2990 2848 3028; x_wconf 90' lang='lat' dir='ltr'><strong>cum</strong></span> <span class='ocrx_word' id='word_1_236' title='bbox 2879 2990 2990 3028; x_wconf 91' lang='lat' dir='ltr'><strong>uno</strong></span> <span class='ocrx_word' id='word_1_237' title='bbox 3012 2990 3113 3028; x_wconf 89' lang='lat' dir='ltr'><strong>suo</strong></span> <span class='ocrx_word' id='word_1_238' title='bbox 3143 2973 3296 3028; x_wconf 91' lang='lat' dir='ltr'><strong>socio</strong></span> <span class='ocrx_word' id='word_1_239' title='bbox 3333 2973 3406 3029; x_wconf 89' lang='lat' dir='ltr'><strong>ad</strong></span> 
     </span>
    </p>
   </div>
   <div class='ocr_carea' id='block_1_35' title="bbox 1810 3060 3408 3134">
    <p class='ocr_par' dir='ltr' id='par_1_35' title="bbox 1810 3060 3408 3134">
     <span class='ocr_line' id='line_1_35' title="bbox 1810 3060 3408 3134; baseline 0.003 -20"><span class='ocrx_word' id='word_1_240' title='bbox 1810 3060 2109 3115; x_wconf 88' lang='lat' dir='ltr'><strong>videndum</strong></span> <span class='ocrx_word' id='word_1_241' title='bbox 2130 3067 2188 3116; x_wconf 91' lang='lat' dir='ltr'><strong>et</strong></span> <span class='ocrx_word' id='word_1_242' title='bbox 2214 3061 2571 3116; x_wconf 89' lang='lat' dir='ltr'><strong>scribendum</strong></span> <span class='ocrx_word' id='word_1_243' title='bbox 2601 3061 2922 3134; x_wconf 86' lang='lat' dir='ltr'><strong>properavit</strong></span> <span class='ocrx_word' id='word_1_244' title='bbox 2939 3062 3088 3134; x_wconf 89' lang='lat' dir='ltr'><strong>apud</strong></span> <span class='ocrx_word' id='word_1_245' title='bbox 3108 3062 3257 3117; x_wconf 90' lang='lat' dir='ltr'><strong>idem</strong></span> <span class='ocrx_word' id='word_1_246' title='bbox 3277 3063 3408 3119; x_wconf 85' lang='lat' dir='ltr'><strong>Clu-</strong></span> 
     </span>
    </p>
   </div>
   <div class='ocr_carea' id='block_1_36' title="bbox 143 3150 3410 3224">
    <p class='ocr_par' dir='ltr' id='par_1_36' title="bbox 143 3150 3410 3224">
     <span class='ocr_line' id='line_1_36' title="bbox 143 3150 3410 3224; baseline 0.001 -18"><span class='ocrx_word' id='word_1_247' title='bbox 143 3151 358 3208; x_wconf 87' lang='lat' dir='ltr'><strong>Patrum</strong></span> <span class='ocrx_word' id='word_1_248' title='bbox 389 3153 695 3224; x_wconf 85' lang='lat' dir='ltr'><strong>eximiique</strong></span> <span class='ocrx_word' id='word_1_249' title='bbox 722 3153 1006 3208; x_wconf 90' lang='lat' dir='ltr'><strong>Benedicti</strong></span> <span class='ocrx_word' id='word_1_250' title='bbox 1051 3153 1346 3207; x_wconf 82' lang='lat' dir='ltr'><strong>clarissimi</strong></span> <span class='ocrx_word' id='word_1_251' title='bbox 1376 3158 1431 3207; x_wconf 91' lang='lat' dir='ltr'><strong>et</strong></span> <span class='ocrx_word' id='word_1_252' title='bbox 1461 3153 1732 3207; x_wconf 89' lang='lat' dir='ltr'><strong>luculenti</strong></span> <span class='ocrx_word' id='word_1_253' title='bbox 1812 3150 2072 3205; x_wconf 89' lang='lat' dir='ltr'><strong>niacense</strong></span> <span class='ocrx_word' id='word_1_254' title='bbox 2098 3150 2434 3215; x_wconf 70' lang='lat' dir='ltr'><strong>caenobium,</strong></span> <span class='ocrx_word' id='word_1_255' title='bbox 2463 3157 2521 3206; x_wconf 91' lang='lat' dir='ltr'><strong>et</strong></span> <span class='ocrx_word' id='word_1_256' title='bbox 2550 3151 2631 3205; x_wconf 91' lang='lat' dir='ltr'><strong>ita</strong></span> <span class='ocrx_word' id='word_1_257' title='bbox 2667 3151 2916 3205; x_wconf 87' lang='lat' dir='ltr'><strong>exaravit</strong></span> <span class='ocrx_word' id='word_1_258' title='bbox 2940 3151 2997 3206; x_wconf 90' lang='lat' dir='ltr'><strong>in</strong></span> <span class='ocrx_word' id='word_1_259' title='bbox 3020 3152 3322 3223; x_wconf 80' lang='lat' dir='ltr'><strong>paginulis,</strong></span> <span class='ocrx_word' id='word_1_260' title='bbox 3344 3158 3410 3208; x_wconf 90' lang='lat' dir='ltr'><strong>ut</strong></span> 
     </span>
    </p>
   </div>
   <div class='ocr_carea' id='block_1_37' title="bbox 143 3239 3408 3313">
    <p class='ocr_par' dir='ltr' id='par_1_37' title="bbox 143 3239 3408 3313">
     <span class='ocr_line' id='line_1_37' title="bbox 143 3239 3408 3313; baseline 0.001 -17"><span class='ocrx_word' id='word_1_261' title='bbox 143 3241 313 3298; x_wconf 88' lang='lat' dir='ltr'><strong>Patris</strong></span> <span class='ocrx_word' id='word_1_262' title='bbox 342 3243 398 3298; x_wconf 91' lang='lat' dir='ltr'><strong>in</strong></span> <span class='ocrx_word' id='word_1_263' title='bbox 423 3242 680 3298; x_wconf 74' lang='lat' dir='ltr'><strong>coenobio</strong></span> <span class='ocrx_word' id='word_1_264' title='bbox 710 3241 886 3297; x_wconf 65' lang='lat' dir='ltr'><strong>beatm</strong></span> <span class='ocrx_word' id='word_1_265' title='bbox 916 3242 1106 3296; x_wconf 58' lang='lat' dir='ltr'><strong>Maria</strong></span> <span class='ocrx_word' id='word_1_266' title='bbox 1133 3258 1358 3313; x_wconf 90' lang='lat' dir='ltr'><strong>semper</strong></span> <span class='ocrx_word' id='word_1_267' title='bbox 1397 3241 1645 3311; x_wconf 84' lang='lat' dir='ltr'><strong>Virginis</strong></span> <span class='ocrx_word' id='word_1_268' title='bbox 1674 3241 1733 3295; x_wconf 91' lang='lat' dir='ltr'><strong>in</strong></span> <span class='ocrx_word' id='word_1_269' title='bbox 1815 3239 1990 3294; x_wconf 89' lang='lat' dir='ltr'><strong>oculis</strong></span> <span class='ocrx_word' id='word_1_270' title='bbox 2024 3240 2179 3306; x_wconf 90' lang='lat' dir='ltr'><strong>vidit,</strong></span> <span class='ocrx_word' id='word_1_271' title='bbox 2219 3245 2276 3294; x_wconf 89' lang='lat' dir='ltr'><strong>et</strong></span> <span class='ocrx_word' id='word_1_272' title='bbox 2304 3241 2364 3295; x_wconf 94' lang='lat' dir='ltr'><strong>in</strong></span> <span class='ocrx_word' id='word_1_273' title='bbox 2392 3239 2673 3295; x_wconf 88' lang='lat' dir='ltr'><strong>codicibus</strong></span> <span class='ocrx_word' id='word_1_274' title='bbox 2709 3241 2904 3308; x_wconf 84' lang='lat' dir='ltr'><strong>affixit,</strong></span> <span class='ocrx_word' id='word_1_275' title='bbox 2936 3241 3288 3313; x_wconf 85' lang='lat' dir='ltr'><strong>posterisque</strong></span> <span class='ocrx_word' id='word_1_276' title='bbox 3326 3242 3408 3299; x_wconf 79' lang='lat' dir='ltr'><strong>le-</strong></span> 
     </span>
    </p>
   </div>
   <div class='ocr_carea' id='block_1_38' title="bbox 143 3328 3410 3404">
    <p class='ocr_par' dir='ltr' id='par_1_38' title="bbox 143 3328 3410 3404">
     <span class='ocr_line' id='line_1_38' title="bbox 143 3328 3410 3404; baseline 0 -19"><span class='ocrx_word' id='word_1_277' title='bbox 143 3330 275 3400; x_wconf 92' lang='lat' dir='ltr'><strong>loco,</strong></span> <span class='ocrx_word' id='word_1_278' title='bbox 303 3332 399 3404; x_wconf 91' lang='lat' dir='ltr'><strong>qui</strong></span> <span class='ocrx_word' id='word_1_279' title='bbox 431 3331 640 3386; x_wconf 92' lang='lat' dir='ltr'><strong>dicitur</strong></span> <span class='ocrx_word' id='word_1_280' title='bbox 675 3331 1002 3396; x_wconf 85' lang='lat' dir='ltr'><strong>Acutianus,</strong></span> <span class='ocrx_word' id='word_1_281' title='bbox 1036 3330 1133 3385; x_wconf 90' lang='lat' dir='ltr'><strong>ubi</strong></span> <span class='ocrx_word' id='word_1_282' title='bbox 1164 3331 1484 3386; x_wconf 89' lang='lat' dir='ltr'><strong>destructus</strong></span> <span class='ocrx_word' id='word_1_283' title='bbox 1505 3336 1628 3385; x_wconf 91' lang='lat' dir='ltr'><strong>erat</strong></span> <span class='ocrx_word' id='word_1_284' title='bbox 1654 3329 1735 3384; x_wconf 89' lang='lat' dir='ltr'><strong>ni-</strong></span> <span class='ocrx_word' id='word_1_285' title='bbox 1812 3328 1996 3398; x_wconf 87' lang='lat' dir='ltr'><strong>genda</strong></span> <span class='ocrx_word' id='word_1_286' title='bbox 2032 3328 2391 3383; x_wconf 86' lang='lat' dir='ltr'><strong>contradidit.</strong></span> <span class='ocrx_word' id='word_1_287' title='bbox 2437 3329 2691 3383; x_wconf 90' lang='lat' dir='ltr'><strong>Domnus</strong></span> <span class='ocrx_word' id='word_1_288' title='bbox 2739 3346 2868 3384; x_wconf 89' lang='lat' dir='ltr'><strong>vero</strong></span> <span class='ocrx_word' id='word_1_289' title='bbox 2897 3330 3060 3401; x_wconf 86' lang='lat' dir='ltr'><strong>Hugo</strong></span> <span class='ocrx_word' id='word_1_290' title='bbox 3089 3330 3277 3396; x_wconf 84' lang='lat' dir='ltr'><strong>Pater,</strong></span> <span class='ocrx_word' id='word_1_291' title='bbox 3308 3347 3410 3404; x_wconf 88' lang='lat' dir='ltr'><strong>per</strong></span> 
     </span>
    </p>
   </div>
   <div class='ocr_carea' id='block_1_39' title="bbox 145 3417 3410 3502">
    <p class='ocr_par' dir='ltr' id='par_1_39' title="bbox 145 3417 3410 3502">
     <span class='ocr_line' id='line_1_39' title="bbox 145 3417 3410 3502; baseline 0.001 -30"><span class='ocrx_word' id='word_1_292' title='bbox 145 3420 241 3473; x_wconf 90' lang='lat' dir='ltr'><strong>mis</strong></span> <span class='ocrx_word' id='word_1_293' title='bbox 254 3421 433 3475; x_wconf 91' lang='lat' dir='ltr'><strong>omnis</strong></span> <span class='ocrx_word' id='word_1_294' title='bbox 445 3420 584 3475; x_wconf 89' lang='lat' dir='ltr'><strong>ordo</strong></span> <span class='ocrx_word' id='word_1_295' title='bbox 603 3425 660 3474; x_wconf 92' lang='lat' dir='ltr'><strong>et</strong></span> <span class='ocrx_word' id='word_1_296' title='bbox 677 3419 1008 3492; x_wconf 89' lang='lat' dir='ltr'><strong>compositio</strong></span> <span class='ocrx_word' id='word_1_297' title='bbox 1037 3420 1441 3474; x_wconf 86' lang='lat' dir='ltr'><strong>monachorum</strong></span> <span class='ocrx_word' id='word_1_298' title='bbox 1464 3437 1476 3472; x_wconf 90' lang='lat'><strong>:</strong></span> <span class='ocrx_word' id='word_1_299' title='bbox 1507 3419 1732 3475; x_wconf 90' lang='lat' dir='ltr'><strong>illorum</strong></span> <span class='ocrx_word' id='word_1_300' title='bbox 1755 3417 2006 3502; x_wconf 84' lang='lat' dir='ltr'><strong>Bomnia</strong></span> <span class='ocrx_word' id='word_1_301' title='bbox 2033 3417 2286 3472; x_wconf 87' lang='lat' dir='ltr'><strong>imitator</strong></span> <span class='ocrx_word' id='word_1_302' title='bbox 2312 3419 2539 3472; x_wconf 89' lang='lat' dir='ltr'><strong>illorum</strong></span> <span class='ocrx_word' id='word_1_303' title='bbox 2569 3419 2819 3486; x_wconf 82' lang='lat' dir='ltr'><strong>effectus,</strong></span> <span class='ocrx_word' id='word_1_304' title='bbox 2860 3419 2978 3474; x_wconf 63' lang='lat' dir='ltr'><strong>haec</strong></span> <span class='ocrx_word' id='word_1_305' title='bbox 3006 3424 3065 3474; x_wconf 90' lang='lat' dir='ltr'><strong>et</strong></span> <span class='ocrx_word' id='word_1_306' title='bbox 3087 3420 3266 3475; x_wconf 87' lang='lat' dir='ltr'><strong>multa</strong></span> <span class='ocrx_word' id='word_1_307' title='bbox 3297 3421 3410 3478; x_wconf 86' lang='lat' dir='ltr'><strong>alia</strong></span> 
     </span>
    </p>
   </div>
   <div class='ocr_carea' id='block_1_40' title="bbox 144 3506 3411 3581">
    <p class='ocr_par' dir='ltr' id='par_1_40' title="bbox 144 3506 3411 3581">
     <span class='ocr_line' id='line_1_40' title="bbox 144 3506 3411 3581; baseline 0.001 -20"><span class='ocrx_word' id='word_1_308' title='bbox 144 3508 280 3564; x_wconf 87' lang='lat' dir='ltr'><strong>ulnis</strong></span> <span class='ocrx_word' id='word_1_309' title='bbox 324 3509 623 3581; x_wconf 90' lang='lat' dir='ltr'><strong>imponens</strong></span> <span class='ocrx_word' id='word_1_310' title='bbox 669 3524 834 3563; x_wconf 90' lang='lat' dir='ltr'><strong>usum</strong></span> <span class='ocrx_word' id='word_1_311' title='bbox 866 3508 1117 3563; x_wconf 90' lang='lat' dir='ltr'><strong>Cluniaci</strong></span> <span class='ocrx_word' id='word_1_312' title='bbox 1160 3509 1394 3563; x_wconf 86' lang='lat' dir='ltr'><strong>coenobii</strong></span> <span class='ocrx_word' id='word_1_313' title='bbox 1440 3509 1498 3562; x_wconf 91' lang='lat' dir='ltr'><strong>in</strong></span> <span class='ocrx_word' id='word_1_314' title='bbox 1553 3508 1734 3562; x_wconf 88' lang='lat' dir='ltr'><strong>Gallia</strong></span> <span class='ocrx_word' id='word_1_315' title='bbox 1813 3506 1872 3561; x_wconf 91' lang='lat' dir='ltr'><strong>in</strong></span> <span class='ocrx_word' id='word_1_316' title='bbox 1901 3524 2004 3562; x_wconf 90' lang='lat' dir='ltr'><strong>suo</strong></span> <span class='ocrx_word' id='word_1_317' title='bbox 2033 3507 2208 3578; x_wconf 82' lang='lat' dir='ltr'><strong>regali</strong></span> <span class='ocrx_word' id='word_1_318' title='bbox 2238 3512 2294 3561; x_wconf 88' lang='lat' dir='ltr'><strong>et</strong></span> <span class='ocrx_word' id='word_1_319' title='bbox 2321 3507 2555 3579; x_wconf 89' lang='lat' dir='ltr'><strong>antiquo</strong></span> <span class='ocrx_word' id='word_1_320' title='bbox 2575 3508 2826 3563; x_wconf 75' lang='lat' dir='ltr'><strong>ccenobio</strong></span> <span class='ocrx_word' id='word_1_321' title='bbox 2853 3509 3092 3575; x_wconf 84' lang='lat' dir='ltr'><strong>advexit,</strong></span> <span class='ocrx_word' id='word_1_322' title='bbox 3116 3515 3179 3565; x_wconf 92' lang='lat' dir='ltr'><strong>ut</strong></span> <span class='ocrx_word' id='word_1_323' title='bbox 3201 3509 3270 3564; x_wconf 89' lang='lat' dir='ltr'><strong>ab</strong></span> <span class='ocrx_word' id='word_1_324' title='bbox 3291 3510 3411 3566; x_wconf 89' lang='lat' dir='ltr'><strong>illo-</strong></span> 
     </span>
    </p>
   </div>
   <div class='ocr_carea' id='block_1_41' title="bbox 145 3595 3411 3672">
    <p class='ocr_par' dir='ltr' id='par_1_41' title="bbox 145 3595 3411 3672">
     <span class='ocr_line' id='line_1_41' title="bbox 145 3595 3411 3672; baseline 0.002 -22"><span class='ocrx_word' id='word_1_325' title='bbox 145 3595 406 3660; x_wconf 67' lang='lat' dir='ltr'><strong>zedificati,</strong></span> <span class='ocrx_word' id='word_1_326' title='bbox 441 3613 509 3650; x_wconf 87' lang='lat' dir='ltr'><strong>ac</strong></span> <span class='ocrx_word' id='word_1_327' title='bbox 535 3613 636 3668; x_wconf 89' lang='lat' dir='ltr'><strong>per</strong></span> <span class='ocrx_word' id='word_1_328' title='bbox 661 3601 844 3650; x_wconf 90' lang='lat' dir='ltr'><strong>totum</strong></span> <span class='ocrx_word' id='word_1_329' title='bbox 875 3595 1086 3662; x_wconf 91' lang='lat' dir='ltr'><strong>orbem,</strong></span> <span class='ocrx_word' id='word_1_330' title='bbox 1116 3601 1318 3651; x_wconf 86' lang='lat' dir='ltr'><strong>cuncta</strong></span> <span class='ocrx_word' id='word_1_331' title='bbox 1356 3597 1507 3650; x_wconf 87' lang='lat' dir='ltr'><strong>ultra</strong></span> <span class='ocrx_word' id='word_1_332' title='bbox 1539 3613 1733 3650; x_wconf 89' lang='lat' dir='ltr'><strong>mona-</strong></span> <span class='ocrx_word' id='word_1_333' title='bbox 1815 3613 1941 3651; x_wconf 88' lang='lat' dir='ltr'><strong>rum</strong></span> <span class='ocrx_word' id='word_1_334' title='bbox 1969 3614 2076 3651; x_wconf 90' lang='lat' dir='ltr'><strong>usu</strong></span> <span class='ocrx_word' id='word_1_335' title='bbox 2117 3597 2176 3651; x_wconf 90' lang='lat' dir='ltr'><strong>in</strong></span> <span class='ocrx_word' id='word_1_336' title='bbox 2215 3597 2371 3651; x_wconf 91' lang='lat' dir='ltr'><strong>nullo</strong></span> <span class='ocrx_word' id='word_1_337' title='bbox 2418 3597 2781 3668; x_wconf 88' lang='lat' dir='ltr'><strong>discreparet,</strong></span> <span class='ocrx_word' id='word_1_338' title='bbox 2835 3598 3065 3670; x_wconf 90' lang='lat' dir='ltr'><strong>cupiens</strong></span> <span class='ocrx_word' id='word_1_339' title='bbox 3100 3599 3411 3672; x_wconf 85' lang='lat' dir='ltr'><strong>adimplere</strong></span> 
     </span>
    </p>
   </div>
   <div class='ocr_carea' id='block_1_42' title="bbox 147 3685 3410 3758">
    <p class='ocr_par' dir='ltr' id='par_1_42' title="bbox 147 3685 3410 3758">
     <span class='ocr_line' id='line_1_42' title="bbox 147 3685 3410 3758; baseline 0.002 -20"><span class='ocrx_word' id='word_1_340' title='bbox 147 3685 323 3750; x_wconf 84' lang='lat' dir='ltr'><strong>steria,</strong></span> <span class='ocrx_word' id='word_1_341' title='bbox 354 3685 608 3758; x_wconf 84' lang='lat' dir='ltr'><strong>regulari</strong></span> <span class='ocrx_word' id='word_1_342' title='bbox 645 3685 874 3739; x_wconf 86' lang='lat' dir='ltr'><strong>tramite</strong></span> <span class='ocrx_word' id='word_1_343' title='bbox 901 3685 1164 3756; x_wconf 90' lang='lat' dir='ltr'><strong>pollentis</strong></span> <span class='ocrx_word' id='word_1_344' title='bbox 1195 3686 1316 3756; x_wconf 90' lang='lat' dir='ltr'><strong>ipso</strong></span> <span class='ocrx_word' id='word_1_345' title='bbox 1341 3691 1612 3756; x_wconf 87' lang='lat' dir='ltr'><strong>tempore.</strong></span> <span class='ocrx_word' id='word_1_346' title='bbox 1647 3687 1736 3741; x_wconf 92' lang='lat' dir='ltr'><strong>In-</strong></span> <span class='ocrx_word' id='word_1_347' title='bbox 1817 3687 1966 3756; x_wconf 90' lang='lat' dir='ltr'><strong>quod</strong></span> <span class='ocrx_word' id='word_1_348' title='bbox 1997 3686 2055 3740; x_wconf 92' lang='lat' dir='ltr'><strong>in</strong></span> <span class='ocrx_word' id='word_1_349' title='bbox 2080 3685 2312 3740; x_wconf 82' lang='lat' dir='ltr'><strong>Actibus</strong></span> <span class='ocrx_word' id='word_1_350' title='bbox 2346 3687 2728 3757; x_wconf 89' lang='lat' dir='ltr'><strong>apostolorum</strong></span> <span class='ocrx_word' id='word_1_351' title='bbox 2771 3687 2977 3758; x_wconf 86' lang='lat' dir='ltr'><strong>legitur</strong></span> <span class='ocrx_word' id='word_1_352' title='bbox 3007 3703 3024 3745; x_wconf 88' lang='lat'><strong>:</strong></span> <span class='ocrx_word' id='word_1_353' title='bbox 3051 3707 3077 3742; x_wconf 72' lang='grc' dir='ltr'>α</span> <span class='ocrx_word' id='word_1_354' title='bbox 3104 3687 3410 3745; x_wconf 86' lang='lat' dir='ltr'><strong>Multitudi-</strong></span> 
     </span>
    </p>
   </div>
   <div class='ocr_carea' id='block_1_43' title="bbox 147 3773 3406 3847">
    <p class='ocr_par' dir='ltr' id='par_1_43' title="bbox 147 3773 3406 3847">
     <span class='ocr_line' id='line_1_43' title="bbox 147 3773 3406 3847; baseline 0.001 -19"><span class='ocrx_word' id='word_1_355' title='bbox 147 3780 368 3830; x_wconf 86' lang='lat' dir='ltr'><strong>sonante</strong></span> <span class='ocrx_word' id='word_1_356' title='bbox 395 3781 457 3830; x_wconf 91' lang='lat' dir='ltr'><strong>et</strong></span> <span class='ocrx_word' id='word_1_357' title='bbox 476 3774 626 3828; x_wconf 91' lang='lat' dir='ltr'><strong>enim</strong></span> <span class='ocrx_word' id='word_1_358' title='bbox 655 3773 818 3844; x_wconf 86' lang='lat' dir='ltr'><strong>longe</strong></span> <span class='ocrx_word' id='word_1_359' title='bbox 843 3775 1066 3845; x_wconf 87' lang='lat' dir='ltr'><strong>lateque</strong></span> <span class='ocrx_word' id='word_1_360' title='bbox 1093 3774 1242 3827; x_wconf 86' lang='lat' dir='ltr'><strong>fama</strong></span> <span class='ocrx_word' id='word_1_361' title='bbox 1259 3773 1533 3844; x_wconf 69' lang='lat' dir='ltr'><strong>praelibati</strong></span> <span class='ocrx_word' id='word_1_362' title='bbox 1555 3790 1734 3828; x_wconf 71' lang='lat' dir='ltr'><strong>caeno-</strong></span> <span class='ocrx_word' id='word_1_363' title='bbox 1817 3774 1906 3828; x_wconf 92' lang='lat' dir='ltr'><strong>nis</strong></span> <span class='ocrx_word' id='word_1_364' title='bbox 1959 3774 2307 3829; x_wconf 83' lang='lat' dir='ltr'><strong>credentium</strong></span> <span class='ocrx_word' id='word_1_365' title='bbox 2346 3780 2469 3829; x_wconf 88' lang='lat' dir='ltr'><strong>erat</strong></span> <span class='ocrx_word' id='word_1_366' title='bbox 2497 3791 2593 3829; x_wconf 91' lang='lat' dir='ltr'><strong>cor</strong></span> <span class='ocrx_word' id='word_1_367' title='bbox 2619 3780 2677 3828; x_wconf 88' lang='lat' dir='ltr'><strong>et</strong></span> <span class='ocrx_word' id='word_1_368' title='bbox 2713 3775 2902 3829; x_wconf 86' lang='lat' dir='ltr'><strong>anima</strong></span> <span class='ocrx_word' id='word_1_369' title='bbox 2931 3792 3046 3830; x_wconf 90' lang='lat' dir='ltr'><strong>una</strong></span> <span class='ocrx_word' id='word_1_370' title='bbox 3075 3778 3206 3847; x_wconf 80' lang='lat' dir='ltr'><strong>(Act.</strong></span> <span class='ocrx_word' id='word_1_371' title='bbox 3237 3777 3339 3846; x_wconf 84' lang='lat' dir='ltr'><strong>iv).</strong></span> <span class='ocrx_word' id='word_1_372' title='bbox 3381 3796 3406 3830; x_wconf 72' lang='grc' dir='ltr'><strong>ι</strong></span> 
     </span>
    </p>
   </div>
   <div class='ocr_carea' id='block_1_44' title="bbox 148 3861 3411 3936">
    <p class='ocr_par' dir='ltr' id='par_1_44' title="bbox 148 3861 3411 3936">
     <span class='ocr_line' id='line_1_44' title="bbox 148 3861 3411 3936; baseline 0.001 -20"><span class='ocrx_word' id='word_1_373' title='bbox 148 3861 235 3930; x_wconf 89' lang='lat' dir='ltr'><strong>bii,</strong></span> <span class='ocrx_word' id='word_1_374' title='bbox 280 3881 382 3919; x_wconf 89' lang='lat' dir='ltr'><strong>nec</strong></span> <span class='ocrx_word' id='word_1_375' title='bbox 417 3880 535 3918; x_wconf 91' lang='lat' dir='ltr'><strong>non</strong></span> <span class='ocrx_word' id='word_1_376' title='bbox 583 3867 641 3917; x_wconf 90' lang='lat' dir='ltr'><strong>et</strong></span> <span class='ocrx_word' id='word_1_377' title='bbox 679 3863 1072 3934; x_wconf 68' lang='lat' dir='ltr'><strong>praedictorum</strong></span> <span class='ocrx_word' id='word_1_378' title='bbox 1131 3863 1386 3926; x_wconf 87' lang='lat' dir='ltr'><strong>Patrum,</strong></span> <span class='ocrx_word' id='word_1_379' title='bbox 1435 3862 1734 3916; x_wconf 86' lang='lat' dir='ltr'><strong>Romualdi</strong></span> <span class='ocrx_word' id='word_1_380' title='bbox 1817 3863 1995 3926; x_wconf 89' lang='lat' dir='ltr'><strong>Quam</strong></span> <span class='ocrx_word' id='word_1_381' title='bbox 2019 3863 2500 3928; x_wconf 86' lang='lat' dir='ltr'><strong>consuetudinem,</strong></span> <span class='ocrx_word' id='word_1_382' title='bbox 2528 3863 2721 3935; x_wconf 89' lang='lat' dir='ltr'><strong>siquis</strong></span> <span class='ocrx_word' id='word_1_383' title='bbox 2747 3863 3155 3936; x_wconf 84' lang='lat' dir='ltr'><strong>adimpleverit,</strong></span> <span class='ocrx_word' id='word_1_384' title='bbox 3186 3864 3245 3919; x_wconf 89' lang='lat' dir='ltr'><strong>in</strong></span> <span class='ocrx_word' id='word_1_385' title='bbox 3273 3882 3411 3936; x_wconf 72' lang='lat' dir='ltr'><strong>prm-</strong></span> 
     </span>
    </p>
   </div>
   <div class='ocr_carea' id='block_1_45' title="bbox 149 3950 3408 4026">
    <p class='ocr_par' dir='ltr' id='par_1_45' title="bbox 149 3950 3408 4026">
     <span class='ocr_line' id='line_1_45' title="bbox 149 3950 3408 4026; baseline 0.001 -20"><span class='ocrx_word' id='word_1_386' title='bbox 149 3951 344 4009; x_wconf 89' lang='lat' dir='ltr'><strong>scilicet</strong></span> <span class='ocrx_word' id='word_1_387' title='bbox 387 3959 448 4008; x_wconf 92' lang='lat' dir='ltr'><strong>et</strong></span> <span class='ocrx_word' id='word_1_388' title='bbox 484 3951 676 4007; x_wconf 91' lang='lat' dir='ltr'><strong>domni</strong></span> <span class='ocrx_word' id='word_1_389' title='bbox 722 3951 975 4022; x_wconf 85' lang='lat' dir='ltr'><strong>Hugonis</strong></span> <span class='ocrx_word' id='word_1_390' title='bbox 1009 3951 1227 4005; x_wconf 87' lang='lat' dir='ltr'><strong>abbatis</strong></span> <span class='ocrx_word' id='word_1_391' title='bbox 1255 3950 1644 4021; x_wconf 88' lang='lat' dir='ltr'><strong>benignissimi</strong></span> <span class='ocrx_word' id='word_1_392' title='bbox 1674 3951 1733 4005; x_wconf 90' lang='lat' dir='ltr'><strong>hi</strong></span> <span class='ocrx_word' id='word_1_393' title='bbox 1814 3952 1960 4006; x_wconf 90' lang='lat' dir='ltr'><strong>senti</strong></span> <span class='ocrx_word' id='word_1_394' title='bbox 1988 3952 2324 4007; x_wconf 87' lang='lat' dir='ltr'><strong>exaltabitur</strong></span> <span class='ocrx_word' id='word_1_395' title='bbox 2356 3953 2484 4020; x_wconf 89' lang='lat' dir='ltr'><strong>vita,</strong></span> <span class='ocrx_word' id='word_1_396' title='bbox 2520 3958 2578 4007; x_wconf 92' lang='lat' dir='ltr'><strong>et</strong></span> <span class='ocrx_word' id='word_1_397' title='bbox 2604 3958 2732 4024; x_wconf 88' lang='lat' dir='ltr'><strong>post</strong></span> <span class='ocrx_word' id='word_1_398' title='bbox 2755 3953 2903 4007; x_wconf 89' lang='lat' dir='ltr'><strong>intra</strong></span> <span class='ocrx_word' id='word_1_399' title='bbox 2923 3969 3230 4026; x_wconf 90' lang='lat' dir='ltr'><strong>perennem</strong></span> <span class='ocrx_word' id='word_1_400' title='bbox 3247 3954 3408 4010; x_wconf 72' lang='lat' dir='ltr'><strong>laeta-</strong></span> 
     </span>
    </p>
   </div>
   <div class='ocr_carea' id='block_1_46' title="bbox 150 4038 2411 4115">
    <p class='ocr_par' dir='ltr' id='par_1_46' title="bbox 150 4038 2411 4115">
     <span class='ocr_line' id='line_1_46' title="bbox 150 4038 2411 4115; baseline 0 -19"><span class='ocrx_word' id='word_1_401' title='bbox 150 4041 376 4115; x_wconf 87' lang='lat' dir='ltr'><strong>denique</strong></span> <span class='ocrx_word' id='word_1_402' title='bbox 424 4042 645 4107; x_wconf 88' lang='lat' dir='ltr'><strong>Patres,</strong></span> <span class='ocrx_word' id='word_1_403' title='bbox 691 4039 866 4094; x_wconf 92' lang='lat' dir='ltr'><strong>nimio</strong></span> <span class='ocrx_word' id='word_1_404' title='bbox 913 4040 1030 4094; x_wconf 93' lang='lat' dir='ltr'><strong>zelo</strong></span> <span class='ocrx_word' id='word_1_405' title='bbox 1071 4039 1348 4094; x_wconf 84' lang='lat' dir='ltr'><strong>ferventes</strong></span> <span class='ocrx_word' id='word_1_406' title='bbox 1399 4045 1455 4094; x_wconf 91' lang='lat' dir='ltr'><strong>et</strong></span> <span class='ocrx_word' id='word_1_407' title='bbox 1497 4038 1646 4094; x_wconf 90' lang='lat' dir='ltr'><strong>inter</strong></span> <span class='ocrx_word' id='word_1_408' title='bbox 1672 4056 1732 4095; x_wconf 91' lang='lat' dir='ltr'><strong>se</strong></span> <span class='ocrx_word' id='word_1_409' title='bbox 1814 4039 1967 4096; x_wconf 90' lang='lat' dir='ltr'><strong>bitur</strong></span> <span class='ocrx_word' id='word_1_410' title='bbox 1993 4058 2277 4113; x_wconf 86' lang='lat' dir='ltr'><strong>pascuam,</strong></span> <span class='ocrx_word' id='word_1_411' title='bbox 2306 4047 2411 4097; x_wconf 90' lang='lat' dir='ltr'><strong>etc.</strong></span> 
     </span>
    </p>
   </div>
   <div class='ocr_carea' id='block_1_47' title="bbox 151 4128 1735 4198">
    <p class='ocr_par' dir='ltr' id='par_1_47' title="bbox 151 4128 1735 4198">
     <span class='ocr_line' id='line_1_47' title="bbox 151 4128 1735 4198; baseline 0.001 -15"><span class='ocrx_word' id='word_1_412' title='bbox 151 4131 563 4198; x_wconf 87' lang='lat' dir='ltr'><strong>concordantes,</strong></span> <span class='ocrx_word' id='word_1_413' title='bbox 610 4129 851 4184; x_wconf 87' lang='lat' dir='ltr'><strong>domnus</strong></span> <span class='ocrx_word' id='word_1_414' title='bbox 909 4128 1257 4184; x_wconf 87' lang='lat' dir='ltr'><strong>Romualdus</strong></span> <span class='ocrx_word' id='word_1_415' title='bbox 1311 4128 1371 4183; x_wconf 87' lang='lat' dir='ltr'><strong>in</strong></span> <span class='ocrx_word' id='word_1_416' title='bbox 1423 4128 1735 4185; x_wconf 89' lang='lat' dir='ltr'><strong>theoretica</strong></span> 
     </span>
    </p>
   </div>
   <div class='ocr_carea' id='block_1_48' title="bbox 1319 4280 2240 4344">
    <p class='ocr_par' dir='ltr' id='par_1_48' title="bbox 1319 4280 2240 4344">
     <span class='ocr_line' id='line_1_48' title="bbox 1319 4280 2240 4344; baseline 0.003 -4"><span class='ocrx_word' id='word_1_417' title='bbox 1319 4280 1560 4341; x_wconf 88' lang='lat' dir='ltr'>TITULI</span> <span class='ocrx_word' id='word_1_418' title='bbox 1599 4282 1920 4343; x_wconf 83' lang='lat' dir='ltr'><strong>CAPITUM</strong></span> <span class='ocrx_word' id='word_1_419' title='bbox 1956 4283 2154 4344; x_wconf 87' lang='lat' dir='ltr'>LIBRI</span> <span class='ocrx_word' id='word_1_420' title='bbox 2192 4283 2240 4343; x_wconf 87' lang='grc' dir='ltr'><strong>Ι.</strong></span> 
     </span>
    </p>
   </div>
   <div class='ocr_carea' id='block_1_49' title="bbox 817 4397 2060 4472">
    <p class='ocr_par' dir='ltr' id='par_1_49' title="bbox 817 4397 2060 4472">
     <span class='ocr_line' id='line_1_49' title="bbox 817 4397 2060 4472; baseline 0.002 -17"><span class='ocrx_word' id='word_1_421' title='bbox 817 4397 1022 4470; x_wconf 84' lang='lat' dir='ltr'><strong>Incipit</strong></span> <span class='ocrx_word' id='word_1_422' title='bbox 1041 4401 1290 4472; x_wconf 67' lang='lat' dir='ltr'><strong>pulchrae</strong></span> <span class='ocrx_word' id='word_1_423' title='bbox 1318 4418 1452 4456; x_wconf 87' lang='lat' dir='ltr'><strong>usus</strong></span> <span class='ocrx_word' id='word_1_424' title='bbox 1483 4405 1797 4458; x_wconf 68' lang='lat' dir='ltr'><strong>monasticae</strong></span> <span class='ocrx_word' id='word_1_425' title='bbox 1834 4419 2060 4466; x_wconf 68' lang='lat' dir='ltr'><strong>normae,</strong></span> 
     </span>
    </p>
   </div>
   <div class='ocr_carea' id='block_1_50' title="bbox 820 4485 2571 4558">
    <p class='ocr_par' dir='ltr' id='par_1_50' title="bbox 820 4485 2571 4558">
     <span class='ocr_line' id='line_1_50' title="bbox 820 4485 2571 4558; baseline 0.003 -16"><span class='ocrx_word' id='word_1_426' title='bbox 820 4490 1072 4556; x_wconf 76' lang='lat' dir='ltr'><strong>Qualiter</strong></span> <span class='ocrx_word' id='word_1_427' title='bbox 1099 4492 1194 4558; x_wconf 85' lang='lat' dir='ltr'><strong>agi</strong></span> <span class='ocrx_word' id='word_1_428' title='bbox 1221 4490 1405 4544; x_wconf 82' lang='lat' dir='ltr'><strong>debeat</strong></span> <span class='ocrx_word' id='word_1_429' title='bbox 1434 4491 1620 4544; x_wconf 87' lang='lat' dir='ltr'><strong>diebus</strong></span> <span class='ocrx_word' id='word_1_430' title='bbox 1650 4495 1762 4544; x_wconf 86' lang='lat' dir='ltr'><strong>octo</strong></span> <span class='ocrx_word' id='word_1_431' title='bbox 1790 4495 1918 4544; x_wconf 84' lang='lat' dir='ltr'><strong>ante</strong></span> <span class='ocrx_word' id='word_1_432' title='bbox 1946 4489 2177 4546; x_wconf 88' lang='lat' dir='ltr'><strong>Domini</strong></span> <span class='ocrx_word' id='word_1_433' title='bbox 2193 4485 2571 4547; x_wconf 82' lang='lat' dir='ltr'><strong>Nativitatem.</strong></span> 
     </span>
    </p>
   </div>
   <div class='ocr_carea' id='block_1_51' title="bbox 818 4574 2204 4637">
    <p class='ocr_par' dir='ltr' id='par_1_51' title="bbox 818 4574 2204 4637">
     <span class='ocr_line' id='line_1_51' title="bbox 818 4574 2204 4637; baseline 0.001 -9"><span class='ocrx_word' id='word_1_434' title='bbox 818 4574 1148 4628; x_wconf 79' lang='lat' dir='ltr'><strong>Adveniente</strong></span> <span class='ocrx_word' id='word_1_435' title='bbox 1175 4576 1430 4637; x_wconf 83' lang='lat' dir='ltr'><strong>Domino,</strong></span> <span class='ocrx_word' id='word_1_436' title='bbox 1465 4576 1646 4629; x_wconf 70' lang='lat' dir='ltr'><strong>istIuee</strong></span> <span class='ocrx_word' id='word_1_437' title='bbox 1674 4590 1890 4628; x_wconf 80' lang='lat' dir='ltr'><strong>servare</strong></span> <span class='ocrx_word' id='word_1_438' title='bbox 1920 4582 2204 4631; x_wconf 87' lang='lat' dir='ltr'><strong>memento.</strong></span> 
     </span>
    </p>
   </div>
   <div class='ocr_carea' id='block_1_52' title="bbox 820 4663 2332 4733">
    <p class='ocr_par' dir='ltr' id='par_1_52' title="bbox 820 4663 2332 4733">
     <span class='ocr_line' id='line_1_52' title="bbox 820 4663 2332 4733; baseline 0.001 -15"><span class='ocrx_word' id='word_1_439' title='bbox 820 4663 1134 4732; x_wconf 75' lang='lat' dir='ltr'><strong>Stephanus</strong></span> <span class='ocrx_word' id='word_1_440' title='bbox 1164 4665 1313 4719; x_wconf 85' lang='lat' dir='ltr'><strong>hunc</strong></span> <span class='ocrx_word' id='word_1_441' title='bbox 1343 4667 1520 4718; x_wconf 86' lang='lat' dir='ltr'><strong>ritum</strong></span> <span class='ocrx_word' id='word_1_442' title='bbox 1548 4668 1744 4733; x_wconf 63' lang='lat' dir='ltr'><strong>quaerit</strong></span> <span class='ocrx_word' id='word_1_443' title='bbox 1781 4680 1997 4719; x_wconf 82' lang='lat' dir='ltr'><strong>servare</strong></span> <span class='ocrx_word' id='word_1_444' title='bbox 2026 4667 2332 4720; x_wconf 86' lang='lat' dir='ltr'><strong>colendum.</strong></span> 
     </span>
    </p>
   </div>
   <div class='ocr_carea' id='block_1_53' title="bbox 821 4751 2283 4822">
    <p class='ocr_par' dir='ltr' id='par_1_53' title="bbox 821 4751 2283 4822">
     <span class='ocr_line' id='line_1_53' title="bbox 821 4751 2283 4822; baseline 0.001 -16"><span class='ocrx_word' id='word_1_445' title='bbox 821 4751 1018 4806; x_wconf 85' lang='lat' dir='ltr'><strong>Almus</strong></span> <span class='ocrx_word' id='word_1_446' title='bbox 1047 4757 1094 4806; x_wconf 90' lang='lat' dir='ltr'><strong>et</strong></span> <span class='ocrx_word' id='word_1_447' title='bbox 1125 4753 1218 4806; x_wconf 86' lang='lat' dir='ltr'><strong>hos</strong></span> <span class='ocrx_word' id='word_1_448' title='bbox 1246 4768 1423 4806; x_wconf 87' lang='lat' dir='ltr'><strong>mores</strong></span> <span class='ocrx_word' id='word_1_449' title='bbox 1446 4757 1752 4822; x_wconf 77' lang='lat' dir='ltr'><strong>prospectat</strong></span> <span class='ocrx_word' id='word_1_450' title='bbox 1776 4755 1844 4808; x_wconf 91' lang='lat' dir='ltr'><strong>ab</strong></span> <span class='ocrx_word' id='word_1_451' title='bbox 1871 4769 1997 4808; x_wconf 87' lang='lat' dir='ltr'><strong>arce</strong></span> <span class='ocrx_word' id='word_1_452' title='bbox 2023 4754 2283 4808; x_wconf 83' lang='lat' dir='ltr'><strong>Joannes.</strong></span> 
     </span>
    </p>
   </div>
   <div class='ocr_carea' id='block_1_54' title="bbox 821 4841 2347 4910">
    <p class='ocr_par' dir='ltr' id='par_1_54' title="bbox 821 4841 2347 4910">
     <span class='ocr_line' id='line_1_54' title="bbox 821 4841 2347 4910; baseline 0.001 -15"><span class='ocrx_word' id='word_1_453' title='bbox 821 4841 1100 4895; x_wconf 84' lang='lat' dir='ltr'><strong>Laud-ibus</strong></span> <span class='ocrx_word' id='word_1_454' title='bbox 1131 4843 1421 4909; x_wconf 75' lang='lat' dir='ltr'><strong>infantum</strong></span> <span class='ocrx_word' id='word_1_455' title='bbox 1451 4842 1617 4910; x_wconf 87' lang='lat' dir='ltr'><strong>hunc,</strong></span> <span class='ocrx_word' id='word_1_456' title='bbox 1649 4844 1873 4910; x_wconf 80' lang='lat' dir='ltr'><strong>fratres,</strong></span> <span class='ocrx_word' id='word_1_457' title='bbox 1897 4845 2119 4910; x_wconf 87' lang='lat' dir='ltr'><strong>jungite</strong></span> <span class='ocrx_word' id='word_1_458' title='bbox 2149 4846 2347 4897; x_wconf 85' lang='lat' dir='ltr'><strong>ritum.</strong></span> 
     </span>
    </p>
   </div>
   <div class='ocr_carea' id='block_1_55' title="bbox 823 4929 2738 4999">
    <p class='ocr_par' dir='ltr' id='par_1_55' title="bbox 823 4929 2738 4999">
     <span class='ocr_line' id='line_1_55' title="bbox 823 4929 2738 4999; baseline 0.003 -18"><span class='ocrx_word' id='word_1_459' title='bbox 823 4929 967 4996; x_wconf 78' lang='lat' dir='ltr'><strong>Quid</strong></span> <span class='ocrx_word' id='word_1_460' title='bbox 977 4932 1072 4997; x_wconf 83' lang='lat' dir='ltr'><strong>agi</strong></span> <span class='ocrx_word' id='word_1_461' title='bbox 1079 4930 1324 4984; x_wconf 87' lang='lat' dir='ltr'><strong>debeatsi</strong></span> <span class='ocrx_word' id='word_1_462' title='bbox 1343 4931 1456 4983; x_wconf 88' lang='lat' dir='ltr'><strong>dies</strong></span> <span class='ocrx_word' id='word_1_463' title='bbox 1483 4931 1812 4985; x_wconf 80' lang='lat' dir='ltr'><strong>IJominieus</strong></span> <span class='ocrx_word' id='word_1_464' title='bbox 1826 4933 2131 4986; x_wconf 84' lang='lat' dir='ltr'><strong>incurrerit</strong></span> <span class='ocrx_word' id='word_1_465' title='bbox 2148 4933 2304 4999; x_wconf 80' lang='lat' dir='ltr'><strong>infra</strong></span> <span class='ocrx_word' id='word_1_466' title='bbox 2327 4933 2432 4985; x_wconf 86' lang='lat' dir='ltr'><strong>ista</strong></span> <span class='ocrx_word' id='word_1_467' title='bbox 2450 4932 2738 4987; x_wconf 77' lang='lat' dir='ltr'><strong>solemnia.</strong></span> 
     </span>
    </p>
   </div>
   <div class='ocr_carea' id='block_1_56' title="bbox 821 5019 2315 5090">
    <p class='ocr_par' dir='ltr' id='par_1_56' title="bbox 821 5019 2315 5090">
     <span class='ocr_line' id='line_1_56' title="bbox 821 5019 2315 5090; baseline 0.002 -18"><span class='ocrx_word' id='word_1_468' title='bbox 821 5019 959 5072; x_wconf 86' lang='lat' dir='ltr'><strong>Item</strong></span> <span class='ocrx_word' id='word_1_469' title='bbox 987 5019 1050 5072; x_wconf 86' lang='lat' dir='ltr'><strong>de</strong></span> <span class='ocrx_word' id='word_1_470' title='bbox 1080 5020 1199 5086; x_wconf 85' lang='lat' dir='ltr'><strong>ipsa</strong></span> <span class='ocrx_word' id='word_1_471' title='bbox 1228 5019 1603 5082; x_wconf 83' lang='lat' dir='ltr'><strong>celebratione,</strong></span> <span class='ocrx_word' id='word_1_472' title='bbox 1629 5036 1748 5088; x_wconf 73' lang='lat' dir='ltr'><strong>quae</strong></span> <span class='ocrx_word' id='word_1_473' title='bbox 1766 5022 1826 5087; x_wconf 83' lang='lat' dir='ltr'><strong>ﬁt</strong></span> <span class='ocrx_word' id='word_1_474' title='bbox 1850 5022 2088 5090; x_wconf 84' lang='lat' dir='ltr'><strong>privatis</strong></span> <span class='ocrx_word' id='word_1_475' title='bbox 2107 5021 2315 5075; x_wconf 71' lang='lat' dir='ltr'><strong>diebus.</strong></span> 
     </span>
    </p>
   </div>
   <div class='ocr_carea' id='block_1_57' title="bbox 826 5106 2194 5175">
    <p class='ocr_par' dir='ltr' id='par_1_57' title="bbox 826 5106 2194 5175">
     <span class='ocr_line' id='line_1_57' title="bbox 826 5106 2194 5175; baseline 0.002 -13"><span class='ocrx_word' id='word_1_476' title='bbox 826 5106 1050 5162; x_wconf 77' lang='lat' dir='ltr'><strong>Oetaeas</strong></span> <span class='ocrx_word' id='word_1_477' title='bbox 1080 5106 1349 5175; x_wconf 84' lang='lat' dir='ltr'><strong>Stephani</strong></span> <span class='ocrx_word' id='word_1_478' title='bbox 1374 5111 1469 5171; x_wconf 87' lang='lat' dir='ltr'><strong>sic,</strong></span> <span class='ocrx_word' id='word_1_479' title='bbox 1499 5109 1723 5175; x_wconf 81' lang='lat' dir='ltr'><strong>fratres,</strong></span> <span class='ocrx_word' id='word_1_480' title='bbox 1757 5111 1967 5163; x_wconf 85' lang='lat' dir='ltr'><strong>currite</strong></span> <span class='ocrx_word' id='word_1_481' title='bbox 1995 5112 2194 5167; x_wconf 85' lang='lat' dir='ltr'><strong>sancti.</strong></span> 
     </span>
    </p>
   </div>
   <div class='ocr_carea' id='block_1_58' title="bbox 818 5196 2106 5265">
    <p class='ocr_par' dir='ltr' id='par_1_58' title="bbox 818 5196 2106 5265">
     <span class='ocr_line' id='line_1_58' title="bbox 818 5196 2106 5265; baseline 0.003 -15"><span class='ocrx_word' id='word_1_482' title='bbox 818 5197 932 5250; x_wconf 85' lang='lat' dir='ltr'><strong>Ista</strong></span> <span class='ocrx_word' id='word_1_483' title='bbox 965 5196 1324 5265; x_wconf 69' lang='lat' dir='ltr'><strong>Theophania</strong></span> <span class='ocrx_word' id='word_1_484' title='bbox 1351 5212 1627 5251; x_wconf 84' lang='lat' dir='ltr'><strong>servemus</strong></span> <span class='ocrx_word' id='word_1_485' title='bbox 1656 5200 1718 5251; x_wconf 89' lang='lat' dir='ltr'><strong>in</strong></span> <span class='ocrx_word' id='word_1_486' title='bbox 1743 5199 1936 5252; x_wconf 85' lang='lat' dir='ltr'><strong>ordine</strong></span> <span class='ocrx_word' id='word_1_487' title='bbox 1964 5201 2106 5254; x_wconf 62' lang='lat' dir='ltr'><strong>vita.</strong></span> 
     </span>
    </p>
   </div>
   <div class='ocr_carea' id='block_1_59' title="bbox 829 5285 1996 5355">
    <p class='ocr_par' dir='ltr' id='par_1_59' title="bbox 829 5285 1996 5355">
     <span class='ocr_line' id='line_1_59' title="bbox 829 5285 1996 5355; baseline 0 -13"><span class='ocrx_word' id='word_1_488' title='bbox 829 5285 1040 5342; x_wconf 81' lang='lat' dir='ltr'><strong>Taliter</strong></span> <span class='ocrx_word' id='word_1_489' title='bbox 1068 5288 1270 5339; x_wconf 82' lang='lat' dir='ltr'><strong>octavis</strong></span> <span class='ocrx_word' id='word_1_490' title='bbox 1294 5287 1591 5353; x_wconf 82' lang='lat' dir='ltr'><strong>peragitur</strong></span> <span class='ocrx_word' id='word_1_491' title='bbox 1625 5286 1996 5355; x_wconf 85' lang='lat' dir='ltr'><strong>Theophania.</strong></span> 
     </span>
    </p>
   </div>
   <div class='ocr_carea' id='block_1_60' title="bbox 824 5375 2016 5444">
    <p class='ocr_par' dir='ltr' id='par_1_60' title="bbox 824 5375 2016 5444">
     <span class='ocr_line' id='line_1_60' title="bbox 824 5375 2016 5444; baseline 0.002 -15"><span class='ocrx_word' id='word_1_492' title='bbox 824 5375 1036 5430; x_wconf 85' lang='lat' dir='ltr'><strong>Paulus</strong></span> <span class='ocrx_word' id='word_1_493' title='bbox 1064 5389 1352 5429; x_wconf 81' lang='lat' dir='ltr'><strong>conversus</strong></span> <span class='ocrx_word' id='word_1_494' title='bbox 1371 5376 1482 5428; x_wconf 82' lang='lat' dir='ltr'><strong>sibi</strong></span> <span class='ocrx_word' id='word_1_495' title='bbox 1510 5375 1644 5429; x_wconf 82' lang='lat' dir='ltr'><strong>tales</strong></span> <span class='ocrx_word' id='word_1_496' title='bbox 1672 5377 1843 5444; x_wconf 69' lang='lat' dir='ltr'><strong>exigit</strong></span> <span class='ocrx_word' id='word_1_497' title='bbox 1863 5393 2016 5431; x_wconf 88' lang='lat' dir='ltr'><strong>usus.</strong></span> 
     </span>
    </p>
   </div>
   <div class='ocr_carea' id='block_1_61' title="bbox 227 5513 3408 5602">
    <p class='ocr_par' dir='ltr' id='par_1_61' title="bbox 227 5513 3408 5602">
     <span class='ocr_line' id='line_1_61' title="bbox 227 5513 3408 5602; baseline 0.008 -34"><span class='ocrx_word' id='word_1_498' title='bbox 227 5513 433 5602; x_wconf 58' lang='lat' dir='ltr'><strong>mllio</strong></span> <span class='ocrx_word' id='word_1_499' title='bbox 459 5513 565 5602; x_wconf 81' lang='lat' dir='ltr'><strong>sub</strong></span> <span class='ocrx_word' id='word_1_500' title='bbox 592 5513 1014 5602; x_wconf 64' lang='lat' dir='ltr'><strong>religiosissima</strong></span> <span class='ocrx_word' id='word_1_501' title='bbox 1056 5514 1258 5602; x_wconf 66' lang='lat' dir='ltr'><strong>abbate</strong></span> <span class='ocrx_word' id='word_1_502' title='bbox 1300 5516 1518 5602; x_wconf 38' lang='lat' dir='ltr'><strong>J‘oseph‘</strong></span> <span class='ocrx_word' id='word_1_503' title='bbox 1529 5533 1746 5602; x_wconf 45' lang='lat' dir='ltr'><strong>.mona-</strong></span> <span class='ocrx_word' id='word_1_504' title='bbox 1825 5517 2067 5574; x_wconf 88' lang='lat' dir='ltr'><strong>alterum</strong></span> <span class='ocrx_word' id='word_1_505' title='bbox 2105 5519 2401 5602; x_wconf 73' lang='lat' dir='ltr'><strong>prologum</strong></span> <span class='ocrx_word' id='word_1_506' title='bbox 2428 5523 2736 5599; x_wconf 87' lang='lat' dir='ltr'><strong>scripsisse,</strong></span> <span class='ocrx_word' id='word_1_507' title='bbox 2760 5525 2856 5602; x_wconf 91' lang='lat' dir='ltr'><strong>qui</strong></span> <span class='ocrx_word' id='word_1_508' title='bbox 2886 5533 3075 5587; x_wconf 82' lang='lat' dir='ltr'><strong>tamen</strong></span> <span class='ocrx_word' id='word_1_509' title='bbox 3104 5528 3177 5588; x_wconf 89' lang='lat' dir='ltr'><strong>ad</strong></span> <span class='ocrx_word' id='word_1_510' title='bbox 3205 5549 3408 5592; x_wconf 83' lang='lat' dir='ltr'><strong>manus</strong></span> 
     </span>
    </p>
   </div>
   <div class='ocr_carea' id='block_1_62' title="bbox 165 5585 2385 5655">
    <p class='ocr_par' dir='ltr' id='par_1_62' title="bbox 165 5585 2385 5655">
     <span class='ocr_line' id='line_1_62' title="bbox 165 5585 2385 5655; baseline 0.009 -19"><span class='ocrx_word' id='word_1_511' title='bbox 165 5585 327 5655; x_wconf 81' lang='lat' dir='ltr'><strong>sterio</strong></span> <span class='ocrx_word' id='word_1_512' title='bbox 349 5586 566 5642; x_wconf 86' lang='lat' dir='ltr'><strong>incerto</strong></span> <span class='ocrx_word' id='word_1_513' title='bbox 594 5585 796 5642; x_wconf 78' lang='lat' dir='ltr'><strong>vixisse</strong></span> <span class='ocrx_word' id='word_1_514' title='bbox 824 5585 1048 5642; x_wconf 91' lang='lat' dir='ltr'><strong>dicitur.</strong></span> <span class='ocrx_word' id='word_1_515' title='bbox 1070 5588 1262 5643; x_wconf 86' lang='lat' dir='ltr'><strong>Refert</strong></span> <span class='ocrx_word' id='word_1_516' title='bbox 1288 5585 1459 5643; x_wconf 80' lang='lat' dir='ltr'><strong>etiam</strong></span> <span class='ocrx_word' id='word_1_517' title='bbox 1496 5588 1745 5644; x_wconf 82' lang='lat' dir='ltr'><strong>Mabillo-</strong></span> <span class='ocrx_word' id='word_1_518' title='bbox 1824 5607 1980 5648; x_wconf 90' lang='lat' dir='ltr'><strong>meas</strong></span> <span class='ocrx_word' id='word_1_519' title='bbox 2007 5585 2125 5654; x_wconf 73' lang='lat' dir='ltr'><strong>non</strong></span> <span class='ocrx_word' id='word_1_520' title='bbox 2143 5585 2385 5655; x_wconf 56' lang='lat' dir='ltr'><strong>devevnit.</strong></span> 
     </span>
    </p>
   </div>
   <div class='ocr_carea' id='block_1_63' title="bbox 167 5654 1745 5732">
    <p class='ocr_par' dir='ltr' id='par_1_63' title="bbox 167 5654 1745 5732">
     <span class='ocr_line' id='line_1_63' title="bbox 167 5654 1745 5732; baseline 0.004 -22"><span class='ocrx_word' id='word_1_521' title='bbox 167 5654 286 5712; x_wconf 79' lang='lat' dir='ltr'><strong>nius</strong></span> <span class='ocrx_word' id='word_1_522' title='bbox 311 5658 515 5715; x_wconf 80' lang='lat' dir='ltr'><strong>Annal.</strong></span> <span class='ocrx_word' id='word_1_523' title='bbox 547 5663 687 5715; x_wconf 85' lang='lat' dir='ltr'><strong>tom.</strong></span> <span class='ocrx_word' id='word_1_524' title='bbox 725 5659 825 5727; x_wconf 85' lang='lat' dir='ltr'><strong>1V,</strong></span> <span class='ocrx_word' id='word_1_525' title='bbox 870 5675 999 5732; x_wconf 83' lang='lat' dir='ltr'><strong>pag.</strong></span> <span class='ocrx_word' id='word_1_526' title='bbox 1023 5655 1151 5728; x_wconf 72' lang='lat'><strong>207,</strong></span> <span class='ocrx_word' id='word_1_527' title='bbox 1185 5659 1446 5716; x_wconf 90' lang='lat' dir='ltr'><strong>eumdem</strong></span> <span class='ocrx_word' id='word_1_528' title='bbox 1468 5657 1745 5717; x_wconf 86' lang='lat' dir='ltr'><strong>Joannem</strong></span> 
     </span>
    </p>
   </div>
   <div class='ocr_carea' id='block_1_64' title="bbox 397 5757 1839 5839">
    <p class='ocr_par' dir='ltr' id='par_1_64' title="bbox 397 5757 836 5823">
     <span class='ocr_line' id='line_1_64' title="bbox 397 5757 836 5823; baseline 0.007 -3"><span class='ocrx_word' id='word_1_529' title='bbox 397 5757 664 5822; x_wconf 65' lang='grc' dir='ltr'><strong>ΡΑτιιοι..</strong></span> <span class='ocrx_word' id='word_1_530' title='bbox 716 5758 836 5823; x_wconf 84' lang='lat' dir='ltr'><strong>GL.</strong></span> 
     </span>
    </p>
   </div>
   <div class='ocr_carea' id='block_1_65' title="bbox 1806 5757 3186 5839">
    <p class='ocr_par' dir='ltr' id='par_1_65' title="bbox 3105 5775 3186 5839">
     <span class='ocr_line' id='line_1_65' title="bbox 3105 5775 3186 5839; baseline 0 0"><span class='ocrx_word' id='word_1_531' title='bbox 3105 5775 3186 5839; x_wconf 89' lang='lat'><strong>38</strong></span> 
     </span>
    </p>
   </div>
  </div>
