3914 6382
545 329 695 406 4*ἢὸ

1618 339 1966 410 amassis
1995 337 2310 412 summa
2343 335 2765 412 t‘AREiiNSIS-

1227 463 1342 527 λίρσ
1371 465 1432 527 in
1458 465 1717 530 litoribus
1733 464 1952 546 τΟΙι-ρζνιιῖτ
1973 466 2246 532 »ροηείιιξέβ
2270 464 2549 546 planctus.

3692 335 3824 418 4-535

1218 553 1621 628 [Quadraginta
1648 553 1760 610 dies
1789 555 1919 605 istos
1933 554 2223 628 persolvi-te
2251 566 2449 605 mores.

1238 639 1487 704 Qualiter
1515 641 1784 706 agendum
1817 647 1891 693 est
1920 627 2138 694 sabbato
2167 643 2230 692 in
2261 640 2546 692 duodecim
2577 638 2842 690 lectiones.

1241 729 1448 782 Taliter
1480 732 1685 782 innecti
1711 736 1932 782 moneat
1961 747 2048 782 ros
2069 733 2253 783 Passio
2285 730 2506 783 Christi.
2728 717 2730 720 ’

1221 818 1324 884 .Sic
1345 819 1491 884 decet
1515 821 1582 884 in
1604 821 1839 887 psalmis
1863 821 2072 887 [fratres
2097 821 2372 888 celebrare
2402 821 2529 892 guot
2559 819 2741 892 annis.

1232 907 1403 960 Mores
1422 908 1704 960 Paschales
1723 911 1802 960 sic
1822 909 2106 961 observetis
2127 912 2365 961 ovantes.

1225 996 1299 1070 0.6
1328 997 1534 1088 Passis
1563 999 1852 1084 certatim.

1223 1077 1527 1139 Ascendens
1548 1077 1808 1140 Christus
1835 1090 1986 1141 caelos
2011 1087 2103 1139 hos
2132 1088 2300 1152 erigit
2333 1101 2484 1138 usus.

1223 1176 1344 1229 Hac
1371 1179 1574 1242 oportet
1595 1178 1688 1241 agi
1716 1177 1953 1228 adventu
1976 1177 2222 1243 Spiritus
2243 1177 2400 1228 almi.

1221 1265 1406 1331 Exigit
1437 1265 1530 1317 hos
1552 1281 1726 1317 mores
1755 1269 1978 1316 sanctus
1997 1266 2239 1331 Baptista
2259 1265 2516 1316 Joannes.

1228 1358 1372 1430 Tatfs
1403 1359 1927 1440 -gpostolz'c1tiii..cotet
1956 1358 2300 1440 observantia
2337 1358 2556 1434 festum.

1231 1437 1470 1512 Virginis
1492 1437 1859 1511 Assumptum
1889 1448 2078 1497 cuncti
2105 1437 2183 1497 sic
2211 1446 2393 1497 ducite
2423 1461 2655 1497 mecum.

1225 1535 1502 1614 Tlieqtocos
1533 1539 1719 1608 ortum
1749 1535 1968 1600 celebret
2001 1536 2078 1601 sic
2109 1534 2271 1612 turba
2302 1535 2584 1614 client-um.

1219 1625 1348 1676 Idus
1377 1623 1703 1691 Septembris
1733 1626 1810 1674 sic
1839 1625 2190 1689 incipiantur
2217 1638 2251 1673 a
2281 1622 2443 1674 vobis.

1217 1713 1470 1778 Agmim's
1499 1713 1718 1764 aetherei
1739 1715 2010 1777 peragant
2041 1713 2118 1763 sic
2145 1711 2353 1776 gaudia
2392 1713 2596 1763 cuncti.

1216 1804 1349 1856 Istos
1378 1801 1695 1855 Novembris
1725 1816 1897 1870 mores
1925 1804 2132 1876 servate
2160 1799 2439 1851 Kalendis.

1216 1891 1465 1957 Qualiter
1477 1890 1754 1956 agendum
1765 1893 1846 1962 est
1870 1883 1938 1972 in
1949 1889 2341 1970 anniversaria
2361 1889 2783 1970 consecrationis
2806 1889 2923 1942 basi
2927 1891 3054 1943 lica

1211 1981 1454 2034 Annales
1475 1981 1619 2030 ritus
1640 1979 1790 2044 festis
1811 1977 1902 2029 hos
1923 1992 2078 2028 serva
2107 1977 2312 2028 diebus.

1201 2069 1367 2143 ,Qdilo
1394 2071 1717 2147 nostrorum
1747 2066 2146 2144 monacjzomnn
2163 2066 2358 2141 ductor
2376 2069 2423 2140 et
2450 2065 2614 2130 abbas

1795 2137 2113 2239 ξγοίτβηψνξε
2144 2155 2223 2230 ita
2254 2137 2531 2218 Kalendis.

558 2323 3272 2345 *Μ

955 2656 1200 2740 (CAPUT
1238 2653 1527 2710 PRIMUM
1559 2652 1654 2721 (2).

919 2747 992 2800 De
1022 2747 1311 2828 Dominica
1342 2747 1440 2797 Pal
1449 2758 1691 2796 marum.

1541 2377 2018 2593 LIBER
2077 2443 2756 2590 PRIMUS-

2123 2650 2365 2710 Amoris
2409 2655 2495 2704 est
2536 2652 2844 2708 consistere
2883 2655 2941 2709 in
2985 2656 3173 2724 choro,
3216 2658 3296 2713 ita
3341 2664 3508 2717 stent.
3545 2663 3802 2719 InFantes

2193 2756 2320 2792 cum
2347 2739 2629 2808 magistris
2658 2743 2814 2811 prius
2842 2752 3174 2800 ornamenta
3213 2748 3391 2816 [supp.
3425 2753 3466 2816 Γ.
3491 2752 3798 2824 habeant],

566 2832 595 2888 ”.
641 2881 655 2894 .
699 2874 712 2889 .
758 2875 772 2890 .
821 2870 834 2885 .
876 2849 942 2906 ex
972 2824 1101 2902 hinc
1128 2813 1461 2906 sequuntur,
1499 2831 1580 2885 illi
1608 2830 1869 2884 infantuli
1901 2829 2015 2883 bini
2044 2846 2108 2884 ac
2190 2844 2290 2881 ceu
2315 2828 2368 2880 in
2393 2829 2751 2899 processione
2786 2833 3139 2888 Dominicali.
3181 2813 3522 2909 Illis—cappis
3557 2813 3797 2906 vestitis,

493 2913 791 2990 ,bini,'c'um
823 2922 1129 2993 magistris.
1163 2921 1359 2977 Caeteri
1387 2921 1630 2990 majores
1649 2919 1792 2973 sicut
1813 2926 1945 2973 sunt
1963 2919 2108 2989 prio-
2190 2922 2415 2985 peracto
2429 2917 2722 2979 versiculo,
2743 2921 2931 2974 Gloria
2944 2925 3085 2978 laus.
3105 2919 3796 3000 Paraphonistaincipiat:

503 3005 735 3096 duo
765 3015 822 3084 et
849 3009 959 3066 duo
991 3009 1090 3083 per
1115 3011 1368 3065 ordinem
1403 3010 1769 3080 provedentes
1799 3026 1925 3090 cum
1956 3009 2106 3061 anti-
2191 3007 2532 3071 Ingrediente
2565 3009 2812 3061 Domino.
2841 3010 3123 3066 Sonentur
3137 3014 3325 3066 omnia
3347 3015 3525 3085 signa.
3561 3017 3634 3071 Et
3665 3036 3798 3073 cun-

487 3085 721 3190 ;Iil|]0nis,
744 3099 1008 3176 his,"un
1038 3106 1266 3154 cantare
1302 3095 1602 3172 possuntet
1615 3099 1817 3162 sciunt,
1844 3085 2102 3151 omnibus

493 3179 779 3281 {adunatis
803 3179 1163 3268 Ad'ultimum
1178 3179 1418 3266 dom-Inus
1439 3186 1610 3240 abbas
1627 3186 2101 3258 subsequentibus

500 3271 629 3333 eum
658 3278 1046 3352 universorum
1089 3277 1375 3332 ordinibus
1415 3276 1704 3350 laicorum.
1757 3273 2098 3329 Exeuntibus

494 3355 693 3451 omnia
719 3349 878 3446 signa
900 3368 1194 3448 pulsentur
1226 3384 1236 3418 :
1272 3367 1382 3420 duo
1415 3357 1625 3435 majora
1654 3364 1851 3418 tandiu
1879 3365 2099 3435 prolon-

495 3439 703 3538 gentu'r
739 3439 1079 3528 sonniiando
1129 3455 1421 3534 (sonando)
1461 3441 1752 3525 quousque
1783 3459 2098 3507 revertatur

479 3531 779 3628 processio
801 3531 866 3598 in
891 3539 1118 3614 Galilma
1274 3545 1332 3598 Si
1361 3543 1730 3632 plurimorum
1761 3543 2094 3596 universitas

498 3625 816 3724 excesserit,
849 3625 1043 3702 famuli
1071 3634 1174 3722 loci
1205 3625 1518 3701 eant'juicta
1541 3632 1810 3696 seniores,
1837 3649 1900 3684 ac
1919 3631 2095 3684 infan-

495 3719 588 3777 te's‘
631 3715 994 3794 protegendo,
1028 3715 1108 3775 ne'
1139 3715 1482 3792 impediatur
1520 3737 1660 3790 opus
1691 3719 1811 3773 Dei.
1847 3719 1954 3773 Hic
1982 3736 2093 3774 non

495 3795 580 3867 est
601 3797 824 3890 necesse
861 3809 1073 3890 aliquid
1103 3807 1264 3882 nobis
1293 3809 1557 3873 inserere,
1604 3809 1750 3878 quod
1789 3809 2093 3878 unusquis-

495 3889 734 3992 quevDei
754 3883 1044 3972 professor
1069 3883 1400 3953 memoriter
1428 3899 1569 3952 scire
1599 3897 1781 3974 debet,
1817 3905 2090 3968 quantum

2186 3094 2290 3146 ctis
2321 3095 2389 3147 ad
2420 3111 2522 3148 sua
2569 3096 2692 3152 loca
2740 3099 3194 3166 pervenientibus
3241 3101 3550 3174 incipiatur
3596 3108 3790 3162 missa.

2187 3183 2447 3238 Ofﬁcium
2478 3191 2594 3239 tres
2625 3192 2853 3240 teneant
2872 3187 2929 3241 in
2949 3191 3156 3261 cappis.
3185 3192 3292 3246 Alii
3314 3187 3521 3248 fratres
3543 3197 3644 3266 qui
3667 3214 3798 3252 can-

2181 3277 2302 3324 tare
2331 3272 2538 3327 debent
2566 3277 3007 3344 responsorium,
3029 3279 3115 3331 vel
3131 3285 3372 3334 tractum
3403 3281 3462 3334 in
3489 3279 3641 3337 albis
3673 3303 3794 3339 ma-

2181 3367 2386 3414 neant:
2419 3363 2686 3418 diaconus
2733 3370 2790 3418 et
2818 3365 3195 3421 subdiaconus
3233 3365 3484 3423 casulam
3511 3371 3790 3433 habeant.

2179 3450 2262 3502 Ad
2295 3451 2609 3520 passionem
2634 3453 2801 3518 dicat,
2827 3457 3094 3509 Dominus
3105 3459 3379 3511 vobiscum
3404 3475 3416 3510 :
3443 3455 3638 3514 Gloria
3666 3465 3786 3529 tibi,

2177 3541 2424 3592 Domine.
2440 3537 2857 3612 Respondeant.
2882 3545 3049 3598 Credo
3064 3549 3126 3598 in
3147 3562 3328 3600 unum
3348 3549 3542 3612 Deum,
3568 3550 3783 3606 dicant.

2177 3627 2260 3680 Ad
2283 3629 2628 3682 otiertorium
2661 3631 2900 3685 reddant
2925 3633 3114 3686 cuncti
3136 3634 3351 3704 palmas
3371 3638 3676 3698 sacerdoti.
3697 3657 3784 3695 os-

2175 3717 2414 3770 culando
2443 3735 2643 3773 manus
2675 3713 2811 3789 ejus.
2846 3721 2929 3774 Ad
2961 3723 3130 3780 tinem
3157 3717 3326 3778 sacrae
3355 3727 3554 3786 tonate
3586 3727 3673 3798 (5)
3695 3730 3782 3783 di-

2175 3811 2266 3859 cat
2293 3807 2581 3874 diaconus,
2608 3811 2996 3863 Bencdicamus
3026 3812 3277 3865 Domino.

2248 3897 2307 3948 In
2331 3896 2622 3951 refectorio
2653 3897 2856 3952 tabqu
2893 3900 3306 3970 cooperiantur.
3339 3899 3472 3972 Ipsa
3491 3902 3584 3958 die
3612 3907 3778 3960 meri-

489 3978 817 4062 éi"ex'ped"rt
858 3990 945 4043 sui
976 3989 1189 4042 ordinis
1219 3989 1394 4058 [.mpp.
1429 3987 1683 4056 regulam
1725 3989 1804 4040 vel
1848 3981 2338 4071 discipli-Bdiana
2371 3985 2592 4055 requies
2629 4003 2798 4056 quam
2842 3994 3068 4045 sanctus
3114 3987 3447 4044 Benedictus
3495 3995 3771 4066 praecipit,

492 4081 646 4150 nam]
677 4079 886 4150 optime
906 4084 1097 4132 tenere
1124 4085 1293 4148 atque
1322 4075 1621 4130 custodire.

559 4169 862 4223 Venientes
881 4174 1069 4222 autem
1099 4167 1165 4220 ad
1199 4166 1488 4220 ecclesiam
1512 4165 1653 4218 citra
1683 4165 2085 4218 monasterium

489 4256 766 4311 intrantes
792 4257 982 4310 dicant
1000 4257 1144 4308 hanc
1159 4254 1524 4324 antiphonam
1553 4271 1562 4306 :
1587 4253 1843 4334 Salvator
1863 4257 2082 4330 mundi,

489 4349 643 4399 salva
664 4364 778 4409 nos,
806 4350 862 4398 et
886 4345 1179 4415 pulsentur
1207 4343 1397 4396 omnia
1424 4341 1603 4412 signa.
1641 4340 1898 4406 Oremus,
1943 4337 2090 4397 0on4

489 4437 626 4496 cede,
668 4451 998 4502 quaesumus,
1047 4441 1153 4488 etc.
1205 4432 1453 4502 Expleta,
1513 4431 1720 4484 faciant
1767 4432 2078 4485 orationem

487 4529 656 4594 atque
679 4525 856 4577 altare
885 4523 1274 4576 aromatizent.
1305 4521 1378 4574 Et
1405 4521 1549 4574 sicut
1578 4527 1866 4584 venerunt,
1897 4521 1974 4574 ita
1995 4538 2080 4574 re-

485 4619 774 4667 vertantur
801 4629 928 4666 cum
972 4611 1250 4665 laudibus.
1289 4610 1364 4663 At
1401 4609 1498 4662 ubi
1542 4609 1862 4679 antiphonaz
1891 4610 2078 4663 minus

487 4701 735 4766 veniunt,
767 4719 831 4755 ex
875 4716 1107 4770 vespera
1163 4701 1259 4769 [αἱ.
1324 4698 1714 4768 responsoriis]
1746 4698 1919 4769 ipsius
1962 4699 2074 4752 diei

481 4793 756 4847 dicantur.

550 4878 1145 4954 ApprOpinquantibns
1190 4877 1613 4951 monasterium,
1651 4883 1785 4932 eant
1827 4896 1891 4932 ex
1938 4879 2074 4949 ipsis

478 4988 595 5035 sex,
619 4970 821 5041 quibus
847 4967 1124 5021 armarius
1155 4967 1437 5030 annuerit,
1459 4971 1514 5018 et
1533 4965 1844 5020 vestiantur
1856 4968 2065 5037 cappis,

472 5060 544 5114 ad
574 5061 761 5115 Gloria
793 5063 914 5112 laus
937 5056 1246 5110 canendum
1273 5072 1283 5107 :
1308 5054 1586 5125 processio
1608 5062 2074 5110 ornamentorum

474 5147 946 5221 quemadmodum
992 5144 1159 5208 venit,
1207 5144 1285 5197 ita
1313 5149 1424 5196 stet
1455 5160 1552 5213 per
1585 5143 1856 5196 ordinem.
1891 5142 2066 5197 Fano-

473 5257 573 5294 nes
603 5238 670 5305 (4)
699 5237 827 5290 hinc
857 5242 915 5289 et
942 5234 1071 5288 inde
1100 5233 1238 5286 facie
1270 5233 1338 5286 ad
1360 5233 1574 5286 faciem.
1607 5233 1884 5293 Seniores.
1920 5232 2063 5286 sicut

542 5342 1027 5412 (‘2)Distinctiones
1049 5340 1290 5412 capitum
1318 5339 1374 5412 in
1401 5337 1753 5412 commodum
1787 5337 2007 5390 lectoris
2029 5355 2060 5404 a

465 5407 624 5472 nobis
657 5415 859 5468 additae
893 5420 1043 5466 sunt.
1082 5407 1250 5464 Initio
1279 5410 1471 5478 aliqua
1501 5407 1912 5460 desiderantur.

532 5488 613 5562 (ὃ)
645 5489 884 5562 σαι-ίιιῖςίι,
912 5483 1178 5560 (ἶβιηιξινὶξι,
1217 5483 1447 5547 Galerie,
1473 5479 1756 5562 porticus;
1789 5479 1921 5530 item
1947 5499 2057 5553 νρςνς

458 5559 616 5614 milia
645 5557 905 5610 ecclesiim.

530 5629 611 5697 (4)
635 5630 895 5692 Fanones,
925 5627 1068 5691 vela,
1098 5624 1313 5687 vexilla,
1347 5638 1384 5677 a
1412 5622 1602 5677 Germ.
1637 5621 1838 5676 Fanen.

2169 4074 2488 4144 incipiatur.
2514 4074 2586 4128 Et
2614 4092 2739 4129 cum
2763 4085 2986 4148 tempus
3007 4077 3176 4132 fuerit
3195 4095 3374 4144 nonae,
3399 4087 3591 4136 custos
3612 4091 3774 4138 sonet

2171 4162 2372 4230 squilla
2411 4163 2488 4230 (6)
2539 4164 2754 4217 modice
2807 4165 2890 4218 vel
2937 4181 3114 4219 unum
3161 4183 3227 4219 ex
3275 4168 3453 4238 signis
3499 4172 3770 4226 mediocri

2169 4250 2610 4328 [mediocribus],
2661 4269 2951 4324 quousque
2992 4255 3110 4324 ipse
3157 4256 3411 4310 Miserere
3463 4263 3592 4320 mei,
3629 4263 3770 4315 Deus

2165 4341 2341 4409 possit
2370 4341 2651 4410 pertinire,
2695 4348 2758 4395 ut
2798 4350 3094 4412 surgentes
3140 4345 3329 4398 lavent
3365 4363 3569 4402 manus
3595 4355 3655 4403 et
3683 4351 3765 4404 fa-

2163 4429 2298 4482 cies.
2320 4430 2424 4493 Qui
2441 4431 2592 4500 prius
2603 4431 2948 4486 occurrerint
2966 4433 3036 4486 ad
3055 4434 3364 4500 ecclesiam,
3400 4435 3458 4489 in
3479 4437 3655 4493 choro
3671 4457 3759 4494 se-

2159 4518 2332 4572 deant
2370 4520 2640 4589 legentes,
2672 4519 2848 4574 donec
2889 4521 3113 4578 veniant
3141 4528 3198 4576 et
3235 4524 3512 4580 infantes:
3539 4543 3678 4582 nam
3704 4536 3758 4582 et

2161 4607 2265 4677 ipsi
2295 4608 2351 4661 in
2382 4603 2612 4662 chorum
2639 4609 2862 4663 veniant
2881 4610 2950 4663 ad
2982 4611 3313 4666 orationem.
3358 4613 3755 4676 Quibusadve-

2159 4697 2444 4752 aientibus
2473 4700 2656 4768 majus
2689 4699 2908 4769 signum
2939 4705 3171 4755 sonetur
3199 4701 3269 4754 ad
3295 4718 3502 4756 nonam
3533 4706 3749 4772 tandiu,

2155 4803 2448 4857 quousque
2468 4794 2703 4857 surgant
2723 4787 2793 4841 ad
2819 4789 3150 4843 orationem.
3183 4790 3305 4854 Qua
3325 4791 3492 4858 dicta,
3528 4795 3752 4862 pulsato

2153 4876 2408 4946 cymbalo
2431 4877 2656 4930 veniant
2681 4877 2736 4930 in
2759 4878 3131 4943 refectorium,
3158 4883 3216 4932 et
3242 4879 3337 4950 qui
3354 4880 3531 4950 priori
3561 4890 3753 4955 coqui-

2151 4982 2282 5018 nam
2315 4965 2667 5019 hebdomada
2703 4966 2967 5031 fecerant,
3003 4968 3226 5031 fratres.
3249 4986 3455 5040 aquam
3485 4973 3750 5029 omnibus

2150 5055 2466 5125 adportent.
2504 5055 2730 5124 Expleto
2765 5056 3075 5111 ministerio
3099 5058 3385 5111 venientes
3413 5059 3484 5112 ad
3507 5063 3749 5129 gradum

2148 5143 2489 5196 inclinentur
2517 5151 2647 5196 ante
2674 5135 2730 5197 et
2763 5150 2911 5198 retro
2944 5143 3037 5213 (7).
3066 5145 3174 5208 Qui
3205 5151 3393 5199 autem
3414 5151 3574 5201 tenet
3604 5151 3748 5204 ordi-

2146 5248 2292 5292 nem,
2329 5232 2442 5284 sive.
2474 5232 2644 5302 prior,
2678 5231 2792 5286 sive
2815 5233 2879 5301 (si
2903 5251 3145 5304 praesens
3163 5234 3359 5302 fuerit)
3377 5233 3744 5307 abbas,unico

2219 5340 2289 5405 (ὓ)
2323 5341 2521 5392 Tonate
2551 5339 2607 5393 in
2637 5347 2789 5402 tono,
2823 5357 2951 5394 cum
2986 5341 3389 5394 modulatione.

2215 5408 2284 5532 (16)
2315 5411 2552 5477 Squilla,
2586 5414 2776 5476 skclta,
2799 5411 2978 5474 scilla,
3011 5413 3475 5478 tintinnabulum,
3509 5429 3738 5488 campa-

2242 5498 2290 5532 a.

2140 5497 2290 5534 nillil.

2210 5552 2282 5634 (7)
2308 5553 2443 5634 Ante
2464 5557 2510 5634 et
2532 5558 2689 5633 retro
2707 5557 2794 5634 est
2813 5552 3121 5634 inclinatio,
3147 5553 3217 5624 de
3240 5569 3353 5627 qua
3369 5553 3609 5629 inferius
3627 5575 3735 5614 ser-

2137 5631 2230 5676 mo‘
2259 5623 2534 5710 recurret.
2614 5623 2620 5633 ‘
3093 5649 3096 5651 .
