3914 6362
526 300 665 363 1199

1586 300 1937 358 GUIDONIS
1972 297 2278 356 ABBATIS
2314 299 2714 359 FARFENSIS

3651 295 3799 359 i200

592 429 864 488 Sacerdos
912 431 971 484 et
1014 425 1369 495 secretarius,
1420 427 1517 499 qui
1563 426 1836 499 perticam
1883 429 2108 497 portare
2127 427 2179 487 A
2194 425 2371 481 frater
2398 430 2513 481 stat
2529 442 2657 482 cum
2685 443 2834 499 aqua
2851 430 2911 483 et
2938 426 3193 490 mantile,
3204 424 3400 483 abluat
3416 439 3624 480 manus
3638 440 3797 491 suas,

519 518 688 576 debet
705 519 803 574 illo
831 518 941 583 die,
972 517 1104 572 dein
1123 517 1392 582 infantes,
1418 523 1477 571 et
1493 515 1849 587 postmodum
1873 515 2114 569 domnus

520 607 713 670 abbas,
746 613 804 662 et
816 607 914 661 alii
936 606 1081 661 sicut
1099 613 1249 661 sunt.
1271 605 1511 669 Priores,
1545 610 1603 659 et
1620 603 1872 660 conversi
1895 620 1990 658 eos
2006 603 2114 657 im-

521 698 812 752 mittentes
826 696 884 750 in
903 696 1218 750 novissimis
1238 695 1393 762 locis,
1420 695 1531 749 duo
1553 700 1611 749 et
1625 695 1756 749 duo.
1790 693 1896 748 Ubi
1927 708 2115 764 perve-

521 787 744 842 nientes
765 806 777 854 ;
810 786 961 841 dicat
979 786 1256 851 sacerdos,
1280 786 1549 840 Dominus
1561 786 1854 849 vobiscum,
1877 790 1935 837 et
1953 783 2115 837 bene-

520 877 675 932 dicat
691 876 875 931 focum
891 892 1115 940 novum,
1140 880 1197 929 et
1215 880 1349 929 tunc
1368 878 1632 944 aspergat
1651 889 1798 944 aqua
1822 871 2115 926 benedicta

520 965 582 1021 in
638 982 724 1033 eo,
775 970 944 1036 atque
995 965 1264 1019 accendat
1292 963 1583 1018 candelam
1631 962 1874 1033 perticae,
1907 978 1974 1015 ex
2004 960 2114 1014 alia

521 1070 689 1127 quam
706 1054 890 1109 infans
910 1059 1134 1126 portare
1145 1054 1204 1108 in
1221 1053 1482 1107 lanterna
1499 1051 1681 1105 debet.
1706 1052 1863 1105 Tunc
1884 1049 2114 1103 veniant

518 1143 769 1199 canendo
793 1148 910 1198 tres
939 1144 1203 1215 psalmos.
1220 1144 1377 1204 Deus,
1398 1144 1463 1195 in
1478 1143 1703 1195 nomine
1724 1144 1835 1193 tuo.
1860 1140 2114 1193 Miserere

518 1236 649 1297 mei,
662 1233 823 1297 Deus,
840 1235 1098 1287 miserere
1110 1235 1236 1286 mei.
1257 1233 1396 1286 Deus
1411 1234 1744 1284 misereatur
1756 1229 1926 1283 nobis.
1952 1228 2107 1289 Deus,

517 1325 584 1377 in
610 1322 1162 1394 adiutoriumimeum
1185 1322 1406 1375 intende
1435 1337 1450 1372 :
1482 1317 1825 1373 intrantibus
1852 1333 1918 1371 ex
1932 1317 2111 1386 janua

516 1412 752 1483 majoris
789 1411 1004 1482 templi.
1042 1408 1364 1465 Psalmodia
1396 1424 1526 1462 vero
1562 1406 1934 1478 protendatur
1980 1420 2115 1475 quo-

516 1513 697 1572 usque
713 1499 943 1556 veniant
960 1499 1019 1553 in
1041 1500 1294 1554 chorum.
1326 1499 1427 1552 His
1454 1496 1637 1551 tribus
1664 1495 1955 1567 aequaliter
1981 1510 2114 1565 pro-

515 1589 694 1644 cessio
704 1588 1021 1646 celebratur
1032 1587 1409 1643 diebus.Tunc
1419 1584 1988 1640 vertanturformulael
2004 1583 2017 1638 l
2030 1582 2109 1649 Ο),

516 1677 781 1732 similiter
811 1682 868 1732 et
895 1676 1084 1731 omnia
1113 1676 1276 1746 signa
1293 1675 1607 1746 pulsentur.
1643 1675 1844 1728 Postea
1875 1687 2005 1726 vero
2026 1669 2112 1723 vel

2197 519 2256 569 et
2286 516 2640 586 regrediatur
2667 517 2723 571 in
2754 534 2920 572 suum
2950 518 3156 573 locum.
3191 515 3391 572 Caeteri
3419 514 3686 570 similiter
3706 513 3797 567 fa-

2195 603 2383 658 ciant:
2418 604 2551 658 dum
2582 622 2777 660 omnes
2807 604 2987 660 abluti
3014 606 3247 669 fuerint,
3278 604 3554 675 incipiant
3582 603 3800 656 donare

2196 708 2399 763 aquam
2430 693 2654 749 illorum
2682 695 2965 759 manibus,
2980 699 3207 750 tenente
3221 695 3395 748 fratre
3420 697 3622 747 mutuo
3642 706 3804 745 man-

2196 781 2294 835 tile
2330 782 2402 835 ad
2440 783 2581 847 illos,
2616 789 2674 837 et
2699 785 2780 837 sic
2807 801 3032 855 semper
3076 784 3465 855 unusquisque
3501 780 3684 855 [supp.
3708 780 3799 834 fa-

2196 868 2329 939 ciat]
2354 888 2366 922 :
2390 871 2495 925 hoc
2510 879 2575 925 ut
2591 873 2800 927 factum
2822 872 3105 941 habuerit,
3121 874 3181 928 in
3197 874 3382 928 locum
3402 888 3571 927 suum
3584 870 3802 924 iterum

2195 958 2400 1013 veniat.

2267 1048 2420 1103 Illico
2443 1056 2508 1104 ut
2537 1055 2739 1106 cuncta
2763 1052 2913 1107 facta
2935 1053 3170 1120 fuerint,
3185 1056 3347 1107 sonet
3365 1051 3521 1123 prior
3540 1048 3803 1105 tabulam

2196 1152 2309 1190 uno
2337 1137 2450 1193 ictu
2478 1144 2719 1196 tantum.
2746 1143 2903 1196 Tunc
2928 1141 3175 1198 habeant
3196 1141 3406 1199 cellarii
3434 1140 3628 1195 vinum
3652 1155 3803 1208 prae-

2194 1231 2476 1296 paratum,
2502 1234 2559 1282 et
2577 1231 2872 1285 camerarii
2900 1248 3048 1286 unus
3071 1231 3216 1293 hinc,
3241 1231 3385 1285 alius
3413 1230 3566 1297 inde,
3598 1227 3805 1283 fratri-

2194 1313 2300 1369 bus
2327 1318 2633 1389 prOpinant
2658 1320 2871 1374 vinum.
2920 1321 2996 1375 Et
3026 1321 3289 1376 denarios
3314 1323 3662 1392 praeparatos
3691 1318 3802 1371 ha-

2193 1403 2382 1471 beant,
2433 1412 2497 1461 ut
2552 1408 2685 1462 dum
2731 1410 2932 1464 fratres
2960 1410 3242 1481 accipiunt
3274 1410 3549 1481 scyphum
3580 1407 3806 1461 donent

2194 1495 2552 1565 pauperibus.
2573 1498 2786 1562 Quibus
2805 1499 3069 1554 dantibus
3098 1500 3407 1565 vasculum,
3428 1514 3633 1553 manus
3663 1496 3803 1549 illo-

2193 1599 2321 1637 rum
2352 1586 2691 1653 osculentur,
2715 1592 2885 1657 atque
2905 1588 3112 1643 iterum
3133 1604 3394 1643 nummos
3413 1588 3555 1642 duos
3574 1586 3665 1640 vel
3678 1591 3803 1639 tres

2193 1672 2447 1728 tribuant
2470 1692 2597 1730 cum
2628 1677 2991 1731 osculatione.
3020 1678 3180 1742 Quod
3208 1694 3336 1731 cum
3356 1677 3527 1732 fuerit
3555 1676 3799 1741 factum,

516 1765 579 1821 in
589 1766 823 1821 ecclesia
842 1766 926 1820 vel
944 1765 1005 1820 in
1023 1742 1267 1820 claustro
1286 1742 1502 1819 nullum
1526 1768 1689 1818 sonet
1707 1766 2074 1818 aeramentum
2094 1777 2106 1813 :
2129 1742 2176 1802 Β
2192 1762 2342 1816 dicat
2367 1763 2540 1818 abbas
2558 1766 2607 1819 si
2627 1782 2874 1836 praesens
2892 1766 3080 1833 fuerit,
3105 1768 3327 1822 Ostende
3348 1769 3520 1833 nobis,
3534 1768 3797 1825 Domine.

517 1856 618 1910 sed
646 1860 705 1910 et
728 1855 997 1927 quidquid
1027 1854 1209 1909 facere
1237 1854 1443 1908 debent
1469 1853 1691 1917 fratres,
1723 1851 1928 1905 tabula;
1956 1850 2109 1903 soni-

515 1949 581 1999 tu
606 1944 868 1999 nuntient
878 1961 1057 2015 usque
1068 1943 1138 1997 ad
1161 1943 1387 1997 missam
1407 1942 1464 1995 in
1478 1941 1710 1995 sabbato
1726 1937 2108 1994 sancto.Dein-

515 2032 587 2088 de
618 2034 790 2089 missa
807 2033 1001 2089 festive
1035 2031 1366 2087 celebretur.
1391 2032 1603 2086 Cantor
1628 2030 1687 2084 in
1711 2030 1880 2084 choro
1908 2044 2107 2099 cappa,

513 2122 784 2178 diaconus
807 2122 1128 2188 dalmatica,
1156 2120 1529 2176 subdiaconus
1548 2119 1739 2174 tunica
1758 2119 1833 2173 sit
1849 2118 2103 2172 vestitus.

512 2213 597 2270 Ad
621 2211 917 2269 introitum
944 2210 1132 2265 missa:
1157 2210 1367 2275 dicant,
1409 2209 1599 2265 Gloria
1629 2211 1804 2263 Patri.
1836 2207 2106 2278 Epistola,

514 2301 991 2365 Gonvenientibus,
1032 2298 1143 2355 duo
1195 2298 1396 2352 fratres
1432 2297 1848 2368 responsorium
1880 2300 2103 2361 canant,

514 2391 767 2448 Christus
795 2390 976 2457 factus
1006 2393 1101 2442 est.
1160 2386 1539 2457 Evangelium,
1574 2388 1711 2441 Ante
1739 2386 1885 2438 diem
1905 2386 2106 2452 festum

511 2480 747 2535 Pascha.
796 2477 1178 2542 Offertorium,
1229 2478 1458 2531 Dextera
1487 2477 1730 2530 Domini.
1787 2475 1857 2528 Et
1882 2478 2103 2528 tantum

511 2567 812 2623 mittantur
839 2566 1157 2621 hostiarum
1186 2564 1258 2619 ad
1289 2564 1750 2630 consecrandum,
1790 2569 1856 2617 ut
1900 2568 1958 2618 et
1985 2563 2109 2634 ipsa

510 2657 623 2725 die,
655 2673 759 2712 nec
782 2672 894 2711 non
924 2661 983 2711 et
1012 2655 1069 2710 in
1101 2654 1406 2709 crastinum
1446 2651 1707 2706 omnibus
1753 2651 1995 2706 sufﬁciat
2038 2651 2109 2705 ad

510 2745 1062 2802 communicandum.
1095 2743 1180 2797 Ad
1210 2758 1404 2814 pacem
1452 2742 1624 2795 etiam
1656 2756 1851 2795 omnes
1897 2738 2103 2806 venire,

509 2833 1078 2905 communionemque
1101 2831 1288 2886 cuncti
1318 2830 1524 2885 debent
1548 2829 1717 2883 etiam
1747 2828 1991 2882 infantes
2019 2844 2107 2882 ac-

507 2924 711 2996 cipere.
734 2922 869 2978 Post
881 2922 1111 2977 missam
1124 2920 1347 2993 pulsata
1361 2919 1574 2975 tabula.
1589 2919 1690 2972 fiat
1704 2916 1889 2971 brevis
1904 2917 2103 2984 oratio,

506 3013 653 3068 sicut
677 3013 805 3067 aliis
832 3011 1032 3067 diebus
1051 3015 1183 3065 ante
1211 3024 1498 3080 vesperam
1530 3007 1759 3061 solitum
1789 3010 1901 3063 est.

576 3103 951 3173 Posteaquam
981 3099 1133 3154 exuti
1155 3098 1366 3153 fuerint
1402 3096 1479 3150 illi
1510 3095 1606 3167 qui
1634 3101 1829 3150 sancta
1856 3094 2103 3149 admini-

506 3195 777 3260 strarant,
799 3189 968 3245 simul
996 3204 1190 3243 omnes
1220 3186 1280 3240 in
1315 3184 1846 3240 refectorioveniant
1866 3185 2101 3239 mixtum

506 3278 777 3350 accipere.
836 3278 1093 3332 Decanus
1119 3280 1311 3330 autem
1362 3273 1739 3339 claustrensis,
1772 3279 1830 3328 et
1857 3274 2101 3328 decanus

506 3366 732 3438 dignior
756 3365 1013 3431 forensis,
1037 3381 1168 3419 cum
1196 3362 1503 3417 camerario
1527 3362 1723 3433 (etiam
1750 3362 1821 3417 de
1849 3362 1974 3417 aliis
1993 3362 2102 3417 fra-

505 3455 711 3522 tribus,
735 3453 939 3526 quibus
958 3453 1149 3517 velint,
1178 3451 1521 3523 assumptis),
1544 3451 1772 3506 interim
1792 3451 1926 3505 dum
1944 3451 2002 3505 in
2021 3468 2101 3506 re-

506 3543 737 3599 fectorio
767 3549 902 3598 sunt
926 3542 1148 3607 fratres,
1182 3542 1242 3595 in
1271 3542 1455 3596 locum
1477 3557 1589 3612 quo
1608 3541 1976 3595 constitutum
1993 3545 2097 3608 est,

507 3632 768 3687 videlicet
786 3632 847 3686 in
876 3632 1120 3686 claustro
1143 3631 1304 3702 juxta
1332 3630 1623 3685 ecclesiam
1651 3628 1933 3684 deducant
1960 3646 2102 3701 pau-

507 3738 672 3794 peres
699 3721 771 3776 ad
799 3721 1128 3776 sedendum.

581 3810 925 3865 Exeuntibus
980 3810 1050 3864 de
1081 3808 1375 3865 refectorio
1424 3806 1693 3863 fratribus
1735 3812 1897 3863 sonet
1949 3808 2105 3879 prior

508 3898 800 3969 tabulam;
839 3900 1177 3955 conveniant
1221 3915 1415 3953 omnes
1461 3899 1521 3953 in
1575 3899 1903 3960 claustrum,
1945 3898 2106 3968 juxta

509 3990 959 4061 promptuarium
981 3987 1233 4055 stent,ibi
1245 3989 1389 4046 sicut
1404 3994 1538 4043 sunt
1549 3988 1767 4060 priores
1777 3987 2098 4053 ordinatim,

509 4082 577 4133 ut
596 4077 770 4133 moris
797 4083 901 4144 est,
933 4078 1001 4132 ad
1029 4077 1439 4150 processionem
1462 4083 1638 4134 stare.
1669 4078 1835 4132 Pueri
1874 4081 2007 4134 eant
2043 4076 2104 4131 in

512 4166 724 4234 schola,
751 4165 1022 4237 magistro
1043 4165 1191 4220 inter
1207 4183 1301 4221 eos
1320 4170 1506 4221 stante
1516 4167 1680 4237 juxta
1699 4167 1923 4221 ordines
1949 4183 2098 4229 suos,

511 4253 572 4310 in
598 4261 730 4310 ante
756 4270 1051 4327 pauperes.
1075 4254 1413 4327 Incipientes
1431 4261 1689 4310 cantores
1716 4256 2103 4327 antiphonam,

515 4347 788 4401 Dominus
824 4347 994 4407 Jesus,
1030 4345 1257 4399 flectant
1285 4361 1481 4400 omnes
1506 4361 1693 4415 genua
1729 4361 1832 4400 sua
1858 4345 1917 4399 in
1955 4349 2109 4400 terra

515 4434 591 4489 ad
619 4433 913 4500 orientem,
935 4438 1001 4489 ut
1018 4432 1076 4487 in
1106 4433 1186 4489 eis
1201 4434 1459 4489 Christus
1478 4434 1763 4489 adoretur.
1788 4435 2109 4506 Eademque

517 4527 651 4578 ante
674 4522 1000 4593 peregrinos
1023 4522 1232 4578 faciant
1262 4522 1519 4593 magistri
1544 4539 1671 4578 cum
1697 4524 2027 4592 infantibus,
2052 4530 2111 4579 et

517 4611 793 4684 incipiant
813 4611 1019 4678 lavare,
1053 4618 1178 4684 post
1210 4612 1509 4684 psalmum,
1561 4614 1701 4667 Deus
1753 4616 2103 4668 misereatur.

518 4700 823 4772 Postquam
871 4717 1329 4774 unumquemque
1371 4717 1600 4755 versum
1649 4703 1928 4774 expletum
1982 4719 2112 4758 cum

519 4790 831 4863 antiphona
854 4792 1122 4846 Dominus
1143 4793 1316 4853 Jesus,
1346 4789 1666 4856 habuerint,
1692 4793 1945 4863 psalmus
1980 4792 2115 4848 inci-

519 4879 727 4952 piatur,
757 4882 907 4935 Beati
930 4880 1286 4933 immaculati
1305 4897 1321 4931 :
1337 4884 1396 4933 et
1421 4878 1493 4933 ad
1515 4881 1954 4952 unumquodque
1966 4881 2116 4953 capi-

518 4970 702 5025 tulum
723 4970 930 5024 iterum
958 4967 1280 5039 incipiatur,
1312 4969 1582 5022 Dominus
1601 4971 1770 5033 .lesus,
1799 4987 1997 5041 usque,
2033 4974 2116 5024 lu-

518 5075 686 5115 cerna
708 5061 935 5129 pedibus
964 5060 1115 5111 meis.
1148 5057 1351 5111 Postea
1391 5057 1652 5114 dicantur
1676 5059 1802 5114 aliae
1849 5060 2114 5131 antipho-

519 5165 628 5219 nae,
658 5148 836 5203 donec
866 5146 1072 5218 singuli
1094 5146 1297 5201 fratres
1319 5145 1554 5218 singulis
1574 5149 1912 5220 pauperibus
1942 5149 2114 5220 pedes

520 5238 727 5303 lavent,
753 5241 983 5308 tergant
1004 5241 1063 5289 et
1080 5235 1420 5291 osculentur.
1445 5236 1547 5291 llle
1561 5253 1806 5308 namque
1824 5237 1918 5308 qui
1940 5237 2107 5303 lavat,

519 5333 710 5401 tergat
739 5332 909 5398 atque
929 5325 1212 5381 osculetur
1230 5341 1423 5380 eorum
1453 5326 1653 5397 pedes;
1684 5326 2115 5397 aliusaccipiens

518 5417 759 5474 linteum
786 5416 845 5472 in
874 5415 1071 5488 primis
1100 5415 1367 5471 concham
1397 5435 1409 5470 :
1443 5415 1564 5487 ipse
1586 5420 1677 5469 eat
1703 5415 1776 5469 ad
1808 5416 1995 5470 locum
2017 5416 2115 5472 ubi

594 5577 702 5651 (10)
740 5576 1031 5647 Formulm,
1052 5576 1263 5647 forma,
1282 5593 1531 5644 scamna,
1554 5576 1771 5633 sedilia.

2190 1854 2633 1908 misericordiam
2657 1860 2831 1909 luam.
2860 1858 3030 1925 Kyrie
3063 1860 3279 1919 eleison,
3321 1857 3534 1912 Christe
3566 1860 3798 1922 eleison,

2191 1941 2359 2008 Kyrie
2383 1945 2603 1997 eleison.
2628 1946 2791 1998 Pater
2821 1951 3023 2011 noster,
3057 1951 3115 1999 et
3136 1947 3203 2000 Et
3232 1962 3299 2000 ne
3320 1962 3442 2002 nos.
3482 1946 3620 2001 Post
3650 1947 3803 2001 hanc

2190 2030 2502 2085 orationem
2516 2032 2709 2086 dicant
2718 2035 3161 2105 aperte,Suscepi
3164 2052 3304 2098 mus,
3317 2036 3803 2098 Deus,misericor—

2189 2120 2345 2173 diam
2363 2125 2539 2175 tuam.
2575 2123 2655 2175 Tu
2679 2125 2963 2177 mandasti
2991 2126 3260 2178 mandata
3294 2130 3411 2189 tua,
3434 2127 3688 2179 Domine.
3716 2128 3800 2181 Tu

2193 2209 2391 2262 lavasli
2401 2211 2558 2277 pedes
2571 2211 2977 2279 discipulorum
2998 2217 3242 2267 tuorum.
3268 2214 3337 2268 Et
3352 2214 3555 2269 oratio.
3574 2216 3796 2280 Adesto,

2188 2297 2437 2359 Domine,
2483 2304 2684 2353 nostra
2718 2304 3018 2357 servitutis.
3054 2302 3329 2357 Psalmus.
3362 2304 3621 2357 Miserere
3662 2308 3795 2367 mei,

2187 2384 2349 2446 Deus,
2375 2384 2599 2441 dicatur
2618 2386 2722 2441 sub
2742 2387 2985 2455 silentio,
3008 2389 3198 2461 sicque
3217 2391 3547 2446 sonantibus
3578 2392 3800 2447 tabulis

2190 2478 2322 2527 eant
2335 2473 2391 2527 in
2404 2475 2637 2529 chorum
2649 2476 2719 2530 ad
2731 2494 3010 2548 vesperas;
3028 2495 3268 2548 cumque
3280 2480 3492 2535 fuerint
3506 2482 3724 2554 singuli
3740 2484 3800 2538 in

2190 2561 2325 2616 locis
2346 2563 2481 2630 suis,
2500 2581 2641 2635 puer
2662 2565 2896 2638 incipiat
2914 2568 3304 2639 antiphonam,
3325 2571 3564 2625 Calicem
3580 2575 3801 2627 saluta-

2192 2651 2612 2723 rem.Psalmus,
2629 2654 2868 2709 Credidi.
2897 2656 3238 2727 Antiphona,
3255 2674 3381 2711 eum
3396 2659 3483 2712 his
3501 2662 3623 2728 qui.
3640 2661 3801 2716 Psal-

2191 2743 2737 2805 mus,.4dDominum
2753 2745 2889 2797 dum
2912 2746 3589 2818 tribularer.Antiphona,
3606 2751 3801 2806 Custo-

2187 2828 2248 2881 di
2262 2845 2364 2882 me.
2382 2829 2822 2898 Psalmus,Domi
2826 2851 2909 2899 ne,
2925 2837 3163 2888 clamavi
3169 2836 3317 2889 .Anti
3323 2837 3526 2907 phona,
3538 2842 3801 2895 Conside-

2189 2918 2408 2974 rabam.
2432 2918 2709 2987 Psalmus,
2755 2923 2875 2976 Voce
2906 2940 3044 2977 mea.
3078 2924 3354 2979 Euntibus
3383 2926 3708 2983 senioribus
3725 2930 3797 2984 ad

2125 3016 2170 3077 α
2190 3006 2569 3071 refectorium,
2604 3011 2894 3065 secretarii
2922 3012 3336 3084 discooperiant
3356 3015 3580 3071 altaria.
3609 3015 3684 3072 In
3703 3036 3798 3074 re-

2187 3095 2419 3151 fectorio
2443 3097 2557 3151 sint
2570 3098 2776 3153 tabula
2805 3107 3098 3172 coopertae,
3118 3108 3176 3156 et
3193 3104 3526 3160 charitatem
3554 3107 3795 3163 faciant.

2183 3183 2313 3255 Ipsa
2342 3185 2432 3240 die
2460 3202 2573 3241 non
2599 3187 2766 3243 debet
2788 3189 3263 3263 eleemosynarius
3280 3209 3484 3264 panem
3514 3201 3573 3250 et
3598 3197 3794 3253 vinum

2183 3273 2457 3345 accipere,
2488 3292 2670 3347 neque
2701 3277 2945 3334 Sabbato
2973 3286 3165 3336 sancto
3192 3283 3340 3353 quod
3370 3287 3716 3343 remanserit
3736 3289 3798 3343 in

2184 3362 2499 3418 refectorio.
2534 3366 2674 3420 Cum
2707 3368 2942 3422 exierint
2959 3370 3163 3425 fratres
3185 3373 3486 3428 versiculos
3510 3380 3571 3429 et
3598 3377 3799 3432 omnia

2186 3451 2374 3506 dicant
2399 3453 2502 3507 sub
2532 3454 2756 3510 silentio
2790 3476 2804 3524 ;
2845 3458 3047 3513 deinde
3093 3461 3282 3515 lavent
3322 3463 3494 3533 pedes
3539 3481 3697 3535 suos,
3741 3472 3798 3523 et

2186 3549 2575 3612 praeparentur
2611 3545 2683 3599 ad
2712 3547 3043 3603 mandatum
3074 3549 3332 3605 fratrum.

2258 3632 2508 3688 Primum
2549 3641 2738 3690 autem
2770 3654 2898 3692 cum
2930 3639 3002 3693 ad
3042 3641 3369 3697 mandatum
3398 3647 3793 3715 convenerint,

2189 3720 2632 3789 hebdomadarii,
2656 3726 2752 3796 qui
2781 3727 2986 3782 exituri
3015 3736 3146 3785 sunt
3165 3731 3234 3784 de
3259 3732 3501 3803 coquina
3525 3738 3794 3807 sequenti

2187 3810 2497 3880 Dominica,
2525 3815 2695 3885 pedes
2724 3816 2984 3872 omnibus
3022 3819 3229 3874 lavent.
3289 3822 3490 3877 Postea
3542 3824 3795 3881 domnus

2189 3900 2381 3969 abbas,
2423 3903 2469 3956 si
2508 3921 2751 3974 praesens
2805 3907 2993 3973 fuerit,
3054 3926 3120 3963 ex
3166 3926 3282 3964 una
3320 3917 3499 3981 parte,
3530 3915 3696 3984 prior
3727 3933 3794 3970 ex

2188 3990 2369 4044 altera
2397 3991 2584 4046 lavent
2612 3994 2798 4064 pedes,
2843 4001 3069 4067 tergunt
3124 4007 3177 4052 et
3216 4001 3563 4056 osculentur.
3625 4004 3792 4068 Quod

2188 4094 2316 4133 cum
2345 4079 2514 4151 fuerit
2533 4082 2833 4153 expletum,
2855 4085 3045 4139 veniat
3063 4086 3303 4143 domnus
3324 4089 3497 4146 abbas
3523 4091 3585 4147 in
3599 4093 3793 4149 locum

2190 4183 2377 4235 suum,
2409 4174 2468 4223 et
2491 4169 2602 4223 duo
2632 4170 2835 4226 fratres
2866 4173 3053 4228 lavent
3079 4174 3187 4246 ipsi
3233 4178 3423 4248 pedes.
3475 4181 3794 4240 Servitores

2191 4264 2383 4315 autem
2414 4262 2563 4318 foras
2585 4265 2895 4336 capitulum
2939 4268 3151 4326 lavent.
3200 4271 3343 4325 Cum
3400 4288 3530 4327 vero
3587 4290 3796 4330 manus

2125 4372 2176 4433 Ι)
2192 4347 2400 4405 abluta;
2424 4351 2651 4415 fuerint,
2682 4354 2870 4410 veniat
2887 4355 3154 4413 diaconus
3174 4363 3231 4413 et
3249 4363 3365 4415 tres
3402 4362 3710 4419 servitores
3742 4367 3801 4419 et

2193 4438 2505 4494 vestiantur
2554 4442 2612 4496 in
2647 4444 2881 4499 ecclesia
2912 4459 2924 4494 :
2957 4446 3225 4503 diaconus
3261 4450 3433 4505 stolas
3477 4450 3709 4520 habeat,
3743 4459 3799 4509 et

2195 4528 2532 4600 accipientes
2569 4531 2680 4586 duo
2718 4534 3054 4590 candelabra
3080 4553 3210 4592 cum
3236 4539 3502 4605 candelis,
3530 4547 3589 4595 et
3606 4543 3798 4598 thuri-

2196 4614 2391 4671 bulum
2425 4635 2553 4674 cum
2579 4621 2827 4685 incenso,
2877 4630 3147 4697 sonetque
3196 4631 3533 4685 secretarius
3562 4648 3698 4687 cum
3728 4635 3797 4690 li-

2197 4706 2382 4761 centia
2407 4708 2677 4766 tabulam.
2726 4713 2886 4767 Alter
2922 4716 3244 4786 analogiam
3272 4723 3477 4789 portet,
3523 4726 3582 4775 et
3610 4722 3799 4779 diaco-

2199 4811 2305 4849 nus
2335 4802 2568 4854 textum.
2601 4800 2815 4864 Quibus
2836 4801 2919 4857 ita
2946 4804 3251 4876 capitulum
3287 4807 3631 4866 intrantibus
3665 4821 3799 4869 ante

2199 4887 2552 4956 evangelium
2580 4896 2817 4961 surgant
2843 4908 3059 4960 omnes,
3091 4899 3149 4949 et
3176 4898 3549 4954 annuntiante
3568 4900 3794 4970 abbate,

2199 4972 2433 5045 incipiat
2460 4977 2665 5047 legere.
2691 4980 2831 5034 Cum
2862 4983 3078 5036 venerit
3104 4984 3175 5038 ad
3205 4985 3361 5040 illum
3384 4987 3570 5044 locum
3592 4990 3693 5046 ubi
3723 4994 3804 5048 di-

2198 5062 2363 5131 citur,
2385 5065 2629 5133 Surgite,
2662 5084 2851 5123 eamus
2883 5071 3032 5138 hinc,
3065 5079 3298 5129 sonetur
3334 5075 3548 5139 tabula,
3581 5080 3803 5137 taliter-

2201 5168 2309 5221 que
2331 5154 2636 5223 procedant
2661 5156 2732 5210 ad
2757 5158 3115 5215 refectorium
3139 5183 3153 5216 :
3176 5163 3235 5217 in
3256 5164 3451 5235 primis
3470 5169 3799 5241 analogium

2200 5244 2258 5293 et
2284 5241 2633 5298 thuribulum
2664 5262 2792 5300 cum
2822 5247 3068 5316 incenso,
3096 5251 3225 5306 dein
3252 5252 3333 5307 illi
3362 5255 3473 5310 duo
3501 5273 3633 5312 cum
3663 5277 3798 5315 can-

2203 5330 2465 5399 delabris,
2519 5334 2786 5390 diaconus
2831 5338 2891 5393 in
2937 5340 3124 5395 medio
3174 5342 3418 5398 illorum.
3459 5346 3680 5404 Deinde
3706 5351 3799 5405 alii

2201 5421 2313 5477 duo
2343 5428 2402 5477 et
2426 5424 2538 5480 duo
2567 5440 2578 5482 :
2610 5424 2851 5482 infantes
2881 5430 3088 5502 quippe
3124 5431 3185 5487 in
3208 5433 3509 5489 novissimo
3541 5436 3669 5494 loco
3707 5454 3798 5494 ve-
