3914 6356
122 400 253 462 1201
1321 405 1703 463 ΒΙΒΟΙΡΙᾸΝΛ

1790 406 2199 467 ΡΑΒΡΕΝείεε
3252 404 3395 468 1902

118 528 272 582 niant
298 530 433 582 ante
452 526 734 582 abbatem.
783 528 1248 585 Pervenientibus
1274 530 1467 603 itaque
1495 532 1555 586 in
1574 531 1778 593 refe-A
1788 534 1954 605 juxta
1973 534 2151 589 altare
2171 548 2320 589 unus
2337 532 2487 601 hinc,
2522 531 2668 588 alius
2697 532 2850 599 inde,
2872 531 3125 589 dividant
3147 532 3255 590 sibi
3277 536 3401 591 sin-

116 618 366 682 ctorium,
388 617 636 672 domnus
664 616 836 672 abbas
866 626 925 672 et
952 619 1124 689 prior,
1156 620 1603 676 ministrantibus
1634 622 1714 676 eis
1798 625 1972 679 dones
2005 642 2018 679 :
2052 641 2164 696 qua
2188 625 2434 696 perfecta
2459 622 2649 678 veniat
2693 623 2953 679 sacerdos
2981 623 3052 679 ad
3098 623 3295 693 altare,
3335 631 3395 682 et

116 706 307 779 quibus
336 706 663 776 injunctum
691 706 859 761 fuerit
872 706 1370 774 fratribus,dantes
1391 711 1715 766 osculantur
1797 714 2080 768 solemnes
2110 713 2418 783 orationes,
2448 729 2571 785 quae
2608 718 2742 767 sunt
2783 713 2844 767 in
2900 712 3393 772 Sacramentorum

114 812 306 851 manus
335 812 562 863 eorum,
593 800 650 851 et
675 795 983 851 infantibus
1011 796 1302 867 similiter;
1335 799 1577 854 lectione
1607 817 1711 855 au-

114 890 220 940 tem
232 883 565 951 terminata,
590 884 856 939 diaconus
883 884 1070 939 ablata
1097 887 1241 940 stola
1277 903 1403 941 cum
1436 888 1580 954 aliis,
1615 888 1711 959 qui

115 979 235 1029 sunt
259 973 321 1027 in
347 972 518 1038 albis,
551 973 624 1027 ad
650 970 902 1028 tabulam
931 974 1123 1029 domni
1153 974 1373 1031 abbatis
1429 977 1707 1044 sedentes,

114 1068 299 1135 potum
328 1060 600 1117 similiter
628 1062 923 1135 accipiant,
947 1067 1006 1118 et
1031 1062 1243 1118 bibant.
1274 1065 1415 1119 Cum
1464 1066 1713 1126 indere-

113 1155 404 1206 vertuntur
458 1151 536 1206 ad
583 1151 896 1212 ecclesiam,
956 1153 1347 1225 unusquisque
1385 1160 1495 1209 stet
1522 1155 1580 1208 in
1611 1171 1713 1210 suo

118 1242 230 1296 loco
261 1256 455 1295 versus
514 1245 714 1296 contra
767 1241 1076 1311 orientem;
1105 1243 1338 1312 juvenes
1385 1243 1455 1297 ad
1503 1244 1713 1299 formas

116 1334 275 1397 stent,
298 1334 537 1387 cantent
564 1330 990 1402 completorium
1026 1331 1130 1386 sub
1161 1332 1384 1387 silentio
1412 1334 1714 1404 unusquis-

115 1435 214 1491 que
240 1434 341 1491 per
359 1435 443 1473 se.

715 1509 948 1564 CAPUT
984 1507 1089 1564 III.

423 1600 496 1652 In
517 1600 853 1653 Paraseeven
883 1601 1124 1669 qualiter
1150 1604 1374 1666 agatur.

177 1688 238 1743 In
268 1687 582 1742 Parasceve
630 1687 865 1742 totidem
923 1687 1036 1742 sint
1087 1704 1333 1742 accensae
1363 1688 1605 1743 candelae
1635 1689 1708 1744 ad

115 1782 428 1843 nocturnas,
448 1781 592 1849 quot
620 1776 820 1847 psalmi
849 1781 982 1831 sunt
1017 1776 1339 1848 imponendi
1365 1777 1543 1833 :facta
1554 1778 1707 1833 trina

1793 801 1935 857 libro
1959 803 2111 858 dicat
2142 808 2237 858 :et
2279 818 2383 875 pro
2408 801 2616 879 J‘udwis
2659 817 2772 857 non
2823 801 3045 858 dicatur
3087 804 3393 860 Flectamus

1790 906 1989 959 genua.

1865 979 2080 1045 Quibus
2110 980 2318 1035 exactis
2343 980 2679 1036 ordinentur
2704 980 2921 1053 tapetia
2948 985 3081 1036 ante
3109 982 3314 1052 altare,
3336 987 3396 1039 et

1795 1069 2053 1124 sacerdos
2081 1075 2250 1124 exuat
2292 1086 2354 1125 se
2400 1070 2592 1124 casula
2642 1074 2812 1141 atque
2839 1070 3003 1135 stola,
3035 1075 3094 1126 et
3121 1070 3393 1128 diaconus

1795 1157 1971 1220 stola;
2006 1157 2139 1229 quia
2187 1157 2248 1211 in
2304 1157 2410 1212 hac
2458 1158 2599 1212 hora
2661 1158 2784 1213 sine
2826 1159 3019 1214 casula
3046 1175 3169 1214 esse
3203 1158 3391 1215 debet.

1794 1244 2007 1300 Deinde
2034 1251 2235 1300 exeant
2262 1246 2373 1301 duo
2401 1246 2720 1302 sacerdotes
2746 1247 2833 1301 vel
2860 1247 3101 1316 diaconi,
3128 1247 3273 1303 albis
3306 1248 3394 1303 in-

1794 1333 1916 1388 duti
1946 1338 2327 1388 sustentantes
2355 1351 2581 1389 crucem
2609 1352 2731 1407 que
2756 1337 2939 1391 velata
2957 1353 3079 1391 esse
3096 1336 3282 1404 debet,
3304 1353 3392 1393 re-

1792 1408 1881 1476 tro
1910 1422 2088 1477 altare
2117 1429 2381 1478 canentes
2408 1440 2652 1490 versum,
2679 1427 2880 1493 Popule
2910 1441 3084 1483 meus.
3100 1425 3395 1481 Haeccom-

1791 1511 1988 1565 munia
2013 1511 2125 1566 sint
2151 1516 2282 1566 ante
2309 1512 2521 1576 altare;
2554 1513 2666 1568 duo
2693 1511 2836 1567 albis
2862 1513 2949 1568 vel
2982 1524 3098 1568 tres
3125 1513 3391 1569 similiter

1791 1599 1976 1654 induti
2037 1600 2228 1655 Graece
2283 1600 2707 1672 respondentes,
2741 1598 2877 1672 ἅγιος
2906 1600 2935 1654 6
2982 1598 3152 1664 Θεόςε
3186 1601 3390 1657 deinde

1789 1689 1973 1744 clerus
1998 1688 2200 1744 Latine
2250 1706 2593 1762 prosequens
2636 1690 2913 1756 decantet,
2943 1690 3180 1746 Sanctus
3230 1690 3385 1751 Deus,

1785 1779 2023 1835 Sanctus
2068 1781 2271 1847 fortis:
2303 1778 2434 1833 inde
2480 1779 2613 1847 duo,
2646 1779 2744 1850 qui
2789 1794 3011 1833 crucem
3070 1781 3393 1833 sustentant

119 1867 360 1921 oratione
423 1870 860 1938 perstrepentur
911 1865 1117 1921 tabulae
1173 1866 1294 1921 loco
1324 1867 1613 1937 signorum
1643 1869 1701 1922 in
1718 1892 1764 1951 Β
1785 1873 2072 1922 moventes
2095 1884 2156 1921 se
2174 1865 2430 1921 deferant
2458 1884 2678 1922 crucem
2706 1867 3121 1938 aliquantulum
3142 1867 3203 1922 in
3220 1873 3391 1923 antea

117 1955 370 2010 claustro.
395 1955 594 2009 Lectio
616 1955 686 2009 ed
701 1954 1035 2025 ingressum,
1067 1957 1133 2009 Et
1154 1957 1441 2010 recordata
1471 1962 1545 2011 est
1574 1958 1704 2012 Hie-

1789 1962 2056 2011 canentes
2084 1956 2290 2010 iterum
2319 1957 2675 2026 versiculum,
2703 1957 2811 2024 Qui
2829 1958 3022 2011 eduxit
3051 1962 3117 2012 te.
3142 1956 3392 2028 Respon-

117 2047 366 2102 rusalem.
391 2061 460 2098 ex
477 2043 860 2099 Hieremia.In
888 2045 1149 2110 secundo,
1176 2044 1591 2099 Considerantes
1609 2062 1709 2100 au-
1790 2044 1962 2098 deant
1981 2044 2113 2109 duo,
2138 2043 2274 2117 ἅγιος
2305 2044 2333 2097 6
2356 2042 2489 2108 Θεὸς
2524 2062 2538 2098 :
2565 2061 2631 2099 ac
2688 2044 2890 2099 deinde
2943 2044 3145 2112 clerus,
3189 2044 3391 2100 subse-

118 2137 239 2200 tem,
269 2148 334 2187 ex
358 2138 614 2187 tractatu
646 2131 797 2187 beati
838 2133 1160 2204 Augustini.
1202 2133 1456 2188 Tertium
1485 2140 1709 2189 noctur—
1791 2139 2032 2205 quatur:
2062 2133 2300 2190 Sanctus
2315 2136 2455 2189 Deus
2489 2133 2731 2188 :iterum
2757 2149 2885 2188 vero
2907 2134 3002 2204 qui
3021 2149 3246 2189 crucem
3268 2151 3390 2189 sus.

120 2236 242 2275 num
269 2221 497 2293 legatur
528 2222 597 2276 de
646 2221 894 2293 Epistola
935 2222 1006 2276 ad
1054 2221 1336 2289 Hebraeos,
1369 2224 1705 2279 Festinamus
1787 2227 2009 2277 tentant
2027 2222 2354 2278 accedentes
2381 2239 2554 2295 prope
2575 2223 2753 2278 altare
2773 2228 2999 2289 canant,
3032 2224 3178 2291 Quid
3206 2226 3385 2280 ultra.

119 2311 328 2376 ingredi
352 2328 371 2374 ;
403 2311 627 2383 reliqua
654 2310 765 2364 alia
791 2311 936 2365 sicut
964 2327 1153 2382 supra.
1178 2311 1279 2366 Die
1307 2311 1417 2366 ista
1438 2312 1537 2366 sed
1564 2312 1703 2367 Sab-
1786 2311 2185 2383 Respondeant
2210 2312 2341 2379 duo,
2376 2311 2513 2383 ἅγιος
2542 2312 2570 2365 6
2615 2310 2748 2375 Θεὸς
2780 2326 2792 2362 :
2815 2328 2881 2366 ac
2908 2311 3112 2367 deinde
3153 2312 3336 2368 clerus
3366 2329 3380 2366 :

118 2394 235 2452 bato
272 2398 442 2453 horas
489 2399 598 2453 sub
646 2399 867 2454 silentio
898 2400 1106 2466 dicant,
1160 2400 1499 2471 regulariter
1525 2402 1702 2457 versis
1783 2400 2018 2456 Sanctus
2044 2403 2205 2455 Deus.
2228 2402 2387 2456 Tunc
2408 2400 2517 2472 ipsi
2544 2400 2657 2456 duo
2692 2401 2787 2473 qui
2817 2416 3040 2456 crucem
3066 2406 3266 2456 tenent
3286 2417 3387 2457 ve-

119 2485 347 2542 vultibus
370 2489 440 2542 ad
464 2489 667 2543 altare.
693 2489 932 2543 Juvenes
948 2489 1017 2542 ad
1048 2488 1256 2543 formas
1284 2494 1436 2543 stent
1468 2508 1481 2543 :
1505 2492 1702 2545 Domi-
1783 2490 2003 2544 nientes
2025 2495 2157 2544 ante
2188 2490 2386 2558 altare,
2426 2506 2764 2561 crucemque
2811 2491 3089 2546 nudantes
3117 2490 3390 2562 incipiant

120 2591 214 2630 nus
233 2566 512 2632 vobiscum
541 2594 819 2648 nusquam
849 2578 1070 2632 dicatur
1097 2595 1198 2649 pro
1229 2578 1334 2632 hac
1362 2578 1475 2645 die;
1499 2579 1570 2633 ad
1594 2580 1705 2651 pri-
1787 2579 2175 2650 antiphonam,
2207 2581 2337 2635 Ecce
2358 2583 2579 2649 lignum
2611 2582 2811 2633 crucis.
2839 2579 3026 2634 Finita
3053 2579 3387 2651 antiphona,

121 2681 257 2720 mam
283 2667 518 2722 veniant
545 2668 872 2733 discalciati,
906 2684 1073 2738 quam
1104 2666 1293 2721 dicant
1328 2666 1432 2721 sub
1462 2667 1704 2722 silentio.
1789 2669 1993 2723 chorus
2024 2668 2193 2736 dicat,
2234 2670 2427 2731 Venite,
2462 2671 2796 2735 eaultemus,
2822 2669 2910 2723 vel
2937 2670 3089 2722 Beati
3105 2671 3385 2723 immacu-

121 2754 424 2826 Antiphona
469 2774 543 2811 ex
588 2756 885 2827 Evangelio
910 2756 1087 2827 ipsius
1143 2756 1276 2821 diei,
1307 2756 1453 2810 sicut
1481 2757 1571 2812 die
1609 2757 1707 2811 illa
1791 2761 1912 2812 lati.
1946 2759 2102 2813 Tunc
2131 2758 2431 2829 projiciant
2458 2775 2519 2812 se
2571 2774 2765 2813 omnes
2788 2757 2848 2812 in
2889 2763 3044 2813 terra
3082 2758 3385 2813 adorantes

124 2844 184 2897 ad
201 2844 364 2900 horas
392 2846 795 2918 praemiserunt
824 2846 892 2901 de
936 2846 1081 2913 suis;
1105 2845 1186 2899 ita
1222 2850 1279 2900 et
1304 2845 1547 2901 Sabbato
1578 2863 1702 2901 san-
1783 2852 2037 2901 sanctam
2056 2863 2275 2902 crucem
2301 2865 2314 2915 ;
2346 2847 2594 2918 dumque
2620 2847 2906 2914 adoretur,
2933 2847 3045 2901 duo
3062 2845 3147 2901 illi
3165 2851 3387 2902 susten-

125 2935 202 2986 cto
228 2933 293 2987 de
321 2935 736 3007 proprietaneis
763 2934 1084 3005 antiphonis
1112 2939 1542 3005 prosequantur.
1568 2936 1703 2990 Post
1784 2940 1907 2990 tent
1924 2951 2165 3001 crucem,
2203 2950 2494 3006 quousque
2523 2934 2619 2989 alii
2645 2934 2873 2989 veniant
2896 2940 2956 2989 et
2984 2934 3093 3006 ipsi
3128 2934 3202 2988 ad
3247 2935 3384 2990 ado-

121 3021 341 3093 primam
374 3025 570 3079 dicant
591 3030 803 3096 septem
830 3025 1075 3095 psalmos
1119 3024 1509 3091 communiter,
1542 3030 1598 3079 et
1625 3024 1701 3079 li-
1782 3025 2266 3079 randum.Chorus
2280 3024 2646 3095 antiphonam
2664 3023 3177 3091 decantet,0rucem
3199 3029 3377 3079 tuam.

124 3111 339 3166 taniam.
400 3114 686 3169 Exeuntes
721 3112 1094 3168 communiter
1136 3112 1339 3168 fratres
1394 3114 1584 3168 dicant
1642 3113 1758 3185 inn
1781 3113 1918 3168 Post
1935 3114 2273 3185 antiphonas
2303 3118 2576 3168 canentur
2602 3113 2662 3167 lii
2686 3129 2901 3181 versus,
2934 3112 3085 3169 Orum
3111 3113 3308 3183 ﬁdelis,
3323 3117 3381 3168 et

124 3198 347 3256 claustro
375 3166 815 3258 Psalteriumex
860 3203 1100 3272 integro,
1131 3166 1371 3257 Laudale
1402 3166 1760 3257 DominumC
1782 3203 1877 3256 alii
1905 3166 2081 3257 sicutir
2098 3202 2293 3274 scripti
2321 3207 2472 3258 sunt.

123 3286 176 3342 de
195 3292 329 3345 cali:
348 3308 551 3364 usque.
591 3292 699 3347 Sed
721 3297 777 3346 et
803 3291 1044 3345 infantes
1077 3307 1204 3345 cum
1226 3292 1510 3362 magistris
1540 3292 1700 3347 simi-
1854 3292 1995 3346 Cum
2026 3308 2157 3346 vero
2185 3308 2218 3346 a
2265 3292 2386 3346 loco
2437 3292 2535 3347 ubi
2590 3292 2824 3347 adorata
2850 3297 2937 3347 est
2972 3292 3210 3361 tollitur,
3236 3297 3296 3348 et
3317 3292 3380 3348 in

124 3372 240 3431 liter
265 3378 493 3435 faciant.
556 3380 788 3435 Coronae
843 3384 901 3433 et
953 3395 1146 3433 omnes
1196 3396 1388 3433 cruces
1416 3380 1701 3452 discoope-
1780 3381 1902 3435 loco
1930 3380 2166 3451 erigitur
2192 3381 2480 3453 disposito,
2529 3381 2647 3436 haec
2688 3381 2997 3453 antiphona
3031 3381 3378 3453 imponatur,

122 3463 323 3522 riantur
380 3475 516 3524 ante
561 3469 824 3534 tertiam;
866 3467 988 3522 istis
1042 3484 1287 3539 namque
1340 3468 1556 3523 duobus
1587 3469 1701 3524 die-
1782 3468 1960 3538 Super
1987 3473 2179 3524 omnia
2210 3452 2703 3538 ligna'eedrorum.
2733 3452 2856 3535 Qua
2896 3452 3128 3542 peracta
3145 3469 3380 3526 abluant

123 3551 231 3621 bus,
263 3560 444 3631 majus
511 3559 613 3612 ﬁat
650 3557 1028 3625 intervallum,
1063 3573 1231 3628 quam
1283 3557 1434 3612 soliti
1475 3563 1609 3613 sunt
1637 3574 1700 3613 a-
1783 3575 1984 3613 manus
2012 3575 2142 3613 suas
2170 3559 2281 3613 duo
2317 3558 2647 3632 presbyteri,
2680 3564 2735 3614 et
2780 3559 3049 3615 diaconus
3081 3560 3177 3631 qui
3213 3557 3381 3615 debet

122 3657 265 3713 gere.
1784 3664 1986 3718 corpus
2010 3646 2237 3702 Domini
2268 3653 2533 3713 tractare,
2573 3649 2778 3703 casulis
2810 3647 2993 3703 induti
3023 3649 3112 3703 vel
3141 3650 3370 3721 cappis:

185 3733 311 3790 Post
337 3753 549 3791 nonam
592 3753 722 3791 vero
750 3737 1063 3792 vestiantur
1089 3736 1229 3791 albis
1270 3736 1371 3803 illi,
1400 3736 1497 3806 qui
1535 3736 1697 3791 obse-
1779 3737 1851 3791 ad
1873 3753 2031 3791 aram
2053 3737 2417 3792 constitutam
2445 3737 2674 3792 veniant
2691 3754 2817 3792 cum
2833 3736 3185 3792 candelabris
3204 3744 3377 3810 atque

125 3819 300 3890 quium
329 3841 499 3896 agere
523 3825 730 3880 debent
781 3826 1045 3891 ecclesiae,
1074 3831 1131 3880 et
1156 3825 1396 3879 infantes
1426 3825 1555 3882 toti.
1586 3825 1697 3880 Re-
1777 3826 2024 3890 incenso,
2058 3831 2116 3881 et
2143 3827 2405 3881 ordinent
2424 3826 2499 3880 ibi
2521 3826 2747 3881 calicem
2777 3843 2904 3881 cum
2924 3826 3053 3881 vino
3064 3832 3122 3881 et
3147 3843 3298 3899 aqua
3315 3828 3376 3883 in

124 3912 446 3969 vertentibus
474 3931 540 3968 ex
577 3914 706 3985 igne
760 3914 1071 3981 benedicta,
1092 3914 1246 3985 prior
1272 3913 1438 3967 debet
1469 3918 1693 3984 portare
1777 3914 1900 3985 ipso
1923 3914 2127 3981 infusa,
2157 3920 2214 3970 et
2244 3915 2572 3970 conﬁciatur
2620 3914 2846 3969 Domini
2892 3931 3112 3986 corpus.
3147 3916 3275 3971 Mox
3308 3922 3375 3972 ut

123 3995 310 4054 lumen.
354 4004 510 4058 Illico
531 4008 597 4058 ut
622 4004 875 4074 perventi
912 4006 1011 4074 (ita
1030 4004 1177 4073 mss.)
1198 4001 1410 4056 fuerint
1426 4001 1482 4055 in
1504 4002 1691 4069 choro,
1778 4003 2090 4074 perfectum
2121 4003 2439 4070 habuerint,
2469 4010 2529 4059 et
2553 4005 2821 4076 coeperint
2841 4018 3075 4076 pergere
3101 4005 3175 4060 ad
3195 4005 3375 4062 altare

124 4085 473 4148 subdiaconus
523 4092 674 4148 dicat
718 4093 1012 4148 lectionem
1066 4092 1380 4157 Hieremiae,
1407 4093 1528 4146 Hac
1560 4092 1695 4145 dicit
1777 4093 1968 4162 majus
1996 4092 2056 4147 in
2087 4109 2197 4164 quo
2253 4093 2572 4148 ordinatam
2618 4093 2864 4149 habeant
2889 4094 3181 4149 sindonem
3203 4100 3373 4167 atque

124 4174 367 4235 Dominus
381 4185 524 4237 Deus
552 4185 653 4237 :In
676 4184 1035 4238 tribulatione
1062 4198 1166 4235 sua
1189 4197 1352 4236 mane
1363 4185 1695 4249 consurgent
1777 4182 2083 4252 corporale,
2111 4181 2260 4236 illico
2288 4188 2651 4253 prosternant
2676 4200 2737 4237 se
2765 4199 2960 4238 omnes
2992 4200 3004 4237 :
3038 4183 3175 4239 item
3195 4189 3250 4239 et
3278 4201 3373 4240 sa-

126 4264 736 4326 adme.Revertentibus
757 4289 821 4325 ex
838 4272 967 4342 igne
997 4269 1310 4337 benedicto,
1354 4269 1578 4323 veniant
1608 4285 1695 4324 sa—
1778 4270 1974 4325 cerdos
2003 4271 2241 4342 accipiat
2267 4270 2620 4326 thuribulum
2659 4277 2717 4327 et
2743 4272 2972 4328 calicem
2999 4272 3253 4329 incenset
3280 4279 3372 4329 at-

128 4353 357 4413 cerdotes
384 4361 455 4414 de
486 4360 729 4415 sacrario
772 4377 898 4415 cum
952 4360 1125 4414 sacris
1156 4358 1442 4414 ordinibus
1463 4375 1587 4412 cum
1622 4359 1698 4412 si-
1779 4377 1886 4431 que
1914 4361 2028 4415 alte
2052 4361 2203 4415 dicat
2230 4361 2458 4416 Oremus
2489 4381 2502 4417 :
2544 4365 2827 4431 Praeceptis
2869 4365 3232 4420 salutaribus.
3277 4366 3374 4419 Pa-

127 4436 277 4498 lentio
312 4447 452 4503 nihil
481 4454 745 4504 canentes
784 4450 854 4504 ad
906 4450 1103 4515 altare,
1136 4449 1483 4519 postulantes
1508 4465 1607 4518 pro
1637 4463 1696 4502 se
1780 4455 1862 4503 ter
1890 4455 2093 4504 noster.
2109 4450 2342 4516 Deinde,
2376 4452 2568 4505 Libera
2596 4467 2713 4518 nos,
2755 4468 3085 4520 quaesumus,
3119 4454 3367 4518 Domine,

128 4534 275 4588 orari.
303 4537 447 4593 Dum
494 4540 643 4594 facta
666 4540 837 4595 fuerit
864 4539 1135 4594 confessio
1165 4555 1293 4593 cum
1326 4537 1494 4591 levita
1520 4536 1688 4601 dicat,
1709 4525 1757 4583 D
1775 4536 1878 4592 sub
1905 4537 2148 4592 silentio.
2208 4538 2599 4610 Subsequatur
2638 4540 2769 4604 alte,
2801 4542 2905 4594 Per
2931 4544 3124 4596 omnia
3174 4546 3373 4598 saecula

130 4616 353 4693 Oremus,
376 4628 645 4683 diaconus
672 4629 1015 4700 pronuntiet,
1050 4630 1351 4684 Flectamus
1395 4641 1593 4694 genua,
1638 4631 1694 4680 et
1775 4628 2107 4681 saeculorum
2134 4633 2191 4681 et
2219 4627 2412 4681 mittat
2457 4644 2659 4699 corpus
2704 4628 2929 4683 Domini
2975 4630 3035 4685 in
3076 4630 3226 4688 vino.
3256 4634 3375 4688 Paw

128 4716 238 4776 post
263 4716 548 4784 paululum
578 4717 747 4779 dicat,
788 4719 972 4771 Levate
997 4720 1042 4785 (ι
1061 4716 1103 4785 1)
1131 4736 1144 4784 ;
1198 4722 1255 4770 et
1282 4714 1541 4770 sacerdos
1568 4730 1694 4786 pro.

130 4805 233 4853 mat
272 4802 411 4861 hanc
444 4806 774 4872 orationem,
794 4809 934 4861 Deus
953 4823 988 4861 α
1020 4823 1125 4875 quo
1145 4810 1194 4859 et
1222 4806 1415 4860 ludas.
1448 4803 1692 4875 Prophe-

133 4882 213 4951 σε,
238 4891 346 4946 Hac
372 4897 507 4950 dicit
533 4897 825 4953 Dominus.
881 4896 1133 4961 Tractus,
1180 4897 1423 4958 Domine,
1474 4896 1690 4949 audivi.

131 4968 267 5031 Tunc
282 4983 553 5051 praecedat
570 4984 830 5040 sacerdos
862 4995 920 5039 et
945 4984 1094 5039 dicat
1120 4985 1191 5039 ad
1219 4985 1416 5049 altare,
1444 4985 1689 5039 Oremus.

132 5056 303 5122 Lenta
340 5074 683 5143 pronuntiet,
708 5075 1012 5128 Flectamus
1040 5090 1242 5141 genua.
1264 5074 1523 5138 Oremus,
1554 5074 1694 5127 Deus

132 5155 216 5215 qui
229 5164 423 5223 peccati
432 5165 645 5216 veteris.
678 5161 868 5217 Lectio
902 5162 971 5216 de
1002 5162 1206 5228 Exodo,
1243 5164 1398 5216 Dimit
1425 5163 1694 5216 Dominus

1774 4717 2003 4770 Domini
2030 4715 2446 4786 praetermittat.
2484 4716 2698 4771 Deinde
2729 4734 2832 4788 per
2854 4718 3109 4774 ordinem
3144 4720 3375 4778 veniant

1775 4820 1969 4859 omnes
1990 4804 2061 4858 ad
2091 4805 2643 4871 communicandum,
2668 4806 2839 4860 etiam
2869 4806 3132 4875 infantes,
3165 4814 3223 4864 et
3243 4825 3372 4865 cum

1774 4892 2172 4947 communicati
2200 4892 2432 4956 fuerint,
2455 4906 2691 4948 sonetur
2716 4893 2928 4961 tabula,
2961 4895 3220 4968 factaque
3249 4913 3378 4952 ora-

1775 4982 1927 5037 tione
1955 4982 2141 5036 lavent
2164 4981 2333 5053 pedes
2371 4998 2522 5049 suos,
2553 4988 2612 5037 et
2657 4983 2896 5038 calcient
2944 4991 3003 5040 et
3029 4991 3374 5042 revertentes

1776 5072 1846 5127 ad
1877 5071 2166 5126 ecclesiam
2220 5071 2621 5142 pulsantesque
2672 5085 2867 5127 omnes
2913 5072 3134 5128 tabulas
3182 5075 3375 5132 dicant

1776 5176 2036 5231 vesperas
2064 5158 2167 5214 sub
2189 5159 2410 5214 silentio
2441 5158 2829 5230 unusquisque
2857 5160 2983 5215 sibi.
3024 5162 3370 5235 Antiphona,

133 5239 195 5291 ad
220 5243 439 5316 Moysen.
469 5250 723 5317 Tractus,
743 5253 907 5321 Eripe
926 5268 1029 5314 me,
1045 5254 1291 5306 Domine.
1320 5251 1590 5306 Similiter
1603 5267 1694 5304 re-
1779 5251 1915 5307 Dum
1930 5252 2017 5304 his
2045 5252 2162 5318 qui.
2181 5249 2329 5303 Psal.
2351 5248 2439 5305 Ad
2458 5249 2779 5303 Dominum.
2796 5249 3141 5321 Antiphona.
3168 5254 3249 5308 Ab
3274 5254 3373 5308 ho-

133 5328 408 5398 capitulent
433 5355 535 5410 per
577 5342 1037 5410 unumquemque
1081 5356 1323 5394 versum.
1354 5340 1548 5394 Passio
1574 5338 1696 5393 sine
1777 5341 2025 5393 minibus
2038 5341 2269 5408 iniquis.
2289 5337 2571 5403 Psalmus,
2608 5339 2773 5405 Eripe
2801 5353 2904 5401 me,
2938 5341 3188 5395 Domine.
3217 5341 3376 5397 Anti-

136 5418 440 5482 salutatione
464 5429 706 5500 legatur.
732 5429 873 5483 Cum
885 5435 1075 5484 autem
1089 5429 1293 5484 dixerit
1320 5428 1537 5499 ille,qui
1557 5427 1695 5499 legit
1776 5426 1986 5496 phona,
2008 5426 2230 5482 Custodi
2248 5441 2333 5478 me
2371 5440 2408 5478 a
2447 5426 2653 5493 laqueo.
2679 5423 2956 5487 Psalmus,
2984 5427 3232 5493 Domine,
3264 5432 3377 5484 cla-

135 5517 347 5582 vel‘sum,
376 5519 696 5573 Diviserunt
733 5520 842 5572 sibi
880 5521 1201 5573 vestimenta
1240 5534 1379 5584 mea,
1402 5517 1689 5571 venientes
1778 5518 1946 5570 mavi.
1969 5514 2314 5585 Antiphona,
2337 5512 3048 5569 Considerabam.Psalmus
3081 5516 3200 5571 Voce
3227 5533 3369 5587 mea,

200 5666 298 5743 (Η)
324 5674 470 5733 Nota
491 5676 644 5743 idem
676 5677 947 5739 diaconus
970 5682 1276 5751 utrumque
1305 5675 1544 5744 dicebat,
1573 5676 1880 5734 Flectamus
1906 5689 2088 5744 genua
2117 5678 2175 5729 et
2204 5676 2388 5742 levate,
2417 5672 2757 5733 subdiacono
2783 5677 3025 5731 tacente.
