3914 6386
477 341 616 403 1207

1543 341 1897 399 GUIDONIS
1933 336 2239 396 ABBATIS
2275 333 2676 390 FARFENSIS

3612 328 3769 388 1208

477 473 536 524 et
567 467 841 541 incipiant
858 467 1248 540 antiphonam,
1268 469 1508 537 Angelus
1536 473 1722 522 autem
1753 469 1997 533 Domini,
2011 470 2069 520 et
2084 463 2264 526 Atria
2292 459 2630 516 candelabra
2656 460 2790 514 sint.
2820 458 2906 515 Ad
2935 474 3194 530 vesperas
3219 457 3462 513 Alleluia
3487 453 3764 527 quemad-

480 558 603 614 aliae
633 575 756 630 qua;
776 563 1110 629 sequuntur,
1129 562 1354 612 tantum
1374 573 1544 613 unam
1567 557 1821 610 canendo
1842 573 1947 627 per,
1962 555 2073 610 sin-
2153 552 2383 606 modum
2428 551 2626 604 diatim
2668 548 2776 617 (19)
2822 549 3079 603 ordinate
3128 552 3261 602 sunt
3289 546 3441 602 soliti
3467 545 3773 615 imponere

480 649 643 719 gulos
670 647 790 701 dies
816 645 1254 702 hebdomadario
1271 647 1592 717 incipiente.
1629 645 1897 701 Sacerdos
1921 645 1996 698 sit
2014 644 2074 699 in
2154 641 2235 695 ita
2262 639 2604 712 persolvant,
2637 643 2694 694 et
2713 637 2960 712 psalmos
2978 637 3156 712 ipsius
3185 635 3298 692 diei
3322 632 3771 694 Dominicireci-

483 752 681 807 cappa,
731 752 764 789 ει
819 752 930 806 quo
967 735 1171 789 altaria
1206 735 1584 789 incensentur.
1634 734 1720 788 Ad
1766 733 1932 786 horas
1959 739 2074 786 tres
2154 734 2298 785 tent.

483 826 729 881 candelae
761 843 777 878 :
808 825 879 879 ad
929 823 1324 879 matutinalem
1372 823 1602 878 missam
1653 839 1769 878 una
1802 824 2070 891 collecta;

487 915 836 970 offertorium
866 919 925 968 et
951 913 1064 967 alia
1092 912 1282 966 omnia
1301 912 1463 968 sicuti
1488 912 1580 967 die
1607 912 1899 967 Dominico
1928 912 2080 967 dicta

485 1003 714 1070 fuerint,
739 1004 822 1058 ita
851 1003 1042 1056 dicant
1059 1006 1181 1057 tota
1207 1002 1542 1072 septimana,
1575 1009 1780 1073 praeter
1796 1002 2078 1073 praefatio-

485 1109 618 1148 nem
645 1108 768 1164 quae
787 1108 900 1146 non
918 1096 1006 1146 est
1028 1091 1280 1146 canenda
1297 1091 1406 1145 nisi
1426 1091 1550 1145 istis
1576 1091 1777 1146 tribus.
1801 1092 1884 1145 Ad
1907 1093 2083 1162 majo-

485 1197 608 1236 rem
631 1181 746 1236 sint
775 1197 971 1235 omnes
998 1179 1318 1234 sacerdotes
1343 1185 1512 1250 atque
1542 1180 1722 1235 levitae
1753 1181 1811 1234 in
1840 1180 2030 1252 cappis
2065 1197 2078 1232 :

485 1268 669 1325 tribus
711 1268 1096 1340 corporalibus
1145 1269 1328 1322 altare
1376 1269 1796 1323 circumdetur:
1840 1269 2086 1323 candelae

485 1364 619 1414 ante
649 1364 707 1415 et
733 1363 885 1413 retro
906 1357 1318 1413 illuminentur.
1356 1358 1720 1413 Offertorium
1742 1375 1838 1412 sex
1861 1363 2086 1413 susten-

484 1454 610 1504 tent
637 1472 649 1518 ;
696 1449 755 1504 in
785 1449 1100 1520 explatione
1129 1446 1312 1501 missae
1350 1448 1541 1501 omnia
1577 1447 1739 1517 signa
1766 1448 2082 1519 pulsentur.

487 1537 556 1594 In
585 1533 878 1594 re‘fectorio
908 1535 1163 1607 quotidie
1201 1535 1413 1590 faciant
1439 1535 1792 1601 charitatem,
1824 1536 2084 1591 similiter

490 1627 870 1683 collationem.
906 1626 1049 1680 Tota
1092 1625 1410 1695 septimana
1436 1625 1695 1678 dicantur
1721 1625 1794 1679 ad
1823 1641 2083 1695 vesperas

2758 818 2991 873 CAPUT
3027 818 3151 874 VII.

2624 909 2829 962 Pascha
2850 909 3128 961 annotina
3157 904 3292 974 (20).

2234 998 2502 1052 Sanctum
2529 997 2746 1051 Pascha
2771 997 2920 1067 quod
2948 995 3232 1068 praeterito
3259 1011 3408 1050 anno
3448 992 3774 1050 celebravi-

2163 1103 2308 1153 mus,
2339 1086 2462 1140 siin
2488 1085 2920 1157 quadragesima
2940 1085 3266 1151 occurrerit,
3289 1084 3618 1139 nullatenus
3648 1081 3777 1153 agi-

2163 1181 2258 1230 tur
2291 1193 2302 1228 :
2333 1175 2380 1230 si
2415 1191 2544 1228 vero
2574 1180 2700 1246 post
2753 1175 2970 1228 Pascha
3018 1174 3307 1228 inventum
3337 1173 3527 1237 fuerit,
3569 1189 3774 1239 omne,

2169 1265 2640 1336 quemadmodum
2677 1264 2737 1318 in
2766 1263 2991 1318 Domini
3018 1263 3426 1317 resurrectione
3451 1263 3777 1316 decantan-

2167 1355 2304 1408 dum
2331 1360 2435 1418 est,
2468 1355 2550 1408 ita
2573 1354 2978 1426 adimpleatur;
3009 1358 3211 1424 praeter
3238 1352 3587 1423 evangelium
3614 1352 3780 1422 quod

2167 1443 2376 1514 legitur
2403 1461 2415 1496 :
2449 1444 2586 1498 Erat
2616 1444 2775 1497 homo
2804 1459 2868 1496 ea
2913 1443 3224 1496 Pharisaeis.
3273 1441 3508 1506 Quando
3536 1442 3597 1495 in
3628 1441 3778 1495 duo-

2166 1532 2345 1586 decim
2375 1532 2641 1586 lectiones
2662 1531 2931 1595 evenerit,
2950 1531 3301 1585 matutinalis
3313 1547 3472 1584 sacra
3495 1530 3630 1584 inde
3641 1547 3783 1600 aga-

2163 1626 2278 1686 tur,
2311 1627 2369 1676 et
2396 1621 2442 1675 si
2464 1621 2523 1674 in
2555 1620 2898 1691 quotidianis
2927 1619 3124 1675 diebus
3155 1619 3557 1686 adventaverit,
3591 1620 3782 1691 majo-

486 1715 690 1789 psalmi
745 1716 892 1770 sicut
939 1714 1033 1769 die
1073 1713 1387 1775 Dominico,
1419 1729 1546 1767 cum
1577 1715 1820 1768 Alleluia
1845 1713 2134 1789 qualiter;
2166 1727 2286 1764 rem
2317 1710 2548 1763 missam
2581 1709 2864 1764 celebrent
2882 1726 2946 1763 ex
2972 1725 3058 1766 eo.

486 1803 746 1859 voluerit.
779 1802 1050 1858 Accensio
1087 1801 1320 1857 luminis
1349 1801 1494 1856 sicut
1523 1801 1594 1855 ad
1625 1801 1876 1856 missam.

557 1890 701 1946 Aliis
746 1889 929 1945 tribus
970 1888 1166 1944 diebus
1209 1888 1586 1944 mediocriter.
1638 1890 1723 1944 Ad
1753 1891 2083 1946 nocturnale

487 1979 739 2036 officium
790 1978 906 2033 sint
943 1978 1052 2033 tria
1101 1978 1441 2032 candelabra
1473 1983 1604 2033 ante
1633 1995 1791 2032 aram
1829 1984 1887 2033 et
1932 1984 2084 2034 retro

484 2085 683 2127 unum.
710 2067 778 2124 In
811 2068 1243 2124 matutinalibus
1272 2067 1649 2140 pulsabuntur
1676 2069 1867 2124 omnia
1902 2069 2082 2140 signa.

485 2159 735 2215 Candela
760 2175 877 2213 una
906 2162 1183 2228 augeatur
1219 2161 1279 2211 et
1321 2157 1517 2212 tabula
1550 2157 2026 2228 discooperiatur;
2049 2175 2085 2214 a

482 2247 674 2319 pueris
683 2251 873 2301 autem
889 2245 1312 2316 responsorium
1323 2245 1406 2298 vel
1427 2246 1824 2299 Benedicamus
1850 2248 2012 2300 Domi
2014 2263 2084 2302 no

483 2337 546 2392 in
575 2341 708 2390 ante
748 2351 864 2390 non
911 2333 1222 2405 peragitur,
1253 2333 1350 2387 sed
1372 2333 1430 2387 in
1459 2333 1579 2387 loco
1609 2349 1711 2387 suo
1740 2334 1945 2404 agitur.
1980 2335 2083 2390 Sa-

485 2425 682 2481 cerdos
707 2423 834 2478 alba
877 2423 1108 2477 indutus
1158 2422 1234 2477 ad
1274 2423 1700 2478 incensandum.
1733 2423 2085 2480 Philacteriae

486 2513 944 2585 superstolantur
965 2510 1094 2578 (18),
1119 2519 1175 2566 et
1185 2511 1400 2582 tapetia
1425 2528 1491 2565 ex
1516 2511 1711 2565 formis
1732 2513 2080 2571 auferantur.

486 2603 575 2658 Ad
604 2601 998 2656 matutinalem
1019 2601 1253 2655 missam
1276 2616 1472 2654 omnes
1502 2601 1744 2656 collectae
1774 2606 1838 2656 ut
1856 2602 2084 2658 solitum

489 2695 594 2757 est,
639 2690 926 2747 dicantur.
969 2689 1056 2745 Ad
1101 2691 1374 2760 majorem
1402 2689 1611 2744 faciant
1639 2689 1810 2744 veluti
1838 2707 1973 2744 usus
1999 2697 2087 2746 est

491 2794 661 2850 agere
686 2777 746 2833 in
758 2777 866 2833 XII
893 2777 1250 2842 lectionibus.
1273 2783 1329 2832 et
1344 2778 1414 2833 de
1435 2777 1784 2834 candelabris
1798 2779 2082 2838 similiter.

487 2867 751 2922 Praefatio
769 2866 1240 2938 praetermittitur.

561 2956 816 3012 Sanan-ro
848 2971 904 3010 IN
934 2969 1106 3019 ALBIS,
1122 2955 1538 3023 Invitatorium,
1553 2959 1588 3012 A
1602 2957 2082 3022 lleluia,Alleluia.

2101 1787 2148 1848 B
2239 1799 2379 1853 Cum
2403 1803 2608 1852 octavae
2638 1798 2860 1852 Paschae
2881 1797 3172 1852 celebratae
3202 1798 3432 1864 fuerint,
3465 1797 3571 1852 hoc
3601 1797 3781 1852 modo

2165 1892 2339 1957 agant
2386 1885 2617 1958 privatis
2646 1886 2845 1941 diebus
2877 1908 2888 1940 :
2919 1903 3047 1940 mox
3074 1891 3138 1941 ut
3167 1886 3510 1958 expleverint
3537 1891 3783 1941 noctur-

2166 1976 2294 2031 nale
2323 1975 2674 2046 obsequium,
2699 1980 2899 2029 sonent
2918 1975 3161 2046 signum,
3185 1980 3243 2029 et
3261 1975 3550 2029 matutinae
3570 1975 3782 2030 laudes

2168 2065 2593 2120 inchoentur.In
2626 2066 2732 2120 hoc
2758 2083 3002 2136 namque
3029 2066 3150 2120 loco
3171 2067 3506 2137 priusquam
3537 2064 3657 2119 alia
3685 2065 3782 2119 in-

2167 2172 2440 2221 seramus,
2465 2155 3052 2226 aliqualocutiuncula
3068 2155 3403 2226 perdignum
3429 2154 3694 2209 ducimus
3715 2157 3784 2208 ut

2167 2243 2439 2298 dicamus.
2465 2243 2642 2298 Erunt
2670 2243 2858 2297 forsan
2887 2243 3143 2298 nonnulli
3192 2243 3289 2314 qui
3312 2243 3430 2297 haec
3454 2243 3777 2314 inquirent,

2167 2349 2279 2404 qua
2308 2332 2525 2387 ratione
2548 2332 2904 2387 intervallum
2934 2349 3046 2386 non
3077 2333 3158 2386 fit.
3183 2333 3327 2387 sicut
3350 2333 3546 2402 regula
3571 2331 3781 2403 praeci-

2167 2422 2251 2493 pit
2269 2421 2296 2474 ?
2316 2422 2669 2493 Respondeo,
2695 2426 2826 2475 sunt
2847 2421 3055 2492 quippe
3069 2420 3326 2476 nonnulli
3349 2420 3554 2475 fratres
3575 2421 3676 2492 qui
3695 2421 3782 2474 di-

2165 2527 2326 2564 verso
2355 2511 2550 2564 morbo
2571 2510 2848 2577 laborant,
2881 2511 3029 2581 quod
3051 2516 3433 2564 antecessores
3460 2509 3645 2564 nostri
3667 2509 3784 2564 uti-

2167 2600 2297 2654 liter
2327 2600 2718 2671 praeviderunt,
2741 2599 2886 2653 hanc
2901 2599 3295 2654 discretionem
3314 2597 3782 2672 habere[haben-

2167 2688 2348 2762 dam],
2383 2697 2444 2742 ut
2475 2689 2545 2742 ad
2584 2689 2913 2742 nocturnale
2941 2688 3268 2759 obsequium
3299 2705 3428 2742 mox
3463 2692 3528 2742 ut
3555 2688 3780 2743 dictum

2167 2779 2357 2844 fuerit,
2394 2780 2588 2840 Venite,
2609 2781 2913 2832 exultemus
2933 2779 3166 2832 Domino
3192 2797 3208 2833 :
3233 2778 3292 2831 in
3310 2776 3773 2844 laudibus,Deus,

2173 2870 2506 2920 misereatur
2527 2869 2724 2932 nostri,
2758 2871 2959 2920 exeant
2987 2866 3069 2920 illi
3091 2866 3189 2938 qui
3207 2865 3479 2937 indigent,
3511 2873 3568 2920 et
3589 2884 3782 2922 rever-

2171 2961 2390 3024 tantur,
2414 2961 2583 3027 prout
2611 2955 2719 3027 ipsi
2748 2955 3039 3026 potuerint
3063 2974 3074 3022 ;
3103 2971 3204 3026 pro
3234 2955 3346 3009 alia
3369 2956 3561 3026 aliqua
3582 2954 3776 3029 [supp.

487 3045 555 3100 In
588 3044 871 3109 laudibus,
896 3044 1011 3099 sive
1035 3045 1280 3116 vesperis
1312 3047 1669 3116 responsoria
1692 3044 1881 3100 brevia
1901 3047 2090 3117 qualia
2110 3106 2146 3117 Α
2171 3061 2232 3100 re
2263 3050 2364 3098 aut
2392 3043 2580 3117 causa]
2605 3045 2756 3098 nullo
2786 3044 2952 3098 modo
2991 3060 3282 3099 assensum
3307 3044 3508 3098 damus
3532 3062 3544 3097 :
3599 3045 3778 3099 etiam

487 3133 772 3188 voluerint
819 3106 1176 3188 Paschalium
1211 3153 1222 3188 :
1264 3106 1509 3189 Alleluia
1537 3141 1653 3188 tam
1703 3135 1760 3188 in
1799 3106 2148 3191 nocturnisC
2171 3134 2316 3197 illos,
2341 3133 2435 3204 qui
2458 3106 2784 3205 frequenter
2809 3134 2914 3188 hoc
2931 3139 3126 3204 agunt,
3149 3133 3500 3204 corripimus.
3533 3134 3781 3205 Insuper

497 3239 667 3294 quam
695 3223 851 3276 horis
893 3239 996 3293 per
1040 3223 1292 3293 singulos
1331 3222 1451 3277 dies
1479 3223 1800 3289 decantent,
1830 3223 2092 3280 similiter
2174 3229 2230 3278 et
2251 3223 2496 3294 psalmos
2521 3239 2661 3293 quos
2696 3221 2945 3276 studiose
2973 3222 3270 3276 decantare
3297 3221 3537 3276 Domino
3566 3223 3779 3278 suffra-

490 3327 687 3366 versus
717 3311 812 3381 qui
837 3316 972 3365 sunt
1001 3311 1259 3366 annotati
1279 3311 1458 3382 ipsius
1469 3311 1599 3365 diei.
1621 3312 1686 3366 In
1700 3312 1963 3383 Vesperis
1977 3312 2091 3369 sint
2173 3317 2345 3383 gante
2373 3311 2661 3376 debemus,
2695 3316 2926 3382 propter
2940 3309 3268 3365 brevitatem
3290 3311 3535 3365 noctium
3557 3311 3778 3384 absque

495 3399 744 3471 quinque
795 3398 1132 3454 candelabra
1177 3405 1309 3454 ante
1356 3416 1532 3466 aram,
1575 3401 1854 3470 posterius
1917 3402 2087 3458 trina.
2175 3417 2335 3455 mora
2371 3405 2596 3471 oportet
2620 3399 2862 3454 initiare.
2896 3401 2962 3454 In
2987 3399 3273 3470 evangelio
3298 3400 3619 3471 antiphonaa
3650 3418 3777 3473 quae

497 3487 752 3542 Psalmos
781 3488 1079 3559 imponant
1123 3488 1521 3556 Conﬁteantur.
1570 3489 1912 3560 Antiphona.
1955 3491 2093 3544 Cum
2175 3490 2406 3544 fuerunt
2435 3505 2500 3543 ex
2526 3489 2616 3542 die
2643 3488 3070 3542 resurrectionis
3091 3493 3326 3559 possunt
3344 3487 3452 3542 dici
3463 3505 3591 3542 cum
3613 3496 3780 3544 caete-

494 3581 627 3630 esset
654 3592 772 3631 sero
793 3593 811 3639 ;
844 3593 1088 3642 oremus,
1118 3579 1340 3640 Praesta,
1375 3594 1702 3645 quasumus,
1728 3582 2088 3648 omnipotens.
2175 3577 2274 3642 ris,
2306 3593 2431 3647 quae
2459 3576 2519 3630 in
2549 3576 2640 3631 die
2681 3576 2973 3631 Dominico
3001 3575 3301 3641 habentur,
3332 3592 3511 3647 usque
3532 3577 3591 3631 in
3621 3577 3776 3632 diem

1116 3663 1351 3720 CAPUT
1379 3664 1476 3720 VI.
2175 3665 2516 3720 ascensionis
2562 3665 2808 3720 Domini.
2858 3665 3090 3735 Expleta
3137 3670 3458 3720 sanctorum
3505 3666 3780 3737 suffragia

821 3753 1032 3808 Octavi:
1063 3757 1484 3809 resurrectionis
1513 3756 1761 3809 Domini.

569 3841 802 3896 Summo
832 3841 1020 3896 studio
1051 3841 1365 3896 celebretur
1403 3861 1416 3897 :
1451 3843 1832 3898 accendantur
1868 3859 2000 3899 mox
2028 3849 2094 3899 ut

497 3930 777 4002 expletum
815 3930 988 3985 fuerit
1033 3930 1316 3984 canticum
1343 3931 1647 4001 graduum,
1699 3936 1816 3985 tres
1847 3931 2092 3985 candela

497 4024 630 4074 ante
658 4035 837 4086 aram,
888 4025 946 4073 et
979 4025 1135 4073 retro
1163 4035 1314 4087 una;
1366 4018 1437 4073 ad
1468 4019 1748 4074 canticum
1780 4025 2095 4090 augeantur

497 4106 624 4162 duae
647 4113 834 4173 antea,
866 4108 1146 4180 posterius
1175 4124 1307 4174 una,
1339 4109 1598 4179 superius
1618 4108 1954 4180 quindecim.
1996 4108 2094 4162 In-

495 4194 820 4250 vitatorium
833 4197 944 4252 duo
968 4198 1026 4251 in
1047 4197 1257 4269 cappis.
1283 4199 1743 4255 Alleluia.Lectio
1764 4204 2092 4253 sanctorum

499 4283 755 4351 Patrum,
789 4301 890 4340 seu
916 4287 1089 4341 Actus
1118 4287 1499 4357 apostolorum
1525 4304 1540 4339 :
1570 4289 1826 4341 Primum
1847 4290 2088 4355 quidem.

499 4370 959 4443 Responsorium,
980 4376 1220 4443 Angelus
1239 4377 1480 4439 Domini,
1509 4381 1794 4446 quartum,
1812 4381 2090 4443 octavum,

501 4466 561 4515 et
587 4461 979 4516 duodecimum
1009 4479 1044 4516 a
1079 4463 1296 4517 duobus
1325 4463 1731 4519 decantabitur.
1759 4465 2092 4520 Duodenum

500 4558 748 4620 namque
767 4567 802 4604 a
828 4551 1010 4622 capite
1037 4552 1442 4622 recapituletur
1470 4558 1598 4624 post
1625 4555 1813 4608 Gloria
1840 4557 2017 4608 Patri.
2037 4555 2096 4608 1n

500 4638 789 4708 evangelio
809 4639 1135 4710 antiphona.
1156 4643 1278 4694 Post
1297 4643 1410 4696 dies
1429 4647 1562 4696 octo.
1592 4642 1679 4696 Ad
1705 4643 2098 4698 matutinalem

501 4726 734 4781 missam
764 4743 878 4782 una
897 4728 1146 4794 collecta,
1179 4733 1237 4782 et
1263 4731 1517 4800 prmfatio
1545 4731 1841 4802 paschalis.
1862 4733 1944 4786 Ad
1967 4749 2098 4804 pro-

501 4815 829 4883 cessionem,
849 4816 1199 4872 venientibus
1218 4825 1349 4874 ante
1354 4820 1589 4889 januam
1606 4820 2096 4886 monasterii,dum

501 4905 747 4959 ordinati
777 4905 1004 4973 fuerint,
1035 4912 1099 4960 ut
1137 4923 1259 4961 mos
1292 4915 1396 4975 est,
1434 4914 1572 4963 tunc
1602 4909 1920 4979 praecedant
1947 4926 2097 4980 qua-

497 4997 630 5050 tuor
659 4999 828 5048 antea
851 4993 911 5049 in
931 4994 1116 5049 medio
1145 5001 1202 5050 et
1220 4996 1426 5059 dicant.
1459 4997 1767 5064 Cruci/latus
1795 5000 1861 5051 in
1889 5013 2093 5053 carne:

2175 3760 2307 3808 eant
2333 3753 2584 3808 canendo
2604 3754 2970 3825 antiphonam
2991 3754 3061 3808 de
3080 3758 3272 3808 sancta
3302 3752 3486 3808 Maria
3513 3760 3571 3808 et
3601 3761 3780 3826 agant

2175 3843 2455 3897 matutina
2481 3843 2731 3897 omnium
2759 3848 3101 3909 sanctorum,
3137 3848 3195 3898 et
3222 3843 3501 3898 matutina
3527 3861 3629 3914 pro
3675 3845 3777 3900 de-

2176 3932 2381 3986 functis
2417 3930 2686 3985 fratribus
2733 3932 2961 3997 nostris,
2993 3937 3051 3986 et
3085 3932 3332 4003 quinque
3377 3932 3624 4002 psalmos
3672 3950 3776 4004 pro

2178 4020 2448 4076 fratribus
2475 4037 2658 4092 nuper
2684 4021 2981 4075 defunctis.
3011 4021 3158 4075 Ante
3189 4021 3427 4092 primam
3458 4020 3776 4077 subtollan-

2179 4114 2272 4164 tur
2298 4109 2469 4180 pallia
2498 4109 2762 4175 ecclesiae,
2795 4115 2850 4164 et
2891 4109 3003 4164 alia
3048 4115 3399 4176 ornamenta,
3441 4127 3564 4181 quae
3605 4127 3776 4166 usum

2179 4197 2400 4271 [moris]
2468 4203 2554 4252 est
2605 4199 2834 4253 auferri.
2888 4198 2975 4252 Ad
3022 4199 3293 4270 primam,
3350 4201 3606 4254 Miserere
3646 4204 3774 4267 mei,

2174 4289 2336 4352 Deus,
2383 4292 2597 4358 septem
2643 4288 2906 4358 psalmos,
2967 4292 3024 4341 et
3055 4288 3282 4342 litanias
3326 4293 3384 4343 et
3410 4289 3641 4342 missam
3674 4306 3775 4360 pro

2174 4375 2470 4430 defunctis.
2496 4377 2561 4430 In
2593 4377 2902 4447 capitulum
2951 4377 3409 4432 convenientibus
3436 4376 3618 4432 tribus
3647 4378 3778 4432 vici-

2175 4465 2446 4530 bus,1)eus
2466 4469 2529 4519 in
2551 4467 2900 4534 adiutorium
2921 4482 3106 4519 meum
3125 4465 3583 4537 intende,absque
3599 4481 3775 4537 genu-

2179 4553 2453 4608 ﬂectendo
2493 4553 2718 4620 dicant;
2767 4553 3126 4623 surgentibus
3155 4570 3221 4607 ex
3249 4554 3385 4625 ipsis
3421 4555 3608 4609 infans
3647 4555 3772 4626 (qui

2181 4642 2396 4713 primus
2423 4642 2493 4696 de
2517 4641 2641 4696 aliis
2672 4640 2781 4712 est)
2820 4659 3136 4713 praeparare
3160 4642 3411 4697 tabulam
3438 4660 3662 4715 semper
3679 4646 3773 4699 de-

2183 4731 2279 4786 bet
2307 4731 2376 4784 ad
2400 4731 2666 4802 priorem,
2698 4733 2784 4786 vel
2809 4731 2880 4785 ad
2910 4731 3067 4786 illum
3102 4733 3199 4802 qui
3235 4733 3488 4787 ordinem
3515 4737 3694 4800 tenet,
3721 4734 3768 4789 si

2178 4835 2423 4890 praesens
2451 4818 2606 4890 prior
2633 4834 2743 4873 non
2769 4819 2895 4885 erit,
2929 4835 3054 4889 quae
3083 4819 3260 4874 sexies
3288 4821 3503 4892 percuti
3532 4819 3719 4875 debet.

2251 4909 2504 4962 Psalmos
2530 4908 2598 4961 de
2627 4908 2783 4962 horis
2816 4908 3205 4980 familiaribus,
3231 4925 3371 4980 quos
3397 4909 3657 4964 solebant
3683 4910 3768 4965 di-

2177 5012 2323 5062 cere,
2348 4995 2656 5050 dimittant.
2688 4997 2832 5050 Nam
2865 4996 2912 5049 si
2942 4997 3208 5064 evenerit,
3241 5003 3305 5052 ut
3349 4997 3594 5068 aliquem
3619 4999 3770 5070 psal—

499 5086 636 5136 tunc
683 5099 878 5137 omnes
935 5099 1057 5138 esse
1109 5083 1316 5140 debent
1360 5085 1678 5139 sacerdotes
1722 5091 1779 5140 et
1820 5086 2004 5142 levitae
2033 5087 2094 5142 in
2177 5101 2331 5139 mum
2359 5084 2572 5156 imponi
2601 5101 2828 5140 necesse
2848 5084 3034 5151 fuerit,
3060 5090 3160 5139 aut
3172 5086 3290 5156 jam
3320 5085 3646 5140 inchoatum
3676 5088 3771 5142 ha-

497 5171 707 5244 cappis.
730 5172 816 5226 Ad
835 5173 1106 5243 majorem
1126 5173 1354 5228 missam
1375 5173 1491 5228 sint
1525 5179 1736 5244 septem
1759 5175 2094 5231 candelabra
2178 5172 2420 5238 buerint,
2436 5174 2523 5227 vel
2543 5173 2866 5228 defunctum
2895 5174 3198 5240 tenuerint,
3215 5190 3316 5244 pro
3333 5174 3437 5228 hoc
3468 5174 3769 5231 decantare

499 5265 634 5316 ante
673 5275 851 5325 aram,
877 5261 1158 5332 posterius
1187 5261 1329 5327 tria;
1355 5261 1606 5332 praefatio
1629 5261 1871 5319 canitur.
1892 5262 1978 5315 Ad
2001 5279 2094 5317 ex-
2177 5278 2487 5332 congruum
2518 5261 2757 5316 videtur.
2786 5262 3053 5316 Pulsante
3079 5261 3220 5316 hora
3246 5262 3416 5316 tertia
3438 5265 3768 5320 conveniant

498 5349 883 5422 planationem
905 5365 1078 5404 sacrae
1106 5348 1299 5403 omnia
1310 5349 1471 5420 signa
1489 5350 1898 5421 pulsentur.Ad
1925 5351 2092 5407 horas
2176 5368 2372 5406 omnes
2391 5351 2451 5406 in
2480 5351 2797 5415 ecclesiam,
2829 5355 2886 5405 et
2915 5350 3169 5405 oratione
3209 5351 3428 5423 expleta
3463 5357 3556 5407 eat
3583 5369 3767 5410 sacer-

568 5489 684 5570 (l_8)
717 5491 781 5546 Id
806 5494 894 5570 est
921 5506 1120 5562 capsae,
1140 5491 1199 5570 in
1227 5491 1430 5563 quibus
1461 5492 1559 5547 SS.
1589 5492 1858 5570 Reliquiae
1887 5510 2085 5552 recon-

499 5560 732 5633 duntur,
754 5562 918 5633 stola
943 5560 1042 5617 seu
1071 5560 1558 5633 pallio—ornantur.

572 5627 678 5698 (l9)
709 5631 774 5686 Id
802 5637 907 5698 est,
936 5649 1040 5703 per
1063 5627 1313 5703 singulos
1341 5633 1478 5690 dies.

2241 5491 2351 5559 (1οι
2368 5494 2502 5548 Dies
2525 5509 2765 5560 annuus,
2789 5508 2897 5563 quo
2911 5491 3255 5554 celebratum
3273 5492 3382 5556 fuit
3397 5494 3634 5563 Pascha,
3654 5494 3765 5550 sive

2168 5565 2616 5621 anniversarium
2646 5564 2758 5620 diei
2780 5564 3090 5625 Paschatis.
