3914 6356
130 362 266 424 i209

1325 354 1744 415 DlSCIPLINA
1777 353 2198 412 FARFENSIS.

3246 357 3393 419 1210

126 489 223 545 dos
247 501 378 544 cum
405 486 686 542 ministris
721 489 778 542 et
803 484 1054 542 inalbent
1085 483 1193 558 (‘21)
1221 501 1300 541 se.
1334 483 1636 539 Venientes
1665 481 1725 536 in
1742 484 1788 544 Α
1809 480 2079 552 Epistola,
2103 480 2340 536 Stabunt
2358 483 2525 550 justi.
2545 481 2806 545 Alleluia,
2832 482 3057 537 stabunt
3064 486 3229 554 justi.
3252 484 3396 540 Item

125 578 290 632 choro
311 577 530 641 denuo,
561 575 781 646 signum
811 576 1038 648 pulsent
1064 580 1121 630 et
1143 575 1341 630 horam
1369 573 1627 628 reddant.
1654 572 1724 626 Et

124 684 261 741 puer
277 666 512 722 inchoet
532 665 785 720 litaniam
807 684 820 733 ;
848 665 920 719 ad
942 664 1283 719 offerendam
1305 663 1510 718 variant
1530 677 1722 733 quem-

123 755 423 812 admodum
458 772 584 810 mos
612 759 715 809 est.
749 754 920 809 Sexta
963 754 1106 809 feria
1151 769 1396 824 namque
1423 767 1592 822 agere
1618 750 1721 804 de-

121 844 253 901 bent
279 844 524 899 missam
552 848 756 898 sanctae
797 842 1011 900 Crucis.
1045 843 1178 898 Post
1221 857 1428 897 nonam
1459 844 1726 895 exeuntes

125 950 187 990 ex
219 932 547 998 refectorio,
579 931 968 987 coadunentur
994 931 1054 986 in
1083 931 1347 1003 capitulo,
1388 934 1445 984 et
1485 928 1725 984 domnus

123 1022 289 1079 abbas
304 1021 464 1077 dicat
473 1021 658 1076 tribus
671 1020 903 1086 vicibus,
916 1022 1078 1084 Deus,
1095 1023 1160 1075 in
1177 1021 1526 1089 adjutorium
1538 1034 1724 1072 meum

120 1113 376 1174 intende;
409 1112 666 1171 Domine,
708 1111 781 1165 ad
808 1111 1196 1179 adiuvandum
1222 1126 1309 1164 me
1336 1111 1561 1178 festina.
1584 1108 1723 1163 Tres

119 1201 260 1257 vices
283 1216 480 1271 genua
526 1200 681 1254 nullo
708 1205 962 1270 tempore
993 1198 1052 1253 in
1080 1198 1187 1253 hac
1214 1212 1379 1269 prece
1408 1194 1723 1250 curvabun-

119 1296 226 1348 tur.
246 1291 313 1345 In
335 1288 539 1360 primis
566 1298 771 1359 agatur
788 1287 1120 1352 reverentia,
1149 1292 1319 1359 atque
1339 1284 1531 1341 tabula
1563 1301 1724 1340 sone-

118 1383 226 1434 tnr.
276 1377 547 1445 Oremus,
584 1379 741 1431 Pater
768 1380 968 1430 noster.
999 1376 1067 1431 Et
1106 1392 1173 1429 ne
1202 1392 1319 1430 nos.
1360 1374 1723 1443 Adiutorium

122 1472 346 1523 notrum
374 1469 444 1521 in
466 1469 695 1521 nomine
712 1466 960 1520 Domini.
984 1466 1302 1519 Denedicite.
1330 1462 1389 1519 Si
1416 1463 1541 1534 quis
1569 1462 1722 1517 horas

122 1570 275 1609 nonae
326 1570 447 1609 non
474 1569 726 1625 praesens
753 1551 927 1607 fuerit
951 1552 1133 1607 somni
1157 1550 1519 1623 negligentia,
1552 1549 1610 1604 in
1635 1566 1723 1603 ca-

122 1643 293 1716 pitulo
312 1641 757 1698 satisfactionem
788 1640 959 1696 faciat
985 1640 1245 1696 omnibus
1267 1639 1565 1695 stantibus.
1595 1638 1722 1693 Alia

122 1747 380 1802 namque,
411 1730 567 1786 facta
608 1746 788 1797 sacra,
818 1729 1107 1785 ﬁnientur.
1151 1730 1435 1784 Exeuntes
1465 1728 1597 1782 inde
1627 1727 1718 1780 in-

1802 572 2063 625 Alleluia.
2097 570 2530 637 Conﬁtebuntur.
2566 570 2659 625 Ad
2708 587 2986 643 vesperas,
3030 574 3291 642 Alleluia,
3329 590 3397 629 ex

1802 657 2127 729 antiphonis
2174 658 2351 731 ipsius
2388 658 2500 715 diei
2548 673 2721 715 unam
2766 664 3013 731 tantum,
3054 665 3111 718 et
3155 661 3398 735 psalmos

1802 747 2206 818 apostolorum.

1877 834 2139 891 INVBNTIO
2174 850 2391 893 SANC'I‘E
2431 851 2640 893 caucrs.
2666 839 2753 894 Ad
2780 855 3073 911 vesperam
3101 857 3400 912 responso-

1804 924 1973 991 rium,
1998 926 2177 995 Super
2195 930 2404 981 omnia.
2431 927 2771 999 Antiphone,
2795 928 3106 997 Cruci/latus
3125 933 3189 984 in
3209 946 3396 997 carne,

1804 1016 2055 1081 alleluia,
2087 1018 2338 1070 alleluia.
2366 1016 2575 1071 Psalmi
2605 1032 2671 1071 ex
2700 1016 2840 1071 feria
2865 1017 3043 1088 ipsius
3071 1017 3204 1073 diei.
3229 1018 3400 1091 Capi-

1802 1103 2004 1167 tulum,
2031 1106 2170 1159 .llihi
2201 1110 2388 1159 autem
2406 1106 2565 1160 absit.
2593 1106 3053 1177 Responsorium.
3075 1107 3255 1176 Super
3278 1124 3402 1162 om-

1804 1194 1922 1246 nia.
1951 1193 2228 1263 Hymnus,
2261 1195 2481 1248 Vexilla.
2512 1194 2854 1259 Versiculus,
2890 1196 2998 1250 Hoc
3023 1199 3250 1264 signum
3277 1212 3405 1251 cru-

1804 1284 1897 1335 cis.
1947 1282 2293 1354 Antiphone,
2339 1283 2380 1338 0
2416 1299 2574 1337 crum.
2620 1284 2866 1347 Oremus,
2908 1284 3086 1355 ipsius
3133 1285 3246 1340 diei
3286 1302 3299 1339 :
3343 1289 3401 1340 et

1804 1376 2064 1442 repetant
2092 1372 2457 1444 antiphonam
2480 1372 2549 1427 de
2576 1372 2805 1428 sanctis.
2830 1372 3011 1429 Statio
3038 1375 3142 1429 ﬁat
3170 1374 3241 1428 ad
3265 1389 3400 1429 sau-

1803 1465 1954 1514 ctam
2002 1476 2266 1530 crucem;
2314 1461 2732 1533 responsorium
2780 1466 2837 1516 et
2885 1479 3109 1517 oremus
3153 1463 3223 1518 de
3276 1464 3403 1535 ipsa

1802 1565 1986 1604 cruce.
2025 1551 2198 1604 Venite
2228 1566 2263 1604 a
2290 1549 2508 1605 duobus
2548 1550 2769 1605 dicatur
2790 1551 2849 1605 in
2879 1551 3090 1623 cappis.
3128 1554 3395 1617 Alleluia,

1804 1637 1972 1693 sicuti
2031 1636 2227 1693 diebus
2289 1630 2584 1694 dominiciis
2646 1639 2876 1694 solitum
2940 1644 3065 1703 est;
3133 1640 3398 1713 hymnus,

1803 1728 2027 1781 Aiterna
2057 1727 2284 1782 Chrisli.
2312 1727 2603 1783 Lectiones
2633 1733 2758 1784 octo
2793 1729 2864 1784 de
2892 1729 3120 1785 sanctis.
3158 1730 3404 1802 Respon-

123 1820 401 1875 clinentur
427 1825 566 1874 ante
585 1823 642 1873 et
668 1824 839 1884 retro,
859 1823 917 1873 et
940 1824 1138 1889 pergat
1157 1817 1545 1890 unusquisque
1565 1815 1715 1887 quod
1737 1827 1785 1887 Β
1803 1815 2037 1882 sorium,
2054 1817 2298 1870 Pretiosa
2319 1835 2334 1871 :
2352 1821 2640 1887 quartum,
2659 1821 2916 1873 octavum
2935 1824 2993 1873 et
3010 1817 3403 1874 duodecimum

125 1908 174 1964 ei
198 1907 519 1979 injunctum
547 1907 736 1962 fuerit.
761 1907 849 1963 Ad
877 1923 1136 1979 vesperas
1166 1923 1430 1977 namque,
1467 1905 1719 1960 exeunti-

125 1996 225 2053 bus
249 1996 622 2053 servitoribus
660 1996 731 2052 de
775 1996 1090 2064 refectorio,
1122 2001 1356 2051 sonetur
1383 1995 1629 2065 signum,
1661 1999 1719 2049 et

127 2087 461 2144 conveniant
487 2085 675 2142 cuncti
696 2086 756 2141 in
775 2102 970 2155 unum,
995 2092 1053 2141 et
1076 2092 1281 2159 agatur
1302 2085 1548 2141 oﬂicium
1574 2099 1720 2138 mor-

127 2180 364 2233 tuorum.

712 2265 947 2321 CAPUT
974 2264 1130 2320 VIII.

319 2358 618 2411 Dominica
643 2358 837 2425 prima
858 2359 980 2425 post
1010 2359 1258 2408 octavam
1286 2352 1521 2407 Pascha.

196 2444 439 2501 Sabbato
479 2445 554 2500 ad
600 2460 890 2516 vesperam
934 2441 1377 2514 responsorium,
1426 2441 1536 2509 Ego
1581 2442 1726 2494 sicut

132 2536 274 2593 vitis.
295 2533 712 2599 Invitatorium,
734 2534 997 2588 Alleluia.
1022 2532 1088 2587 In
1114 2530 1296 2603 primo
1317 2534 1612 2596 nocturno,
1634 2530 1727 2583 Al-

138 2625 317 2690 leluia,
346 2640 441 2691 ego
471 2640 620 2679 sum.
650 2622 837 2678 Lectio
866 2622 936 2676 de
970 2618 1301 2693 Apocalypsi
1325 2618 1558 2673 Joannis
1587 2634 1726 2690 apo-

137 2710 277 2764 stoli.
325 2710 792 2782 Responsorium,
841 2711 1055 2778 Dignus
1100 2725 1175 2779 es,
1215 2710 1465 2775 Domine,
1506 2706 1726 2762 duabus

137 2796 519 2855 hebdomadis.

199 2885 480 2943 DOIﬂNIGA
509 2887 581 2953 II,
605 2887 753 2942 sicut
774 2886 835 2941 in
862 2886 1065 2958 prima.
1089 2884 1530 2957 Responsorium
1557 2883 1725 2939 breve

139 2972 279 3030 dicat
304 2976 500 3031 schola
526 2993 653 3031 cum
686 2976 876 3033 Gloria
917 2977 1096 3030 Patri.
1139 2976 1203 3031 In
1229 2974 1432 3047 primo,
1466 2974 1724 3031 Surrexit

137 3062 400 3120 Dominus
419 3067 488 3121 de
512 3068 776 3135 sepulcro.
801 3065 867 3120 In
885 3065 1153 3131 secundo,
1174 3065 1434 3122 Surrexit
1454 3066 1724 3120 Dominus

1802 1903 1913 1958 duo
1968 1903 2173 1958 fratres
2227 1904 2551 1962 decantent.
2602 1906 2689 1960 Ad
2744 1907 3023 1961 canticum
3070 1907 3400 1979 antiphona,

1800 1993 2063 2054 Alleluia,
2084 1994 2240 2047 dulce
2254 1994 2583 2061 lignum,vel
2595 1996 2820 2064 Propter
2835 1995 3395 2065 lignum.Canticum,

1799 2082 2053 2145 Domine,
2093 2082 2309 2148 audivi,
2352 2082 2500 2153 quod
2536 2082 2821 2145 dividatur
2855 2084 2915 2138 in
2961 2083 3157 2152 binas;
3208 2084 3398 2140 Gloria

1800 2173 2076 2241 videlicet,
2109 2175 2381 2244 Nunquid
2410 2179 2472 2230 in
2500 2178 2830 2247 ﬂuminibus
2853 2196 2869 2232 :
2890 2177 3101 2244 Gloria,
3129 2179 3309 2233 Existi
3335 2181 3400 2234 in

1800 2265 2056 2318 salutem.
2108 2263 2356 2331 Homilia
2391 2263 2462 2319 de
2510 2264 2828 2336 Evangelia,
2878 2267 3015 2320 Erat
3052 2266 3228 2329 homo,
3270 2282 3401 2320 cum

1805 2351 2151 2422 expositione
2197 2352 2473 2423 ejusdem.
2519 2351 2587 2407 In
2624 2352 2885 2408 laudibus
2921 2353 3241 2425 antiphonaa
3278 2370 3403 2425 qua

1805 2448 2156 2511 promantur,
2189 2440 2443 2496 breviata
2474 2442 2831 2513 responsoria
2856 2442 2978 2496 sine
3013 2443 3402 2497 Benedicamus

1805 2532 2059 2595 Domino,
2085 2535 2203 2584 tam
2222 2530 2328 2585 hac
2347 2531 2505 2595 hora,
2531 2547 2699 2602 quam
2725 2531 2796 2585 ad
2816 2547 3073 2603 vesperae
3090 2531 3250 2602 pueri
3270 2535 3402 2586 ante

1805 2619 2016 2689 gradus
2073 2620 2437 2691 proclament.
2478 2619 2872 2674 Matutinalem
2923 2620 3148 2674 missam
3188 2636 3257 2674 ex
3297 2619 3399 2675 SS.

1806 2707 2024 2762 Eventii
2044 2713 2102 2763 et
2114 2708 2382 2763 Theodoti
2405 2709 2678 2765 Natalitia
2700 2709 2907 2765 faciant
2930 2728 2944 2764 :
2967 2709 3241 2779 majorem
3270 2725 3400 2764 vero

1805 2800 2108 2868 antequam
2137 2797 2426 2869 incipiant,
2452 2798 2768 2853 sacerdotes
2797 2804 2969 2869 atque
2997 2798 3178 2853 levita
3205 2813 3401 2852 omnes

1806 2890 1940 2939 sunt
1986 2886 2176 2940 amicti
2227 2887 2436 2958 cappis.
2488 2888 2715 2958 Septem
2760 2887 3097 2942 candelabra
3141 2887 3403 2942 ordinent

1806 2977 1937 3027 ante
1979 2974 2158 3028 altare
2185 2990 2313 3029 cum
2343 2974 2474 3037 illis,
2506 2990 2631 3045 qum
2659 2974 2911 3029 conversi
2951 2974 3226 3029 deferunt.
3260 2975 3402 3029 Ofﬁ-

1804 3061 1953 3116 cium
1982 3066 2213 3117 teneant
2237 3068 2497 3134 quatuor,
2520 3063 2726 3134 ipsum,
2749 3065 2858 3119 Nos
2884 3069 3091 3118 autem.
3123 3062 3397 3135 Epistola,

140 3166 271 3206 vere.
302 3154 369 3209 In
395 3152 590 3220 tertio,
622 3153 807 3208 Gavisi
832 3158 965 3207 sunt
1005 3152 1304 3221 discipuli:
1331 3153 1518 3208 adhuc
1547 3143 1782 3223 usqueC
1806 3150 2024 3218 Conﬁdo
2050 3152 2117 3204 de
2139 3152 2286 3205 vobis
2314 3154 2377 3205 in
2407 3153 2656 3206 Domino.
2676 3154 2938 3214 Alleluia,
2972 3152 3128 3206 dulce
3158 3154 3396 3221 lignum.

141 3238 415 3300 Kalendas
444 3241 791 3314 Septembris
808 3241 1070 3297 dicantur
1093 3243 1321 3315 propria
1340 3243 1412 3297 ad
1432 3243 1583 3297 diem
1603 3258 1726 3314 per-

139 3327 386 3396 tinentia,
428 3336 638 3404 praeter
684 3330 909 3401 quando
950 3330 1187 3385 historia
1226 3331 1472 3403 ponitur,
1506 3347 1632 3402 quae
1659 3346 1726 3385 ex

140 3416 253 3488 ipsa
273 3421 518 3491 majores
545 3419 751 3473 fratres
779 3424 1059 3490 proment.
1092 3420 1157 3474 In
1182 3419 1594 3474 resurrectione
1620 3418 1731 3474 Do-

142 3506 272 3562 mini
312 3509 614 3564 servitores
668 3512 935 3563 exeuntes
982 3525 1049 3562 ex
1094 3507 1389 3563 refectorio
1441 3512 1575 3562 eant
1627 3523 1728 3578 per

140 3595 378 3653 scholam
417 3599 480 3653 in
508 3597 750 3652 oratorio
792 3603 999 3651 sanctae
1029 3596 1218 3651 Maria;
1247 3597 1494 3651 suaviter
1519 3596 1727 3651 decan-

141 3684 321 3751 tando,
353 3689 607 3742 Miserere
636 3688 760 3748 mei,
797 3686 957 3740 Deus.
984 3684 1188 3739 Totum
1219 3683 1474 3738 aestivum
1502 3688 1727 3754 tempus

144 3769 228 3826 hic
259 3773 488 3840 faciant,
535 3774 584 3828 si
631 3773 715 3829 bis
759 3772 1065 3828 comessuri
1105 3777 1235 3827 sunt
1280 3790 1293 3826 :
1326 3772 1385 3825 in
1424 3787 1553 3825 sera
1597 3786 1728 3825 vero

143 3858 264 3916 inde
283 3879 395 3919 non
413 3863 791 3934 retrocedant,
804 3862 903 3917 sed
925 3878 1029 3933 per
1046 3861 1224 3916 altum
1244 3860 1550 3916 claustrum
1565 3861 1730 3931 juxta

144 3952 602 4024 promptuarium.

208 4040 484 4099 Datames
513 4040 594 4098 IlI
641 4044 769 4110 post
813 4044 1037 4094 octavas
1081 4039 1328 4094 Pascha.
1382 4037 1626 4093 Sabbato
1655 4036 1729 4091 ad

148 4142 443 4202 vesperam.
479 4128 938 4201 Responsorium,
983 4130 1240 4183 Viderunt
1279 4133 1327 4181 te
1355 4144 1529 4197 aqua,
1564 4129 1721 4182 Deus.

149 4214 210 4272 In
232 4220 472 4275 crastino
500 4219 766 4289 legantur
792 4217 863 4271 de
894 4223 1108 4290 septem
1136 4216 1386 4290 epistolis
1411 4216 1719 4275 canonicis.

151 4302 593 4378 Responsorium,
634 4306 700 4363 Si
736 4307 936 4361 oblitus
968 4308 1128 4375 fuero
1177 4309 1280 4361 tui.
1325 4306 1516 4377 Usque
1558 4305 1618 4360 in
1646 4322 1732 4360 as-

150 4408 305 4451 censa
329 4396 574 4452 Domini.

1807 3239 1970 3304 Item,
2013 3238 2279 3304 Alleluia,
2311 3242 2562 3303 alleluia,
2594 3240 2843 3296 Christus
2881 3255 3189 3309 resurgens.
3222 3239 3404 3296 Evan-

1804 3327 2036 3400 gelium,
2076 3329 2215 3383 Erat
2243 3329 2401 3397 homo
2423 3348 2440 3382 :
2471 3345 2572 3401 per
2599 3329 2768 3384 horas
2797 3328 3057 3385 dicantur
3082 3329 3403 3401 antiphonas

1807 3416 1878 3470 de
1914 3415 2283 3471 hebdomade.
2327 3417 2413 3471 Ad
2443 3433 2730 3490 vesperam
2768 3418 3096 3489 antiphona,
3136 3418 3397 3486 Alleluia,

1806 3508 1961 3560 cruci
1964 3508 2128 3570 ﬁscus.
2145 3505 2536 3571 Psalmi,Di:rit
2555 3508 2846 3573 Dominus,
2863 3508 3171 3574 conﬁtebor,
3192 3506 3397 3568 beatus,

1809 3594 2059 3657 laudate;
2100 3594 2363 3666 hymnus,
2409 3596 2629 3660 Veailla,
2670 3611 2907 3649 oremus.
2942 3595 3214 3650 Cantores
3250 3609 3407 3666 repe-

1808 3687 1935 3737 tant
1970 3682 2336 3753 antiphonam
2366 3683 2436 3737 de
2460 3683 2668 3738 sanctis
2691 3699 2819 3738 cum
2849 3684 3058 3739 Gloria.

1878 3771 2155 3825 Danuvch
2203 3785 2377 3825 PRIMA
2427 3788 2565 3826 ANTE
2613 3772 2977 3839 ROGATIONES,
3028 3787 3142 3826 non
3183 3771 3406 3826 dicatur

1808 3861 2079 3932 psalmus,
2102 3863 2186 3916 Ad
2214 3863 2516 3916 Dominum
2545 3878 2674 3916 cum
2705 3863 3029 3922 tribularer,
3055 3876 3159 3915 nec
3181 3862 3255 3914 De
3279 3876 3407 3928 pro-

1807 3950 2024 4019 fundis,
2050 3966 2151 4021 pro
2170 3950 2472 4019 defunctis;
2500 3950 2634 4022 quia
2656 3949 2767 4005 illis
2792 3948 2972 4004 tribus
2995 3947 3191 4004 diebus
3208 3948 3405 4004 festive

1809 4038 2260 4094 celebrabuntur.

1881 4128 1945 4183 IN
1985 4128 2351 4183 Roesrronuu
2391 4141 2586 4183 DIEBUS
2614 4126 2685 4182 ad
2713 4126 3045 4182 matutinale
3073 4126 3405 4199 obsequium

1810 4214 2003 4286 legant
2029 4216 2293 4287 epistolas
2312 4216 2608 4271 canonicas
2628 4222 2822 4271 exacte
2845 4236 2858 4284 ;
2891 4216 3117 4272 veniant
3142 4217 3201 4272 in
3230 4217 3404 4273 alium

1810 4302 2062 4367 chorum,
2095 4308 2408 4375 canentque
2438 4302 2515 4357 ibi
2546 4304 2852 4358 matutinas
2889 4303 3141 4359 omnium
3169 4304 3406 4360 Sancto-

1812 4407 1959 4458 rum,
1982 4396 2152 4463 atque
2175 4398 2528 4448 mortuorum
2553 4393 2675 4448 sine
2709 4393 3052 4465 antiphonis.
3084 4394 3406 4465 Eademque

216 4483 277 4540 In
301 4485 601 4541 festivitate
626 4483 1009 4555 apostolorum
1041 4483 1288 4556 Philippi
1317 4489 1375 4540 et
1403 4483 1613 4540 Jacobi.
1643 4480 2021 4554 Adeaciant
2049 4497 2296 4552 vespere.
2332 4481 2470 4538 Post
2496 4483 2868 4554 expletionem
2896 4483 3147 4555 ipsorum
3175 4484 3406 4538 matuti-

153 4584 428 4646 Yesperam
471 4574 645 4647 quina
696 4572 1036 4627 candelabra
1087 4578 1217 4627 ante
1263 4572 1463 4628 altare.
1518 4573 1725 4639 Lectio,

157 4658 378 4720 Stabunt
413 4667 579 4733 justi.
636 4661 1260 4733 Reaponsorium........
1318 4679 1352 4717 a
1401 4661 1620 4717 duobus
1672 4662 1762 4738 in.

155 4751 332 4824 cappis
357 4752 597 4817 dicatur,
620 4752 882 4816 Alleluia,
903 4766 996 4818 ego
1015 4766 1141 4804 sum
1169 4753 1316 4805 vitis.
1341 4751 1633 4807 Lectiones
1660 4752 1732 4805 de

156 4835 398 4903 passione
440 4836 714 4908 ipsorum.
749 4834 1207 4904 Responsorium.
1249 4837 1455 4890 Virtute
1500 4853 1727 4904 magna.

157 4918 435 4992 Quartum,
466 4929 741 4989 octavum,
788 4922 1182 4978 duodecimum
1222 4923 1300 4978 ibi
1338 4924 1727 4980 decantentur.

155 5005 218 5065 In
238 5014 400 5069 tertio
424 5014 711 5068 Nocturno
742 5012 908 5066 lectio
940 5012 1303 5083 expositionis
1326 5013 1612 5085 Evangelii
1641 5016 1732 5085 ip-

156 5096 261 5154 sius
274 5100 400 5158 diei.
422 5101 488 5158 In
508 5099 954 5166 matutinalibus,
986 5101 1294 5171 antiphona
1325 5102 1434 5168 Ego
1462 5119 1589 5156 sum
1616 5106 1730 5169 via,

155 5198 270 5243 cum
294 5191 420 5246 aliis
456 5189 822 5262 responsoriis
856 5194 1097 5260 quatuor
1124 5195 1295 5261 atque
1338 5193 1730 5245 Benedicamus

156 5272 367 5335 Domina
394 5283 625 5334 cantent
658 5283 789 5333 ante.
815 5295 972 5333 aram
1000 5279 1159 5350 pueri
1194 5297 1205 5332 :
1252 5285 1310 5333 et
1337 5280 1728 5335 matutinalem

156 5377 356 5423 sacram
392 5384 458 5423 ex
488 5385 559 5433 eo,
584 5372 771 5438 agant.
804 5367 1021 5423 Debent
1038 5385 1160 5424 esse
1187 5385 1382 5424 omnes
1411 5371 1729 5426 sacerdotes

156 5455 306 5524 atque
321 5456 503 5512 levita
521 5456 591 5511 ad
614 5457 890 5527 majorem
919 5457 1151 5512 missam
1179 5458 1239 5513 in
1259 5458 1481 5530 cappis;
1513 5465 1728 5531 septem

155 5542 284 5597 cerei
308 5552 436 5601 ante
465 5545 676 5600 altare:
703 5550 947 5617 quatuor
971 5546 1174 5602 fratres
1199 5552 1433 5605 teneant
1456 5547 1722 5618 ofﬁcium,

215 5646 319 5722 (21)
346 5651 501 5708 Albis
530 5668 591 5707 se
617 5651 878 5713 induant.

1811 4585 2033 4636 norum,
2065 4570 2351 4625 venientes
2378 4571 2436 4625 in
2460 4572 2854 4627 dormitorium
2876 4572 3248 4645 requiescant.
3272 4572 3408 4627 Post

1812 4658 2054 4730 primam
2096 4664 2286 4713 autem
2324 4660 2590 4731 psalmus,
2636 4662 2891 4716 Miserere
2922 4664 3046 4727 mei,
3078 4663 3237 4725 Deus,
3274 4666 3330 4716 et
3358 4660 3407 4716 si

1813 4746 2017 4818 aliquis
2045 4748 2295 4819 psalmus
2323 4748 2621 4820 impositus
2647 4748 2836 4815 fuerit,
2869 4754 3001 4804 ante
3030 4750 3214 4822 ipsum
3247 4750 3405 4803 dica-

1811 4841 1924 4890 tur.
1958 4836 2171 4891 Deinde
2197 4844 2511 4909 sequuntur
2531 4838 2675 4892 hanc
2700 4838 3094 4909 psalmodiam,
3119 4840 3278 4901 Deus,
3305 4853 3408 4892 au-

1812 4926 1969 4979 ribus
1998 4928 2221 4989 nostris,
2249 4941 2379 4979 cum
2416 4924 2735 4996 quindecim
2768 4925 2999 4996 psalmis
3033 4943 3134 4997 pro
3154 4925 3407 4981 omnium

1811 5014 2286 5079 tribulationibus,
2323 5030 2449 5068 cum
2485 5013 2901 5085 precationibus
2941 5014 3056 5069 sive
3080 5031 3405 5070 remunera-

1814 5103 2056 5159 tionibus
2075 5103 2518 5171 benefactorum,
2540 5118 2643 5157 nec
2663 5118 2776 5156 non
2807 5108 2864 5155 et
2890 5118 2992 5173 pro
3016 5102 3409 5158 defunctorum

1810 5193 2040 5264 requie;
2095 5192 2342 5264 quinque
2396 5206 2641 5261 namque
2695 5189 2898 5261 psalmi
2954 5207 3056 5262 pro
3109 5191 3409 5259 defunctis,

1808 5279 2012 5335 deinde
2031 5287 2246 5352 septem
2268 5280 2487 5352 psalmi,
2516 5285 2573 5334 et
2599 5278 2816 5334 litania.
2848 5278 3073 5333 Missam
3100 5280 3408 5335 matutina-

1808 5367 1919 5424 lem
1949 5370 2138 5425 dicant
2164 5369 2342 5441 ipsius
2372 5368 2503 5433 diei,
2550 5373 2609 5423 et
2634 5367 2949 5433 collectam,
2988 5384 3091 5439 per
3125 5369 3317 5424 omnia
3344 5375 3411 5424 ut

1808 5457 1934 5513 aliis
1962 5459 2177 5525 diebus,
2210 5464 2268 5514 et
2293 5457 2341 5512 si
2386 5458 2589 5529 aliquis
2636 5462 2864 5511 sanctus
2891 5455 3061 5511 fuerit
3106 5457 3410 5528 aliquando

1806 5547 1928 5620 ipso
1948 5548 2059 5618 die,
2076 5548 2299 5603 dicatur
2315 5547 2496 5603 oratio
2516 5548 2588 5603 ad
2607 5548 2753 5604 hanc
2774 5561 3011 5610 sacram,
3035 5547 3409 5619 adjungentes
