3914 6388
464 377 608 438 1215

1520 376 1873 435 GUIDONIS
1908 375 2219 433 ABBATIS
2254 374 2653 432 FARFENSIS

3612 374 3759 437 1216

465 502 750 568 sacrario;
781 501 1049 557 diaconus
1074 500 1277 558 induat
1311 502 1484 557 stolas
1512 508 1856 574 argentatas,
1890 503 2127 574 atqueA
2145 499 2304 556 albis.
2340 501 2475 557 Post
2517 501 2889 574 expletionem
2920 501 3127 574 missae,
3161 501 3459 559 benedicat
3486 502 3763 559 sacerdos

468 591 832 648 dalmaticam
865 597 1188 647 aureatam:
1222 591 1594 647 subdiaconus
1614 593 1804 646 tunica
1833 592 2068 646 circum-

473 682 607 737 data
633 697 773 736 auro
806 698 817 732 :
851 685 974 735 octo
1007 682 1089 735 vel
1121 681 1369 752 quinque
1396 687 1653 736 cantores
1680 681 1995 736 vestiantur
2010 680 2068 735 in

471 770 683 843 cappis,
734 786 973 841 quorum
1010 786 1109 824 sex
1152 770 1238 824 vel
1281 776 1395 824 tres
1441 787 1507 824 ex
1535 769 1622 824 his
1650 776 1897 825 cantent.
1928 772 2071 825 Alle-

476 848 618 926 luia,
642 859 993 926 Conﬁtemini
1020 860 1271 924 Domino,
1294 864 1352 913 et
1372 859 1467 913 alii
1497 859 1626 926 duo,
1655 865 1917 925 tractum,
1933 861 2072 914 Lau-

473 950 597 1003 date
625 949 947 1009 Dominum,
973 964 1157 1002 omnes
1176 953 1377 1015 gentes.
1403 948 1529 1002 Bini
1549 949 1799 1003 conversi
1815 948 2072 1002 candela-

473 1036 578 1091 bra
597 1037 772 1108 [supp.
805 1038 1072 1108 portent],
1104 1036 1307 1092 tertius
1327 1037 1675 1092 thuribulum
1703 1038 1939 1109 :quippe
1959 1038 2070 1092 duo

476 1124 572 1198 qui
620 1130 833 1180 canunt
870 1126 1114 1192 litanias,
1173 1126 1245 1180 ad
1294 1126 1462 1181 ﬁnem
1513 1125 1720 1192 dicant,
1763 1129 2067 1182 Accendite.

475 1216 646 1284 Kyrie
685 1216 905 1268 eleison.
952 1215 1184 1269 Pulsent
1228 1214 1472 1286 signum.
1520 1216 1828 1270 accendant
1855 1220 2071 1286 septem

472 1302 808 1358 candelabra
838 1309 970 1358 ante
1001 1305 1199 1358 altare.
1231 1304 1389 1359 Tunc
1416 1304 1675 1358 sacerdos
1705 1305 1890 1359 veniat
1916 1310 1973 1359 et
1989 1305 2072 1360 fa-

476 1391 591 1448 ciat
617 1392 1043 1447 confessionem.
1068 1393 1325 1447 Dimissis
1353 1392 1549 1463 signis,
1580 1399 1762 1460 canat,
1794 1394 1980 1450 Gloria
2009 1397 2074 1449 in

477 1484 696 1535 excelsis
730 1482 851 1536 Deo.
894 1481 1152 1544 Oremus,
1185 1484 1408 1548 Prwsta,
1440 1498 1770 1550 quaesumus.
1803 1482 2075 1554 Epistola,

478 1570 617 1625 Cum
664 1571 853 1638 Apollo
883 1575 1031 1624 esset.
1067 1571 1448 1641 Evangelium,
1480 1573 1544 1629 Si
1572 1576 1808 1642 diligitis
1837 1590 1943 1626 me.
1976 1571 2075 1627 Of-

2150 607 2355 661 aquam
2387 608 2399 644 :
2428 607 2554 645 mox
2582 603 2647 645 ut
2669 590 2838 645 fuerit
2867 590 3171 658 benedicta,
3207 591 3462 664 imponat
3493 594 3648 648 hanc
3670 609 3769 648 an-

2150 680 2443 752 tiphonam
2469 698 2480 733 :
2528 680 2649 734 Vidi
2676 696 2903 748 aquam,
2937 697 3046 751 qua
3074 681 3245 747 dicta,
3275 688 3332 736 et
3362 683 3646 748 oratione,
3675 698 3770 738 ve-

2151 769 2344 823 niente
2376 769 2457 823 sic
2488 786 2589 841 per
2627 769 2880 823 ordinem
2926 770 3221 824 cantando.
3257 771 3607 844 Antiphona,
3654 773 3770 826 Ho-

2151 858 2256 919 die,
2291 859 2498 926 fratres
2517 859 2883 912 dilectissimi.
2916 858 3057 913 Dein
3080 859 3336 930 magistri
3365 875 3494 914 cum
3512 858 3763 914 infanti-

2151 945 2276 1013 bus,
2308 945 2480 1001 abbas
2501 951 2629 1018 post
2652 962 2748 1001 eos
2782 966 2794 1000 :
2835 946 2929 1000 alii
2957 947 3207 1002 seniores
3243 946 3531 1002 venientes
3559 947 3683 1002 duo
3709 953 3767 1004 et

2153 1036 2264 1090 duo
2289 1037 2433 1091 sicut
2453 1036 2666 1107 priores
2695 1036 2966 1091 fecerunt.
2998 1037 3140 1090 Cum
3173 1052 3304 1091 vero
3332 1036 3613 1108 coeperint
3638 1036 3766 1091 exi-

2153 1142 2232 1191 re,
2265 1125 2451 1179 initiet
2486 1125 2727 1180 domnus
2757 1124 2929 1180 abbas
2958 1125 3324 1197 antiphonam
3351 1144 3363 1180 :
3388 1128 3764 1181 Transeunti-

2155 1216 2270 1271 bus.
2305 1214 2436 1268 Mox
2456 1219 2520 1268 ut
2544 1214 2754 1268 fuerint
2781 1214 2853 1269 ad
2880 1215 3067 1268 valvas
3084 1214 3430 1281 monasterii,
3446 1215 3768 1286 procedant

2153 1319 2246 1357 sex
2276 1303 2359 1356 vel
2381 1289 2507 1358 octo
2534 1318 2601 1357 ex
2629 1303 2968 1369 cantoribus,
2997 1320 3138 1374 quos
3166 1304 3445 1359 armarius
3482 1304 3765 1358 annuerit

2153 1392 2213 1446 in
2257 1392 2460 1459 medio,
2501 1397 2560 1447 et
2604 1398 2833 1447 cantent
2878 1392 3267 1463 antiphonam,
3323 1393 3642 1459 Gruciﬁwus
3700 1393 3765 1447 in

2157 1496 2342 1535 carne.
2376 1481 2760 1552 Ingredientes
2788 1497 2919 1535 vero
2935 1481 3159 1535 initient
3179 1482 3621 1551 responsorium,
3640 1480 3770 1549 Spi-

2157 1573 2305 1623 ritus
2332 1576 2554 1624 sanctus
2586 1573 2830 1638 replevit,
2862 1570 3216 1641 pulsantibus
3241 1570 3432 1641 signis.
3476 1571 3616 1625 Post
3646 1576 3772 1624 ter-

474 1657 788 1722 fertorium,
824 1659 1028 1713 Emitte
1066 1663 1348 1727 spiritum.
1395 1661 1587 1730 Agnus
1626 1665 1723 1717 Dei
1754 1661 1990 1725 dicatur,
2020 1666 2079 1714 et
2156 1659 2295 1714 tiam
2318 1658 2601 1715 celebrent
2631 1660 2858 1715 missam
2894 1675 3021 1714 cum
3053 1658 3206 1713 omni
3235 1658 3549 1729 diligentia,
3584 1659 3770 1714 veluti

479 1747 840 1818 postmodum
870 1748 1190 1803 communio
1220 1767 1231 1801 :
1273 1751 1795 1819 Ultimo/estivitatis
1823 1753 1939 1815 die;
1963 1756 2076 1806 tex-
2160 1748 2337 1818 [supp.
2369 1749 2428 1802 in
2457 1748 2569 1818 die]
2594 1747 3019 1803 resurrectionis
3047 1747 3291 1802 Domini.
3324 1748 3628 1803 Oﬂ'ertoria
3648 1749 3768 1802 duo

479 1840 573 1891 tus
601 1834 926 1891 deferantur
960 1853 1061 1907 per
1103 1854 1317 1893 omnes.
1346 1839 1555 1895 Hostiae
1576 1840 1823 1911 quinque
1844 1839 2139 1919 mittan-B
2158 1842 2406 1903 teneant,
2423 1854 2660 1908 quorum
2694 1854 2839 1892 unus
2862 1853 3062 1908 panem
3079 1841 3136 1891 et
3164 1837 3525 1903 vinum,alius
3544 1848 3765 1905 aquam

479 1928 594 1979 tur.
630 1924 831 1979 Pacem
860 1941 1052 1980 omnes
1080 1927 1373 1998 accipiant.
1399 1928 1611 1993 Quibus
1626 1929 1877 2000 expletis,
1894 1929 2075 1999 pulse-
2164 1924 2426 1998 [offerat].
2476 1928 2539 1981 In
2569 1926 2863 1982 refectorio
2892 1927 3191 1998 propinent
3217 1925 3569 1986 charitatem,
3614 1921 3768 1977 sicut

480 2016 578 2066 tur
605 2012 849 2084 signum,
873 2020 1046 2084 agant
1065 2016 1373 2070 orationem
1401 2035 1413 2070 :
1436 2023 1568 2072 eant
1587 2018 1905 2079 servitores,
1927 2016 2074 2071 acci-

478 2102 639 2174 piant
667 2102 901 2157 mixtum
924 2123 937 2171 ;
970 2105 1326 2175 postmodum
1354 2111 1580 2161 cantent
1597 2111 2077 2178 nonam,pergant

480 2191 552 2246 ad
581 2192 964 2247 reﬁciendum.
989 2194 1054 2248 In
1083 2193 1187 2248 hac
1215 2194 1306 2248 die
1336 2195 1586 2265 saginam
1614 2211 1727 2249 non
1754 2195 2073 2263 comedent,

479 2281 811 2336 charitatem
835 2282 1062 2349 iaciant,
1086 2288 1143 2337 et
1172 2283 1648 2356 eleemosynarius
1677 2300 1877 2355 panem
1907 2290 1961 2338 et
1989 2285 2074 2338 vi-

482 2386 620 2424 num
642 2370 895 2441 accipiat,
925 2370 1069 2426 sicut
1090 2371 1149 2426 in
1174 2372 1435 2427 omnibus
1457 2373 1658 2443 vigiliis
1686 2373 2071 2442 festivitatum,

482 2462 688 2528 praeter
717 2459 960 2514 Paschze.
995 2460 1079 2514 Ad
1109 2477 1397 2532 vesperam
1426 2462 1536 2515 duo
1552 2462 1711 2532 signa
1734 2463 1946 2533 pariter
1958 2463 2079 2533 pul-

483 2545 761 2601 sabuntur
782 2566 794 2615 ;
818 2548 1112 2603 duodecim
1143 2551 1384 2604 candelae
1413 2555 1544 2604 ante
1573 2551 2077 2617 altare,retrovero

2155 2016 2216 2070 in
2244 2015 2477 2087 prmfata
2494 2016 2812 2071 festivitate.
2837 2016 2924 2070 Ad
2946 2031 3235 2087 vesperam
3262 2013 3589 2084 antiphona,
3615 2010 3769 2067 Alle-

2158 2108 2298 2167 luia,
2349 2107 2732 2174 loquebantur.
2785 2105 3062 2162 Psalmus.
3116 2106 3267 2160 Dixit
3292 2105 3581 2157 Dominus.
3616 2099 3766 2154 Res-

2154 2195 2498 2266 ponsorium,
2521 2196 2725 2264 Repleti
2750 2199 2882 2248 sunt
2912 2210 3116 2248 omnes.

2226 2285 2336 2338 Per
2381 2289 2603 2338 octavas
2649 2283 2761 2338 duo
2809 2282 3195 2337 invitatorium
3251 2279 3436 2353 [supp.
3475 2276 3763 2350 cantant],

2155 2374 2359 2442 Repleti
2399 2377 2533 2426 sunt
2560 2388 2745 2427 omnes
2774 2370 2999 2440 Spiritu
3043 2375 3249 2431 sancto,
3296 2371 3528 2425 alleluia
3559 2386 3575 2421 :
3606 2367 3673 2421 in
3700 2382 3767 2421 eo

2158 2466 2292 2515 tono
2323 2461 2469 2516 sicut
2501 2462 2761 2517 Surrexit
2786 2462 3051 2514 Dominus
3087 2474 3228 2513 vere.
3261 2457 3472 2512 Deinde
3497 2455 3763 2512 accensio

2159 2550 2437 2604 luminum
2478 2554 2646 2620 atque
2688 2548 3075 2621 pronuntiatio
3120 2547 3559 2618 evangeliorum,
3585 2553 3765 2616 atque

481 2635 695 2694 decem.
727 2639 969 2691 Alleluia
991 2640 1283 2709 imponant
1303 2656 1367 2693 ex
1387 2639 1929 2711 antiphonaJtepleti
1946 2646 2079 2694 sunt
2159 2639 2376 2694 sonitus
2413 2638 2723 2709 signorum.
2761 2655 2862 2692 seu
2892 2636 3241 2691 matutinalis
3270 2653 3450 2701 sacra,
3485 2636 3572 2690 vel
3605 2650 3763 2688 reve-

481 2739 684 2778 omnes.
717 2725 926 2778 Psalmi
964 2725 1138 2796 ipsius
1167 2727 1298 2781 diei.
1330 2727 1540 2793 Lectio,
1574 2730 1719 2782 Dum
1747 2731 2079 2798 compleren-

482 2819 596 2867 tur.
647 2813 1104 2886 Responsorium,
1148 2818 1545 2885 Appargierunt
1590 2820 1866 2885 apostolis.
1896 2819 2074 2890 Hym-

476 2918 604 2969 nus,
638 2904 783 2965 Veni,
809 2904 1034 2959 Greator
1059 2908 1308 2975 spiritus.
1334 2906 1459 2967 Bini
1483 2923 1727 2978 namque
1756 2911 2073 2961 sacerdotes

478 2989 786 3046 induantur
812 2994 1021 3065 cappis.
1053 2994 1425 3066 deferantque
1437 2995 1728 3055 incensum
1744 3012 1915 3066 super
1934 2997 2076 3049 alta-

2158 2729 2313 2784 stitio
2343 2727 2402 2782 in
2439 2728 2647 2799 cappis,
2693 2744 2795 2781 nec
2836 2743 2949 2781 non
2981 2730 3039 2780 et
3064 2725 3282 2781 sonitus
3311 2724 3601 2795 signorum
3634 2728 3766 2795 post

2158 2816 2591 2871 celebrationem
2621 2816 2825 2881 missae,
2870 2816 2956 2869 vel
3003 2815 3403 2886 vespertinales
3453 2813 3666 2885 psalmi
3695 2828 3761 2866 ex

2154 2911 2273 2961 toto
2303 2907 2463 2973 ﬁant,
2497 2905 2972 2977 quemadmodum
3018 2904 3077 2959 in
3116 2903 3468 2958 hebdomade
3504 2902 3761 2956 Paschae.

2155 2997 2220 3050 In
2247 2994 2507 3050 laudibus
2538 2995 2625 3049 vel
2645 2994 2799 3048 horis
2830 2998 3067 3047 canatur
3083 2991 3418 3046 alleluiatice
3441 2989 3553 3061 (2i)
3580 2990 3657 3045 de
3681 3006 3767 3043 re-

474 3080 579 3140 ria,
626 3085 797 3152 atque
843 3082 1205 3153 antiphonam
1253 3084 1655 3155 paraphonista
1691 3088 1826 3139 tunc
1852 3089 2130 3155 repetat“
2154 3084 2520 3150 surrectione,
2571 3089 2739 3155 atque
2790 3083 3134 3146 ascensione,
3178 3097 3281 3135 nec
3309 3096 3421 3134 non
3451 3085 3509 3134 et
3534 3079 3605 3133 de
3640 3079 3765 3150 ipsa

479 3186 606 3225 cum
633 3170 869 3224 caeteris.
902 3170 1163 3238 Oremus,
1194 3174 1417 3238 Praesta,
1445 3182 1775 3240 quasumus,
1817 3169 2133 3240 omnipo-u
2154 3173 2526 3229 celebratione
2550 3175 2669 3245 jam
2700 3172 2866 3230 facta.
2890 3174 3148 3243 Namque
3175 3171 3235 3225 in
3255 3170 3427 3225 missa
3454 3170 3558 3223 hoc
3585 3169 3759 3223 modo

482 3264 598 3313 tens
626 3260 767 3313 Deus
788 3264 851 3312 ut
875 3262 1171 3315 claritatis.
1208 3261 1293 3315 Ad
1322 3261 1748 3333 completorium
1777 3261 2075 3332 imponant

477 3363 692 3413 versus,
727 3353 783 3402 et
803 3348 875 3402 ad
903 3365 1097 3403 omnes
1126 3349 1310 3404 horas.
1344 3352 1503 3414 Hinc,
1530 3351 1759 3416 Christe,
1792 3366 1944 3405 nunc
1965 3365 2071 3418 pa-

477 3438 734 3490 raclitus.
769 3436 956 3491 Gloria
986 3439 1104 3500 tibi,
1141 3439 1391 3492 Domine.

1080 3526 1313 3581 CAPUT
1341 3525 1469 3583 XII.

694 3614 815 3668 Haec
840 3620 1043 3682 oportet
1062 3618 1159 3683 agi
1175 3616 1411 3669 adventu
1432 3615 1677 3684 Spiritus
1696 3616 1854 3668 almi.

553 3702 916 3757 Sanctissimo
936 3704 1027 3758 die
1053 3704 1409 3758 Pentecostes
1430 3720 1556 3757 cum
1586 3720 1807 3758 summa
1836 3721 2071 3759 venera-

477 3790 631 3847 tione
677 3798 846 3863 atque
894 3793 1208 3858 devotione,
1255 3791 1494 3864 Spiritus
1535 3793 1713 3847 sancti
1762 3793 2074 3849 celebretur

478 3880 770 3943 adventus,
795 3882 1010 3936 Debent
1031 3882 1236 3953 quippe
1264 3882 1323 3936 in
1343 3881 1762 3937 nocturnalibus
1790 3882 2072 3953 obsequiis

475 3986 672 4026 omnes
711 3987 1048 4026 coronarum
1094 3971 1383 4042 lampades
1427 3971 1747 4038 accendere,
1785 3977 1842 4026 et
1871 3978 2071 4027 caetera

2154 3263 2539 3334 distinguitur.
2574 3264 2829 3318 Secunda
2858 3261 2996 3317 feria
3026 3260 3292 3324 ofﬁcium,
3331 3260 3564 3315 Oibabit.
3616 3258 3758 3313 Ore-

2154 3367 2299 3416 mus,
2332 3352 2490 3413 Deus,
2520 3353 2619 3417 qui
2648 3352 2923 3417 apostolis.
2959 3348 3223 3418 Epistola,
3247 3346 3512 3414 Aperiens
3532 3347 3752 3399 Petrus.

2153 3439 2412 3502 Alleluia,
2436 3437 3342 3507 Emitte.Alleluia,Loquebantur.
3359 3434 3749 3505 Evangelium,

2151 3527 2242 3583 Sic
2271 3530 2421 3581 enim
2452 3529 2589 3581 Deus
2619 3528 2817 3580 dilexit
2845 3527 3143 3579 mundum.
3179 3522 3560 3588 Oﬁ'ertorium,
3597 3525 3753 3577 Into-

2152 3618 2299 3670 nuit.
2334 3614 2687 3677 Communio,
2719 3615 2966 3684 Spiritus
2994 3618 3234 3667 sanctus.
3266 3611 3455 3667 Tertia
3478 3610 3622 3665 feria
3635 3609 3754 3665 ofﬁ-

2153 3704 2321 3769 cium,
2352 3706 2586 3773 Accipite
2605 3705 3030 3772 jucunditatem,
3063 3708 3121 3757 et
3146 3702 3259 3756 alia
3287 3700 3476 3755 omnia
3500 3700 3650 3754 sicut
3675 3700 3756 3753 in-

2153 3793 2467 3848 venientur.
2525 3792 2779 3857 Quatuor
2824 3808 3069 3862 namque
3111 3790 3326 3856 diebus,
3369 3789 3466 3860 qui
3511 3792 3750 3853 restant,

2154 3888 2326 3953 agant
2353 3881 2595 3936 ofﬁcium
2626 3881 2696 3935 ad
2729 3881 2957 3935 missam
2987 3880 3132 3935 sicut
3159 3879 3217 3933 in
3248 3879 3340 3933 die
3368 3879 3750 3932 Pentecostes.

2153 3971 2401 4042 Epistola
2412 3976 2582 4042 atque
2606 3970 2954 4041 evangelium
2972 3969 3143 4023 veluti
3161 3985 3261 4039 per
3285 3965 3749 4037 annum,quando

478 4074 701 4115 summo
748 4060 935 4114 studio
982 4075 1316 4131 componere
1344 4060 1365 4080 '
1393 4059 1681 4131 signorum
1724 4062 2069 4132 pulsationes
2149 4059 2321 4126 feria;
2356 4059 2502 4114 sicut
2523 4064 2841 4113 consertum
2871 4057 3044 4112 fuerit
3064 4057 3122 4110 in
3139 4060 3619 4111 sacramentorum
3651 4069 3750 4107 co-

476 4148 764 4203 modulate
790 4148 1142 4217 subtrahere,
1173 4154 1343 4220 atque
1372 4149 1439 4204 ad
1465 4150 1723 4205 ultimum
1757 4156 2071 4222 perstrepe-

478 4253 560 4302 re,
588 4253 715 4292 cum
742 4242 1017 4291 sonantur
1043 4237 1101 4291 in
1118 4254 1315 4301 unum,
1338 4238 1553 4303 tandiu,
1573 4255 1865 4310 quousque
1892 4239 2070 4293 infan-

476 4330 563 4380 tes
592 4325 820 4379 veniant
850 4324 907 4379 in
934 4325 1245 4380 ecclesiam.
1280 4325 1371 4380 Ad
1403 4326 1783 4381 invitatorium
1832 4333 2075 4397 quatuor

2150 4147 2294 4213 dice,
2325 4148 2406 4202 sic
2432 4154 2742 4218 promatur.
2778 4147 3023 4202 Sabbato
3054 4145 3124 4200 ad
3155 4161 3414 4217 vesperas
3445 4143 3753 4215 quinacan-

2153 4236 2786 4292 delabrailluminentur
2795 4242 2925 4290 ante
2935 4235 3589 4302 aram.Alleluia,Repleti
3597 4236 3750 4285 sunt.

2158 4326 2428 4381 Sacerdos
2443 4326 2517 4380 sit
2535 4326 2592 4379 in
2605 4325 2813 4396 cappis.
2831 4326 3153 4396 Antiphona
3167 4325 3239 4377 ad
3259 4325 3576 4391 Magni/icat
3593 4341 3610 4375 :
3628 4321 3752 4375 Non

476 4414 790 4468 vestiantur
836 4414 895 4467 in
939 4414 1145 4486 cappis.
1201 4414 1388 4470 Primo
1433 4421 1492 4470 et
1530 4417 1773 4471 secundo
1798 4421 2073 4470 nocturno
2156 4432 2244 4468 vos
2268 4417 2603 4483 relinquam.
2637 4414 2895 4480 Oremus,
2919 4415 3079 4478 Deus,
3111 4417 3211 4482 qui
3238 4414 3507 4467 hodierna
3534 4412 3643 4465 die.

477 4508 610 4557 ante
639 4503 817 4557 altare
845 4502 959 4558 tria
981 4503 1312 4559 candelabra
1341 4511 1638 4575 ponantur.
1675 4505 1785 4559 Pro
1813 4486 2138 4576 unoquo-D
2228 4503 2285 4557 Si
2327 4502 2544 4573 jejunia
2590 4502 2798 4555 mensis
2836 4502 3022 4573 quarti
3077 4501 3333 4555 venerint
3371 4500 3520 4554 infra
3567 4500 3748 4570 ipsam

479 4608 587 4665 que
607 4597 902 4658 nocturno,
942 4592 1173 4664 singulae
1201 4594 1537 4665 antiphonae.
1587 4594 1859 4648 Dicantur
1889 4594 2075 4648 lectio-

476 4697 579 4736 nes
597 4686 721 4736 octo
750 4681 818 4735 de
844 4682 1138 4753 Evangelio
1169 4683 1317 4754 quod
1348 4684 1558 4753 legitur
1575 4683 1633 4736 in
1647 4682 1857 4752 vigilia.
1879 4683 2073 4736 Sermo

478 4770 657 4825 sancti
696 4771 1012 4842 Augustini.
1060 4771 1197 4826 Aliae
1235 4777 1476 4843 quatuor
1522 4772 1590 4825 de
1624 4771 1854 4825 homilia
1892 4773 2071 4826 sancti

479 4859 733 4931 Gregorii
759 4876 916 4933 papae
955 4877 1019 4914 ex
1048 4860 1332 4931 evangelio
1360 4859 1535 4932 ipsius
1564 4859 1695 4914 diei.
1727 4859 1811 4914 Ad
1843 4860 2071 4914 tertiam

476 4965 700 5021 semper
724 4949 1019 5004 lectionem
1062 4950 1504 5019 uniuscujusque
1531 4948 1791 5002 nocturni
1820 4948 2073 5003 incenset

478 5039 736 5093 sacerdos
765 5042 947 5111 majus
975 5040 1170 5103 altare,
1205 5038 1488 5109 simulque
1507 5037 1729 5092 fratres.
1763 5038 2072 5108 Responso-

476 5128 562 5183 ria
590 5129 701 5183 duo
731 5131 943 5200 pariter
973 5130 1291 5184 decantent.
1329 5129 1413 5182 Ad
1452 5129 1730 5182 canticum
1758 5133 2074 5197 augeantur

477 5218 797 5290 quindecim
826 5206 1073 5273 candelae
1100 5217 1158 5271 in
1189 5218 1419 5289 pertica.
1453 5218 1516 5272 In
1541 5217 1682 5271 albis
1703 5216 1948 5288 quinque
1976 5232 2076 5269 an-

482 5306 728 5379 tiphonaa
783 5306 1171 5361 decantentur.
1219 5306 1651 5378 Responsorium
1702 5304 1870 5358 breve
1914 5303 2075 5375 pueri

481 5397 801 5467 persolvant
832 5414 845 5449 :
876 5397 1121 5465 Spiritus
1156 5402 1379 5449 sanctus
1413 5396 1724 5463 procedens.
1765 5395 1912 5447 Ante
1957 5392 2075 5462 pri-

480 5500 632 5540 mam
658 5485 966 5541 adornetur
993 5486 1189 5540 altare.
1210 5484 1296 5540 Ad
1312 5485 1698 5539 matutinalem
1716 5481 1945 5535 missam
1962 5498 2076 5536 una

481 5574 701 5629 dicatur
725 5575 976 5643 collecta,
999 5583 1063 5629 ut
1092 5592 1211 5630 mos
1239 5581 1344 5630 est.
1376 5575 1519 5629 Tum
1547 5588 1744 5627 omnes
1770 5570 2078 5625 induantur

2155 4591 2584 4653 hebdomadam,
2630 4590 2878 4645 efﬁciant
2916 4591 3020 4648 ita.
3077 4593 3221 4644 Ante
3281 4589 3529 4655 tertiam,
3579 4590 3750 4658 agant

2155 4682 2384 4736 missam
2397 4681 2466 4735 de
2481 4680 2642 4743 festo,
2662 4680 2851 4734 omnia
2879 4697 2980 4750 per
3003 4679 3276 4744 ordinem,
3302 4679 3448 4734 sicut
3468 4676 3617 4732 etfati
3631 4676 3747 4747 jam

2154 4786 2368 4825 sumus.
2391 4769 2676 4839 Jejunium
2699 4769 3008 4840 proteletur
3021 4785 3198 4839 usque
3217 4784 3442 4822 nonam.
3460 4764 3745 4821 Processio

2154 4876 2264 4914 non
2291 4861 2409 4922 ﬁat,
2447 4875 2549 4913 nec
2587 4858 2784 4912 litania
2806 4858 3143 4913 cantabitur.
3183 4858 3318 4911 Post
3362 4861 3599 4921 sextam,
3626 4869 3750 4908 cum

2155 4948 2439 5003 audierint
2448 4948 2670 5018 signum
2682 4952 2936 5016 .surgant
2951 4963 2981 5000 e
2996 4944 3541 5007 dormitorio,lavent
3555 4956 3749 4996 manus

2153 5053 2219 5091 ac
2233 5038 2404 5091 facies
2425 5053 2576 5103 suas,
2615 5036 2949 5106 veniantque
2975 5035 3033 5088 in
3064 5034 3308 5088 oratorio
3334 5033 3547 5103 absque
3569 5031 3750 5085 sonitu

2154 5125 2321 5179 ullius
2343 5124 2508 5195 signi,
2535 5135 2592 5178 et
2604 5123 3157 5179 faciantorationem.
3179 5121 3666 5176 Sacerdosvestiat
3694 5133 3748 5171 se

2156 5229 2281 5267 cum
2322 5212 2792 5267 ministris.-Cum
2833 5211 3043 5265 fuerint
3084 5209 3268 5263 induti
3314 5208 3550 5278 incipiat
3587 5222 3748 5278 para-

2157 5300 2417 5370 phonista
2446 5302 2689 5356 ofﬁcium
2727 5320 2737 5355 :
2774 5303 2913 5355 Deus
2943 5303 3078 5355 dum
3107 5300 3455 5367 egredereris.
3492 5298 3744 5359 Oremus,

2157 5392 2381 5456 Praesta,
2420 5395 2760 5459 omnipotens
2802 5392 2960 5454 Deus,
3008 5394 3211 5443 mentes
3259 5393 3502 5443 nostras.
3543 5386 3743 5451 Lectio,

2157 5480 2314 5534 Dimit
2355 5480 2636 5536 Salomon.
2666 5478 3121 5550 Responsorium,
3155 5480 3456 5546 Propitius.
3489 5476 3739 5539 Oremus,

2158 5570 2380 5633 Praesta,
2406 5585 2735 5640 quaesumus,
2753 5571 3092 5641 omnipotens
3112 5573 3161 5622 et
3176 5569 3507 5621 misericors.
3536 5563 3739 5628 Lectio,

555 5678 658 5749 (24)
696 5679 1043 5744 Alleluiatiee
1085 5686 1313 5739 cantare
1345 5699 1357 5736 :
1396 5679 1439 5738 f.
1466 5694 1599 5741 cum
1629 5677 1776 5734 vocis
1818 5677 2220 5743 modulatione.
