3914 6354
115 292 268 352 1217
314 252 323 259 ’

1312 294 1729 354 DISCIPLINA
1765 297 2193 356 FARFENSIS.

3251 294 3391 356 1218

118 423 292 485 Audi,
314 420 965 493 Jacob.Responsorium,
991 424 1158 479 Terra
1172 430 1321 480 mota
1341 431 1436 480 est.
1467 428 1992 497 Evange-Aciﬁrus
2047 432 2110 483 in
2157 442 2342 483 carne.
2399 426 2540 481 Cum
2587 420 3016 496 repetitionibus
3058 423 3257 478 Nolite.
3295 420 3393 476 In-

122 512 290 576 lium,
327 511 643 567 Accedentes
690 513 951 580 discipuli
998 515 1071 567 ad
1115 516 1321 573 Jesum.
1354 516 1711 572 Otl'erendam
1795 522 2086 571 troeuntes
2128 521 2333 571 canant
2362 515 2743 586 antiphonam,
2771 513 2938 568 Hodie
2966 515 3216 581 completi
3242 517 3395 566 sunt.

122 606 297 672 atque
319 617 512 672 pacem
536 617 683 656 unus
712 602 965 673 accipiat.
988 603 1371 670 Offertorium,
1392 608 1713 663 Meditabor.

125 689 481 753 Communia,
538 693 729 745 Pacem
778 707 977 745 meam.
1021 692 1187 747 Sexta
1214 693 1356 748 feria
1392 695 1720 767 antipliona.

122 780 383 847 Repletur
409 795 465 833 os
496 796 700 836 meum.
756 779 1019 846 Collecta,
1051 783 1149 844 Da,
1193 799 1521 851 quaesumus,
1571 787 1726 841 eccle-

126 871 244 923 sia.
302 868 515 933 Lectio,
550 869 851 931 Ersultate,
905 872 1017 936 ﬁlii
1051 869 1205 926 Sion.
1259 872 1720 943 Responsorium,

123 957 256 1011 Esto
281 958 444 1010 mihi.
478 957 861 1028 Evangelium,
914 960 1066 1012 Venit
1096 961 1169 1014 ad
1195 962 1384 1015 Jesum
1433 965 1545 1017 vir.
1580 962 1724 1018 Ofﬁ-

126 1045 303 1111 cium,
360 1045 575 1113 laudes,
629 1061 695 1100 ac
748 1046 1088 1115 communio,
1148 1048 1396 1117 Spiritus
1452 1052 1551 1105 ubi
1605 1054 1724 1107 vult

125 1137 325 1205 spirat.

203 1223 451 1279 Sabbato
500 1231 862 1281 conservetur
907 1227 1044 1282 ordo
1069 1229 1190 1299 jam
1231 1229 1504 1284 decretus.
1557 1230 1729 1285 Facta

130 1313 391 1368 oratione
412 1315 604 1369 veniat
625 1316 885 1371 sacerdos
910 1332 1037 1372 cum
1068 1317 1342 1373 ministris
1378 1318 1437 1373 in
1459 1320 1723 1383 sacrario,

131 1408 191 1457 et
214 1403 418 1458 induat
471 1420 532 1458 se
576 1405 922 1460 vestimentis
968 1407 1159 1460 sacris.
1220 1407 1391 1462 Pueri
1436 1424 1631 1463 omnes
1669 1425 1730 1463 se

131 1490 407 1546 inalbent.
441 1493 654 1548 Cantor
677 1493 751 1548 sit
777 1493 834 1548 in
864 1494 1033 1549 choro
1071 1512 1198 1550 cum
1241 1512 1437 1568 cappa.
1472 1497 1731 1552 Charitas

131 1580 256 1635 Dei.
295 1582 454 1635 Unus
500 1583 891 1638 tantummodo
920 1599 1218 1639 conversus
1249 1585 1342 1653 sit,
1380 1585 1475 1657 qui
1515 1586 1733 1641 deferat

130 1668 534 1724 candelabrum
567 1689 579 1723 :
613 1672 909 1726 lectionem
937 1672 1182 1727 infantes
1220 1674 1413 1743 legant
1441 1674 1498 1728 in
1534 1674 1731 1745 primis

131 1758 409 1828 juniores,
442 1759 645 1815 deinde
674 1760 770 1814 alii
792 1761 936 1815 sicut
960 1768 1093 1816 sunt
1108 1762 1344 1833 priores.
1359 1763 1734 1834 Responsoria
1753 1753 1799 1812 Β

137 1848 250 1918 ipsi
291 1854 520 1903 cantent
565 1850 807 1903 vicissim
848 1850 1073 1921 singuli.
1110 1851 1381 1906 Sacerdos
1408 1852 1632 1907 veniens
1662 1852 1734 1906 ad

140 1937 322 1990 altare
343 1937 515 1993 faciat
537 1939 939 1994 confessionem
959 1956 1084 1994 cum
1106 1941 1292 2007 levita,
1320 1940 1486 2007 dicat,
1511 1958 1735 1996 oremus

143 2027 419 2081 Mentibus
464 2031 687 2091 nostris,
743 2030 828 2083 vel
874 2030 1170 2096 E/l'undam
1208 2032 1273 2084 de
1328 2033 1535 2098 spiritu
1596 2048 1732 2085 meo.

144 2116 605 2186 Responsorium,
638 2120 929 2172 Protector.
960 2118 1218 2179 Oremus,
1244 2121 1347 2174 Illo
1369 2136 1464 2173 nos
1481 2122 1626 2187 igne,
1652 2119 1738 2173 vel

150 2206 379 2259 Locutus
408 2210 483 2260 est
510 2207 805 2264 Dominus.
836 2207 1294 2278 Responsorium,
1311 2211 1588 2276 Propitius
1608 2214 1732 2263 esto.

146 2294 554 2359 Oremus,Deus
573 2299 673 2363 qui
689 2297 762 2349 ad
781 2299 1109 2362 animarum
1125 2342 1135 2353 .
1149 2296 1356 2363 Lectio,
1372 2298 1410 2350 A
1423 2300 1536 2358 udi,
1546 2299 1733 2352 Israel.

148 2383 1207 2454 Responsorium,Convertere,Domine.
1232 2386 1493 2451 Oremus,
1510 2391 1735 2449 Praesta,

149 2489 480 2540 quaesumus,
510 2476 855 2542 omnipotens
876 2476 1037 2528 Deus.
1064 2474 1273 2541 Lectio,
1293 2476 1453 2530 Dixit
1476 2477 1743 2530 Dominus

152 2563 229 2615 ad
275 2563 516 2631 Moysen.
589 2563 1054 2633 Responsorium,
1102 2565 1418 2631 Dirigatur.
1479 2564 1738 2632 Oremus,

150 2650 721 2719 Prwsta,quzsumus,
746 2655 1108 2720 omnipotens.
1133 2653 1340 2718 Lectio,
1363 2654 1604 2721 Angelus
1631 2656 1746 2708 Do-

154 2742 304 2793 mini
326 2741 616 2795 descendit.
644 2741 1096 2795 Benedictionem
1121 2741 1393 2796 minorem
1415 2742 1526 2796 duo
1543 2743 1747 2798 fratres

152 2828 214 2883 in
239 2828 381 2883 albis
401 2828 624 2883 dicant:
656 2832 973 2884 Benedictus
994 2847 1066 2898 es,
1094 2833 1321 2885 Domine
1351 2850 1367 2886 :
1396 2847 1574 2903 usque
1590 2832 1744 2899 dum;

151 2919 481 2974 Benedicant
514 2923 579 2981 te,
614 2923 825 2977 caelum.
860 2925 1030 2981 terra,
1056 2937 1212 2974 mare
1239 2925 1289 2974 et
1318 2924 1509 2975 omnia
1537 2938 1656 2990 qua
1684 2924 1748 2975 in

154 3009 230 3061 eis
285 3012 436 3061 sunt.
494 3008 709 3062 Deinde
758 3013 1037 3079 repetant.
1094 3010 1158 3064 Et
1199 3010 1518 3064 laudabilis.
1557 3011 1747 3064 Gloria

1802 606 1888 659 Ad
1952 606 2181 659 missam
2228 621 2424 659 onmes
2462 602 2884 659 circumdantur
2927 600 3135 672 cappis.
3173 602 3399 673 Septem

1807 694 2144 748 candelabra
2169 699 2299 747 ante
2329 709 2511 758 aram,
2545 698 2602 746 et
2628 692 2739 747 tria
2768 700 2939 745 retro.
2968 690 3245 758 Officium,
3271 691 3397 761 Spi-

1805 786 1951 837 ritus
1973 786 2227 838 Domini.
2243 782 2502 849 Oremus,
2533 783 2675 836 Deus
2703 783 2802 850 qui
2819 782 3109 834 hodierna.
3130 779 3396 851 Epistola,

1816 874 1937 927 Vide
1971 875 2175 926 ostium
2204 877 2481 941 apertum.
2514 871 2777 927 Alleluia.
2799 871 2919 925 Non
2935 886 3025 925 vos
3053 873 3396 939 relinquam,

1805 962 1948 1016 Item
1973 961 2232 1015 Alleluia.
2277 962 2420 1023 Veni,
2465 964 2649 1014 sancte
2687 959 2955 1028 Spiritus.
3008 959 3398 1030 Evangelium,

1806 1052 1942 1105 Erat
1961 1050 2119 1104 homo
2141 1067 2209 1104 ea:
2224 1050 2536 1104 Phariszis.
2571 1047 2952 1113 Oﬂ'ertorium,
2976 1049 3258 1117 Conﬁrma
3285 1049 3404 1116 hoc,

1805 1140 1965 1193 Deus.
1992 1138 2348 1205 Communio,
2373 1139 2568 1192 Factus
2589 1142 2691 1195 est.
2716 1137 2803 1191 Ad
2833 1137 3206 1208 expletionem
3231 1153 3404 1192 sacrae

1808 1227 1999 1281 omnia
2044 1227 2205 1298 signa
2252 1226 2565 1298 pulsentur.
2615 1226 2698 1281 Ad
2749 1242 3040 1298 vesperam
3093 1226 3407 1298 antiphona

1809 1318 2072 1379 Alleluia,
2096 1319 2290 1385 repleti
2305 1314 2794 1384 sunt,Antiphona
2812 1315 2870 1369 in
2892 1316 3210 1387 Evangelio.
3232 1316 3403 1371 Hodie

1811 1407 2063 1473 completi
2115 1410 2265 1466 sunt,
2322 1406 2573 1469 alleluia,
2632 1405 2882 1467 alleluia,
2933 1406 3183 1459 alleluia;
3238 1403 3407 1458 Hodie

1812 1510 1997 1548 omnes
2019 1496 2268 1562 apostoli.

2407 1618 2641 1673 CAPUT
2677 1618 2823 1673 XIV.

2150 1744 2440 1797 Dominica
2470 1743 2524 1796 ΙΙ
2536 1746 2657 1811 post
2692 1744 3051 1797 Pentecosten.

1886 1850 1951 1905 In
1980 1850 2104 1921 ipsa
2132 1849 2487 1904 hebdomada
2524 1849 2737 1904 feriatis
2772 1848 2970 1904 diebus
3017 1854 3247 1905 cantent
3292 1852 3415 1906 ofﬁ-

1817 1939 2240 2003 cium,Domine,
2266 1942 2329 1992 in
2353 1944 2449 1992 tua
2468 1940 2868 1993 misericordia.
2899 1939 3157 2006 Oremus,
3180 1941 3321 1995 Deus
3350 1944 3415 1995 in

1821 2033 1867 2082 te
1887 2031 2255 2096 sperantium.
2279 2027 2842 2097 Evangelium,Homo
2863 2030 3094 2096 quidam
3106 2034 3226 2083 erat
3242 2031 3410 2084 dives.

1819 2117 2032 2172 Exhinc
2060 2133 2305 2187 namque
2350 2133 2529 2187 usque
2558 2116 2628 2170 ad
2677 2116 2809 2171 Idus
2840 2116 3185 2189 Septembris
3210 2123 3416 2190 quarta

1822 2206 1936 2262 sive
1956 2212 2111 2261 sexta
2136 2206 2278 2260 feria
2301 2206 2555 2275 jejunare
2599 2204 2831 2274 debent;
2865 2206 3009 2261 sicut
3037 2207 3205 2261 Pater
3223 2211 3417 2262 noster

1826 2295 2158 2352 Benedictus
2179 2294 2426 2349 instituit
2453 2311 2567 2350 suae
2600 2295 2828 2366 Regule
2857 2312 2977 2366 cap.
3012 2296 3100 2351 47.
3124 2296 3193 2350 Et
3219 2294 3289 2349 ab
3316 2293 3416 2350 ab-

1822 2382 1952 2437 bate
1970 2383 2066 2437 illa
2089 2382 2348 2437 discretio
2373 2383 2495 2436 fieri
2527 2382 2888 2454 debet,quam
2909 2384 3029 2455 ipse
3057 2383 3417 2439 beatissimus

1827 2478 2137 2545 praceptor
2161 2474 2334 2543 jussit
2359 2478 2589 2544 propter
2620 2472 3027 2544 pusillanimes,
3062 2474 3145 2528 vel
3166 2474 3311 2529 aeris
3340 2474 3423 2528 in-

1828 2562 2179 2634 temperiem,
2229 2567 2336 2616 aut
2371 2562 2418 2616 si
2448 2561 2607 2616 labor
2658 2562 2840 2633 major
2894 2562 3073 2617 factus
3118 2563 3291 2618 fuerit
3316 2562 3424 2618 loci

1829 2652 1998 2705 illius.
2025 2651 2083 2706 Si
2118 2656 2306 2705 autem
2340 2650 2529 2705 abbati
2572 2651 2657 2705 vel
2704 2651 2877 2722 priori
2905 2652 3082 2706 visum
3112 2652 3302 2718 fuerit,
3334 2656 3418 2719 ut,

1830 2741 1878 2795 si
1906 2740 2248 2804 reﬁciantur,
2283 2740 2386 2794 hoc
2415 2740 2581 2793 modo
2609 2747 2797 2811 agant.
2829 2741 2953 2794 Mox
2981 2746 3043 2795 ut
3081 2741 3429 2796 surrexerint

1831 2830 1900 2884 de
1930 2830 2196 2901 capitulo,
2239 2835 2295 2884 et
2315 2829 2371 2883 in
2402 2829 2645 2883 claustro
2676 2829 2947 2895 venerint,
2975 2829 3210 2900 jubente
3224 2829 3427 2885 abbate

1830 2926 2063 2973 sonetur
2083 2919 2307 2990 signum
2330 2917 2537 2984 minus,
2565 2923 2629 2972 ut
2648 2917 3072 2973 hebdomadarii
3094 2919 3428 2991 coquina,et

1830 3006 1930 3060 alii
1950 3007 2154 3061 fratres
2177 3013 2493 3079 praeparent
2514 3006 2723 3072 omnia,
2754 3023 2877 3078 quae
2897 3007 3425 3078 pmpamndasunt,

154 3098 333 3151 Patri.
357 3095 498 3151 Cum
521 3070 873 3169 repetitione.
893 3099 956 3151 Et
985 3100 1304 3165 laudabilis,
1327 3104 1385 3153 et
1401 3104 1536 3153 tunc
1554 3099 1749 3153 subse-
1769 3070 1813 3131 δ
1835 3100 1889 3148 et
1927 3101 2100 3166 agant
2128 3070 2358 3149 missam
2392 3094 2463 3149 ad
2493 3070 2740 3161 tertiam,
2769 3070 2827 3148 et
2854 3070 3182 3150 reficiantur
3208 3096 3279 3150 ad
3310 3070 3430 3151 sex;

157 3187 583 3256 quantur.Sicut
602 3192 737 3241 erat.
762 3188 827 3241 Et
853 3189 1172 3242 laudabilis.
1196 3187 1316 3242 Illis
1337 3205 1507 3260 supra
1526 3205 1753 3260 respon-

158 3274 775 3330 dentibus.Benedictus
806 3293 877 3331 es.
902 3277 1028 3330 Mox
1041 3288 1105 3331 ut
1132 3277 1344 3331 dictum
1366 3278 1538 3332 fuerit
1565 3278 1755 3332 veniat

159 3365 421 3420 sacerdos
437 3365 508 3419 ad
532 3365 708 3420 altare
739 3370 795 3418 et
815 3365 982 3431 dicat,
1015 3367 1286 3420 Dominus
1318 3367 1751 3421 vobiscum.Col-

159 3455 326 3515 lecta.
373 3456 515 3509 Deus
542 3456 643 3522 qui
672 3457 866 3508 tribus.
914 3454 1181 3525 Epistola,
1208 3457 1512 3523 Justiﬁcati
1549 3459 1745 3524 igitur.

159 3543 415 3610 Tractus,
470 3545 727 3610 Laudate,
769 3543 1031 3598 similiter
1075 3543 1186 3599 duo
1216 3544 1274 3598 in
1306 3544 1467 3600 albis.
1502 3546 1753 3616 Evange-

161 3633 320 3697 lium,
375 3634 697 3702 Egrediente
751 3636 895 3687 Jesu.
957 3634 1336 3701 Oll‘ertorium,
1390 3636 1547 3697 Deus,
1615 3637 1751 3690 Deus

164 3725 366 3777 salutis
410 3739 553 3777 meas.
587 3721 943 3789 Communio,
984 3724 1109 3777 Non
1159 3741 1248 3778 vos
1279 3727 1602 3792 relinquam
1662 3741 1756 3779 or-

160 3813 394 3882 phanos.

762 3902 995 3957 CAPUT
1023 3902 1175 3957 XIII.

689 3992 898 4047 Octavis
929 3994 1268 4046 Pcntecostes.

238 4080 652 4146 Invitatorium,
684 4081 947 4143 Alleluia,
964 4080 1210 4147 Spiritus
1238 4078 1637 4150 Domini,quod
1652 4079 1762 4133 duo

169 4176 402 4227 cantent
449 4170 508 4225 in
560 4169 767 4242 cappis.
815 4168 947 4225 Tria
987 4168 1325 4223 candelabra
1379 4175 1510 4222 ante
1565 4169 1761 4235 altare,

170 4267 324 4317 retro
376 4276 509 4315 una.
560 4260 626 4314 In
671 4258 959 4313 nocturnis
988 4258 1310 4329 antiphonee
1358 4258 1595 4328 singulae
1642 4274 1765 4312 cum

173 4349 419 4407 Alleluia
456 4348 526 4403 de
567 4348 688 4420 ipso
736 4348 878 4403 festo
911 4347 1189 4413 dicantur,
1222 4346 1489 4401 lectiones
1538 4352 1662 4401 octo
1701 4347 1769 4401 de

1832 3191 1970 3239 tam.
2005 3184 2063 3239 Si
2092 3201 2221 3238 vero
2245 3184 2651 3255 jejunaverint,
2684 3189 2811 3255 post
2837 3190 3049 3239 sextam
3079 3184 3334 3257 protinus
3359 3191 3422 3242 ut

1836 3273 2184 3329 surrexerint
2213 3273 2514 3328 meridiani
2548 3271 2715 3346 [forte
2744 3290 2776 3327 a
2807 3274 3140 3341 meridiana,
3183 3277 3240 3328 id
3263 3281 3357 3339 est,
3392 3293 3429 3330 a

1834 3380 2022 3418 somno
2048 3369 2168 3431 post
2184 3361 2498 3434 meridiem]
2512 3362 2759 3427 ,veniant
2781 3363 2938 3434 puen'
2960 3369 3091 3418 ante
3112 3364 3288 3419 altare
3301 3381 3430 3420 ora-

1834 3454 2045 3508 tionem
2076 3452 2285 3520 facere;
2316 3469 2426 3523 qua
2454 3452 2618 3518 facta,
2664 3453 2959 3524 imponant
2998 3454 3143 3509 hanc
3172 3454 3432 3527 antipho-

1837 3560 1990 3611 nam,
2026 3543 2288 3610 Exsurge,
2324 3543 2572 3596 Domine.
2605 3542 2761 3595 Tunc
2780 3542 2989 3597 faciant
3018 3544 3429 3614 processionem

1838 3651 1940 3705 per
1972 3632 2225 3688 ordinem
2253 3632 2398 3687 sicut
2411 3632 2531 3702 jam
2562 3631 2811 3687 crebrius
2839 3634 3237 3705 prompsimus.
3260 3635 3437 3690 Evan-

1837 3724 1986 3793 gelia
2009 3724 2272 3794 legantur
2299 3721 2357 3775 in
2391 3721 2543 3775 feriis
2585 3720 2730 3775 sicut
2777 3720 2834 3774 in
2866 3720 3008 3776 libro
3047 3729 3435 3779 sacramento-

1840 3829 1968 3866 rum
1989 3812 2305 3882 conscripta
2333 3810 2667 3865 invenerint.
2695 3809 2913 3864 Debent
2946 3811 3152 3882 quippe
3179 3817 3336 3866 sexta
3361 3812 3437 3867 fe-

1842 3901 1927 3956 ria
1950 3907 2179 3955 cantare
2210 3901 2439 3955 missam
2468 3899 2525 3953 in
2547 3900 2820 3953 honorem
2840 3905 3046 3954 sanctae
3073 3900 3289 3967 Crucis,
3307 3906 3365 3956 et
3387 3901 3437 3956 si

1843 3989 2043 4062 aliquis
2058 3996 2284 4044 sanctus
2305 3988 2572 4054 evenerit,
2593 3988 2741 4043 unde
2760 3993 2876 4042 tres
2893 3987 3158 4043 lectiones
3174 3994 3433 4060 agantur,

1845 4084 2073 4135 cantent
2104 4079 2335 4132 missam
2366 4078 2435 4132 de
2459 4078 2579 4149 ipso
2605 4082 2818 4132 sancto.
2852 4076 2921 4132 Et
2948 4077 3173 4149 quando
3203 4083 3432 4135 sanctus

1848 4186 1964 4224 non
1995 4168 2400 4235 adventaverit,
2436 4167 2635 4239 quinta
2658 4166 2800 4222 feria
2826 4166 3048 4238 legatur
3076 4167 3441 4238 Evangelium

1850 4258 2027 4330 ipsius
2057 4257 2187 4319 diei,
2223 4258 2397 4311 Homo
2435 4258 2667 4325 quidam
2694 4262 2813 4311 erat
2844 4258 3010 4311 dives.
3032 4256 3173 4311 Tota
3199 4273 3443 4329 namque

1851 4348 1975 4419 ipsa
2025 4346 2380 4401 hebdomada
2435 4345 2508 4401 ad
2571 4348 2893 4414 Magniﬁcat
2946 4344 3154 4401 debent
3216 4352 3445 4402 cantare

175 4454 436 4495 sermone
464 4435 644 4492 sancti
671 4436 873 4491 Leonis
902 4452 1079 4507 papae.
1114 4435 1391 4499 Quartum
1422 4439 1683 4489 octavum
1715 4438 1772 4488 et
1793 4429 1836 4487 D
1854 4437 2192 4508 antiphonas
2223 4453 2288 4489 ex
2322 4435 2647 4506 Evangelia,
2674 4437 2845 4490 Homo
2875 4437 3094 4504 quidem
3126 4441 3245 4490 erat
3274 4438 3439 4491 dives.

176 4527 575 4586 duodecimum
605 4525 1023 4596 responsorium
1072 4541 1107 4578 a
1158 4523 1377 4578 duobus
1426 4523 1766 4578 cantabitur.

179 4618 428 4674 Homilia
454 4616 523 4671 de
564 4614 882 4685 Evangelio,
914 4614 1050 4668 Erat
1081 4614 1238 4668 homo
1269 4630 1333 4667 ea:
1360 4614 1654 4668 Pharism's
1684 4629 1773 4667 ex-

179 4706 481 4782 positionis
525 4704 783 4776 Gregorii
822 4702 1178 4758 Nazianzeni.
1224 4703 1289 4758 In
1318 4702 1579 4757 laudibus
1624 4701 1773 4756 anti-

183 4800 375 4871 phona
403 4812 417 4852 :
449 4796 711 4855 Alleluia,
745 4795 880 4847 dum
909 4796 1334 4860 complerentur.
1374 4792 1440 4848 In
1478 4791 1778 4863 Evangelio

186 4886 533 4959 antiphona:
575 4885 726 4939 Venit
776 4883 932 4937 homo
962 4884 1034 4937 ad
1060 4884 1267 4943 Jesum,
1302 4886 1545 4937 nomine.
1595 4880 1662 4936 In
1691 4880 1781 4937 die

187 4991 434 5047 namque
469 4974 575 5028 hoc
603 4973 652 5028 si
688 4973 879 5044 aliqua
916 4972 1059 5026 festa
1101 4970 1467 5038 occurrerint,
1522 4975 1783 5042 repetant

190 5066 562 5139 antiphonam
592 5068 650 5119 et
677 5068 849 5133 agant
876 5060 1268 5116 matutinalem
1300 5059 1550 5127 missam,
1575 5061 1782 5131 adjun-

192 5162 391 5229 gentes
418 5153 707 5208 collectam
738 5153 895 5213 Deus,
913 5153 1012 5221 qui
1041 5151 1308 5204 hodierna
1336 5152 1441 5203 die.
1474 5149 1531 5205 Si
1559 5156 1786 5205 sanctus

198 5245 421 5318 Spritus
477 5246 777 5315 perventus
833 5256 946 5295 non
1003 5238 1193 5304 fuerit,
1224 5238 1296 5293 ad
1340 5255 1557 5293 sacram
1603 5238 1785 5310 ipsam

196 5351 372 5392 unam
414 5332 701 5387 collectam
754 5329 1074 5402 persolvant
1124 5343 1251 5381 cum
1310 5326 1634 5397 praefatione
1678 5328 1790 5382 diei

200 5421 508 5480 Paschalis.
543 5420 831 5476 Processio
860 5419 925 5473 ﬁt
949 5417 1095 5472 sicut
1132 5415 1431 5488 praeteritis
1455 5415 1649 5471 diebus
1676 5417 1791 5472 Do-

202 5511 444 5574 minicis,
466 5516 718 5567 attamen
738 5526 864 5566 cum
885 5507 1139 5563 venerint
1153 5505 1212 5560 in
1239 5505 1525 5560 redeundo
1553 5505 1613 5561 in
1649 5505 1793 5562 atrio

205 5608 337 5659 ante
365 5601 517 5658 fores
543 5599 806 5669 ecclesia,
828 5597 1057 5654 initient
1073 5597 1220 5652 hanc
1247 5594 1633 5668 antiphonam,
1651 5596 1794 5652 Oru-

1855 4525 2098 4582 Sabbato
2173 4524 2244 4579 ad
2300 4542 2591 4596 vesperam
2639 4525 3083 4596 responsorium,
3133 4527 3446 4595 Praiparate

1854 4617 2021 4670 corda
2076 4619 2274 4671 vestra.
2334 4614 2420 4669 Ad
2476 4616 2795 4682 Magni/teat
2865 4614 3194 4687 antiphona,
3242 4616 3448 4671 Montes

1859 4706 2061 4760 Getboe.

2459 4827 2694 4883 CAPUT
2724 4827 2843 4883 XV.

2185 4954 2475 5009 Dominica
2499 4955 2588 5009 ΙΙΙ
2605 4958 2725 5022 post
2753 4956 3118 5010 Pentecosten.

1938 5061 2141 5117 Dicant
2158 5058 2566 5127 invitatoriam,
2582 5061 3039 5129 Przoccupemus.
3066 5062 3456 5135 Hymnus,No—

1868 5157 1946 5206 cte
1998 5156 2299 5219 surgentes.
2350 5150 2639 5205 Lectiones
2685 5154 2809 5204 octo
2855 5149 3048 5220 legant
3091 5151 3161 5206 de
3207 5153 3455 5225 regibus.

1871 5240 2325 5312 Responsorium,
2356 5241 2495 5295 Deus
2516 5242 2789 5294 omnium.
2825 5239 2890 5293 In
2918 5239 3087 5293 tertio
3136 5241 3328 5311 [Supp.
3361 5260 3454 5298 no-

1871 5329 2092 5401 cturno]
2121 5329 2354 5384 homilia
2382 5346 2449 5384 ex
2486 5327 2785 5399 Evangelio
2821 5346 2832 5380 :
2877 5328 3047 5381 Homo
3075 5330 3305 5395 quidam
3333 5337 3455 5385 erat

1873 5420 2039 5477 dives.
2092 5418 2468 5491 Responsoria
2516 5418 2587 5473 de
2625 5416 2879 5489 ejusdem
2926 5415 3163 5471 historia
3207 5422 3455 5486 cantent)

1874 5524 2053 5579 usque
2085 5508 2366 5563 Kalendas
2393 5507 2654 5579 Augusti.
2710 5507 2785 5561 At
2813 5505 3207 5561 matutinalem
3260 5506 3461 5563 horam

1875 5595 2143 5668 hymnus,
2165 5597 2290 5652 Ecce
2305 5600 2435 5667 jam
2462 5599 2662 5656 noctis.
2691 5595 2881 5669 Usque
2900 5594 3180 5652 Kalendas
3209 5594 3467 5652 Octobris
