3914 6374
502 309 638 372 1223
1553 307 1906 365 GUIDONIS
1942 307 2251 365 ABBATIS
2288 305 2686 364 FARFENSIS
3630 292 3785 353 1224

488 454 657 511 agere
684 438 744 493 in
784 434 1029 492 natilitio
1061 434 1463 507 apostolorum.
1498 434 1959 509 Responsorium,
1989 435 2353 509 Pe-Aloluia,
2375 443 2484 510 Ego
2513 456 2603 495 vos
2631 440 2767 505 elegi
2797 454 2813 491 :
2844 432 3228 506 Evangelium,
3269 432 3386 488 Hoc
3438 435 3518 485 est
3565 443 3787 499 praece-

495 533 618 582 trus
645 528 921 596 apostolus
946 530 995 578 et
1015 526 1225 578 Paulus
1248 542 1263 577 :
1295 525 1571 597 Hymnus,
1602 528 1750 579 Felix
1762 540 1865 592 per
1884 539 2088 577 omnes:

2205 538 2331 585 Ilum
2362 546 2585 583 meum:
2618 526 2900 587 Officium,
2923 527 2991 580 In
3004 538 3223 578 omnem
3249 526 3462 575 terram
3484 519 3793 574 :Commu-

494 618 752 681 Oremus,
784 618 924 671 Deus
952 617 1051 683 qui
1080 617 1317 682 apostolo
1337 619 1430 668 tuo
1451 617 1607 668 Petro
1627 615 1860 668 collatis.
1877 611 2092 666 Deinde
2175 622 2288 687 nio,
2321 622 2430 686 Vos,
2449 621 2546 688 qui
2566 619 2738 689 seculi
2759 619 2886 670 estis
2908 630 3010 668 me,
3031 612 3113 667 Ad
3136 626 3448 682 vesperam,
3466 607 3795 679 antiphona

490 710 755 778 repetant
782 704 850 758 de
878 708 1069 757 sancto
1120 703 1312 758 Paulo.
1353 703 1679 773 Antiphone
1721 718 1849 756 cum
1880 702 2088 757 Gloria.
2175 726 2299 781 qua;
2325 724 2493 779 super
2522 704 2886 776 Evangelia",
2916 703 3008 767 sit,
3049 717 3172 771 qua;
3200 697 3513 753 communis
3541 697 3624 751 sit
3673 711 3796 749 am-

497 795 691 851 Oratio
710 793 918 865 ipsius;
952 797 1009 847 et
1037 792 1393 863 postmodum
1422 792 1490 846 de
1528 797 1720 846 sancto
1759 791 1992 845 Joanne.
2031 788 2091 844 Si
2174 798 2393 863 borum,
2420 802 2477 851 et
2505 794 2707 867 psalmi
2736 794 2806 848 de
2829 792 2987 847 feria"
3022 791 3157 845 post
3177 787 3403 843 tertiam
3449 790 3631 858 agant
3673 784 3802 838 om.

496 884 608 940 ista
631 882 904 938 Ῑθειίνίῐεε
932 881 1179 936 evenerit
1195 881 1286 935 die
1337 879 1650 948 Dominicos
1680 878 2093 953 Ρνοοθεείοιιθω
2174 887 2323 942 cium
2353 892 2704 940 mortuorum
2740 883 2887 938 sicut
2913 898 3034 936 mos
3074 884 3181 934 est.
3212 877 3271 933 Si
3299 882 3525 932 sanctus
3577 871 3800 944 aliquis

496 973 704 1028 faciant
724 972 871 1027 Sicut
886 970 947 1025 in
973 970 1381 1025 resurrectione
1400 972 1672 1025 fecerunt-
2177 975 2426 1032 evenerit
2477 973 2625 1029 unde
2663 978 2778 1027 tres
2814 970 3086 1027 lectiones
3129 966 3395 1033 efﬁciant,
3454 964 3682 1019 faciunt
3733 967 3802 1017 ut

1087 1060 1322 1115 CAPUT
1347 1058 1498 1114 XIX.
2179 1064 2514 1138 protulimus
2545 1062 2690 1117 infra
2716 1065 2938 1116 octavas
2978 1059 3037 1114 S.
3063 1056 3314 1114 Joannis.

970 1151 1033 1204 In
1067 1151 1247 1203 sancti
1273 1150 1440 1203 Pauli
1465 1150 1616 1217 festo.
2702 1148 3117 1206 CAPITULUM
3140 1146 3261 1201 XX.

570 1243 635 1299 In
665 1239 847 1297 sancti
874 1238 1057 1303 Pauli,
1087 1238 1160 1292 ad
1186 1236 1571 1293 invitatorium
1592 1237 1704 1293 duo
1734 1237 1850 1292 sint
1876 1235 1934 1290 in
1963 1250 2096 1306 cap-
2644 1241 2855 1296 octavis
2916 1238 3315 1307 apostolorum.

498 1331 604 1405 pis.
637 1331 914 1397 Hymnus,
953 1328 1199 1383 Ersultet
1251 1328 1460 1382 calum.
1518 1326 1710 1380 Primo
1759 1331 1816 1380 et
1852 1323 2096 1379 secundo
2250 1331 2471 1387 octavis
2525 1328 2907 1403 apostolorum
2963 1325 3271 1397 antiphona
3324 1322 3397 1379 ad
3464 1336 3797 1394 vesperam,

497 1426 774 1477 nocturno
795 1418 1063 1473 lectiones
1097 1419 1419 1470 sanctorum
1461 1414 1721 1479 Patrum,
1754 1416 1939 1467 Filioli
1965 1415 2093 1480 mei,
2180 1423 2331 1476 Beati
2342 1422 2499 1475 erilis
2525 1436 2652 1473 cum
2663 1435 2775 1473 υος,
2798 1415 3009 1471 Psalmi
3027 1431 3094 1469 ex
3107 1413 3279 1469 feria:
3302 1413 3579 1484 Hymnus,
3598 1413 3804 1466 Aurea

501 1511 690 1565 audite
723 1525 838 1570 nos,
868 1513 916 1561 et
940 1507 1162 1560 liberate
1178 1522 1286 1559 vos.
1308 1503 1703 1576 Responsoria,
1722 1504 1829 1571 Qui
1846 1506 2099 1571 operatus
2185 1514 2327 1565 luco;
2369 1508 2710 1581 Antiphona,
2770 1509 2870 1562 [sti
2917 1509 3049 1559 sunt
3084 1506 3299 1558 sancti:
3339 1502 3604 1569 Oremus,
3645 1501 3800 1554 Deus

500 1605 579 1655 est
607 1598 1443 1662 Pelro.Quartum,octavum,et
1456 1592 1848 1647 duodecimum
1872 1608 1907 1645 a
1924 1590 2105 1662 capite

2205 1603 2344 1669 :ujus
2380 1600 2640 1653 dea-tera:
2690 1593 3099 1659 Invitatorium,
3142 1592 3376 1648 Gaudete
3413 1594 3461 1645 et
3497 1591 3803 1653 exsatiate,

502 1692 634 1760 post
662 1687 847 1742 Gloria
866 1684 1188 1755 incipiatur.
1218 1681 1286 1737 In
1314 1681 1595 1748 laudibus,
1624 1682 2156 1760 Hymnus,Doctor_
2187 1690 2298 1744 duo
2320 1688 2524 1742 fratres
2544 1688 2846 1742 (iocantem;
2863 1685 2923 1739 in
2953 1682 3165 1755 cappis.
3185 1679 3511 1737 Luminaria
3525 1678 3643 1733 tria
3665 1682 3806 1732 ante

505 1754 735 1845 ἕρνεθῖθο
754 1754 1078 1845 ΑηῐίΡῙῙδηει
1118 1777 1177 1825 et
1208 1770 1386 1826 οῖδίίο
1406 1770 1583 1842 iPSi“8
1612 1787 1623 1823 ³
1649 1775 1708 1823 et
1747 1754 2165 1840 POStmOdumB
2184 1779 2381 1841 altare,
2402 1777 2668 1849 hymnus,
2696 1754 3504 1842 EmsultetcalumAntiphonaa
3523 1766 3806 1841 plurimo.

506 1865 579 1920 de
618 1868 810 1918 sancto
859 1862 1049 1927 Petro,
1106 1876 1232 1915 cum
1281 1860 1489 1916 Gloria.
1535 1858 1677 1913 Dein
1727 1858 1798 1912 de
1850 1856 2105 1928 Baptista
2186 1884 2312 1922 mm
2342 1865 2723 1938 apostolorum
2752 1867 3133 1917 assumantur,
3163 1860 3455 1916 Lectiones
3482 1858 3553 1912 de
3572 1860 3808 1912 sancto-

505 1954 743 2010 Joanne.
774 1951 862 2006 Ad
889 1950 1119 2005 missam
1168 1948 1559 2003 matutinalem
1596 1947 1665 2002 de
1703 1951 1896 2001 sancto
1937 1945 2105 2000 Petro
2188 1973 2312 2011 mm
2341 1957 2574 2010 patrum
2591 1952 2943 2008 sermonibus
2961 1953 3242 2022 legantur,
3262 1946 3648 2020 Βεεροηεοι-ία
3679 1961 3808 2016 my-

506 2045 673 2099 Νειηο
700 2044 807 2095 δσίο
836 2056 975 2095 υθτέ·
1004 2038 1271 2105 Conecma
1296 2040 1517 2101 Ρνὲεδία»
1557 2052 1886 2106 quaesumus»
1922 2036 2105 2089 ονηηί·
2188 2046 2324 2101 stice
2353 2050 2601 2115 cantent,
2623 2059 2797 2098 unum
2831 2045 3124 2096 assumant
3148 2056 3213 2094 ex
3231 2036 3469 2093 historia
3504 2034 3665 2090 beati
3692 2034 3804 2088 Pe-

500 2137 693 2202 Ροίθηε
718 2132 880 2191 Deus:
907 2133 969 2183 ηε
1001 2130 1197 2192 "ulmi
1233 2132 1403 2198 atque
1445 2126 1677 2181 Joannis
1728 2124 2015 2197 Baptism:
2051 2127 2109 2178 et
2188 2135 2285 2205 tri,
2335 2139 2392 2189 et
2446 2133 2599 2187 aliud
2622 2133 2691 2187 de
2721 2131 2974 2203 apostolo
3004 2129 3210 2184 Paulo:
3242 2144 3366 2200 qua;
3408 2124 3621 2191 omnia,
3654 2123 3806 2177 sicut

511 2221 656 2276 alia?-
688 2220 773 2274 Αά
824 2218 1096 2288 majorem
1126 2233 1320 2271 omnes
1368 2215 1483 2270 8ίηῖ
1518 2213 1849 2269 Circumdati
1893 2212 2104 2285 οεΡΡίεν
2188 2223 2283 2279 ubi
2314 2240 2454 2296 opus
2480 2222 2652 2277 fuerit
2674 2218 3022 2276 decantando
3070 2217 3436 2289 adimpleant.
3485 2215 3801 2280 Quartum.

505 2308 669 2384 pueri
689 2306 911 2363 tunicis.
946 2305 1206 2362 Ofﬁcium
1226 2309 1457 2359 teneant
1476 2321 1588 2359 sex.
1615 2303 1883 2375 Epistola,
1901 2304 2109 2356 Notum
2193 2318 2450 2368 octavum
2472 2316 2530 2366 οι
2550 2309 2941 2365 duodecimum
2973 2325 3008 2362 α
3034 2306 3252 2362 duobus
3293 2306 3692 2361 ἀεωηιθηιωε,
3717 2299 3805 2355 Ad

506 2402 653 2469 facio
683 2399 829 2451 vobis
866 2396 1230 2463 Ecangelium
1273 2410 1476 2448 meum.
1534 2393 1815 2447 Graduale
1871 2395 2114 2463 quatuor

2205 2401 2492 2467 :anticum,
2516 2398 2856 2471 Antiphona.
2884 2399 3117 2454 Gloriosi
3123 2399 3406 2467 principes
3428 2393 3806 2450 terra).va-

508 2491 757 2542 cantent-
787 2483 1029 2539 Alleluia
1048 2500 1160 2546 δθκυ
1190 2482 1259 2537 ad
1281 2483 1451 2536 ﬁnem
1483 2481 1661 2536 missa?
1714 2480 1905 2535 omnia
1953 2480 2115 2550 είεηει
2193 2491 2424 2562 gelium,
2450 2490 2797 2545 JussitJesus
2834 2488 3129 2554 discipulos
3177 2501 3321 2539 suos.
3359 2481 3608 2538 Homilia
3651 2482 3806 2552 ejus-

510 2574 828 2631 εοῐιίῐίῑθηι·
861 2573 926 2627 In
952 2571 1105 2626 horis
1134 2570 1455 2639 antiphome
1477 2588 1599 2641 (11133
1621 2570 1736 2624 Sint
1757 2570 1827 2624 de
1850 2569 2111 2623 landibus
2193 2580 2319 2634 dem
2354 2576 2504 2633 beati
2526 2573 2871 2646 Hieronymi.
2889 2574 2955 2629 In
2969 2572 3229 2628 laudibus
3245 2571 3572 2643 antiphona,
3597 2571 3712 2625 Hoc
3724 2572 3801 2622 est

511 2664 634 2720 sine
662 2662 911 2718 versibus
938 2660 1268 2732 sequacibus
1321 2664 1672 2731 promantur.
1719 2659 1804 2713 Ad
1852 2674 2112 2729 vesperas
2189 2672 2519 2738 precepmm
2540 2681 2744 2730 meum,
2778 2668 2836 2717 et
2859 2663 2982 2718 alia;
3003 2679 3125 2733 quae
3144 2665 3477 2733 sequuntur,
3510 2660 3796 2730 Hymnus,

511 2752 832 2825 antiphonte
864 2750 934 2805 de
962 2755 1237 2805 nocturno
1286 2749 1545 2803 dicantur
1576 2748 1696 2803 sine
1742 2747 2013 2802 versibus.
2047 2748 2112 2803 In

2205 2773 2368 2812 aurea
2394 2757 2539 2809 luce:
2568 2752 2910 2824 Antiphone,
2940 2752 3210 2808 Sanctum
3252 2755 3300 2804 el
3338 2765 3533 2804 rerum
3579 2750 3795 2801 lumen.

511 2842 710 2915 primis
741 2843 848 2909 Qui
884 2844 1139 2910 operatus
1194 2843 1268 2892 est
1318 2841 1492 2899 Petro,
1531 2844 1588 2893 et
1628 2837 1771 2895 aliae.
1794 2837 2113 2909 Responso-

2205 2844 2584 2900 Matutinalem
2617 2842 2865 2908 missam,
2898 2841 2946 2895 si
2972 2839 3143 2894 fuerit
3168 2840 3289 2894 dies
3340 2837 3694 2901 Dominicus,
3726 2836 3796 2890 de

514 2932 661 2988 rium
700 2931 777 2986 Τυ
805 2948 858 2985 ⁸³
883 2946 978 2983 υαδ
1006 2930 1295 2994 aecum“,-
1335 2928 1609 2999 Hymnus.
1642 2929 1835 2983 θοσίον
1868 2930 2101 2995 egregie.
2193 2934 2316 3007 ipsa
2333 2933 2539 3000 dicant,
2574 2931 2945 3002 adjungentes
2969 2930 3256 2984 collectam
3290 2927 3680 2999 apostolorum
3708 2944 3721 2992 ;
3749 2923 3798 2979 si

515 3020 882 3077 Postmodum
901 3022 1161 3089 repetant
1181 3016 1545 3087 antiphonam
1579 3016 1647 3071 de
1668 3021 1863 3071 sancto
1876 3017 2107 3081 Joanne.
2136 3073 2176 3091 η
2192 3040 2322 3077 vero
2342 3039 2474 3087 non,
2499 3038 2565 3075 ex
2593 3020 2859 3091 apostolis
2890 3024 3079 3090 agant.
3112 3018 3196 3072 Ad
3234 3018 3507 3088 majorem
3539 3014 3658 3071 sint
3682 3030 3798 3069 om-

515 3109 646 3166 dein
674 3109 743 3163 de
771 3108 1023 3179 apostolo
1044 3107 1234 3166 Petro.
1264 3106 1329 3160 In
1376 3104 1616 3161 crastino
1667 3122 1795 3160 vero
1833 3100 2297 3167 celebrentVnes
2328 3111 2507 3166 levita»,
2553 3116 2724 3180 atque
2760 3108 3076 3163 sacerdotes
3115 3106 3172 3161 in
3206 3107 3416 3177 cappis.
3469 3100 3804 3160 Luminaria

517 3202 739 3254 octavas
767 3194 948 3250 sancti
974 3193 1205 3249 Joannis
1235 3193 1379 3249 sicut
1404 3194 1660 3265 superius
1708 3193 1980 3249 insertum
2020 3194 2121 3248 ha-
2199 3219 2295 3258 sex
2314 3204 2444 3255 ante
2463 3200 2640 3253 altare
2666 3214 2792 3253 cum
2823 3196 2954 3262 illis,
2982 3214 3105 3268 quae
3126 3194 3377 3251 conversi
3402 3194 3685 3249 deferunt.
3711 3190 3802 3247 0f-

517 3287 735 3342 bemus.

589 3374 779 3431 Pridie
799 3375 981 3429 missae
1030 3374 1096 3445 [/1
1125 3372 1355 3444 mensis]
1398 3373 1531 3429 Julii
1588 3372 1832 3428 officium
1891 3372 2121 3445 plenum

520 3467 620 3521 ﬁat
650 3470 864 3536 septem
894 3462 1089 3518 diebus
1125 3479 1225 3534 pro
1253 3461 1468 3517 cunctis
1502 3461 1873 3516 familiaribus
1911 3462 2118 3517 nostris

521 3554 687 3611 sicuti
719 3553 842 3607 fieri
871 3569 991 3607 mos
1015 3557 1101 3607 est
1128 3568 1229 3623 pro
1260 3550 1527 3606 fratribus
1554 3551 1761 3605 nostris
1803 3550 2121 3606 novembris

525 3644 706 3715 [suppl
715 3682 729 3698 .
762 3642 1000 3713 mense]

594 3733 748 3788 Infra
810 3736 1036 3786 octavas
1091 3731 1292 3785 horum
1338 3728 1718 3802 apostolorum
1784 3730 1865 3784 ita
1926 3736 2115 3801 agant.

524 3822 723 3879 Genua
748 3837 860 3876 non
880 3822 1130 3875 flectant.
1162 3818 1572 3883 Invitatorium,
1624 3820 1813 3887 Regem
1854 3822 2120 3888 apostolo-

523 3927 657 3966 rum
677 3930 691 3965 :
708 3911 985 3982 Hymnus.
1004 3910 1249 3964 Ersultet
1266 3910 1478 3962 calum.
1503 3908 1686 3978 Supra
1706 3907 1949 3979 psalmos
1969 3925 2125 3963 assu-

523 4005 682 4055 mant
710 3999 780 4054 de
809 3997 1076 4070 apostolis
1104 4012 1228 4067 quae
1259 3995 1622 4050 conveniant:
1652 4002 1753 4050 aut
1794 4013 1859 4051 ex
1888 3996 2124 4052 historia

522 4087 800 4159 Principis
829 4085 1231 4158 apostolorum,
1276 4101 1398 4156 quae
1451 4084 1599 4139 inter
1645 4102 1707 4140 se
1752 4087 2114 4145 concordent.

524 4177 816 4234 Lectiones
862 4176 932 4229 de
969 4179 1291 4229 sanctorum
1329 4174 1562 4229 Patrum
1618 4174 1992 4230 sermonibus.
2021 4176 2128 4230 Re-

526 4264 885 4339 sponsorium
917 4263 1156 4335 apostoli
1188 4262 1452 4335 principis
1498 4263 1764 4335 primum,
1816 4264 2123 4319 secundum

527 4354 708 4412 sancti
737 4352 918 4419 Pauli,
949 4351 1179 4407 tertium
1208 4352 1360 4407 Petri
1386 4352 1548 4407 beati.
1584 4353 1870 4407 Psalmum
1906 4354 2124 4408 nullum

2201 3289 2412 3355 ficium,
2455 3286 2740 3354 Sapientia
2776 3289 3096 3339 sanctorum
3131 3301 3146 3336 :
3180 3283 3440 3346 Oremus,
3470 3283 3613 3336 Deus
3643 3282 3801 3349 cujus

2202 3380 2484 3434 dexteram
2511 3393 2528 3430 :
2560 3372 2825 3445 Epistola,
2861 3374 2931 3427 ΙΙὶ
2940 3377 3071 3427 sunt
3091 3374 3205 3426 viri
3231 3371 3623 3425 misericordia:
3655 3385 3668 3423 :
3711 3384 3800 3422 re-

2200 3465 2576 3541 sponsorium,
2607 3466 2897 3518 Justorum
2927 3464 3132 3517 animae
3163 3479 3175 3515 :
3208 3460 3469 3525 Alleluia,
3494 3461 3647 3514 Justi
3668 3472 3799 3527 epu-

2203 3562 2392 3613 lentur
2419 3574 2435 3610 :
2463 3552 2846 3623 Evangelium,
2866 3554 3037 3606 Iussit
3065 3553 3253 3606 Jesus:
3285 3548 3565 3614 Ofﬁcium,
3597 3545 3800 3602 Exsul-

2204 3648 2422 3701 labant:
2444 3640 2784 3708 communio,
2805 3642 3095 3695 Justorum
3117 3641 3339 3693 animai.
3375 3637 3703 3709 Antiphone
3730 3630 3799 3687 ad

2201 3747 2509 3804 vesperam,
2554 3731 2772 3798 Virgam
2803 3731 3029 3783 virtutis
3061 3734 3198 3782 tuae:
3227 3727 3456 3795 Psalmi,
3489 3727 3643 3780 Dixit
3697 3724 3800 3777 Do-

2203 3827 2391 3878 minus
2415 3822 2660 3875 :collocet
2681 3835 2846 3873 eum:
2878 3820 3145 3872 venientes
3170 3820 3385 3872 venient
3410 3836 3426 3870 :
3455 3817 3796 3883 confortatus

2203 3918 2308 3967 est:
2353 3912 2582 3966 Domine
2631 3909 2877 3976 probasti
2928 3924 3042 3961 me:
3092 3905 3553 3979 Responsorium,
3606 3906 3797 3959 Petrus

2204 4001 2481 4069 apostolus
2508 4001 2558 4051 et
2583 3997 2827 4050 Paulus:
2859 3995 3117 4068 Hymnus
3133 3997 3317 4050 Aurea
3348 3998 3493 4050 luce:
3522 3992 3797 4065 Antipho.

2204 4105 2297 4151 na,
2330 4089 2431 4142 Isti
2450 4090 2581 4141 sunt
2620 4086 2742 4140 dua:
2769 4086 2922 4140 olivae
2940 4090 2989 4140 et
3016 4086 3125 4141 duo
3153 4086 3515 4141 candelabra:
3538 4084 3795 4150 Oremus,

2207 4179 2348 4233 Deus
2375 4178 2534 4245 cujus
2562 4176 2809 4229 dextera.

2786 4259 3025 4315 CAPUT
3052 4260 3207 4318 XXI.

2419 4354 2488 4407 In
2516 4352 2811 4420 festivitate
2837 4352 3019 4404 sancti
3047 4351 3200 4404 Petri
3220 4351 3294 4404 ad
3336 4351 3581 4405 Vincula.

528 4448 658 4515 post
680 4448 982 4497 nocturnas
1009 4446 1319 4508 assumant,
1339 4441 1437 4496 sed
1458 4440 1650 4496 statim
1682 4447 1883 4497 sonent
1902 4441 2123 4510 signum
2142 4430 2189 4489 Ι)
2276 4440 2600 4496 Festivitate
2621 4437 2800 4494 sancti
2835 4437 2988 4494 Petri
3052 4438 3124 4492 ad
3169 4438 3409 4494 Vincula
3456 4437 3792 4519 Capitulunl,

527 4537 589 4587 et
615 4536 788 4603 agant
812 4530 1119 4585 matutinas
1165 4546 1231 4585 ex
1287 4530 1430 4595 luce,
1463 4536 1521 4584 et
1565 4530 1709 4585 hanc
1759 4531 2126 4603 antiphonam

525 4620 840 4692 imponant,
893 4621 1002 4675 Hoc
1061 4624 1138 4675 est
1198 4624 1526 4688 praceptum
1582 4635 1783 4673 meum.
1845 4620 2123 4692 Hymnus,

527 4711 711 4765 Aurea
732 4712 870 4765 luce.
903 4708 1266 4764 Postmodum
1304 4708 1363 4762 in
1385 4706 1495 4765 alio
1525 4707 1695 4763 choro
1724 4713 1952 4765 cantent
2003 4728 2127 4766 ma-

529 4800 741 4854 tutinas
800 4796 1053 4852 omnium
1111 4795 1447 4851 Sanctorum
1493 4801 1664 4868 atque
1710 4796 2122 4867 defunctorum,

531 4890 667 4944 Deus
695 4888 930 4942 auribus
958 4887 1187 4946 nostris,
1209 4884 1262 4939 ei
1291 4883 1538 4956 quinque
1570 4885 1815 4958 psalmos
1839 4904 1939 4959 pro
1965 4888 2130 4943 anni-

459 5026 468 5040 ,
525 4974 784 5031 versariis
804 4971 1158 5030 fratrum.Ad
1185 4972 1429 5044 primam
1454 4972 1625 5029 missa
1657 4982 2029 5031 mortuorum.
2062 4978 2128 5034 In

523 5065 771 5121 claustro
799 5063 1107 5135 loquantur
1120 5062 1266 5116 sicut
1283 5061 1408 5116 aliis
1429 5061 1649 5120 diebus:
1676 5063 1735 5118 in
1763 5064 1917 5119 horis
1936 5071 2126 5121 autem

523 5154 834 5227 antiphona
863 5150 1234 5225 plurimorum
1274 5152 1677 5220 apostolorum.
1702 5153 1775 5209 At
1801 5153 1895 5208 ubi
1941 5153 2127 5210 minus

522 5243 787 5299 eveniunt
827 5246 1098 5314 promant
1136 5241 1204 5296 de
1253 5241 1529 5314 propriis:
1578 5241 1839 5298 similiter
1880 5243 2127 5317 capitula

522 5338 692 5406 atque
721 5329 1022 5387 orationes.
1051 5329 1260 5385 Psalmi
1279 5330 1586 5385 familiares
1607 5347 1720 5385 non
1738 5331 2121 5402 imponantur.

521 5421 658 5477 Post
683 5418 910 5474 tertiam
940 5424 1115 5491 agant
1142 5418 1391 5474 missam.
1421 5418 1702 5485 Officium,
1735 5419 1875 5473 Mihi
1901 5425 2113 5480 autem.

522 5508 781 5573 Oremus,
808 5510 948 5563 Deus
986 5512 1145 5578 cujus
1177 5510 1399 5564 dextera
1440 5526 1457 5562 :
1508 5505 1797 5579 Epistola:
1840 5510 1969 5563 Jam
2009 5525 2122 5567 non

522 5600 648 5652 estis
677 5598 908 5666 hospites
938 5616 956 5652 :
985 5597 1445 5670 Responsorium,
1481 5598 1667 5653 Nimis
1700 5597 1991 5655 honorati:
2019 5599 2120 5655 Al-

2207 4533 2398 4587 Petrus
2418 4530 2639 4600 quidem
2657 4528 2981 4583 servabatur
3000 4530 3062 4582 in
3084 4544 3318 4583 carcere.
3341 4527 3793 4600 Responsorium.

2207 4620 2271 4677 Si
2296 4622 2486 4689 diligis
2510 4636 2614 4674 me.
2646 4617 2920 4690 Hymnus,
2942 4620 3131 4673 Petrus
3153 4620 3337 4673 beatus
3365 4624 3564 4674 catenae
3590 4621 3793 4688 laqueo.

2210 4710 2576 4777 Quodcunque
2604 4709 2817 4761 vinclis.
2845 4707 3033 4763 Gloria
3061 4708 3161 4762 Deo
3184 4724 3286 4777 per
3302 4710 3588 4762 immensa.
3614 4708 3796 4762 Sacer-

2211 4798 2311 4853 dos
2332 4797 2407 4852 sit
2433 4796 2492 4851 in
2511 4794 2722 4868 cappis,
2756 4794 3008 4851 incenset
3032 4796 3233 4851 altare.
3264 4796 3605 4868 Antiphone,
3630 4797 3796 4864 Ange-

2213 4892 2301 4944 lus
2329 4887 2557 4941 Domini
2582 4886 2819 4940 adstitit.
2858 4885 2929 4939 Et
2963 4885 3133 4940 tertia
3155 4885 3269 4941 vice
3288 4885 3633 4940 decantetur.
3662 4886 3794 4940 Ore-

2210 4993 2356 5044 mus,
2378 4976 2516 5030 Deus
2537 4976 2637 5043 qui
2648 4975 2867 5029 beatum
2888 4976 3115 5029 Petrum
3132 4978 3519 5044 apostolorum.
3541 4974 3796 5031 Invitata-

2209 5065 2378 5132 rium,
2407 5065 2486 5119 Tu
2514 5081 2565 5119 es
2579 5068 2771 5133 pastor
2799 5066 3004 5130 ovium,
3036 5062 3333 5136 ipsumque
3352 5064 3462 5119 duo
3491 5062 3796 5118 fratresde-

2208 5158 2435 5210 cantent
2452 5152 2510 5207 in
2524 5152 2735 5226 cappis.
2756 5152 3032 5224 Hymnus,
3055 5153 3299 5208 Ersultet
3321 5153 3603 5209 castumJn
3623 5152 3794 5225 primo

2206 5249 2499 5310 nocturno,
2529 5242 2858 5314 antiphona,
2891 5243 2960 5297 In
3005 5258 3222 5297 omnem
3254 5248 3483 5297 terram.
3513 5241 3793 5296 Lectiones

2207 5338 2449 5405 quatuor
2472 5332 2542 5387 de
2568 5330 2798 5387 Actibus
2822 5330 3206 5402 apostolorum
3239 5349 3252 5384 :
3284 5331 3436 5385 Misit
3454 5331 3687 5386 Herodes
3708 5343 3793 5384 rer

2203 5438 2425 5476 manus.
2456 5419 2523 5476 In
2554 5419 2799 5477 secundo
2825 5420 2949 5474 alia:
2976 5425 3220 5492 quatuor
3261 5436 3327 5475 ex
3348 5435 3607 5475 sermone
3626 5415 3792 5473 sancti

2201 5510 2502 5583 Augustini
2523 5512 2790 5574 Audistis,
2816 5512 3023 5578 fratres
3052 5510 3390 5574 charissimi,
3428 5510 3790 5564 beatissimum

2199 5598 2832 5672 Petrum.Responsoria
2845 5598 3036 5655 omnia
3052 5602 3283 5659 cantent
3300 5616 3367 5655 ex
3379 5598 3616 5656 historia
3626 5597 3788 5672 ipsius
