3914 6358
137 304 279 362 1225
1333 309 1755 368 DISCIPLINA
1789 310 2208 373 FARFENSIS.
3264 320 3403 381 l226

132 426 556 501 incipis.Simon
574 432 746 500 Petre,
769 436 1053 505 quartum,
1075 438 1354 501 octavum,
1386 441 1445 491 et
1471 436 1799 498 duodeci—A
1815 436 1894 492 lia
1923 440 2105 495 sancti
2131 439 2454 512 Augustini,
2502 441 2697 505 Amen,
2722 458 2894 498 amen
2925 444 3045 500 dico
3088 446 3255 511 vobis,
3287 449 3408 504 nisi

133 532 288 573 mum
318 535 356 573 a
384 519 604 576 duobus
630 520 1019 589 decantentur,
1039 528 1150 578 eta
1175 525 1358 596 capite
1382 526 1570 597 ipsum
1598 526 1733 581 duo-
1810 542 2057 595 granum
2076 531 2370 596 frumenti,
2407 534 2465 584 et
2493 530 2639 585 cerei
2668 530 2779 585 duo
2797 537 3128 603 augeantur.

133 605 342 661 denum
366 614 500 679 post
527 610 715 665 Gloria
735 612 1124 683 recapitulent.
1156 614 1243 668 Ad
1270 615 1553 670 canticum
1582 616 1730 671 anti-
1881 613 2018 667 Post
2043 614 2407 685 Evangelium
2440 616 2758 682 recitatum,
2791 609 3035 687 oremus,
3063 622 3273 684 Eccita,
3299 623 3407 677 Do-

132 696 340 766 phona,
363 698 521 753 Misit
552 700 801 764 Herodes,
834 701 919 755 vel
947 705 1102 756 misit
1147 704 1416 759 Dominus
1443 709 1724 773 angelum.
1811 704 1980 756 mine.
2012 704 2077 757 In
2105 704 2292 769 laude,
2316 705 2386 759 ad
2416 706 2715 760 stationem
2745 709 3183 778 responsorium,
3218 712 3409 765 Beatus

133 785 454 854 Canticum,
489 789 577 842 Vos
596 792 777 844 sancti
794 792 1039 845 Domini.
1063 791 1308 847 Homilia
1327 809 1391 847 ex
1420 794 1728 865 evangelio,

131 876 459 930 uenitJesus
486 879 549 931 in
562 883 771 945 partes.
801 879 867 933 In
915 879 1100 934 albam
1132 878 1238 948 (28)
1266 900 1280 948 ;
1315 884 1509 937 Petrus
1545 890 1732 939 autem

131 964 479 1017 servabatur.
503 964 847 1035 Antiphone,
879 972 999 1021 erat
1027 971 1220 1022 Petrus
1247 970 1545 1025 dormiens.
1569 972 1734 1026 Anti-

131 1048 336 1120 phona,
351 1051 598 1119 Angelus
628 1055 872 1107 Domini.
895 1055 1173 1126 Hymnus,
1195 1059 1390 1112 Petrus
1413 1058 1735 1113 beatus.An-

131 1137 384 1210 tiphona.
423 1141 808 1211 Quodcunque.

199 1226 287 1281 Ad
311 1227 548 1283 missam
576 1230 971 1287 matutinalem
1017 1233 1279 1289 dicantur
1314 1236 1557 1292 collectae
1592 1236 1738 1291 sicut

132 1313 189 1369 in
216 1315 522 1372 duodecim
572 1319 944 1389 lectionibus;
1000 1322 1071 1377 ad
1120 1324 1388 1393 majorem
1428 1325 1739 1380 induantur

135 1420 328 1459 omnes
352 1406 570 1478 cappis,
607 1408 780 1463 etiam
823 1411 1094 1478 conversi,
1147 1412 1245 1483 qui
1273 1413 1458 1469 sciunt
1485 1420 1732 1469 cantare.

134 1493 216 1548 Ad
230 1494 384 1551 hanc
402 1512 627 1551 sacram
643 1497 833 1552 adsint
847 1499 1092 1555 candelae
1107 1507 1238 1556 ante
1255 1502 1451 1556 altare.
1476 1503 1735 1558 Officium

134 1587 364 1638 teneant
388 1600 490 1640 sex
510 1585 734 1641 fratres.
762 1588 925 1642 Nunc
961 1592 1071 1644 scio
1108 1606 1248 1644 vere.
1278 1591 1536 1658 Oremus,
1569 1593 1730 1660 Deus,

135 1676 232 1740 qui
245 1674 473 1729 beatum
483 1675 1160 1755 Petrum.Epistola,Misit
1182 1680 1415 1735 Herodes
1428 1725 1441 1737 .
1473 1679 1734 1753 Respon-

1811 791 2163 847 Laurentius.
2191 793 2419 848 Missam
2446 795 2834 851 matutinalem
2860 803 3033 867 agant
3070 814 3137 853 ex
3173 798 3264 853 die
3292 799 3408 855 Do-

1815 880 2023 935 minica
2059 881 2108 936 si
2138 882 2398 947 adfuerit,
2446 883 2817 954 adjungentes
2863 886 3174 941 orationem
3228 887 3410 945 sancti

1815 968 2596 1038 Laurentii.E:ccita,Domine,
2615 978 2672 1026 et
2699 974 2837 1027 alias
2866 975 3410 1034 consuetudinarias.

1815 1056 1883 1111 In
1894 1058 2048 1113 horis
2061 1058 2356 1130 imponant
2372 1059 2737 1131 antiphonam
2747 1079 2813 1116 ex
2834 1063 3127 1118 matutinis
3148 1064 3411 1120 laudibus

1816 1145 1937 1201 sine
1956 1147 2225 1202 versibus.
2259 1148 2345 1202 Ad
2367 1147 2597 1202 missam
2628 1150 2901 1220 majorem
2927 1167 3121 1206 omnes
3147 1153 3412 1208 sacerdo-

1817 1241 1905 1290 tes
1933 1242 2102 1307 atque
2121 1236 2300 1291 levitas
2320 1236 2436 1291 sint
2480 1237 2671 1292 amicti
2724 1239 2932 1311 cappis.
2965 1240 3191 1312 Septem
3219 1257 3411 1297 cereos

1817 1324 2128 1379 accendant
2154 1330 2285 1379 ante
2313 1341 2491 1379 aram.
2523 1324 2786 1393 Oremus,
2818 1330 3042 1395 Praesta,
3074 1346 3406 1398 quaesumus,

1818 1417 2161 1482 omnipotens
2188 1416 2347 1469 Deus.
2380 1414 2468 1468 Ad
2503 1431 2791 1486 vesperam
2837 1417 3147 1489 antiphona
3175 1436 3299 1491 quae
3321 1436 3414 1476 su-

1820 1518 1921 1573 per
1930 1507 2203 1557 nocturno
2212 1503 2402 1570 fuerit,
2418 1502 2729 1575 imponant,
2745 1505 2866 1560 sine
2882 1506 3167 1562 versiculis
3178 1524 3415 1579 sequen-

1816 1590 1986 1646 tibus.
2010 1591 2265 1647 Psalmos
2284 1608 2350 1647 ex
2370 1608 2483 1647 uno
2500 1598 2751 1664 martyre
2766 1596 3218 1650 assumant.Tam
3233 1596 3292 1651 in
3308 1597 3414 1652 hac

1816 1679 1956 1733 hora
1971 1696 2137 1752 quam
2161 1681 2222 1735 in
2241 1681 2522 1736 matutino
2553 1698 2697 1737 unus
2725 1670 2983 1738 sacerdos
3025 1685 3101 1739 sit
3135 1684 3196 1740 in
3238 1701 3416 1758 cappa

137 1761 368 1830 serium,
403 1764 715 1820 Gonstitues
743 1782 848 1831 eos,
881 1783 916 1820 a
941 1766 1160 1822 duobus
1210 1768 1541 1824 decantetur
1587 1771 1673 1824 vel
1702 1787 1737 1825 a
1756 1768 1891 1849 Bad
1937 1768 2341 1824 incensandum
2390 1769 2585 1824 altare.
2637 1770 2848 1825 Octava
2886 1773 3143 1843 ejusdem
3173 1773 3419 1831 efﬁciant

133 1848 331 1904 tribus.
361 1850 631 1919 Alleluia,
659 1852 1049 1922 Solvejubente
1069 1857 1192 1923 Deo,
1225 1862 1532 1928 aquatuor.
1556 1859 1737 1913 Evan-

139 1937 370 2008 gelium,
389 1941 546 1994 Venit
563 1941 1337 2010 Jesus.Ofﬁcium,Gonstitues
1360 1963 1463 2002 eos.
1496 1947 1739 2003 Oﬂ’erto-

141 2026 222 2081 ria
245 2027 360 2083 duo
391 2029 693 2101 accipiant.
748 2031 1103 2098 Communia,
1132 2033 1329 2089 Simon
1372 2038 1625 2091 Joannis.
1652 2036 1739 2091 Ad

136 2131 396 2188 vesperas
428 2118 757 2189 antiphona,
783 2122 1009 2175 Iuravit
1053 2123 1342 2191 Dominus,
1375 2125 1461 2179 vel
1497 2125 1737 2198 propriae

136 2204 310 2276 ipsius
340 2208 732 2263 nocturnalize.
764 2209 1038 2281 Hymnus,
1085 2213 1276 2266 Petrus
1325 2213 1534 2270 beatus.
1574 2215 1737 2269 Anti-

139 2294 338 2365 phona,
370 2297 529 2350 Dicit
556 2296 754 2353 Simon
774 2300 966 2353 Petrus
987 2301 1060 2355 ad
1086 2302 1292 2368 Jesum,
1334 2306 1389 2356 et
1409 2302 1644 2357 collecta
1678 2302 1738 2357 in

143 2382 259 2454 ipso
287 2384 381 2439 die
413 2386 617 2456 posita.

207 2471 492 2529 DOMINIGA
507 2474 532 2529 Ι
548 2489 739 2532 MENSIS
769 2476 1033 2533 AUGUSTI.
1058 2476 1305 2533 Sabbato
1335 2479 1407 2534 ad
1431 2496 1735 2552 vesperam,

146 2562 590 2634 responsorium,
612 2564 813 2619 Emitte
864 2567 1114 2621 Domine.
1144 2567 1232 2622 Ad
1272 2570 1608 2636 Magni/teat.
1645 2572 1744 2625 Do-

144 2654 328 2706 minus
351 2654 596 2722 possedit
623 2669 735 2710 me.
766 2653 847 2709 De
868 2655 1166 2710 Salomone
1192 2657 1385 2727 legant
1411 2662 1529 2712 tam
1572 2658 1630 2713 in
1658 2676 1742 2713 ec-

143 2739 324 2808 clesia,
359 2756 533 2812 quam
561 2741 633 2796 ad
655 2742 1033 2812 refectionem,
1086 2762 1266 2817 usque
1315 2747 1506 2818 [Supp.
1539 2747 1611 2802 ad
1638 2747 1741 2802 ini-

144 2827 309 2901 tium]
337 2829 555 2885 mensis
577 2830 938 2903 Septembris.

714 2922 949 2978 CAPUT
976 2922 1154 2978 XXII.

584 3011 780 3078 Vigilia
800 3015 980 3066 sancti
1008 3011 1317 3067 Laurentii.

211 3096 423 3168 Vigilia
448 3097 628 3152 sancti
657 3099 945 3154 Laurentii
974 3106 1102 3172 post
1129 3106 1344 3156 sextam
1403 3118 1528 3157 mox
1555 3107 1619 3157 ut
1645 3119 1738 3158 so-

1819 1855 2112 1911 duodecim
2144 1857 2432 1912 lectiones.
2462 1857 2550 1911 Ad
2578 1857 2961 1913 invitatorium
2992 1860 3103 1915 duo
3131 1861 3335 1917 fratres
3358 1860 3417 1916 in

1819 1944 1981 2011 albis,
2011 1948 2203 2000 Justus
2222 1948 2454 2018 ﬂorebit.
2477 1946 2803 2018 Antiphona
2824 1953 2881 2002 et
2898 1950 3257 2019 responsoria
3273 1950 3421 2005 sicut

1817 2050 1990 2105 supra
2016 2034 2075 2088 in
2107 2034 2230 2104 ejus
2260 2050 2438 2088 sacro.
2470 2033 2615 2088 Nam
2653 2034 2859 2090 scimus
2889 2037 3022 2107 quia
3049 2037 3170 2091 haec
3216 2037 3423 2109 repeti;

1815 2121 1897 2176 tio
1919 2122 2016 2191 buj
2025 2139 2091 2176 us
2105 2122 2421 2177 festivitatis
2440 2121 2587 2176 infra
2607 2128 2858 2177 octavam
2871 2122 3207 2179 beatissimae
3227 2125 3418 2185 Maria

1818 2211 2022 2269 evenit.
2044 2211 2333 2266 Lectiones
2364 2212 2559 2282 legant
2588 2212 2657 2267 de
2685 2218 3005 2267 sanctorum
3023 2214 3253 2269 Patrum
3277 2214 3419 2288 [ser-

1821 2299 2124 2371 monibus],
2158 2299 2511 2371 responsoria
2540 2306 2662 2355 octo
2682 2306 2911 2356 cantent
2954 2302 3024 2357 de
3051 2303 3270 2374 praefati
3293 2321 3421 2361 sano

1822 2389 1899 2443 cti
1922 2389 2175 2444 historia.
2212 2390 2278 2444 In
2334 2389 2760 2445 matutinalibus
2788 2390 3037 2462 quinque
3084 2393 3420 2465 antiphonas

1822 2483 2106 2550 promant,
2140 2487 2198 2533 et
2226 2478 2458 2534 missam
2486 2480 2757 2550 majorem
2786 2479 2858 2534 ad
2912 2480 3139 2536 tertiam
3166 2499 3233 2537 ex
3269 2498 3336 2537 eo
3364 2500 3423 2537 a-

1820 2573 1977 2638 gant.
2003 2568 2281 2635 Ofﬁcium,
2298 2570 2546 2632 Domine,
2572 2570 2821 2636 probasti
2838 2585 2932 2623 cor
2945 2571 3416 2641 meum.Collecta,

1822 2658 2035 2723 Eccita,
2068 2659 2314 2711 Domine.
2347 2655 2620 2727 Epistola,
2649 2658 2757 2725 Qui
2773 2673 2960 2725 pacem
2990 2662 3247 2714 seminat.
3279 2660 3421 2716 Res-

1821 2745 2170 2815 ponsorium.
2199 2748 2521 2799 Prmenisti
2547 2762 2697 2801 eum.
2734 2745 2994 2813 Alleluia,
3049 2749 3147 2802 llic
3174 2754 3248 2803 est
3299 2766 3422 2804 vere

1822 2840 2064 2903 martyr.
2096 2832 2481 2903 Evangelium,
2511 2834 2574 2889 Si
2601 2836 2724 2902 quis
2752 2837 2869 2888 vult
2911 2840 3032 2904 post
3078 2853 3163 2890 me
3208 2840 3413 2892 venire.

1823 2921 2102 2989 Ofﬁcium,
2140 2923 2203 2976 In
2222 2925 2445 2979 virtute.
2480 2922 2835 2988 Communio,
2857 2924 3113 2987 Posuisti,
3147 2926 3377 2980 Domine
3399 2945 3417 2980 :

1824 3015 1883 3064 et
1913 3010 1962 3064 si
1992 3010 2111 3064 haec
2139 3014 2335 3065 octava
2361 3009 2453 3063 die
2480 3009 2771 3064 Dominico
2809 3010 3119 3079 advenerit,
3148 3012 3418 3068 lectiones

1824 3105 1947 3154 octo
1972 3099 2164 3171 legant
2191 3098 2261 3153 de
2289 3097 2409 3170 ipso
2436 3097 2638 3165 beato;
2671 3097 2793 3153 aliae
2830 3105 3075 3170 quatuor
3116 3100 3186 3155 de
3231 3101 3421 3157 Domi-

144 3187 330 3241 nuerit
348 3191 542 3241 custos
565 3187 808 3242 ecclesiae
829 3189 1075 3259 signum,
1107 3195 1344 3262 surgant
1387 3208 1580 3246 omnes
1607 3209 1638 3246 e
1665 3193 1742 3247 le-
1821 3189 1966 3243 nica.
1996 3187 2248 3243 Homilia
2276 3187 2530 3259 ejusdem
2559 3187 2688 3241 diei.
2715 3188 3039 3259 Sequuntur
3057 3188 3419 3247 matutinales

144 3274 315 3344 cticis,
349 3280 411 3331 et
436 3275 764 3347 provideant
804 3277 1100 3349 indigeriis
1145 3280 1281 3341 suis,
1304 3285 1363 3335 et
1385 3281 1735 3349 conveniant,
1821 3281 2017 3335 laudes
2044 3279 2220 3349 ipsius
2248 3278 2570 3334 Dominicm.
2603 3278 2689 3332 Ad
2714 3278 3303 3352 collectam,repetant
3320 3298 3421 3338 an-

146 3361 329 3420 lavent
353 3381 560 3421 manus
592 3382 657 3420 ac
687 3366 886 3422 facies:
908 3366 1154 3424 infantes
1178 3369 1389 3441 absque
1410 3371 1525 3426 ullo
1555 3373 1742 3428 sonitu
1822 3371 2115 3442 tipbonam
2141 3385 2268 3423 cum
2295 3368 2484 3423 Gloria
2512 3366 2581 3420 de
2600 3366 2832 3437 praefato
2852 3373 3044 3424 sancto
3077 3386 3089 3423 ί
3123 3370 3254 3425 dein
3283 3388 3417 3443 pro-

145 3451 285 3524 signi
307 3454 541 3510 veniant
567 3454 628 3510 in
657 3455 950 3511 ecclesiam
981 3464 1113 3513 ante
1134 3460 1330 3526 altare,
1358 3460 1604 3516 efﬁciant
1622 3479 1745 3517 ora-
1824 3463 1987 3515 mant
2013 3457 2378 3529 antiphonam
2403 3456 2473 3510 de
2501 3461 2696 3510 sancta
2718 3455 2913 3523 Maria,
2947 3461 3005 3512 et
3030 3458 3079 3512 si
3104 3476 3418 3531 congruum

144 3542 378 3612 tionem,
396 3550 598 3600 exeant
623 3554 681 3600 et
706 3563 766 3601 se
792 3547 1390 3606 induantvestimentis
1414 3552 1586 3607 sacris
1600 3553 1739 3607 mis-
1821 3548 2062 3614 videtur,
2093 3546 2325 3601 tertium
2354 3550 2693 3600 nocturnum
2739 3546 2841 3599 ﬁat
2869 3545 2939 3600 de
2969 3552 3166 3603 sancta
3193 3549 3367 3606 Maria
3396 3565 3413 3607 :

147 3645 220 3686 sa:
245 3633 545 3705 coaptatis,
577 3635 838 3690 sacerdos
875 3653 1003 3691 cum
1030 3637 1319 3698 ministris.
1347 3644 1405 3694 et
1431 3640 1631 3695 deinde
1659 3640 1741 3695 di-
1820 3637 1998 3709 ipsius
2024 3653 2156 3691 vero
2174 3634 2452 3691 Dominici
2514 3634 2627 3689 diei
2696 3639 2902 3705 agatur
2948 3637 3123 3692 missa
3145 3637 3205 3693 in
3228 3638 3416 3710 quoti-

147 3727 272 3777 cant
300 3723 539 3779 missam
567 3740 635 3779 ex
669 3724 859 3795 vigilia
876 3725 1052 3797 ipsius
1080 3727 1212 3781 diei.
1245 3728 1487 3784 Alleluia
1511 3742 1624 3784 non
1644 3744 1738 3783 ca-
1820 3726 2005 3782 dianis
2033 3724 2250 3781 diebus.

148 3816 297 3866 nant.
334 3810 405 3866 In
434 3811 558 3883 ipso
587 3812 677 3867 die
708 3829 811 3868 nec
836 3814 1057 3885 adipem
1078 3816 1394 3884 comedent,
1428 3823 1485 3871 et
1510 3817 1569 3871 in
1598 3817 1737 3872 refe-

149 3899 343 3967 ctorio,
376 3900 649 3972 quidquid
677 3903 1014 3958 remanserit
1040 3904 1112 3958 de
1142 3921 1287 3976 pane
1312 3911 1370 3960 et
1421 3907 1549 3961 vino
1597 3907 1738 3962 elee-

147 3990 502 4062 mosynarius
522 3991 779 4063 accipiat.
806 3982 954 4048 Ante
978 4010 1268 4066 vesperam
1289 4002 1476 4052 custos
1494 3997 1737 4053 ecclesiae

148 4086 306 4135 ornet
327 4080 534 4135 altaria
557 4081 769 4151 sericis,
800 4087 859 4137 et
906 4082 965 4137 in
1019 4084 1274 4140 formulis
1320 4088 1530 4158 tapetia
1567 4104 1739 4159 supra

149 4169 436 4229 extendat.
479 4170 566 4225 Ad
582 4187 821 4242 vesperae
834 4172 1090 4244 synaxim
1112 4175 1359 4246 quinque
1387 4193 1578 4231 cereos
1606 4182 1738 4232 ante

148 4256 321 4312 altare
341 4264 573 4329 ponant.
603 4260 945 4331 Capitulum,
992 4263 1294 4330 Gonfitebor
1340 4266 1458 4327 tibi,
1512 4267 1737 4320 Domine
1819 4268 2017 4336 aptent
2062 4261 2316 4316 bancalia
2348 4257 2480 4329 (30),
2528 4259 2588 4314 in
2635 4260 2893 4315 formulis
2929 4263 3139 4333 tapetia
3170 4282 3182 4317 ε
3208 4265 3412 4321 altaria

147 4358 255 4399 rex.
281 4347 741 4419 Responsorium,
762 4350 874 4417 Quo
892 4352 1551 4424 progrederis.llymnus,
1582 4356 1737 4409 Mar-
1754 4424 1779 4426 _
1820 4358 2020 4408 ornent
2038 4351 2155 4406 suis
2177 4349 2523 4405 ornamentis
2546 4367 2558 4403 :
2591 4348 2651 4403 in
2678 4350 2878 4420 majori
2907 4367 3100 4407 omnes
3117 4352 3289 4408 libros
3318 4372 3415 4426 pa-

151 4439 287 4504 tyris
299 4440 530 4494 Christi.
549 4437 891 4507 Versiculus,
906 4440 1191 4507 Dispersit,
1221 4442 1367 4496 dedit
1373 4446 1729 4513 pauperibus.
1752 4424 1800 4482 D
1819 4448 1972 4497 ratos
1990 4446 2220 4513 ponant,
2250 4444 2311 4529 et
2328 4439 2622 4529 duodecim
2642 4439 2887 4529 candelae
2908 4446 3039 4495 ante
3076 4441 3283 4529 ipsum.
3311 4424 3413 4499 Ila-

148 4528 486 4601 Antiphone,
502 4530 684 4584 Levita
703 4530 1054 4583 Laurentius.
1072 4536 1329 4596 Oremus,
1348 4534 1557 4595 Adesto,
1576 4535 1731 4596 Deus,
1818 4531 1978 4586 silica
2012 4535 2218 4584 sanctae
2249 4527 2443 4582 Mariae
2488 4527 2699 4599 optime
2734 4528 3030 4584 decoretur
3069 4527 3187 4586 tam
3227 4534 3409 4604 palliis

150 4619 658 4687 supplicationibus.
682 4621 767 4676 Ad
790 4624 1089 4680 stationem
1111 4623 1735 4697 responsorium,Levita
1818 4637 1987 4693 quam
2016 4616 2368 4690 phanonibus
2394 4616 2499 4690 (31)
2532 4633 2668 4671 auro
2693 4616 2879 4673 textis.
2914 4618 3145 4674 Missam
3173 4624 3410 4678 matuti-

2386 3812 2617 3869 CAPUT
2642 3813 2845 3871 XXIII.

1940 3907 2176 3973 Virginis
2195 3906 2553 3972 Assumptum
2577 3905 2763 3956 cuncti
2788 3905 2866 3956 sic
2889 3904 3069 3958 ducite
3092 3921 3324 3963 mecum.

1888 3994 2096 4065 Vigilia
2109 3991 2524 4064 Assumptionis
2542 3998 2746 4045 sanctae
2767 3991 2976 4047 Mariae.
2998 3994 3145 4048 Ante
3171 3995 3412 4066 primam

1819 4089 2023 4139 ornent
2049 4082 2359 4148 ecclesiam,
2382 4081 2514 4135 hinc
2534 4086 2591 4135 et
2607 4080 2739 4135 inde
2776 4080 3018 4151 parietes
3046 4083 3275 4139 cortinis
3309 4102 3414 4142 nec

1820 4191 1931 4229 non
1950 4173 2147 4245 palleis
2172 4170 2276 4242 (‘29)
2290 4215 2302 4237 ,
2321 4171 2490 4225 choro
2511 4175 2639 4241 post
2656 4170 2823 4225 dorsa
2848 4170 3086 4227 fratrum
3113 4172 3172 4228 in
3200 4174 3410 4231 circum

151 4706 499 4761 Laurentius.
524 4707 781 4780 Oremus,
804 4713 1013 4776 Eccita,
1037 4717 1289 4777 Domina,
1326 4718 1385 4769 in
1407 4711 1735 4767 ecclesia.Ad
1818 4710 2004 4765 nalem
2032 4713 2205 4779 agant
2234 4707 2303 4761 de
2332 4711 2525 4760 sancto
2550 4704 2814 4770 Eusebio,
2856 4707 3231 4779 adjungentes
3270 4714 3410 4769 alias

150 4794 529 4850 invitatorium
549 4805 791 4869 quatuor
816 4801 877 4857 in
904 4804 1115 4875 cappis,
1147 4807 1342 4859 Beatus
1380 4805 1731 4858 Laurentius.
1817 4816 1918 4870 pro
1934 4796 2234 4852 defunctis.
2270 4794 2628 4850 Olferendam
2643 4810 2837 4849 omnes
2851 4795 3077 4852 faciant.
3102 4799 3236 4854 Post
3262 4801 3411 4873 capi-

152 4882 425 4958 Hymnus,
446 4890 645 4946 Devota
666 4898 862 4948 mente.
886 4895 1175 4949 Lectiones
1224 4897 1348 4947 octo
1372 4892 1442 4946 de
1471 4892 1595 4962 ejus
1616 4907 1740 4963 pas-
1817 4888 2000 4942 tulum
2032 4884 2258 4939 veniant
2284 4898 2478 4937 omnes
2511 4882 2582 4936 ad
2637 4881 2971 4937 radendum.
3012 4885 3148 4940 Post
3192 4894 3408 4944 sextam

153 4973 322 5032 sione.
355 4978 797 5049 Responsorium
828 4989 1112 5055 quartum,
1135 4988 1411 5045 octavum,
1436 4987 1493 5036 et
1534 4981 1740 5035 duode—
1820 4992 1944 5033 cum
1968 4970 2486 5071 audierintsignum
2507 4976 2803 5070 surgante
2825 4971 3070 5071 lectulis,
3086 4973 3275 5071 lavent
3287 4993 3408 5032 ma-

155 5062 354 5122 cimum
384 5067 530 5125 sicut
555 5088 677 5127 mos
705 5076 791 5127 est
815 5071 875 5128 in
914 5079 1151 5145 quatuor
1182 5072 1376 5145 cappis
1396 5076 1523 5143 post
1551 5072 1738 5126 Gloria
1819 5082 1927 5139 nus
1946 5070 2114 5135 atque
2134 5061 2320 5127 facies,
2355 5065 2411 5114 et
2433 5064 2566 5113 eant
2601 5061 2762 5129 pueri
2790 5061 2847 5114 in
2878 5061 3168 5116 ecclesiam
3197 5064 3411 5138 absque

152 5154 607 5226 recapitulentur,
664 5161 855 5217 Primo
904 5169 963 5218 et
1014 5163 1257 5218 secundo
1311 5167 1586 5216 nocturno
1622 5164 1739 5214 tres
1819 5154 2006 5210 sonitu
2026 5150 2173 5222 signi
2195 5169 2207 5205 :
2229 5148 2437 5205 faciant
2455 5147 2757 5215 orationes,
2789 5154 2846 5203 et
2867 5149 3196 5219 induantur,
3229 5171 3412 5211 sacer-

154 5246 390 5303 candelm
416 5254 549 5304 ante
572 5250 751 5308 altare
773 5251 905 5320 sint,
928 5258 1080 5308 retro
1110 5268 1243 5308 una.
1268 5252 1334 5307 In
1362 5251 1529 5305 tertio
1553 5247 1736 5303 homi-
1818 5245 1919 5300 dos
1945 5242 2136 5299 casula
2161 5240 2430 5295 diaconus
2448 5236 2769 5304 dalmatica,
2793 5236 3167 5296 subdiaconus
3195 5244 3405 5305 tunica.

157 5386 682 5519 ωᾳέἐὲἓέεθηᾶυω
707 5394 851 5452 forte
880 5398 945 5452 in
964 5396 1110 5466 alba,
1136 5396 1243 5454 hoc
1258 5399 1343 5452 est
1386 5408 1610 5463 aurora,
1638 5410 1739 5450 seu
1824 5386 2195 5519 gasainnch‘go
2223 5388 2529 5459 ponuntur.
2563 5382 2652 5439 Ita
2682 5380 2929 5446 Durand,
2956 5381 3052 5438 ub.
3081 5399 3126 5454 ι,
3156 5385 3406 5457 Ration.,

224 5531 329 5607 (29)
358 5534 569 5607 Palliis,
596 5537 752 5605 velis,
784 5538 994 5593 sericis.
1894 5524 2006 5605 (31)
2036 5531 2351 5597 Phanones,
2389 5528 2642 5594 fanones,
2664 5524 2851 5593 fanen,
2874 5524 3017 5595 vela,
3050 5527 3269 5586 vexilla.

225 5604 336 5679 (30)
365 5605 647 5676 Bancalia,
673 5604 809 5666 sunt
833 5609 1006 5682 panni
1026 5610 1123 5684 qui
1151 5610 1493 5684 supersedes
1509 5609 1593 5664 vel
1612 5609 1743 5664 ben-

396 5704 659 5770 ΡΑτιιοι.
705 5710 823 5772 CL.
3106 5695 3184 5761 39
