3914 6382
468 373 612 434 1215

1524 374 1877 433 GUIDONIS
1912 373 2223 431 ABBATIS
2259 373 2657 431 FARFENSIS

3610 375 3755 438 1216

470 498 755 566 sacrario;
785 498 1053 554 diaconus
1079 498 1281 555 induat
1316 499 1489 554 stolas
1517 506 1860 572 argentatas,
1894 505 2065 572 atque
2082 502 2132 561 A
2149 497 2308 554 albis.
2344 500 2478 556 Post
2520 499 2893 573 expiationem
2924 501 3131 574 missae,
3164 501 3463 559 benedicat
3490 503 3759 560 sacerdos

472 589 836 645 dalmaticam
869 593 1193 643 aureatam:
1226 588 1598 644 subdiaconus
1617 590 1809 645 tunica
1837 590 2073 644 circum-

476 679 612 733 data
637 694 777 732 auro
810 694 821 729 :
855 682 978 732 octo
1011 679 1094 732 vel
1124 678 1373 750 quinque
1401 685 1657 734 cantores
1684 678 2073 734 vestianturin

475 766 688 839 cappis,
738 782 976 838 quorum
1014 784 1113 821 sex
1156 768 1242 821 vel
1284 773 1399 822 tres
1445 784 1511 822 ex
1539 766 1626 822 his
1654 774 1901 823 cantent.
1932 770 2075 823 Alle-

480 843 622 923 luia,
646 856 997 923 Conﬁtemini
1023 857 1275 921 Domino,
1298 862 1356 911 et
1375 856 1471 910 alii
1501 857 1630 925 duo,
1659 862 1920 923 tractum,
1937 859 2075 912 Lau-

477 946 602 999 date
629 944 951 1007 Dominum,
977 960 1161 999 omnes
1179 950 1380 1012 gentes.
1407 946 1533 1000 Bini
1553 947 1802 1000 conversi
1819 946 2075 1001 candela-

477 1032 581 1088 bra.
601 1033 775 1104 [supp.
808 1034 1075 1105 portent],
1109 1034 1311 1089 tertius
1330 1034 1678 1089 thuribulum
1707 1036 1943 1107 :quippe
1963 1036 2073 1090 duo

479 1121 575 1194 qui
624 1128 837 1177 canunt
873 1123 1117 1189 litanias,
1176 1123 1249 1177 ad
1298 1124 1466 1178 ﬁnem
1516 1123 1724 1190 dicant,
1767 1127 2071 1179 Accendite.

479 1212 649 1281 Kyrie
689 1213 909 1265 eleison.
956 1212 1188 1266 Pulsent
1231 1212 1475 1284 signum,
1524 1213 1831 1267 accendant
1858 1218 2073 1285 septem

2154 606 2358 659 aquam
2391 607 2402 643 :
2432 606 2558 644 mox
2586 602 2650 644 ut
2672 588 2842 644 fuerit
2870 589 3175 657 benedicta,
3211 591 3466 663 imponat
3498 594 3646 648 hanc
3668 610 3767 648 an-

2155 678 2446 750 tiphonam
2473 697 2483 731 :
2532 679 2652 733 Vidi
2679 695 2906 747 aquam,
2940 697 3050 750 qua
3079 680 3248 747 dicta,
3279 687 3336 736 et
3366 683 3645 749 oratione,
3673 699 3767 739 ve-

2155 767 2348 821 niente
2379 768 2461 821 sic
2491 784 2593 839 per
2630 767 2884 822 ordinem
2930 770 3225 823 cantando.
3261 771 3607 844 Antiphona,
3652 773 3768 827 Ho-

2154 856 2259 917 die,
2295 857 2502 925 fratres
2521 858 2886 911 dilectissimi.
2920 857 3060 912 Dein
3084 859 3339 929 magistri
3369 876 3497 914 cum
3516 859 3760 914 infanti-

2154 943 2278 1012 bus,
2311 944 2483 999 abbas
2505 950 2632 1017 post
2656 962 2751 1000 eos
2785 964 2797 999 :
2838 945 2933 999 alii
2961 945 3210 1001 seniores
3246 947 3534 1002 venientes
3563 948 3681 1003 duo
3707 954 3766 1004 et

2156 1034 2266 1089 duo
2292 1035 2436 1089 sicut
2456 1035 2670 1105 priores
2698 1035 2969 1090 fecerunt.
3002 1036 3143 1090 Cum
3177 1052 3308 1090 vero
3334 1037 3611 1108 coeperint
3637 1037 3765 1091 exi-

2157 1140 2236 1190 re,
2267 1123 2454 1178 initiet
2488 1123 2730 1179 domnus
2760 1123 2932 1179 abbas
2961 1124 3328 1196 antiphonam
3354 1144 3366 1180 :
3391 1128 3764 1182 Transeunti-

2158 1215 2272 1269 bus.
2308 1212 2438 1266 Mox
2458 1218 2523 1267 ut
2547 1212 2758 1267 fuerint
2784 1214 2855 1268 ad
2883 1213 3070 1268 valvas
3088 1215 3432 1281 monasterii,
3449 1216 3767 1286 procedant

475 1299 811 1355 candelabra
841 1307 973 1355 ante
1004 1302 1202 1355 altare.
1235 1302 1392 1357 Tunc
1419 1302 1678 1356 sacerdos
1708 1303 1894 1357 veniat
1919 1309 1976 1357 et
1991 1303 2075 1358 fa-
2156 1318 2250 1356 sex
2279 1302 2362 1355 vel
2385 1287 2510 1356 octo
2536 1317 2604 1356 ex
2631 1302 2970 1369 cantoribus,
3000 1319 3140 1373 quos
3170 1304 3449 1359 armarius
3485 1304 3764 1359 annuerit

481 1388 594 1445 ciat
620 1389 1046 1444 confessionem.
1072 1390 1328 1444 Dimissis
1356 1390 1552 1460 signis,
1583 1396 1764 1457 canat,
1797 1393 1984 1448 Gloria
2012 1396 2077 1447 in
2156 1390 2216 1444 in
2259 1390 2462 1457 medio,
2504 1396 2562 1446 et
2607 1397 2837 1446 cantent
2881 1391 3270 1462 antiphonam,
3326 1393 3639 1460 Cruci/imus
3697 1394 3765 1448 in

480 1481 700 1532 excelsis
732 1479 854 1533 Deo.
897 1478 1155 1541 Oremus,
1188 1481 1411 1546 Praesta,
1443 1496 1773 1548 quasumus.
1806 1480 2078 1552 Epistola,
2159 1495 2344 1533 carne.
2378 1480 2763 1550 Ingredientes
2791 1497 2922 1535 vero
2937 1481 3162 1535 initient
3181 1480 3768 1551 responsorium,Spi—

481 1567 620 1621 Cum
667 1568 856 1635 Apollo
885 1572 1034 1621 esset.
1070 1568 1451 1639 Evangelium,
1483 1571 1547 1626 Si
1574 1574 1811 1640 diligitis
1840 1588 1946 1624 me.
1979 1569 2078 1625 Of-
2159 1570 2307 1622 ritus
2335 1574 2557 1624 sanctus
2588 1572 2833 1637 replevit,
2864 1569 3218 1641 pulsantibus
3243 1570 3435 1641 signis.
3478 1571 3614 1625 Post
3643 1576 3767 1625 ter-

478 1653 792 1719 fertorium,
826 1657 1030 1711 Emitte
1069 1660 1351 1724 spiritum.
1397 1659 1590 1727 Agnus
1629 1663 1725 1715 Dei
1757 1660 1993 1723 dicatur,
2023 1664 2081 1713 et
2159 1657 2298 1712 tiam
2321 1657 2604 1713 celebrent
2633 1659 2861 1713 missam
2896 1675 3023 1713 cum
3054 1657 3208 1713 omni
3239 1658 3552 1729 diligentia,
3584 1659 3767 1715 veluti

483 1743 844 1821 postmodum
873 1746 1193 1800 communio
1223 1765 1234 1798 :
1275 1748 1798 1817 Ultimo/estieitatis
1826 1751 1942 1813 die;
1966 1754 2079 1804 tex-
2162 1746 2339 1816 [supp.
2372 1747 2430 1800 in
2459 1747 2572 1818 die]
2596 1747 3021 1802 resurrectionis
3050 1746 3294 1802 Domini.
3327 1748 3626 1803 Offertoria
3645 1749 3764 1802 duo

482 1836 576 1888 tus
604 1831 929 1888 deferantur
963 1850 1063 1904 per
1105 1851 1320 1890 omnes.
1350 1837 1558 1892 Hostiae
1580 1837 1826 1908 quinque
1848 1837 2141 1917 mittan-B
2161 1842 2408 1901 teneant,
2425 1853 2662 1907 quorum
2697 1853 2841 1891 unus
2863 1852 3064 1908 panem
3081 1842 3139 1891 et
3166 1836 3528 1902 vinum,alius
3547 1850 3763 1905 aquam

483 1925 597 1976 tur.
632 1921 833 1975 Pacem
863 1938 1054 1977 omnes
1083 1924 1376 1995 accipiant.
1401 1926 1614 1991 Quibus
1629 1927 1880 1998 expletis,
1896 1927 2077 1997 pulse-
2166 1923 2429 1997 [offerat].
2478 1927 2543 1981 In
2572 1926 2865 1981 refectorio
2894 1926 3193 1997 propinent
3219 1924 3571 1987 charitatem,
3612 1922 3765 1977 sicut

483 2013 580 2063 tur
608 2009 851 2080 signum,
875 2017 1048 2082 agant
1067 2014 1375 2068 orationem
1404 2032 1415 2068 :
1438 2021 1571 2070 eant
1589 2016 1908 2077 servitores,
1930 2014 2076 2069 acci-
2157 2014 2218 2069 in
2247 2013 2479 2085 praefata
2496 2015 2814 2070 festivitate.
2839 2015 2926 2069 Ad
2948 2031 3238 2086 vesperam
3264 2013 3589 2084 antiphona,
3613 2011 3767 2067 Alle-

480 2098 641 2171 piant
668 2098 939 2168 mixtum;
972 2102 1328 2172 postmodum
1356 2109 1584 2159 cantent
1599 2109 2079 2176 nonam,pergant
2161 2107 2300 2165 (uia,
2351 2105 2735 2172 loquebantur.
2788 2104 3065 2161 Psalmus.
3118 2105 3268 2159 Dicit
3295 2104 3582 2157 Dominus.
3615 2099 3764 2154 Res-

482 2188 554 2242 ad
584 2189 967 2244 reﬁciendum.
991 2190 1056 2245 In
1085 2190 1190 2245 hac
1217 2191 1308 2245 die
1337 2193 1589 2263 saginam
1616 2209 1729 2247 non
1757 2194 2075 2262 comedunt,

481 2277 814 2333 charitatem
838 2280 1064 2345 iaciant,
1088 2285 1145 2334 et
1174 2281 1650 2353 eleemosynarius
1679 2298 1878 2353 panem
1909 2288 1964 2337 et
1992 2282 2076 2337 vi-

484 2382 622 2421 num
643 2368 897 2438 accipiat,
926 2368 1071 2423 sicut
1092 2368 1150 2423 in
1177 2370 1436 2425 omnibus
1459 2370 1660 2441 vigiliis
1688 2371 2073 2439 festivitatum,

485 2459 689 2525 praeter
719 2456 962 2511 Paschae.
997 2458 1081 2511 Ad
1110 2475 1398 2530 vesperam
1428 2460 1538 2513 duo
1553 2460 1712 2530 signa
1736 2461 1947 2531 pariter
1959 2461 2081 2531 pul-

485 2542 762 2598 sabuntur
783 2563 795 2612 ;
820 2545 1114 2600 duodecim
1144 2548 1386 2602 candelae
1415 2554 1546 2602 ante
1575 2549 1771 2614 altare,
1788 2555 2079 2604 retrovero

482 2631 697 2691 decem.
730 2636 971 2688 Alleluia
993 2637 1285 2706 imponant
1304 2653 1369 2690 ex
1388 2637 1714 2709 antiphona,
1728 2640 1931 2707 Repleti
1947 2643 2080 2693 sunt

482 2736 686 2775 omnes.
718 2722 928 2776 Psalmi
965 2723 1140 2794 ipsius
1168 2724 1299 2779 diei.
1332 2725 1541 2789 Lectio,
1575 2728 1719 2780 Dum
1748 2729 2080 2796 compleren-

483 2815 597 2864 tur.
649 2811 1106 2883 Responsorium,
1150 2815 1547 2882 Apparyerunt
1590 2818 1868 2884 apostolis.
1899 2817 2076 2888 Hym-

477 2915 605 2966 nus,
639 2901 784 2962 Veni,
811 2901 1035 2956 Greator
1060 2906 1310 2971 spiritus.
1336 2904 1461 2964 Bini
1484 2921 1729 2976 namque
1757 2910 2075 2960 sacerdotes

478 2986 787 3043 induantur
813 2990 1023 3062 cappis.
1054 2991 1427 3064 deferantque
1439 2993 1729 3053 incensum
1745 3011 1916 3065 super
1934 2995 2077 3048 alta-

2156 2193 2501 2265 ponsorium,
2524 2195 2726 2262 Repleti
2753 2199 2884 2247 sunt
2914 2210 3118 2247 omnes.

2228 2283 2338 2337 Per
2383 2287 2605 2337 octavas
2652 2282 2763 2337 duo
2810 2281 3196 2336 invitatorium
3253 2278 3439 2353 [supp.
3477 2276 3762 2351 cantant],

2157 2373 2361 2440 Repleti
2401 2376 2535 2425 sunt
2563 2387 2747 2425 omnes
2776 2370 3001 2439 Spiritu
3045 2374 3251 2430 sancto,
3298 2371 3530 2424 alleluia
3561 2386 3577 2421 :
3604 2367 3669 2422 in
3697 2383 3765 2422 eo

2160 2464 2294 2514 tono
2325 2460 2471 2514 sicut
2503 2460 2763 2515 Surrexit
2788 2461 3053 2513 Dominus
3090 2474 3230 2512 vere.
3263 2456 3474 2512 Deinde
3499 2455 3763 2512 accensio

2160 2549 2439 2603 luminum
2479 2553 2648 2619 atque
2690 2548 3077 2619 pronuntiatio
3122 2546 3560 2617 evangeliorum,
3585 2552 3765 2616 atque

2161 2638 2377 2692 sonitus
2415 2637 2724 2708 signorum.
2763 2654 2864 2691 seu
2893 2636 3242 2690 matutinalis
3272 2652 3451 2701 sacra,
3486 2636 3572 2689 vel
3605 2651 3763 2689 reve-

2160 2728 2314 2782 stitio
2345 2727 2403 2780 in
2440 2727 2649 2798 cappis,
2694 2743 2797 2781 nec
2837 2743 2951 2781 non
2983 2730 3040 2780 et
3065 2725 3284 2780 sonitus
3312 2723 3601 2795 signorum
3631 2728 3767 2795 post

2159 2815 2591 2869 celebrationem
2623 2815 2827 2881 missae,
2871 2815 2958 2869 vel
3004 2815 3404 2886 vespertinales
3454 2813 3665 2885 psalmi
3694 2830 3762 2867 ex

2156 2909 2275 2959 toto
2305 2906 2464 2972 ﬁant,
2499 2904 2974 2976 quemadmodum
3020 2904 3079 2958 in
3118 2903 3469 2957 hebdomada
3505 2902 3761 2957 Paschaa.

2156 2996 2221 3048 In
2248 2993 2508 3048 laudibus
2539 2994 2625 3048 vel
2646 2993 2800 3048 horis
2831 2997 3068 3046 canatur
3084 2991 3420 3046 alleluiatice
3442 2989 3553 3061 (2’1)
3581 2990 3657 3045 de
3681 3007 3768 3045 re-

475 3077 579 3138 ria,
627 3083 798 3148 atque
843 3080 1205 3151 antiphonam
1254 3082 1657 3153 paraphonista
1694 3086 1827 3137 tunc
1854 3087 2132 3154 repetatn
2155 3083 2521 3149 surrectione,
2571 3087 2740 3154 atque
2792 3082 3135 3146 ascensione,
3178 3097 3282 3135 nec
3310 3096 3422 3134 non
3451 3086 3509 3134 et
3535 3080 3604 3133 de
3639 3080 3767 3151 ipsa

480 3183 607 3221 cum
635 3167 869 3222 caeteris.
902 3168 1163 3235 Oremus,
1195 3172 1418 3236 Prassta,
1447 3180 1776 3238 quasumus,
1819 3174 2075 3238 omnipo-

482 3261 598 3310 tens
627 3257 768 3310 Deus
788 3262 851 3311 ut
875 3260 1172 3312 claritatis.
1209 3259 1295 3313 Ad
1323 3258 1750 3330 completorium
1777 3258 2075 3330 imponant

477 3360 693 3410 versus,
727 3350 784 3399 et
803 3346 875 3400 ad
903 3362 1097 3401 omnes
1126 3347 1311 3402 horas.
1344 3349 1506 3411 Hinc,
1531 3348 1760 3415 Christe,
1793 3363 1944 3403 nunc
1965 3363 2072 3418 pa-

478 3435 735 3487 raclitus.
769 3432 956 3489 Gloria
987 3436 1106 3497 tibi,
1143 3436 1393 3490 Domine.

1082 3523 1315 3578 CAPUT
1343 3522 1470 3581 XII.

695 3611 815 3664 Haec
841 3616 1045 3678 oportet
1064 3614 1160 3679 agi
1177 3613 1412 3667 adventu
1433 3613 1678 3681 Spiritus
1696 3615 1855 3667 almi.

554 3698 918 3753 Sanctissimo
938 3699 1029 3754 die
1055 3701 1410 3755 Pentecostes
1430 3718 1556 3756 cum
1586 3718 1807 3756 summa
1834 3719 2071 3758 venera-

477 3787 632 3843 tione
677 3794 846 3858 atque
895 3789 1208 3856 devotione,
1255 3790 1494 3862 Spiritus
1536 3792 1713 3846 sancti
1762 3792 2074 3848 celebretur

478 3876 771 3939 adventus,
795 3877 1010 3933 Debent
1030 3879 1235 3952 quippe
1264 3881 1322 3934 in
1342 3880 1761 3935 nocturnalibus
1790 3881 2072 3953 obsequiis

475 3982 671 4022 omnes
711 3983 1047 4023 coronarum
1092 3969 1382 4041 lampades
1427 3970 1747 4037 accendere,
1785 3976 1842 4025 et
1871 3978 2071 4027 caetera

2155 3173 2528 3227 celebratione
2551 3174 2670 3243 jam
2701 3171 2867 3229 facta.
2891 3173 3149 3242 Namque
3175 3170 3235 3224 in
3256 3169 3428 3224 missa
3455 3170 3559 3223 hoc
3585 3169 3760 3223 modo

2155 3262 2540 3333 distinguitur.
2575 3263 2830 3316 Secunda
2858 3261 2997 3316 feria
3026 3260 3292 3324 ofﬁcium,
3332 3261 3565 3315 Oibabit.
3616 3258 3760 3313 Ore-

2154 3365 2300 3413 mus,
2332 3351 2491 3410 Deus,
2521 3352 2620 3416 qui
2649 3352 2923 3416 apostolis.
2959 3347 3224 3419 Epistola,
3248 3345 3512 3414 Aperiens
3532 3347 3753 3400 Petrus.

2152 3437 2412 3500 Alleluia,
2437 3436 3342 3506 Emitte.Alleluia,Loquebantur.
3359 3435 3751 3505 Evangelium,

2151 3525 2243 3582 Sic
2271 3529 2422 3579 enim
2452 3528 2590 3580 Deus
2620 3527 2819 3580 dilexit
2846 3526 3143 3579 mundum.
3179 3522 3561 3589 Oﬁ‘ertorium,
3597 3525 3755 3577 Into-

2153 3617 2300 3669 nuit.
2335 3614 2688 3675 Communio,
2720 3614 2967 3683 Spiritus
2994 3618 3234 3667 sanctus.
3266 3611 3455 3667 Tertia
3479 3611 3621 3665 feria
3635 3611 3756 3665 ofﬁ-

2154 3703 2322 3769 cium,
2353 3706 2587 3773 Accipite
2606 3705 3032 3772 jucunditatem,
3063 3708 3121 3756 et
3147 3702 3259 3756 alia
3287 3701 3476 3755 omnia
3501 3700 3649 3755 sicut
3674 3702 3758 3755 in-

2152 3793 2467 3848 venientur.
2525 3792 2780 3857 Quatuor
2824 3808 3070 3862 namque
3111 3790 3326 3856 diebus,
3369 3789 3467 3860 qui
3512 3794 3752 3856 restant,

2154 3887 2326 3951 agant
2354 3880 2595 3935 ofﬁcium
2626 3881 2696 3934 ad
2729 3881 2958 3934 missam
2988 3880 3132 3934 sicut
3159 3880 3217 3933 in
3248 3879 3340 3933 die
3368 3879 3751 3933 Pentecostes.

2154 3970 2401 4041 Epistola
2412 3975 2582 4041 atque
2607 3970 2955 4040 evangelium
2972 3970 3143 4023 veluti
3161 3985 3262 4039 per
3285 3967 3751 4038 annum,quando

477 4071 700 4111 summo
748 4058 933 4112 studio
980 4074 1315 4130 componere
1343 4060 1363 4081 *
1392 4059 1681 4130 signorum
1724 4061 2068 4131 pulsationes
2148 4058 2321 4125 feria;
2355 4058 2503 4113 sicut
2522 4063 2841 4112 consertum
2871 4057 3044 4112 fuerit
3063 4057 3122 4110 in
3139 4060 3620 4111 sacramentorum
3651 4071 3750 4109 co-

475 4145 762 4200 modulate
788 4146 1140 4217 subtrahere,
1171 4154 1342 4219 atque
1371 4148 1439 4202 ad
1464 4149 1723 4203 ultimum
1758 4155 2071 4221 perstrepe-

476 4249 559 4298 re,
587 4250 713 4289 cum
740 4241 1015 4290 sonantur
1041 4236 1100 4290 in
1116 4253 1315 4300 unum,
1337 4237 1554 4303 tandiu,
1573 4254 1865 4309 quousque
1891 4238 2070 4293 infan-

474 4327 561 4377 tes
590 4322 818 4377 veniant
847 4323 905 4378 in
933 4324 1243 4378 ecclesiam.
1279 4324 1370 4379 Ad
1402 4325 1783 4380 invitatorium
1832 4331 2074 4396 quatuor

475 4410 788 4466 vestiantur
834 4413 893 4466 in
936 4413 1144 4484 cappis.
1201 4413 1389 4469 Primo
1433 4419 1491 4469 et
1530 4416 1773 4469 secundo
1797 4421 2073 4470 nocturno

2150 4146 2294 4213 dice,
2325 4148 2405 4201 sic
2432 4152 2742 4218 promatur.
2778 4146 3023 4202 Sabbato
3054 4146 3123 4199 ad
3155 4161 3414 4217 vesperas
3445 4144 3755 4216 quinacan-

2152 4236 2924 4291 delabrailluminenturante
2935 4252 3090 4290 aram
3101 4235 3589 4303 .Alleluia,Repleti
3597 4238 3751 4286 sunt.

2157 4325 2426 4381 Sacerdos
2442 4326 2516 4379 sit
2535 4325 2593 4378 in
2604 4325 2812 4395 cappis.
2831 4326 2961 4379 Anti
2968 4325 3153 4396 phona
3167 4325 3239 4378 ad
3259 4326 3577 4392 Magniﬁcat
3594 4342 3610 4376 :
3629 4323 3753 4376 Non

2155 4432 2243 4468 vos
2268 4417 2603 4483 relinquam.
2637 4414 2895 4480 Oremus,
2919 4415 3078 4478 Deus,
3111 4417 3211 4482 qui
3238 4415 3507 4467 hodierna
3534 4412 3643 4465 die.

476 4506 608 4554 ante
637 4500 816 4555 altare
843 4500 957 4555 tria
980 4501 1313 4556 candelabra
1340 4510 1638 4573 ponantur.
1675 4504 1784 4558 Pro
1812 4486 2137 4575 unoquo-D
2227 4502 2285 4557 Si
2326 4502 2543 4573 jejunia
2588 4502 2798 4555 mensis
2835 4501 3021 4573 quarti
3076 4502 3333 4556 venerint
3371 4500 3520 4555 infra
3566 4501 3751 4570 ipsam

477 4606 585 4661 que
605 4595 900 4657 nocturno,
940 4591 1173 4661 singulae
1202 4591 1536 4663 antiphonae.
1587 4593 1859 4647 Dicantur
1888 4594 2074 4647 lectio-

474 4694 577 4733 nes
595 4684 719 4733 octo
748 4679 817 4733 de
843 4680 1138 4750 Evangelia
1169 4681 1316 4752 quod
1348 4682 1556 4751 legitur
1573 4682 1632 4737 in
1646 4682 1855 4753 vigilia.
1877 4682 2072 4737 Sermo

476 4768 655 4823 sancti
694 4769 1011 4840 Augustini.
1060 4770 1196 4824 Aliae
1233 4777 1474 4842 quatuor
1520 4771 1588 4826 de
1620 4772 1852 4825 homilia
1890 4772 2070 4825 sancti

477 4856 732 4929 Gregorii
758 4874 916 4931 papae
954 4875 1019 4913 ex
1047 4860 1331 4931 evangelio
1358 4860 1533 4932 ipsius
1562 4860 1693 4914 diei.
1725 4860 1810 4914 Ad
1841 4860 2070 4914 tertiam

473 4963 699 5019 semper
722 4947 1017 5003 lectionem
1060 4949 1501 5020 uniuscujusque
1529 4948 1790 5002 nocturni
1819 4949 2072 5003 incenset

475 5038 734 5092 sacerdos
764 5040 946 5110 majus
972 5040 1167 5103 altare,
1203 5038 1486 5109 simulque
1504 5037 1726 5091 fratres.
1761 5038 2071 5107 Responso-

475 5127 561 5182 ria
589 5128 700 5182 duo
730 5130 941 5199 pariter
971 5130 1288 5183 decantent.
1325 5129 1411 5183 Ad
1450 5128 1729 5181 canticum
1756 5133 2073 5197 augeantur

475 5217 794 5289 quindecim
825 5218 1071 5272 candelae
1097 5217 1155 5272 in
1186 5218 1415 5289 pertica.
1451 5218 1514 5271 In
1539 5217 1680 5270 albis
1701 5215 1947 5287 quinque
1975 5232 2074 5269 an-

480 5304 725 5377 tiphonaa
780 5306 1168 5360 decantentur.
1217 5305 1650 5377 Responsorium
1701 5303 1868 5357 breve
1913 5304 2073 5374 pueri

478 5395 799 5465 persolvant
831 5412 843 5447 :
874 5396 1118 5463 Spiritus
1154 5401 1376 5449 sanctus
1410 5395 1723 5463 procedens.
1763 5394 1910 5446 Ante
1956 5392 2073 5463 pri-

479 5499 629 5537 mam
655 5483 963 5538 adornetur
991 5485 1186 5538 altare.
1208 5484 1294 5539 Ad
1310 5484 1696 5538 matutinalem
1715 5481 1942 5536 missam
1959 5498 2075 5536 una

479 5571 699 5627 dicatur
724 5574 973 5641 collecta,
996 5580 1061 5628 ut
1089 5591 1209 5629 mos
1236 5580 1341 5630 est.
1373 5574 1515 5630 Tum
1544 5588 1741 5627 omnes
1767 5570 2075 5627 induantur

2155 4591 2583 4652 hebdomadam,
2630 4590 2878 4645 efficiant
2915 4591 3019 4647 ita.
3075 4593 3220 4645 Ante
3280 4590 3528 4656 tertiam,
3579 4593 3751 4659 agant

2153 4681 2382 4735 missam
2396 4681 2465 4734 de
2480 4680 2642 4745 festo,
2661 4681 2851 4734 omnia
2878 4697 2980 4751 per
3002 4679 3275 4744 ordinem,
3302 4679 3447 4734 sicut
3467 4678 3617 4732 eﬁ'ati
3630 4677 3750 4749 jam

2153 4786 2367 4824 sumus.
2390 4769 2675 4840 Jejunium
2698 4770 3008 4839 proteletur
3021 4786 3197 4840 usque
3216 4784 3440 4822 nonam.
3460 4766 3747 4821 Processio

2152 4875 2262 4913 non
2290 4860 2408 4922 ﬁat,
2446 4875 2548 4913 nec
2586 4859 2783 4913 litania
2805 4858 3142 4913 cantabitur.
3183 4859 3317 4911 Post
3361 4861 3598 4923 sextam,
3626 4871 3751 4910 cum

2153 4948 2438 5003 audierint
2448 4948 2670 5018 signum
2681 4952 2935 5017 .surgant
2950 4963 2979 5000 e
2995 4945 3540 5007 dormitorio,lavent
3554 4958 3751 4996 manus

2152 5053 2217 5090 ac
2231 5037 2403 5091 facies
2424 5053 2575 5102 suas,
2614 5036 2948 5106 veniantque
2974 5036 3032 5088 in
3062 5034 3307 5088 oratorio
3333 5033 3545 5103 absque
3567 5032 3750 5086 sonitu

2151 5124 2321 5179 ullius
2342 5124 2507 5194 signi,
2534 5135 2591 5178 et
2603 5124 2813 5179 faciant
2823 5124 3155 5178 orationem.
3178 5122 3449 5176 Sacerdos
3460 5121 3666 5175 vestiat
3694 5135 3750 5172 se

2153 5229 2280 5267 cum
2320 5212 2791 5267 ministris.oCum
2832 5211 3043 5265 fuerint
3083 5210 3267 5264 induti
3312 5209 3547 5280 incipiat
3586 5223 3750 5279 para-

2155 5301 2416 5370 phonista
2444 5302 2688 5356 ofﬁcium
2725 5321 2736 5355 :
2773 5303 2912 5356 Deus
2942 5304 3077 5355 dum
3105 5302 3452 5368 egredereris.
3490 5299 3745 5363 Oremus,

2154 5393 2379 5456 Praesta,
2418 5395 2758 5459 omnipotens
2799 5393 2958 5455 Deus,
3007 5395 3209 5443 mentes
3258 5394 3500 5444 nostras.
3541 5388 3744 5453 Lectio,

2154 5481 2311 5535 Dixit
2353 5480 2635 5537 Salomon.
2665 5479 3120 5551 Responsorium,
3155 5482 3454 5548 Propitius.
3486 5478 3740 5542 Oremus,

2155 5571 2378 5633 Praesta,
2404 5585 2734 5640 quassamus,
2751 5572 3091 5644 omnipotens
3110 5574 3160 5622 et
3175 5570 3505 5623 misericors.
3534 5565 3739 5631 Lectio,

554 5675 657 5746 (‘24)
695 5677 1041 5741 Alleluiatice
1083 5687 1310 5739 cantare
1343 5700 1354 5736 :
1393 5680 1435 5739 f.
1463 5695 1596 5739 cum
1626 5678 1773 5735 vocis
1814 5678 2218 5744 modulationev
