3914 6370
124 303 271 364 4217
318 264 327 270 ’
1316 308 1734 366 DISCIPLINA
1769 310 2198 369 FARFENSIS.
3255 308 3395 370 1218

126 434 295 497 Audi,
316 433 969 505 Jacob.Responsorium,
995 436 1325 493 Terrameta
1345 443 1441 493 est.
1470 440 1996 509 Evange—Aciﬁrus
2050 445 2115 496 in
2161 456 2346 496 carne.
2402 439 2544 495 Cum
2590 433 3020 510 repetitionibus
3062 436 3261 492 Nolite.
3299 435 3398 491 In-

128 524 292 587 lium,
329 522 647 579 Accedentes
694 525 956 593 discipuli
1001 527 1076 580 ad
1118 529 1325 585 Jesum.
1358 528 1715 584 Otferendam
1798 534 2090 584 troeuntes
2132 533 2337 584 canant
2366 527 2747 599 antiphonam,
2774 527 2942 581 Hodie
2970 529 3220 595 completi
3246 530 3400 580 sunt.

129 618 300 684 atque
320 629 516 683 pacem
539 629 687 668 unus
716 614 968 685 accipiat.
992 615 1717 682 Otl‘ertorium,Meditabor.
1806 618 1893 672 Ad
1956 618 2185 672 missam
2232 634 2428 673 omnes
2466 616 2888 672 circumdentur
2931 614 3139 686 cappis.
3177 616 3403 688 Septem

131 701 484 765 Communia,
541 705 733 757 Pacem
782 720 981 757 meam.
1026 705 1191 759 Sexta
1216 706 1360 760 feria
1396 707 1724 779 antiphona.
1811 707 2148 761 candelabra
2172 712 2303 761 ante
2333 722 2515 772 aram,
2549 712 2606 759 et
2632 705 2744 760 tria
2772 712 2943 759 retro.
2972 704 3249 772 Ofﬁcium,
3275 705 3401 775 Spi-

131 793 387 859 Repletur
412 808 469 845 os
500 808 704 848 meum.
761 791 1023 859 Collecta,
1055 796 1153 856 Da,
1197 811 1525 863 quasumus,
1574 800 1730 853 eccle-
1809 800 1955 849 ritus
1977 799 2210 850 Domini
2220 796 2507 863 .Oremus,
2537 796 2679 850 Deus
2707 797 2805 864 qui
2823 795 3112 848 hodierna.
3134 793 3401 865 Epistola,

133 882 243 935 sia.
303 880 518 945 Lectio,
553 881 855 944 Ersultate,
909 885 1020 949 ﬁlii
1055 882 1209 938 Sion.
1262 884 1724 956 Responsorium,
1821 886 1941 939 Vide
1975 888 2179 939 ostium
2209 890 2485 953 apertum.
2517 884 2781 940 Alleluia.
2803 884 2924 939 Non
2938 899 3030 938 vos
3057 887 3400 953 relinquam,

131 969 255 1023 Esto
281 970 447 1023 mihi.
482 969 864 1040 Evangelium,
918 972 1069 1025 Venit
1100 973 1173 1026 ad
1199 975 1388 1027 Jesum
1436 977 1549 1029 vir.
1584 975 1728 1031 Ofﬁ-
1809 975 1951 1029 Item
1977 974 2236 1028 Alleluia.
2280 975 2424 1036 Veni,
2469 978 2653 1027 sancte
2691 973 2959 1041 Spiritus.
3011 973 3402 1044 Evangelium,

132 1056 303 1123 cium,
362 1057 578 1125 laudes,
632 1074 699 1112 ac
751 1059 1091 1128 communio,
1152 1060 1400 1130 Spiritus
1456 1065 1555 1118 ubi
1609 1067 1729 1120 vult
1810 1064 1945 1118 Erat
1965 1063 2123 1117 homo
2145 1063 2540 1118 emPharisteis.
2575 1060 3262 1131 Oﬁ'ertorium,00nﬁrma
3288 1062 3408 1129 hoc,

131 1148 326 1216 spirat.
1810 1153 1968 1206 Deus.
1995 1151 2351 1217 Communia,
2377 1152 2572 1205 Factus
2592 1156 2695 1208 est.
2719 1151 2807 1205 Ad
2837 1150 3209 1221 expletianem
3235 1167 3407 1206 sacrae

204 1235 455 1291 Sabbato
504 1243 865 1294 conservetur
910 1239 1047 1294 ordo
1073 1241 1194 1312 jam
1234 1242 1509 1297 decretus.
1561 1243 1733 1297 Facta
1813 1241 2002 1295 omnia
2047 1240 2209 1312 signa
2256 1240 2568 1311 pulsentur.
2619 1240 2702 1294 Ad
2753 1256 3045 1311 vesperam
3097 1240 3411 1311 antiphona

134 1324 394 1380 oratione
415 1327 606 1382 veniat
629 1328 889 1383 sacerdos
913 1344 1041 1384 cum
1071 1330 1345 1385 ministris
1382 1331 1439 1386 in
1463 1333 1727 1396 sacrario,
1812 1331 2075 1393 Alleluia,
2100 1332 2294 1398 repleti
2309 1328 2798 1398 sunt,Antiphona
2816 1329 2874 1383 in
2895 1330 3214 1401 Evangelia.
3236 1330 3407 1385 Hodie

135 1420 193 1468 et
217 1415 422 1470 induat
474 1433 536 1471 se
578 1417 925 1472 vestimentis
971 1419 1163 1474 sacris.
1223 1420 1393 1475 Pueri
1439 1437 1634 1476 omnes
1673 1438 1733 1476 se
1814 1420 2067 1486 completi
2119 1423 2268 1480 sunt,
2325 1419 2577 1483 alleluia,
2636 1419 2886 1481 alleluia,
2936 1420 3186 1473 alleluia.
3242 1416 3411 1471 Hodie

134 1503 410 1558 inalbent.
444 1506 656 1560 Cantor
681 1506 754 1560 sit
780 1505 837 1561 in
867 1507 1036 1561 choro
1074 1525 1201 1563 cum
1245 1525 1440 1581 cappa.
1475 1510 1735 1565 Charitas
1815 1523 2000 1561 omnes
2023 1509 2272 1575 apostoli.

135 1592 259 1647 Dei.
298 1594 458 1648 Unus
505 1596 894 1651 tantummodo
924 1612 1222 1652 conversus
1253 1598 1345 1666 sit,
1384 1597 1479 1670 qui
1519 1599 1737 1654 deferat

134 1680 538 1737 candelabrum
570 1700 582 1736 :
615 1684 913 1739 lectionem
940 1684 1185 1740 infantes
1223 1687 1417 1756 legant
1445 1687 1502 1741 in
1538 1687 1734 1759 primis

135 1770 412 1840 juniores,
446 1771 648 1827 deinde
677 1773 774 1827 alii
795 1773 940 1828 sicut
963 1781 1096 1829 sunt
1111 1775 1347 1846 priores.
1363 1756 1738 1847 Responsoria
1756 1766 1802 1826 Β
2152 1757 2444 1810 Domini“
2473 1756 2528 1809 ῘῘ
2540 1761 2661 1825 Ροδί
2695 1757 3054 1811 Ρεηίθοοειθηο

140 1859 253 1930 ipsi
294 1866 523 1915 cantent
568 1862 810 1916 vicissim
851 1863 1060 1934 singuli
1114 1864 1384 1919 Sacerdos
1411 1865 1635 1920 veniens
1666 1865 1738 1920 ad
1890 1863 1954 1918 In
1983 1863 2107 1935 ipsa
2136 1863 2490 1918 hebdomada
2528 1863 2740 1917 feriatis
2775 1863 2973 1918 diebus
3020 1868 3249 1919 cantent
3295 1865 3417 1920 offi-

144 1949 325 2003 altare
345 1949 518 2005 faciat
540 1951 942 2006 confessionem
962 1969 1088 2007 cum
1109 1953 1295 2021 levita,
1323 1954 1489 2021 dicat,
1514 1971 1738 2009 oremus
1821 1952 2243 2016 cium,Domine,
2270 1956 2332 2006 in
2356 1957 2452 2006 tua
2470 1954 2871 2006 misericordia.
2902 1953 3161 2021 Oremus,
3182 1955 3324 2009 Deus
3354 1958 3418 2008 in

148 2039 422 2093 Mentibus
468 2044 690 2103 nostris,
746 2042 833 2096 vel
877 2042 1173 2109 Effundam
1211 2045 1277 2097 de
1332 2046 1538 2111 spiritu
1599 2061 1736 2098 meo.
1823 2046 1870 2095 te
1890 2040 2845 2111 sperant-ium.Evangelium,Homo
2866 2044 3414 2109 quidameratdives.

148 2128 608 2197 Responsorium,
640 2133 932 2185 Protector.
963 2131 1221 2193 Oremus,
1247 2134 1351 2187 Illo
1372 2148 1467 2186 nos
1484 2135 1630 2200 igne,
1654 2132 1741 2186 vel
1822 2130 2035 2185 Exhinc
2064 2146 2308 2200 namque
2354 2146 2532 2201 usque
2561 2129 2631 2183 ad
2680 2129 2812 2184 Idus
2843 2131 3187 2202 Septembris
3213 2137 3419 2203 quarta

154 2218 383 2271 Locutus
411 2222 487 2272 est
513 2219 807 2276 Dominus.
837 2220 1297 2291 Responsorium,
1314 2223 1591 2290 Propitius
1610 2226 1734 2276 esto.
1825 2220 1939 2274 sive
1959 2225 2115 2274 sexta
2138 2219 2281 2273 feria
2305 2220 2558 2289 jejunare
2603 2218 2835 2287 debent;
2867 2220 3012 2275 sicut
3040 2221 3208 2275 Pater
3226 2225 3420 2276 noster

151 2305 556 2373 Oremus,Deus
576 2311 676 2376 qui
692 2310 765 2362 ad
783 2311 1111 2374 animarum
1128 2310 1736 2376 .Lectio,Audi,1srael.
1828 2308 2161 2365 Benedictus
2182 2308 2430 2362 instituit
2456 2325 2571 2364 suae
2603 2308 2832 2380 Regulae
2860 2326 2980 2380 cap.
3015 2309 3102 2365 47.
3127 2310 3196 2364 Et
3222 2308 3292 2363 ab
3318 2307 3419 2363 ab-

151 2395 1210 2466 Responsarium,00nvertere,Domine.
1235 2399 1496 2465 Oremus,
1514 2404 1738 2463 Praesta,
1825 2395 1955 2451 bate
1973 2397 2069 2450 illa
2092 2396 2350 2451 discretio
2377 2396 2498 2450 fieri
2530 2395 2891 2468 debet,quam
2912 2397 3032 2469 ipse
3059 2397 3420 2453 beatissimus

154 2501 483 2553 quasumus,
513 2489 858 2555 omnipotens
878 2488 1040 2540 Deus.
1067 2487 1276 2554 Lectio,
1296 2489 1456 2542 Diwit
1478 2490 1746 2543 Dominus
1830 2492 2140 2558 praeceptor
2164 2487 2337 2557 jussit
2361 2492 2592 2558 propter
2623 2486 3030 2558 pusillanimes,
3065 2487 3148 2542 vel
3168 2488 3314 2542 aeris
3343 2487 3425 2542 in-

2411 1631 2644 1687 CAPUT
2680 1632 2827 1687 XIV.

157 2575 232 2627 ad
280 2575 519 2643 Moysen.
592 2575 1056 2646 Responsorium,
1104 2578 1421 2644 Dirigatur.
1483 2577 1740 2646 Oremus,

154 2662 724 2731 Przsta,quaesumus,
749 2668 1111 2733 omnipotens.
1136 2666 1343 2732 Lectio,
1366 2667 1606 2735 Angelus
1633 2668 1750 2721 Do-

157 2754 306 2805 mini
329 2753 618 2807 descendit.
647 2753 1098 2808 Benedictionem
1123 2754 1396 2809 minorem
1418 2755 1529 2809 duo
1546 2756 1750 2811 fratres

1830 2575 2182 2647 temperiem,
2231 2580 2339 2630 aut
2374 2576 2422 2630 si
2450 2576 2609 2630 labor
2660 2577 2843 2646 major
2897 2576 3076 2631 factus
3121 2577 3294 2632 fuerit
3318 2576 3426 2632 laci

1831 2665 2000 2718 illius.
2028 2664 2087 2719 Si
2120 2671 2309 2719 autem
2343 2664 2532 2719 abbati
2575 2665 2660 2719 vel
2706 2664 2880 2736 priori
2908 2666 3084 2720 visum
3115 2666 3305 2733 fuerit,
3336 2671 3421 2733 ut,

1833 2754 1881 2808 si
1908 2753 2251 2817 reﬁciantur,
2286 2754 2389 2808 hoc
2418 2754 2584 2808 modo
2612 2760 2801 2824 agant.
2832 2755 2957 2808 Mox
2984 2761 3047 2809 ut
3084 2755 3431 2810 surrexerint

156 2840 216 2895 in
242 2840 384 2895 albis
404 2841 626 2895 dicant:
658 2844 975 2897 Benedictus
997 2860 1068 2910 es,
1094 2845 1324 2899 Domine
1353 2863 1370 2899 :
1398 2860 1577 2916 usque
1592 2845 1747 2913 dum;
1834 2843 1903 2897 de
1932 2843 2197 2914 capitulo,
2241 2848 2297 2897 et
2316 2842 2373 2896 in
2405 2843 2648 2897 claustro
2679 2843 2950 2908 venerint,
2978 2843 3213 2914 jubente
3226 2843 3429 2900 abbate

154 2932 483 2986 Benedicant
517 2936 581 2994 te,
616 2936 828 2990 ecelum.
863 2937 1032 2994 terra,
1059 2949 1213 2988 mare
1242 2939 1291 2987 et
1321 2937 1512 2988 omnia
1540 2951 1659 3003 quae
1688 2937 1750 2989 in
1832 2939 2065 2986 sanetur
2085 2932 2308 3003 signum
2332 2930 2540 2998 minus,
2567 2937 2631 2986 ut
2651 2931 3075 2987 hebdomadarii
3097 2933 3431 3005 coquinae,et

158 3021 234 3073 eis
288 3024 439 3073 sunt.
497 3020 711 3075 Deinde
761 3026 1040 3092 repetant.
1097 3023 1161 3076 Et
1202 3023 1521 3077 laudabilis.
1559 3024 1749 3078 Gloria
1781 3020 1933 3092 _alii
1954 3020 2155 3074 fratres
2179 3026 2495 3091 praeparent
2516 3019 2725 3086 omnia,
2756 3036 2878 3091 qua:
2898 3021 3428 3092 przeparandasunt,

157 3110 337 3163 Patri.
361 3107 501 3163 Cum
524 3084 876 3181 repetitione,
895 3111 959 3164 Et
988 3112 1307 3179 laudabilis,
1330 3117 1387 3166 et
1403 3117 1538 3167 tunc
1557 3111 1752 3167 subse-
1772 3084 1816 3144 δ
1837 3113 1893 3163 et
1930 3114 2103 3179 agant
2130 3084 2360 3162 missam
2394 3108 2465 3161 ad
2493 3084 2741 3173 tertiam,
2770 3084 2829 3162 et
2855 3084 3184 3163 reficiantur
3211 3109 3282 3163 ad
3312 3084 3432 3165 sex;

160 3199 586 3267 quantur.Sicut
605 3204 740 3253 erat.
765 3201 830 3253 Et
855 3201 1175 3254 laudabilis.
1198 3199 1320 3255 Illis
1340 3218 1509 3273 supra
1529 3218 1756 3273 respon-
1836 3204 1973 3252 tam.
2008 3198 2065 3252 Si
2096 3215 2224 3252 vero
2248 3198 2652 3269 jejunaverint,
2685 3202 2811 3268 post
2838 3203 3051 3252 sextam
3080 3198 3337 3271 protinus
3362 3205 3425 3256 ut

161 3286 442 3343 dentibus.
460 3290 778 3342 Benedictus
808 3305 880 3343 es.
905 3289 1031 3343 Mox
1044 3300 1107 3343 ut
1135 3289 1347 3344 dictum
1368 3290 1541 3345 fuerit
1569 3291 1758 3345 veniat
1839 3287 2187 3342 surrexerint
2216 3286 2515 3341 meridiani
2550 3284 2716 3359 [forte
2746 3303 2778 3340 a
2807 3287 3141 3355 meridiana,
3184 3290 3242 3342 id
3265 3295 3360 3352 est,
3394 3306 3431 3344 a

163 3376 425 3431 sacerdos
441 3377 511 3431 ad
534 3377 711 3432 altare
742 3382 799 3431 et
819 3377 985 3443 dicat,
1018 3379 1289 3433 Dominus
1320 3380 1754 3435 vobiscum.Col-
1836 3393 2025 3431 somno
2050 3382 2171 3445 post
2188 3374 2761 3447 meridiem],veniant
2782 3375 2939 3447 pueri
2962 3382 3093 3432 ante
3114 3377 3290 3432 altare
3303 3394 3432 3433 ora-

163 3466 329 3527 lecta,
375 3468 517 3521 Deus
545 3469 646 3535 qui
674 3469 869 3521 tribus.
915 3466 1184 3538 Epistola,
1210 3470 1514 3536 Justi/icati
1551 3473 1747 3537 igitur.
1838 3467 2048 3522 tionem
2078 3466 2288 3533 facere;
2319 3483 2429 3537 qua
2456 3465 2621 3531 facta,
2666 3467 2960 3537 imponant
3000 3467 3145 3522 hanc
3174 3468 3434 3540 antipha-

162 3555 418 3622 Tractus,
472 3557 730 3623 Laudate,
771 3556 1033 3610 similiter
1077 3556 1189 3611 duo
1219 3557 1276 3611 in
1308 3557 1469 3613 albis.
1504 3558 1756 3629 Evange-
1840 3573 1992 3623 nam,
2028 3556 2291 3624 Ersurge,
2327 3557 2575 3610 Domine.
2607 3555 2764 3609 Tunc
2782 3555 2990 3610 faciant
3020 3557 3432 3628 processionem

164 3645 323 3709 lium,
377 3646 700 3715 Egrediente
754 3648 898 3699 Jesu.
959 3646 1339 3715 Olfertorium,
1392 3649 1550 3711 Deus,
1617 3650 1754 3702 Deus
1840 3664 1942 3718 per
1974 3646 2229 3701 ordinem
2256 3647 2402 3701 sicut
2414 3647 2534 3716 jam
2565 3645 2814 3700 crebrius
2842 3646 3439 3717 prompsimus.Evan—

166 3736 369 3789 salutis
413 3751 555 3789 mea.
589 3733 946 3803 Communia,
987 3736 1111 3790 Non
1162 3754 1251 3791 vos
1281 3739 1604 3805 relinquam
1664 3753 1758 3792 or-
1839 3736 2274 3806 gelialegantur
2302 3735 2361 3789 in
2394 3735 2547 3789 feriis
2589 3734 2733 3790 sicut
2780 3734 2837 3788 in
2867 3734 3010 3789 libro
3049 3742 3438 3792 sacramento-

161 3825 397 3894 phanos.
1842 3842 1970 3879 rum
1991 3825 2307 3895 conscripta
2335 3824 2670 3879 invenerint.
2699 3823 2915 3878 Debent
2948 3824 3154 3896 quippe
3181 3831 3338 3879 sexta
3362 3826 3440 3881 fe-

764 3915 996 3970 CAPUT
1024 3915 1176 3970 XIII.
1845 3915 1929 3969 ria
1953 3920 2181 3968 cantare
2212 3913 2442 3967 missam
2469 3913 2527 3967 in
2550 3914 2823 3967 honorem
2843 3918 3048 3967 sanctae
3075 3914 3290 3979 Crucis,
3309 3920 3367 3969 et
3390 3914 3439 3969 si

691 4005 901 4059 Oetaeis
931 4006 1270 4058 Pentecostes.
1845 4002 2045 4075 aliquis
2059 4008 2286 4057 sanctus
2307 4002 2574 4067 evenerit,
2595 4002 2743 4057 unde
2762 4007 2879 4056 tres
2896 4001 3160 4057 lectiones
3177 4008 3436 4073 agantur,

241 4092 654 4158 Invitatorium,
686 4093 949 4155 Alleluia,
966 4093 1212 4160 Spiritus
1239 4091 1639 4163 Domini,quod
1654 4091 1764 4147 duo
1847 4097 2075 4148 cantent
2105 4091 2337 4146 missam
2368 4091 2438 4145 de
2461 4091 2581 4162 ipso
2607 4096 2820 4145 sancto.
2855 4091 2924 4146 Et
2951 4091 3175 4163 quando
3205 4097 3435 4148 sanctus

171 4188 404 4239 cantent
451 4182 511 4237 in
562 4181 769 4254 cappis.
817 4180 949 4238 Tria
989 4181 1327 4235 candelabra
1381 4187 1512 4235 ante
1567 4182 1763 4248 altare,
1850 4199 1966 4237 non
1997 4180 2402 4247 adventaverit,
2438 4180 2637 4251 quinta
2661 4179 2802 4235 feria
2827 4180 3051 4252 legatur
3078 4181 3443 4252 Evangelium

172 4279 327 4329 retro
378 4289 511 4327 una.
562 4272 628 4326 In
674 4270 961 4326 nocturnis
990 4271 1312 4342 antiphonze
1360 4270 1597 4341 singulae
1644 4287 1767 4325 cum
1853 4271 2029 4343 ipsius
2059 4270 2189 4333 diei,
2224 4271 2398 4324 Homo
2437 4271 2668 4339 quidam
2695 4275 2816 4324 erat
2846 4272 3013 4325 dives.
3035 4270 3175 4325 Tota
3201 4287 3446 4343 namque

175 4362 421 4419 Alleluia
458 4361 527 4415 de
568 4361 690 4432 ipso
738 4360 880 4415 festo
913 4359 1191 4426 dicantur,
1224 4359 1491 4414 lectiones
1540 4364 1664 4414 octo
1703 4360 1772 4415 de
1853 4361 1977 4432 ipsa
2026 4359 2381 4414 hebdomada
2438 4359 2510 4414 ad
2572 4360 2893 4427 Magni/teat
2948 4358 3156 4415 debent
3218 4366 3446 4417 cantare

177 4466 439 4507 sermone
467 4447 646 4504 sancti
673 4448 876 4504 Leonis
903 4465 1081 4519 papae.
1116 4448 1392 4512 Quartum
1424 4452 1685 4501 octavum
1717 4451 1774 4501 et
1795 4442 1838 4500 D
1857 4449 2194 4521 antiphonas
2225 4466 2291 4503 ex
2323 4448 2648 4519 Evangelia,
2675 4450 2847 4503 Homo
2877 4451 3096 4517 quidem
3129 4455 3247 4505 erat
3276 4453 3441 4506 dives.

179 4540 576 4598 duodecimum
607 4537 1024 4609 responsorium
1075 4553 1109 4590 a
1160 4536 1379 4591 duobus
1427 4535 1768 4591 cantabitur.
1857 4538 2100 4595 Sabbato
2174 4538 2246 4593 ad
2302 4555 2593 4610 vesperam
2641 4539 3085 4609 responsorium,
3135 4541 3448 4609 Praeparate

180 4629 430 4687 Homilia
455 4629 525 4683 de
564 4626 885 4698 Evangelia,
914 4627 1051 4680 Erat
1083 4627 1241 4681 homo
1270 4642 1334 4680 ea:
1361 4627 1656 4681 Pharisatis
1686 4642 1775 4679 ex—
1855 4630 2022 4684 corda
2078 4632 2276 4684 vestra.
2334 4627 2422 4682 Ad
2478 4630 2798 4696 Magni/teat
2867 4627 3196 4700 antiphona,
3245 4630 3450 4686 Montes

181 4718 482 4794 positionis
527 4716 784 4788 Gregorii
824 4715 1179 4771 Nazianzeni.
1226 4716 1290 4770 In
1321 4714 1581 4770 laudibus
1626 4714 1774 4770 anti-

185 4812 377 4884 phona
406 4824 420 4864 :
451 4808 712 4867 Alleluia,
747 4807 883 4859 dum
911 4808 1336 4873 complerentur.
1375 4804 1442 4860 In
1480 4804 1779 4876 Evangelia

188 4899 534 4971 antiphona;
577 4897 728 4951 Venit
777 4896 934 4950 homo
963 4897 1035 4949 ad
1061 4897 1269 4957 Jesum,
1304 4899 1547 4950 nomine.
1596 4893 1664 4949 In
1692 4894 1783 4950 die

189 5004 436 5059 namque
470 4987 576 5041 hoc
605 4985 653 5041 si
690 4984 881 5057 aliqua
916 4984 1060 5039 festa
1102 4983 1468 5051 occurrerint,
1524 4989 1786 5055 repetant

192 5078 563 5151 antiphonam
593 5080 652 5131 et
679 5080 851 5146 agant
878 5073 1270 5128 matutinalem
1300 5072 1552 5141 missam,
1577 5074 1784 5144 adjun-

193 5173 393 5241 gentes
420 5166 709 5221 collectam
739 5166 897 5226 Deus,
914 5166 1014 5233 qui
1042 5164 1310 5217 hodierna
1338 5165 1443 5216 die.
1475 5163 1532 5218 Si
1560 5169 1787 5219 sanctus

199 5257 423 5330 Spritus
478 5260 779 5327 perventus
835 5269 948 5308 non
1004 5251 1194 5317 fuerit,
1226 5251 1298 5306 ad
1342 5268 1559 5306 sacram
1605 5252 1787 5324 ipsam

198 5363 376 5404 unam
417 5345 702 5399 collectam
755 5342 1076 5414 persolvant
1126 5356 1252 5395 cum
1311 5339 1635 5410 praefatione
1679 5340 1791 5395 diei

204 5433 509 5493 Paschalis.
545 5432 833 5488 Processio
861 5432 926 5485 fit
951 5430 1096 5485 sicut
1133 5428 1432 5501 praeteritis
1456 5428 1651 5484 diebus
1677 5430 1793 5485 Do-

204 5523 446 5586 minicis,
468 5528 719 5580 attamen
739 5539 866 5579 cum
887 5520 1141 5575 venerint
1154 5519 1213 5574 in
1240 5518 1527 5573 redeundo
1554 5519 1614 5574 in
1650 5518 1794 5574 atrio

207 5619 340 5671 ante
367 5613 519 5670 fores
545 5611 807 5682 ecclesiae,
830 5610 1058 5667 initient
1074 5610 1222 5666 hanc
1248 5607 1633 5680 antiphonam,
1652 5608 1795 5665 Gru-

1861 4718 2062 4773 Gelboe.

2461 4841 2696 4897 CAPUT
2726 4841 2844 4896 XV.

2186 4968 2476 5023 Dominica
2501 4969 2589 5022 III
2606 4972 2727 5036 post
2755 4969 3120 5023 Pentecosten.

1940 5075 2142 5130 Dicant
2159 5072 2567 5141 invitatoriam,
2583 5074 3040 5143 Praeoccupemus.
3067 5075 3458 5148 Hymnus,No-

1870 5171 1948 5220 cte
2000 5169 2300 5234 surgentes.
2351 5163 2640 5218 Lectiones
2687 5167 2810 5218 octo
2857 5162 3050 5234 legant
3092 5164 3162 5219 de
3209 5166 3455 5238 regibus.

1872 5254 2326 5326 Responsorium,
2357 5254 2497 5308 Deus
2517 5255 2790 5308 omnium.
2827 5253 2892 5307 In
2920 5253 3089 5307 tertio
3138 5254 3330 5326 [Supp.
3363 5273 3456 5312 no-

1872 5342 2093 5414 cturno]
2123 5342 2355 5397 homilia
2384 5359 2450 5397 ex
2488 5340 2786 5412 Evangelia
2822 5359 2834 5394 :
2878 5342 3048 5395 Homo
3077 5344 3306 5411 quidam
3335 5350 3457 5399 erat

1874 5433 2040 5489 dives.
2093 5431 2469 5504 Responsoria
2518 5431 2589 5486 de
2627 5429 2880 5502 ejusdem
2926 5429 3165 5485 historia
3208 5435 3457 5501 cantent)

1875 5537 2054 5592 usque
2085 5521 2366 5577 Kalendas
2393 5521 2656 5593 Augusti.
2711 5521 2787 5575 At
2814 5519 3209 5576 matutinalem
3262 5521 3462 5577 horam

1875 5608 2144 5681 hymnus,
2166 5610 2291 5665 Ecce
2306 5613 2435 5680 jam
2463 5613 2663 5670 noctis.
2693 5609 2882 5683 Usque
2901 5609 3182 5666 Kalendas
3210 5609 3469 5668 Octobris
