3914 6358
500 292 637 355 1223
1552 292 1905 349 GUIDONIS
1941 292 2115 349 ABBA

2198 293 2250 350 [Ξ
2287 291 2685 349 FARFENSIS
3625 281 3765 342 1m

486 437 655 493 agere
682 421 743 476 in
782 417 1028 475 natilitio
1059 418 1462 491 apostolorum.
1497 419 1957 493 Responsorium,
1988 420 2115 480 Pe-l

2198 427 2352 495 eluia,
2375 428 2483 495 Ego
2512 442 2602 481 vos
2630 426 2765 491 elegi
2796 441 2812 476 :
2843 419 3227 492 Evangelium,
3267 418 3384 474 Hoc
3437 422 3515 471 est
3562 431 3767 486 prace-

494 516 617 565 trus
644 512 918 579 apostolus
944 514 993 562 et
1013 510 1262 562 Paulus:
1294 509 1570 581 Hymnus,
1600 513 1749 563 Folia:
1761 524 1863 577 per
1882 524 2086 562 omnes:
2166 522 2329 586 ptum
2361 532 2543 569 meum
2568 533 2583 567 ;
2616 512 2899 573 ofﬁcium,
2922 513 2989 567 Ῑη
3003 525 3222 564 omnem
3248 513 3460 562 terram
3483 506 3773 561 :commu.

492 601 750 664 Oremus,
782 601 922 654 Πθυε
950 600 1048 666 (Ιτιί
1077 601 1315 665 αροδεοίο
1336 603 1428 653 tuo
1449 601 1605 653 Ρεενο
1625 600 1858 653 conam-
1876 597 2089 651 Deinde
2174 607 2286 671 nio,
2320 607 2429 672 Vos,
2446 608 2545 674 qui
2564 605 2737 677 secuti
2757 605 2884 656 estis
2906 616 3008 654 me.
3030 598 3112 653 Ad
3135 613 3446 669 vesperam,
3465 595 3774 666 antiphona

489 693 753 761 repetant
779 688 848 742 de
876 691 1067 741 sancto
1118 687 1311 742 Paulo.
1352 688 1677 757 Antiphone
1720 702 1847 741 cum
1879 686 2086 742 Gloria.
2174 712 2297 767 qua;
2323 710 2492 764 super
2520 691 2885 762 mangonum
2915 689 3007 755 sit,
3048 704 3171 758 qua,
3199 683 3511 740 communis
3539 683 3619 738 sit
3663 699 3776 737 am-

495 778 689 835 Oratio
707 777 916 849 ipsius;
950 781 1007 830 et
1034 776 1391 847 postmodum
1420 777 1489 830 de
1526 782 1719 831 sancto
1757 776 1991 831 Joanne.
2030 773 2088 829 Si
2173 784 2391 849 borum,
2418 788 2475 837 et
2503 780 2706 853 psalmi
2734 780 2804 834 de
2827 778 2986 833 feria,
3020 778 3155 831 post
3175 775 3401 830 tertiam
3448 777 3625 846 agant
3663 772 3781 826 om.

494 868 605 923 ista
629 866 902 922 festivitas
929 865 1176 920 evenerit
1193 865 1284 919 die
1335 864 1648 933 Dominico,
1678 863 2092 937 processionem
2173 872 2321 928 cium
2351 878 2702 926 mortuorum
2739 869 2885 924 sicut
2911 884 3032 922 mos
3073 871 3179 921 est.
3210 864 3269 920 Si
3297 868 3524 919 sanctus
3575 860 3780 932 aliquis

494 956 701 1012 faciant
721 956 868 1011 sicut
884 954 944 1009 in
971 955 1379 1009 resurrectione
1398 956 1670 1010 fecerunt.
2175 961 2424 1017 evenerit
2475 959 2623 1015 unde
2662 964 2777 1013 tres
2813 957 3084 1012 lectiones
3127 953 3394 1021 efﬁciant,
3453 950 3672 1007 faciunt
3718 955 3782 1005 ut

1085 1044 1319 1099 CAPUT
1345 1042 1496 1099 ΧΙΧ.
2177 1050 2512 1123 protulimus
2543 1048 2688 1103 infra
2714 1051 2937 1102 octavas
2976 1046 3035 1100 S.
3061 1043 3312 1101 Joannis.

967 1135 1030 1188 Ῑη
1064 1134 1245 1187 sancti
1271 1135 1437 1187 Pauli
1462 1134 1614 1201 festo.
2700 1134 3115 1192 CAPITULUM
3138 1133 3260 1187 XX.

567 1226 632 1283 In
662 1222 844 1280 sancti
870 1222 1054 1287 Pauli,
1084 1222 1157 1277 ad
1184 1221 1569 1277 invitatoriam
1590 1222 1701 1277 duo
1731 1221 1848 1277 sint
1874 1220 1933 1275 in
1960 1235 2094 1292 cap-
2642 1226 2853 1282 octavis
2914 1225 3313 1293 apostolorum.

494 1314 601 1388 pis.
633 1315 910 1381 Hymnus,
950 1312 1196 1367 Exsultat
1248 1313 1458 1366 calum.
1516 1310 1707 1364 Primo
1756 1315 1814 1365 et
1850 1308 2093 1364 secundo
2248 1317 2468 1373 octavis
2523 1315 2905 1388 apostolorum
2960 1312 3269 1384 antiphona
3322 1309 3395 1366 ad
3463 1323 3779 1381 vesperam,

494 1409 771 1460 nocturno
794 1402 1060 1457 lectiones
1094 1404 1416 1454 sanctorum
1459 1398 1718 1465 Patrum.
1750 1400 1936 1453 Γίιίοῖί
1963 1400 2091 1465 mei,
2178 1409 2329 1462 Beati
2340 1408 2497 1461 eritis
2523 1421 2648 1459 cum
2660 1421 2772 1459 vos.
2795 1401 3005 1458 Psalmi
3025 1418 3092 1456 ex
3104 1399 3245 1455 feria
3264 1417 3277 1455 :
3299 1400 3575 1471 Hymnus,
3594 1400 3785 1453 Aurea

497 1496 687 1548 audite
719 1508 835 1554 nos,
864 1496 911 1545 et
936 1491 1159 1545 liberate
1175 1506 1283 1544 vos.
1306 1487 1700 1560 Responsoria,
1719 1489 1825 1555 Qui
1843 1492 2096 1556 operatus
2182 1499 2324 1550 luce;
2366 1495 2707 1566 Antiphona,
2767 1496 2867 1549 [sti
2914 1495 3045 1546 sunt
3082 1492 3297 1545 sancti:
3337 1489 3600 1556 Oremus,
3639 1488 3783 1542 Deus

497 1588 575 1638 est
603 1581 1440 1645 Petro.Quartum,octavum,et
1453 1576 1846 1632 duodecimum
1868 1593 1904 1631 a
1921 1575 2102 1647 capite

2198 1589 2341 1655 :ujus
2378 1586 2637 1639 dextera:
2686 1580 3096 1646 Invitatorium,
3140 1579 3374 1635 Gaudete
3410 1582 3459 1632 et
3495 1578 3785 1641 ersuttate,

499 1676 631 1743 post
658 1671 844 1725 Gloria
861 1667 1184 1739 incipiatur.
1215 1665 1282 1721 In
1310 1666 1592 1733 laudibus,
1621 1667 1894 1737 Hymnus,
1908 1667 2149 1743 Doctor_
2184 1675 2295 1730 duo
2318 1673 2521 1728 fratres
2541 1674 2843 1728 decantont
2860 1671 2920 1726 in
2950 1668 3162 1742 cappis.
3182 1667 3509 1724 Luminaria
3524 1665 3638 1720 tria
3658 1669 3789 1719 ante

501 1740 732 1828 egregie.
751 1756 1074 1828 Antiphone
1115 1760 1173 1810 et
1204 1755 1383 1810 oratio
1403 1754 1579 1826 ipsius
1609 1771 1620 1807 :
1647 1760 1705 1809 et
1744 1742 2115 1825 postmodum

2198 1764 2378 1827 thare,
2400 1763 2665 1835 hymnus,
2694 1740 3502 1829 EmsultetmltlmAntiphmm
3520 1754 3790 1828 plurimo.

504 1848 575 1903 de
614 1851 806 1902 88ηαο
855 1846 1045 1911 Petro,
1103 1861 1228 1899 Cum
1279 1844 1486 1900 θίονία·
1533 1843 1674 1898 Dein
1724 1843 1795 1897 de
1847 1841 2102 1913 Baptista
2182 1869 2308 1907 rum
2339 1851 2721 1924 apostolorum
2749 1853 3130 1904 assumantur.
3161 1846 3452 1903 Lectiones
3480 1845 3550 1899 de
3569 1848 3794 1899 sancto-

501 1936 740 1992 Joanne.
771 1934 857 1989 Ad
886 1934 1116 1988 missam
1165 1932 1556 1987 matutinalem
1593 1932 1661 1986 de
1700 1936 1893 1985 sancto
1934 1930 2101 1985 Petro
2185 1960 2309 1997 rum
2338 1943 2571 1996 patrum
2588 1933 3643 2008 ερηηοηίιῃιειθεειηιω-,Βθεροηεοιιίει
3672 1949 3793 2003 my-

503 2028 670 2082 Nunc
696 2027 804 2078 scio
832 2040 971 2078 vere.
1000 2022 1267 2089 Collecta,
1293 2024 1514 2085 Przsta,
1554 2037 1883 2090 quasumus,
1918 2022 2102 2074 omni-

2198 2032 2321 2086 stice
2350 2036 2598 2101 cantent,
2620 2046 2794 2085 unum
2827 2032 3121 2082 assumant
3144 2043 3210 2081 ex
3228 2024 3467 2080 historia
3502 2021 3659 2078 beati
3684 2022 3793 2076 Pe-

496 2120 690 2185 Ροίσηδ
716 2115 877 2175 Deus»
904 2116 965 2166 ηε
998 2114 1194 2176 ηῑιῖῖίδν
1229 2116 1399 2181 atque
1442 2110 1674 2165 Joannis
1725 2109 2012 2181 ΒεΡῒίεΐεθν
2047 2113 2106 2163 et
2185 2121 2282 2190 tri,
2332 2125 2388 2175 et
2442 2119 2595 2174 aliud
2619 2119 2688 2173 de
2717 2118 2971 2190 apostolo
3001 2116 3206 2171 Paulo:
3238 2131 3363 2187 quae
3405 2111 3616 2179 omnia,
3649 2111 3794 2165 sicut

508 2204 653 2259 alite.
685 2202 770 2257 Ad
821 2202 1093 2271 majorem
1123 2217 1317 2255 omnes
1364 2199 1479 2254 sint
1515 2198 1845 2254 circumdati
1889 2198 2100 2269 cappis,

2198 2208 2279 2264 ubi
2311 2225 2450 2281 opus
2476 2207 2649 2263 fuerit
2671 2205 3019 2262 decantando
3067 2204 3432 2276 adimpleant.
3482 2202 3791 2267 Quartum,

501 2292 666 2367 pueri
686 2289 907 2346 tunicis.
942 2289 1202 2345 Ofﬁcium
1222 2292 1454 2343 teneant
1473 2305 1585 2343 sex.
1612 2288 1879 2360 Epistola,
1898 2288 2104 2341 Notum
2189 2303 2446 2353 octavum
2469 2302 2526 2352 οι
2546 2295 2937 2351 duodecimum
2969 2311 3004 2349 ει
3030 2293 3248 2349 duobus
3289 2294 3686 2348 documentum
3709 2287 3793 2343 Ad

502 2384 649 2452 facio
679 2382 824 2434 vobis
862 2380 1225 2447 Evangelium
1269 2394 1472 2432 meum.
1530 2377 1812 2432 Graduale
1867 2380 2110 2448 quatuor

2198 2387 2488 2453 canticum,
2512 2384 2853 2456 Antiphona.
2880 2386 3113 2441 Gloriosi
3119 2386 3402 2453 principes
3425 2380 3795 2437 terra-Evan-

503 2474 753 2525 οειῐιῐθῐιιο
782 2467 1025 2523 Alleluia
1044 2484 1157 2530 33X.
1186 2466 1255 2521 ad
1277 2468 1447 2520 ﬁnem
1478 2465 1657 2521 missa?
1710 2465 1900 2520 omnia
1949 2465 2110 2535 είεηει
2189 2476 2420 2547 gelium,
2445 2476 2793 2531 JussitJesus
2830 2474 3124 2540 discipulos
3173 2488 3317 2526 suos.
3355 2468 3603 2525 Homilia
3648 2469 3797 2539 ejus-

505 2557 823 2613 sonitizent.
857 2557 922 2611 In
948 2555 1101 2610 horis
1130 2555 1451 2623 antiphome
1472 2572 1595 2626 qua;
1616 2555 1731 2609 sint
1752 2554 1821 2609 de
1846 2554 2107 2608 laudibus
2190 2566 2316 2619 dem
2349 2562 2500 2619 beati
2522 2559 2867 2633 Hieronymi,
2885 2561 2950 2615 In
2965 2559 3225 2615 laudibus
3241 2558 3568 2631 antiphona,
3591 2558 3706 2612 Ηοο
3717 2560 3793 2610 εει

507 2647 630 2703 sine
657 2646 907 2701 versibus
933 2644 1263 2716 sequacibus
1316 2649 1667 2716 promantur.
1714 2644 1799 2698 Ad
1848 2660 2107 2714 vesperae
2184 2658 2514 2723 praeceptum
2536 2667 2740 2717 meum,
2774 2655 2832 2703 et
2855 2649 2977 2705 aliae
2998 2666 3122 2720 qua:
3139 2653 3473 2720 sequuntur,
3506 2646 3789 2717 Hymnus,

507 2736 827 2808 antiphonae
860 2734 930 2789 de
958 2739 1231 2789 nocturno
1281 2733 1541 2788 dicantur
1571 2733 1691 2788 sine
1738 2732 2008 2787 versibus.
2043 2733 2108 2787 In
2190 2758 2364 2797 aurea
2389 2743 2534 2795 luce:
2564 2738 2906 2810 Antiphona,
2936 2738 3206 2795 Sanctum
3248 2742 3296 2791 et
3334 2752 3528 2791 verum
3574 2737 3788 2788 lumen.

506 2824 705 2898 primis
736 2826 843 2893 Qui
880 2829 1134 2894 operatus
1189 2828 1262 2877 est
1312 2826 1487 2885 Petro,
1525 2828 1582 2878 et
1623 2823 1765 2880 aliae.
1789 2823 2108 2894 Responso-
2190 2831 2580 2887 Matutinalem
2612 2828 2860 2895 missam,
2893 2827 2941 2882 si
2967 2826 3138 2882 fuerit
3164 2826 3285 2881 dies
3336 2824 3691 2890 Dominicus,
3721 2823 3790 2878 de

508 2915 656 2972 rium
695 2915 772 2969 Tu
800 2932 852 2968 es
878 2930 972 2967 vas
1000 2915 1290 2979 electionis.
1330 2913 1603 2984 Hymnus.
1637 2914 1830 2967 Doctor
1862 2915 2097 2980 egregie.

2188 2920 2312 2991 ipsa
2328 2919 2535 2985 dicant,
2570 2917 2637 2971 ad
2638 2918 2941 2988 jungentes
2964 2916 3252 2971 collectam
3285 2914 3676 2987 apostolorum
3704 2931 3717 2981 ;
3744 2911 3790 2967 si

510 3004 877 3061 Postmodum
896 3007 1153 3074 repetant
1174 3001 1540 3073 antiphonam
1574 3002 1642 3056 de
1662 3006 1857 3056 sancto
1870 3002 2102 3066 Joanne,
2132 3025 2317 3077 “vero
2337 3025 2468 3072 non,
2494 3024 2559 3062 ex
2589 3006 2856 3077 apostolis
2885 3011 3075 3077 agant.
3107 3005 3190 3059 Ad
3229 3005 3502 3075 majorem
3534 3002 3655 3057 sint
3678 3018 3793 3056 om-

510 3093 640 3150 dein
668 3092 738 3147 de
765 3092 1016 3164 apostolo
1037 3092 1228 3151 Petro.
1258 3091 1323 3145 In
1371 3088 1612 3145 crastino
1662 3107 1790 3145 vero
1827 3089 2112 3145 celebrent

510 3185 732 3237 octavas
761 3178 942 3234 sancti
968 3178 1200 3233 Joannis
1229 3178 1375 3233 sicut
1399 3179 1655 3249 superius
1702 3177 1975 3233 insertum
2016 3178 2116 3232 ha-

511 3270 728 3326 bemus.

583 3359 773 3414 Pridie
792 3359 975 3413 missae
1024 3358 1090 3429 [Γ.
1119 3356 1350 3427 mensis]
1395 3357 1527 3412 Julii
1583 3356 1827 3412 ofﬁcium
1886 3357 2116 3430 plenum

514 3450 614 3504 ﬁat
643 3453 859 3519 septem
889 3445 1085 3501 diebus
1121 3462 1221 3517 pro
1249 3445 1464 3501 cunctis
1498 3445 1867 3501 familiaribus
1905 3447 2113 3502 nostris

515 3537 681 3594 sicuti
713 3534 837 3591 ﬁeri
866 3551 986 3589 mos
1011 3540 1097 3589 est
1124 3551 1225 3606 pro
1256 3534 1522 3589 fratribus
1549 3536 1756 3590 nostris
1797 3535 2115 3592 novembris

519 3627 700 3698 [suppl
709 3664 723 3680 .
756 3624 996 3695 mense]

588 3715 743 3771 Infra
805 3718 1032 3769 octavas
1086 3713 1287 3768 horum
1332 3712 1712 3785 apostolorum
1778 3715 1859 3769 ita
1920 3721 2110 3786 agant.

518 3805 717 3861 Genua
743 3819 855 3859 non
876 3805 1125 3857 ﬂectant.
1157 3802 1566 3868 Invitatorium,
1618 3805 1807 3871 Regem
1847 3807 2115 3873 apostolo-

517 3909 651 3949 rum
671 3894 980 3965 :Hymnus.
998 3893 1243 3946 Ersuttet
1260 3894 1472 3947 caelum.
1497 3892 1680 3962 Supra
1699 3892 1943 3963 psalmos
1963 3910 2119 3948 assu-

518 3987 676 4037 mant
704 3982 774 4037 de
802 3980 1069 4053 apostolis
1098 3997 1221 4051 quae
1252 3979 1616 4034 conveniant:
1645 3986 1747 4035 aut
1787 3998 1853 4035 ex
1882 3981 2118 4037 historia

516 4071 793 4143 Principis
822 4069 1224 4141 apostolorum,
1269 4086 1392 4140 quae
1444 4068 1593 4123 inter
1639 4086 1701 4124 se
1746 4072 2108 4130 concordent.

2192 3114 2292 3153 nes
2324 3097 2502 3152 levitas
2549 3102 2719 3166 atque
2755 3094 3071 3149 sacerdotes
3110 3093 3167 3147 in
3201 3093 3412 3165 cappis.
3464 3089 3799 3147 Luminaria

2194 3204 2289 3243 sex
2309 3190 2439 3241 ante
2458 3185 2635 3239 altare
2660 3200 2788 3239 cum
2818 3182 2949 3248 illis,
2977 3200 3100 3254 quae
3122 3181 3373 3237 conversi
3397 3180 3682 3236 deferunt.
3708 3179 3799 3235 Ofe

2195 3275 2407 3341 ﬁcium,
2450 3273 2735 3340 Sapientia
2771 3276 3091 3325 sanctorum
3125 3288 3140 3323 :
3175 3270 3434 3333 Oremus,
3465 3270 3606 3323 Deus
3637 3270 3797 3337 cujus

2196 3365 2479 3419 dexteram
2506 3379 2523 3416 :
2554 3358 2821 3431 Epistola,
2855 3361 3200 3413 llisuntviri
3226 3359 3617 3412 misericordia
3651 3371 3665 3410 :
3708 3372 3796 3411 re-

2195 3451 2571 3526 sponsorium,
2602 3452 2892 3503 Justurum
2921 3451 3127 3503 anima:
3157 3466 3169 3502 :
3202 3446 3463 3512 Alleluia,
3488 3448 3643 3501 Justi
3665 3460 3796 3516 epu-

2198 3547 2386 3598 lentur
2414 3560 2430 3596 :
2457 3538 2840 3609 Evangelium,
2861 3540 3032 3592 Jussit
3059 3540 3248 3592 Jesus:
3279 3535 3559 3602 Ofﬁcium,
3592 3534 3796 3589 Exsul-

2198 3633 2417 3687 tabant:
2439 3626 2778 3694 communio,
2799 3628 3089 3681 Justorum
3112 3628 3333 3680 animae.
3370 3624 3700 3696 Antiphona
3727 3620 3796 3676 ad

2195 3733 2503 3790 vesperam,
2548 3718 2767 3784 Virgam
2798 3716 3023 3769 virtutis
3055 3720 3192 3769 tua:
3220 3714 3450 3782 Psalmi,
3482 3714 3638 3767 Dixit
3694 3712 3797 3765 Do-

2197 3812 2385 3863 minus
2409 3808 2655 3861 :coltocet
2675 3822 2841 3859 cum:
2872 3806 3139 3859 venientes
3164 3807 3380 3859 venient
3404 3822 3420 3858 :
3449 3803 3795 3871 confortatus

2197 3904 2302 3953 est:
2347 3898 2576 3952 Domine
2625 3895 2871 3962 probasti
2922 3911 3036 3947 me:
3086 3892 3546 3965 Responsorium,
3600 3893 3795 3946 Petrus

2199 3986 2475 4054 apostolus
2502 3987 2552 4037 et
2577 3982 2820 4036 Paulus:
2853 3982 3111 4054 Hymnus
3128 3984 3311 4037 Aurea
3343 3985 3487 4037 lucc:
3516 3981 3795 4053 Antipho-

2198 4090 2291 4137 na,
2324 4074 2425 4127 Isti
2444 4076 2575 4126 sunt
2614 4072 2735 4125 dua
2763 4073 2916 4127 olivae
2933 4076 2982 4125 et
3010 4073 3119 4127 duo
3147 4073 3509 4128 candelabra:
3531 4071 3793 4140 Oremus,

517 4160 809 4216 Lectiones
854 4159 924 4213 de
962 4163 1284 4213 sanctorum
1323 4158 1556 4213 Patrum
1611 4158 1985 4215 sermonibus.
2015 4161 2122 4215 Re-
2201 4165 2342 4219 Deus
2368 4164 2528 4231 cujus
2555 4162 2803 4215 dextera.

519 4248 876 4322 sponsorium
908 4247 1149 4319 apostoli
1180 4246 1447 4319 principis
1493 4247 1757 4319 primum,
1809 4249 2116 4304 secundum

520 4337 701 4395 sancti
729 4336 909 4403 Pauli,
940 4336 1173 4391 tertium
1202 4336 1354 4391 Petri
1379 4336 1542 4390 beati.
1577 4337 1862 4392 Psalmum
1898 4339 2118 4394 nullum

2780 4245 3019 4301 CAPUT
3046 4246 3201 4305 XXI.

2413 4340 2481 4393 In
2510 4338 2804 4406 festivitate
2830 4338 3013 4390 sancti
3040 4338 3193 4390 Petri
3213 4337 3288 4391 ad
3330 4338 3574 4392 Vincula.

520 4431 651 4498 post
673 4431 975 4481 nocturnas
1002 4429 1313 4491 assumant,
1332 4424 1431 4479 sed
1453 4424 1643 4479 statim
1674 4432 1876 4482 sonent
1894 4426 2116 4494 signum
2135 4415 2182 4474 Π
2270 4425 2594 4482 Festivitate
2614 4424 2794 4479 sancti
2828 4423 2982 4480 Petri
3045 4424 3118 4479 ad
3163 4424 3403 4480 Vincula
3450 4424 3792 4498 Capitulum,

504 4514 581 4569 et
608 4520 780 4586 agant
803 4512 1113 4568 matutinas
1160 4528 1226 4567 ex
1282 4512 1424 4579 luce,
1457 4519 1515 4568 et
1558 4514 1702 4570 hanc
1751 4516 2118 4588 antiphonam

518 4602 833 4675 imponant,
886 4603 996 4657 Hoc
1056 4607 1132 4657 est
1192 4607 1519 4671 praeceptum
1574 4620 1775 4658 meum.
1838 4604 2115 4677 Hymnus,

520 4693 705 4747 Aurea
726 4695 864 4748 luce.
898 4690 1259 4745 Postmodum
1297 4691 1356 4746 in
1378 4690 1489 4749 alio
1517 4692 1687 4748 choro
1716 4698 1945 4749 cantent
1997 4712 2119 4751 ma-

521 4782 735 4836 tutinas
793 4777 1046 4834 omnium
1104 4778 1439 4835 Sanctorum
1485 4785 1656 4852 atque
1703 4781 2114 4851 defunctorum,

524 4872 660 4926 Deus
687 4870 924 4925 auribus
951 4871 1178 4931 nostris,
1202 4867 1253 4924 ei
1282 4868 1530 4941 quinque
1563 4870 1808 4942 psalmos
1832 4888 1932 4943 pro
1958 4872 2123 4928 anni-

451 5008 461 5022 ,
518 4957 777 5013 versariis
796 4956 1149 5012 fratrum.Ad
1177 4956 1421 5028 primam
1446 4957 1618 5013 missa
1650 4966 2022 5016 mortuorum.
2055 4963 2121 5019 In

516 5047 763 5103 claustro
791 5046 1098 5119 loquantur
1111 5046 1256 5101 sicut
1274 5047 1400 5102 aliis
1420 5046 1642 5104 diebus:
1668 5047 1727 5102 in
1756 5047 1909 5104 horis
1928 5055 2119 5106 autem

516 5137 825 5209 antiphona
854 5135 1226 5209 plurimorum
1265 5136 1670 5205 apostolorum.
1694 5136 1767 5192 At
1793 5136 1889 5191 ubi
1933 5138 2119 5194 minus

513 5226 778 5282 eveniunt
818 5231 1089 5298 promant
1127 5226 1196 5280 de
1245 5224 1522 5298 propriis:
1571 5224 1832 5281 similiter
1872 5228 2119 5301 capitula

514 5320 683 5388 atque
711 5314 1013 5370 orationes.
1042 5314 1252 5369 Psalmi
1272 5312 1579 5368 familiares
1600 5329 1712 5369 non
1730 5315 2113 5387 imponantur.

2200 4518 2392 4572 Petrus
2411 4515 2632 4586 quidem
2651 4514 2974 4569 servabatur
2993 4516 3055 4568 in
3078 4530 3311 4569 carcere.
3335 4514 3793 4587 Responsorium.

2200 4606 2264 4662 Si
2289 4608 2479 4675 diligis
2503 4621 2607 4659 me.
2639 4603 2913 4676 Hymnus,
2934 4606 3124 4659 Petrus
3146 4606 3331 4660 beatus
3358 4611 3557 4661 catena
3584 4609 3793 4675 laqueo.

2203 4696 2570 4763 Quodcunque
2597 4695 2809 4747 vinctis.
2838 4693 3026 4749 Gloria
3054 4694 3154 4748 Deo
3176 4710 3279 4764 per
3295 4697 3581 4749 immensa.
3608 4696 3798 4750 Sacer-

2204 4783 2304 4838 dos
2324 4782 2400 4838 sit
2425 4782 2484 4837 in
2504 4780 2715 4854 cappis,
2750 4780 3001 4837 incenset
3024 4782 3226 4837 altare.
3258 4783 3600 4855 Antiphone,
3625 4785 3797 4853 Auge.

2206 4877 2293 4929 lus
2321 4873 2549 4927 Domini
2574 4872 2811 4926 adstitit.
2852 4871 2922 4925 Et
2956 4872 3125 4926 tertia
3146 4871 3261 4927 vice
3280 4873 3629 4927 decantetur.
3657 4874 3795 4929 Ore-

2203 4978 2349 5029 mus,
2371 4963 2508 5016 Deus
2529 4963 2629 5029 qui
2641 4961 2859 5015 beatum
2881 4963 3107 5015 Petrum
3124 4965 3512 5030 apostolorum.
3534 4961 3796 5018 Invitato—

2202 5050 2371 5118 rium,
2399 5051 2478 5104 Tu
2505 5066 2557 5104 es
2570 5054 2763 5118 pastor
2791 5053 2997 5117 ovium,
3029 5048 3326 5122 ipsumque
3344 5052 3455 5105 duo
3483 5051 3798 5106 fratresde-

2200 5144 2428 5195 cantent
2443 5137 2501 5193 in
2517 5138 2727 5211 cappis.
2748 5139 3024 5210 Hymnus,
3048 5140 3292 5195 Essultet
3313 5140 3597 5196 caetumJn
3616 5140 3796 5212 primo

2198 5234 2491 5296 nocturno,
2521 5228 2851 5300 antiphona,
2883 5230 2952 5283 In
2997 5245 3214 5284 omnem
3246 5234 3475 5284 terram.
3505 5228 3795 5285 Lectiones

2199 5324 2441 5390 quatuor
2463 5318 2533 5373 de
2559 5317 2790 5373 Actibus
2815 5317 3198 5388 apostolorum
3231 5336 3244 5371 :
3276 5319 3427 5373 Misit
3447 5319 3682 5373 Herodes
3703 5334 3797 5373 res:

512 5404 648 5460 Post
674 5402 902 5458 tertiam
931 5408 1107 5475 agant
1135 5402 1384 5457 missam.
1414 5401 1694 5469 Ofﬁcium,
1727 5403 1866 5458 Mihi
1893 5410 2104 5465 autem.
2195 5423 2417 5462 manus.
2448 5405 2515 5462 In
2546 5406 2790 5463 secundo
2817 5406 2941 5461 alia:
2969 5412 3212 5479 quatuor
3253 5423 3319 5462 ex
3340 5422 3600 5462 sermone
3619 5406 3795 5461 sancti

513 5490 772 5557 Oremus,
799 5492 939 5546 Deus
978 5495 1137 5561 cujus
1169 5493 1391 5547 dextera
1432 5509 1448 5545 :
1500 5490 1789 5563 Epistola:
1832 5494 1961 5547 Jam
2001 5510 2113 5552 non
2193 5495 2495 5568 Augustini
2515 5498 2782 5560 Audistis,
2808 5498 3015 5565 fratres
3044 5498 3382 5561 charissimi,
3420 5498 3794 5552 beatissimum

513 5582 639 5635 estis
667 5580 899 5649 hospites
930 5599 947 5635 :
976 5580 1437 5653 Responsorium,
1472 5582 1658 5637 Nimis
1691 5582 1983 5640 honorati:
2011 5584 2111 5641 Al-
2191 5584 2824 5658 Petrum.Responsoria
2837 5584 3027 5642 omnia
3044 5589 3275 5646 cantent
3291 5586 3608 5643 exhistoria
3619 5586 3792 5660 ipsius
