3914 6370
144 317 295 375 i225

1348 320 1769 380 DISCIPLINA
1805 321 2222 382 FARFENSIS.

3279 328 3418 388 i226

141 439 571 515 incipis.Simon
587 445 760 513 Petro,
783 449 1068 517 quartum,
1089 450 1368 513 octavum,
1401 452 1460 503 et
1485 447 1813 509 duodeci-A
1830 447 1909 503 lia
1937 450 2118 505 sancti
2145 448 2469 521 Augustini,
2516 451 2711 514 Amen,
2736 466 2909 506 amen
2940 454 3059 508 dico
3103 454 3271 520 vobis,
3303 457 3423 512 nisi

144 545 307 587 mum
337 548 373 587 a
400 532 619 589 duobus
644 533 1034 600 decantentur,
1054 540 1113 590 et
1129 552 1165 590 a
1190 537 1373 607 capite
1397 537 1585 609 ipsum
1612 537 1748 592 duo-

145 618 362 675 denum
385 627 513 693 post
542 623 730 678 Gloria
751 624 1139 695 recapitulent.
1171 626 1258 679 Ad
1286 626 1568 681 canticum
1597 627 1746 682 anti-

144 709 360 780 phona,
383 712 537 766 illisit
569 713 817 777 Herodes,
848 714 934 768 vel
962 717 1117 768 misit
1163 716 1432 770 Dominus
1458 720 1739 785 angelum.

146 798 467 867 Canticum,
503 802 593 856 Vos
612 804 792 857 sancti
810 804 1055 857 Domini.
1079 803 1324 857 Homilia
1342 821 1407 858 ex
1435 806 1744 876 evangelio,

145 890 473 943 uenitJesus
502 893 566 943 in
579 895 787 958 partes.
818 891 882 945 In
931 892 1116 946 albam
1148 890 1254 960 (28)
1282 911 1295 960 ;
1330 896 1524 948 Petrus
1560 901 1748 949 autem

145 978 495 1030 seruabatur.
520 977 863 1048 Antiphona,
895 984 1015 1033 erat
1043 983 1236 1034 Petrus
1263 982 1561 1036 dormiens.
1584 983 1749 1037 Anti-

147 1062 614 1134 phona,Angelus
644 1068 888 1120 Domini.
911 1068 1189 1138 Hymnus,
1211 1071 1406 1123 Petrus
1430 1070 1752 1123 beatus.An-

146 1152 405 1225 tiphona.
441 1155 824 1224 Quodcunque.

222 1241 312 1295 Ad
336 1241 564 1297 missam
594 1243 987 1299 matutinalem
1033 1245 1295 1301 dicantur
1330 1247 1573 1303 collecta:
1609 1247 1754 1302 sicut

147 1328 210 1384 in
240 1329 539 1386 duodecim
589 1332 961 1402 lectionibus;
1016 1335 1089 1389 ad
1136 1336 1405 1405 majorem
1444 1336 1756 1391 induantur

151 1434 354 1474 omnes
377 1420 587 1492 cappis,
624 1421 797 1476 etiam
840 1423 1111 1489 conversi,
1165 1424 1262 1495 qui
1290 1425 1474 1480 sciunt
1502 1430 1749 1480 cantare.

150 1507 242 1563 Ad
257 1508 406 1564 hanc
424 1525 643 1564 sacram
660 1510 850 1565 adsint
865 1511 1110 1567 candelae
1125 1518 1255 1567 ante
1272 1513 1468 1568 altare.
1494 1514 1752 1570 Oﬂicium

150 1601 388 1652 teneant
411 1614 507 1653 sex
527 1599 751 1653 fratres.
778 1601 942 1655 Nunc
978 1604 1089 1656 scio
1125 1618 1266 1656 vere.
1295 1602 1553 1669 Oremus,
1586 1605 1747 1671 Deus,

153 1690 259 1755 qui
272 1688 492 1742 beatum
501 1688 1179 1760 Petrum.Epistola,Misit
1199 1692 1432 1747 Herodes
1446 1737 1458 1748 .
1491 1690 1752 1763 Respon-

1825 552 2071 606 granum
2091 541 2386 606 frumenti,
2422 542 2479 594 et
2507 538 2653 594 cerei
2682 539 2793 594 duo
2811 546 3143 611 augeantur.

1896 623 2033 678 Post
2058 624 2421 695 Evangelium
2455 625 2772 690 recitatum,
2806 643 3050 695 oremus,
3079 630 3288 692 Eacita,
3314 631 3423 685 Do-

1827 714 1995 767 mine.
2027 714 2092 768 In
2120 714 2308 779 laude,
2331 714 2401 768 ad
2431 715 2729 769 stationem
2761 717 3198 787 responsorium,
3233 720 3424 773 Beatus

1826 802 2179 857 Laurentius.
2206 803 2435 857 Missam
2461 803 2850 859 matutinalem
2875 810 3049 876 agant
3085 823 3152 860 ex
3188 806 3279 862 die
3307 807 3423 863 Do-

1831 890 2039 945 minica
2074 891 2123 946 si
2154 892 2414 957 adfuerit,
2462 892 2833 963 adjungentes
2879 894 3189 949 orationem
3243 895 3426 951 sancti

1831 979 2611 1047 Laurentii.Ercita,Domine,
2631 987 2688 1035 et
2715 983 2854 1036 alias
2882 983 3426 1042 consuetudinarias.

1832 1066 1899 1122 In
1910 1069 2064 1123 horis
2078 1069 2373 1140 imponant
2388 1069 2753 1140 antiphonam
2763 1088 2830 1125 ex
2850 1072 3143 1126 matutinis
3165 1072 3427 1128 laudibus

1832 1156 1953 1211 sine
1973 1157 2242 1212 versibus.
2276 1158 2362 1211 Ad
2383 1157 2614 1211 missam
2644 1159 2917 1229 majorem
2943 1176 3137 1214 omnes
3163 1160 3428 1215 sacerdo-

1834 1251 1921 1300 tes
1949 1252 2119 1317 atque
2138 1246 2317 1301 levitas
2337 1246 2452 1301 sint
2497 1246 2688 1301 amicti
2742 1247 2949 1319 cappis.
2982 1249 3207 1320 Septem
3236 1265 3427 1305 cereos

1834 1334 2144 1389 accendant
2170 1341 2302 1389 ante
2330 1351 2508 1389 aram.
2540 1334 2803 1403 Oremus,
2835 1339 3059 1404 Praesta,
3091 1354 3424 1406 quaesumus,

1835 1427 2178 1493 omnipotens
2204 1426 2364 1479 Deus.
2398 1424 2484 1478 Ad
2520 1441 2808 1495 vesperam
2854 1426 3165 1499 antiphona
3192 1445 3316 1499 quae
3338 1444 3431 1484 su-

1836 1529 1937 1584 per
1947 1518 2220 1567 nocturno
2230 1512 2420 1579 fuerit,
2435 1512 2746 1584 imponant,
2761 1514 2883 1569 sine
2899 1515 3184 1571 versiculis
3196 1532 3431 1588 sequen-

1834 1600 2004 1657 tibus.
2028 1602 2282 1657 Psalmos
2302 1618 2367 1656 ex
2386 1618 2500 1656 uno
2518 1607 2768 1673 martyre
2783 1604 3236 1659 assumant.Tam
3251 1605 3310 1659 in
3325 1605 3432 1660 hac

1835 1690 1973 1744 hora
1988 1707 2154 1762 quam
2179 1691 2240 1745 in
2259 1690 2539 1746 matutino
2570 1708 2715 1746 unus
2742 1679 3001 1747 sacerdos
3043 1693 3119 1748 sit
3152 1693 3213 1748 in
3255 1710 3434 1766 cappa

156 1775 393 1844 sorium,
426 1778 733 1834 Constitues
761 1795 866 1844 eos,
899 1795 934 1833 a
959 1778 1177 1834 duobus
1228 1780 1559 1835 decantetur
1606 1783 1691 1836 vel
1720 1798 1754 1836 a
1775 1778 1909 1860 Bad
1955 1779 2359 1833 incensandum
2407 1779 2602 1833 altare.
2655 1779 2864 1834 Octava
2903 1781 3160 1852 ejusdem
3190 1781 3436 1839 efﬁciant

152 1862 357 1918 tribus.
386 1864 648 1932 Alleluia,
676 1866 830 1922 Solve
838 1868 1066 1935 jubente
1088 1869 1210 1934 Deo,
1243 1875 1551 1940 aquatuor.
1574 1870 1755 1925 Evan-

158 1952 395 2023 gelium,
414 1955 564 2008 Venit
581 1954 1355 2022 Jesus.0fﬁcium,00nstitues
1378 1975 1482 2014 eos.
1514 1958 1757 2014 Oﬂerto-

158 2040 248 2095 ria
272 2041 385 2096 duo
416 2042 710 2114 accipiant.
766 2044 1121 2110 Communia,
1151 2045 1348 2102 Simon
1390 2050 1643 2103 Joannis.
1671 2047 1757 2102 Ad

154 2146 419 2202 vesperas
446 2132 775 2203 antiphona,
801 2135 1028 2188 Juravit
1072 2136 1361 2203 Dominus,
1394 2137 1479 2190 vel
1516 2137 1756 2209 propriae

154 2219 337 2291 ipsius
366 2221 751 2276 nocturnaliie.
781 2222 1056 2293 Hymnus,
1104 2226 1294 2278 Petrus
1344 2225 1553 2282 beatus.
1592 2227 1757 2279 Anti-

157 2309 365 2381 phona,
395 2311 549 2364 Dicit
575 2310 772 2366 Simon
792 2314 985 2366 Petrus
1006 2313 1079 2367 ad
1105 2315 1312 2381 Jesum,
1353 2318 1408 2368 et
1428 2314 1663 2369 collecta
1697 2314 1757 2369 in

159 2398 285 2469 ipso
315 2397 406 2453 die
433 2400 636 2470 posita.

231 2485 552 2543 DomchI
568 2502 758 2545 MENSIS
789 2489 1052 2545 AUGUSTI.
1078 2489 1324 2546 Sabbato
1354 2491 1427 2546 ad
1450 2508 1754 2564 vesperam,

1837 1866 2130 1922 duodecim
2162 1867 2450 1922 lectiones.
2480 1866 2568 1920 Ad
2595 1866 2979 1922 invitatorium
3010 1868 3121 1923 duo
3149 1869 3352 1924 fratres
3376 1868 3435 1923 in

1837 1955 2000 2022 albis,
2030 1959 2222 2010 Justus
2240 1958 2472 2027 ﬂorebit.
2496 1955 2821 2027 Antiphona
2841 1962 2899 2011 et
2916 1958 3274 2028 responsoria
3291 1957 3439 2013 sicut

1836 2060 2008 2116 supra
2035 2044 2094 2099 in
2125 2044 2249 2115 ejus
2278 2060 2457 2097 sacro.
2488 2042 2633 2097 Nam
2672 2043 2877 2098 scimus
2908 2045 3041 2115 quia
3068 2046 3188 2100 haec
3234 2045 3441 2117 repeti;

1834 2132 1916 2187 tio
1937 2133 2035 2203 buj
2044 2150 2110 2187 us
2124 2131 2439 2187 festivitatis
2459 2131 2605 2186 infra
2626 2137 2877 2186 octavam
2890 2130 3226 2187 beatissima;
3245 2134 3437 2192 Maria

1837 2222 2041 2280 evenit.
2063 2221 2352 2277 Lectiones
2383 2222 2578 2291 legant
2606 2221 2676 2276 de
2704 2227 3024 2276 sanctorum
3042 2222 3272 2276 Patrum
3295 2221 3437 2296 [ser-

1841 2310 2144 2381 monibus],
2177 2309 2530 2382 responsoria
2558 2314 2681 2364 octo
2701 2315 2929 2365 cantent
2973 2310 3044 2365 de
3070 2312 3288 2383 praefati
3312 2329 3439 2369 san-v

1841 2400 1918 2454 cti
1943 2399 2195 2454 historia.
2231 2400 2297 2454 In
2353 2398 2779 2454 matutinalibus
2807 2398 3056 2470 quinque
3103 2401 3439 2473 antiphonas

1840 2494 2125 2561 promant,
2160 2497 2218 2543 et
2245 2488 2477 2544 missam
2505 2489 2776 2559 majorem
2805 2488 2876 2542 ad
2931 2488 3158 2544 tertiam
3185 2507 3251 2545 ex
3288 2506 3355 2545 eo
3383 2507 3442 2545 a-

164 2575 609 2648 responsorium,
631 2578 833 2632 Emitte
884 2580 1133 2634 Domine.
1164 2580 1252 2634 Ad
1292 2582 1627 2648 Magni/teat.
1665 2584 1763 2637 Do—
1840 2578 2565 2649 gant.0ff1cium,Domine,
2590 2578 2839 2645 probasti
2857 2579 3435 2649 cormeum.Collecta,

162 2668 354 2720 minus
377 2667 615 2735 possedit
643 2683 755 2724 me.
787 2667 867 2723 De
887 2668 1185 2723 Salomone
1212 2670 1404 2740 legant
1431 2674 1548 2724 tam
1591 2669 1650 2724 in
1678 2687 1762 2724 ec-
1842 2669 2055 2733 Ezcita,
2087 2669 2334 2721 Domine.
2366 2665 2638 2737 Epistola,
2669 2667 2776 2734 Qui
2791 2682 2979 2734 pacem
3009 2671 3266 2722 seminat.
3298 2668 3440 2724 Res-

161 2754 351 2821 clesia,
385 2770 554 2826 quam
581 2754 652 2810 ad
674 2755 1053 2825 refectionem,
1107 2774 1286 2830 usque
1334 2759 1526 2830 [Supp.
1558 2759 1631 2813 ad
1658 2758 1762 2813 ini-

161 2840 337 2915 tium]
364 2843 575 2899 mensis
596 2844 958 2917 Septembris.

735 2934 969 2991 CAPUT
997 2934 1175 2991 XXII.

1841 2755 2189 2826 ponsorium,
2219 2758 2539 2810 Praevenisti
2566 2771 2716 2810 eum.
2753 2754 3014 2822 Alleluia,
3068 2757 3166 2811 Hic
3193 2762 3268 2811 est
3318 2773 3441 2812 vere

1842 2850 2084 2913 martyr.
2116 2842 2500 2913 Evangelium,
2530 2843 2594 2898 Si
2621 2845 2744 2911 quis
2772 2846 2889 2896 vult
2930 2848 3051 2912 post
3097 2860 3183 2899 me
3229 2848 3433 2900 venire.

1843 2932 2122 2999 Ofﬁcium,
2160 2934 2223 2986 In
2242 2935 2465 2988 virtute.
2499 2931 2856 2996 Communio,
2878 2933 3133 2996 Posuisti,
3166 2934 3397 2988 Domine
3419 2952 3437 2988 :

1844 3026 1903 3075 et
1934 3021 1982 3075 si
2013 3021 2131 3074 haec
2160 3025 2355 3074 octava
2381 3019 2473 3073 die
2501 3018 2791 3073 Dominico
2829 3019 3139 3087 advenerit,
3168 3020 3438 3077 lectiones

1844 3116 1968 3166 octo
1992 3110 2185 3181 legant
2212 3108 2282 3163 de
2309 3108 2430 3180 ipso
2456 3106 2659 3175 beato;
2691 3106 2813 3162 alia;
2851 3113 3095 3179 quatuor
3136 3108 3207 3163 de
3251 3108 3441 3165 Domi-

604 3024 801 3091 Vigilia
820 3028 1000 3078 sancti
1029 3024 1337 3079 Laurentii.

235 3110 444 3182 Vigilia
469 3111 648 3166 sancti
677 3112 966 3167 Laurentii
995 3119 1122 3185 post
1150 3118 1364 3168 sextam
1423 3130 1547 3169 mox
1575 3118 1640 3169 ut
1666 3130 1759 3169 so-

164 3200 356 3255 nuerit
375 3206 563 3255 custos
585 3201 829 3256 ecclesiae
849 3202 1095 3272 signum,
1127 3207 1365 3274 surgant
1408 3220 1601 3258 omnes
1628 3220 1658 3257 e
1686 3204 1762 3258 le-
1842 3199 1987 3254 nica.
2017 3198 2269 3253 Homilia
2297 3197 2550 3269 ejusdem
2578 3196 2709 3250 diei.
2736 3196 3060 3267 Sequuntur
3078 3197 3440 3255 matutinales

163 3289 342 3358 cticis,
374 3294 433 3344 et
457 3289 786 3361 provideant
825 3290 1121 3362 indigeriis
1166 3292 1302 3354 suis,
1326 3298 1384 3346 et
1405 3292 1756 3361 conveniant,
1842 3291 2038 3346 laudes
2066 3288 2241 3359 ipsius
2269 3287 2591 3343 Dominicis.
2625 3287 2710 3341 Ad
2735 3287 3324 3360 collectam,repetant
3341 3306 3441 3345 an~

165 3377 356 3434 lavent
378 3395 581 3435 manus
613 3396 678 3433 ac
708 3380 908 3435 facies:
930 3379 1175 3436 infantes
1198 3381 1410 3453 absque
1431 3383 1547 3437 ullo
1575 3384 1763 3439 sonitu
1843 3382 2136 3453 tipbonam
2162 3395 2289 3433 cum
2316 3378 2505 3433 Gloria
2533 3376 2602 3430 de
2622 3375 2852 3446 praefato
2873 3381 3066 3432 sancto
3098 3395 3110 3432 ι
3145 3378 3275 3433 dein
3305 3395 3438 3450 pro-

166 3467 313 3539 signi
335 3468 562 3523 veniant
588 3468 649 3523 in
678 3468 971 3524 ecclesiam
1003 3476 1134 3525 ante
1154 3472 1352 3538 altare,
1379 3472 1625 3528 efﬁciant
1644 3490 1766 3529 ora-
1844 3474 2009 3526 mant
2034 3467 2399 3539 antiphonam
2424 3465 2494 3519 de
2523 3469 2717 3519 sancta
2739 3465 2934 3532 Maria,
2969 3470 3026 3521 et
3052 3466 3101 3521 si
3125 3484 3438 3539 congruum

165 3558 400 3626 tionem,
418 3564 619 3614 exeant
644 3568 703 3614 et
728 3576 788 3614 se
814 3560 1411 3618 induantvestimentis
1436 3564 1608 3618 sacris
1621 3564 1760 3618 mis-
1842 3560 2083 3625 videtur,
2114 3556 2345 3612 tertium
2375 3559 2714 3609 nocturnum
2761 3555 2863 3609 ﬁat
2891 3555 2961 3609 de
2990 3561 3187 3611 sancta
3214 3557 3389 3614 Maria
3418 3573 3435 3614 :

167 3662 244 3701 ste
271 3647 567 3718 coaptatis,
599 3648 860 3703 sacerdos
897 3666 1025 3704 cum
1051 3650 1341 3709 ministris.
1369 3656 1427 3706 et
1453 3652 1653 3707 deinde
1681 3651 1763 3707 di-
1841 3648 2019 3720 ipsius
2046 3663 2177 3702 vero
2196 3644 2473 3702 Dominici
2535 3643 2648 3698 diei
2717 3648 2923 3714 agatur
2970 3645 3144 3701 missa
3167 3646 3226 3701 in
3250 3646 3438 3718 quoti-

167 3742 298 3791 cant
328 3737 561 3792 missam
588 3754 655 3793 ex
692 3738 880 3808 vigilia
898 3738 1074 3810 ipsius
1102 3739 1235 3794 diei.
1267 3740 1509 3795 Alleluia
1533 3755 1647 3795 non
1666 3756 1760 3793 ca-
1842 3737 2027 3792 dianis
2055 3735 2271 3791 diebus.

167 3830 323 3880 nant.
359 3824 427 3880 In
456 3825 580 3897 ipso
610 3826 700 3881 die
730 3842 833 3881 nec
857 3827 1079 3899 adipem
1100 3828 1416 3895 comedant,
1449 3835 1507 3883 et
1532 3829 1590 3883 in
1620 3829 1759 3883 refe-
2408 3822 2639 3878 CAPUT
2664 3822 2867 3879 XXIII.

168 3913 367 3981 ctorio,
398 3914 671 3986 quidquid
700 3916 1037 3971 remanserit
1062 3917 1134 3971 de
1164 3934 1309 3988 pane
1334 3924 1392 3972 et
1443 3918 1571 3973 vino
1619 3919 1761 3974 elee-
1961 3917 2198 3984 Virginis
2216 3917 2575 3982 Assumptum
2599 3914 2785 3965 cuncti
2809 3914 2887 3966 sic
2911 3913 3092 3967 ducite
3114 3929 3346 3971 mecum.

167 4003 525 4076 mosynarius
545 4004 801 4076 accipiat.
828 3996 977 4061 Ante
1002 4022 1291 4078 vesperam
1311 4014 1498 4064 custos
1516 4009 1759 4064 ecclesiae
1910 4005 2118 4076 Vigilia
2131 4001 2546 4073 Assumptionis
2564 4007 2769 4055 sanctae
2789 3999 2998 4055 Mariae.
3020 4003 3167 4057 Ante
3193 4003 3435 4074 primam

167 4100 330 4149 ornet
351 4094 557 4149 altaria
579 4095 791 4164 sericis,
823 4101 881 4150 et
929 4096 988 4150 in
1041 4097 1297 4152 formulis
1342 4099 1553 4170 tapetia
1589 4116 1763 4170 supra
1841 4101 2045 4150 ornent
2072 4091 2381 4157 ecclesiam,
2404 4091 2536 4145 hinc
2556 4095 2613 4144 et
2630 4089 2761 4144 inde
2798 4089 3040 4160 parietes
3067 4091 3297 4147 cortinis
3331 4110 3436 4150 nec

167 4183 459 4243 extendat.
503 4185 589 4239 Ad
604 4201 843 4256 vesperae
857 4185 1112 4258 synaxim
1135 4186 1381 4258 quinque
1410 4205 1601 4243 cereos
1629 4194 1760 4243 ante
1842 4202 1953 4241 non
1973 4183 2169 4256 palleis
2194 4180 2324 4253 (‘29),
2343 4181 2512 4234 choro
2534 4185 2661 4251 post
2679 4180 2846 4234 dorsa
2871 4180 3109 4235 fratrum
3135 4180 3193 4236 in
3222 4182 3433 4239 circum

166 4273 344 4326 altare
364 4278 596 4343 ponant.
627 4273 968 4345 Capitulum,
1015 4276 1317 4342 Conﬁtebor
1363 4278 1481 4339 tibi,
1535 4279 1761 4332 Domine
1843 4279 2040 4347 aptent
2085 4270 2339 4326 bancalia
2370 4267 2504 4339 (30),
2550 4268 2610 4323 in
2658 4269 2916 4325 formulis
2952 4270 3161 4341 tapetia
3193 4273 3435 4328 :altaria

166 4375 279 4414 rex.
305 4360 765 4433 Responsorium,
785 4364 897 4430 Quo
915 4365 1574 4437 progrederis.Hymnus,
1605 4367 1760 4420 Mar-
1777 4435 1803 4437 _
1843 4368 2043 4419 ornent
2061 4361 2177 4416 suis
2200 4358 2546 4414 ornamentis
2569 4376 2581 4412 :
2613 4358 2673 4412 in
2700 4358 2900 4429 majori
2929 4376 3123 4415 omnes
3140 4360 3311 4416 libros
3341 4380 3437 4435 pa-

168 4456 310 4521 tyris
322 4454 553 4509 Christi.
572 4451 914 4521 Versiculus,
930 4453 1214 4520 Dispersit,
1244 4435 1391 4508 dedit
1394 4459 1636 4525 pauperi
1640 4458 1752 4510 bus.
1776 4435 1824 4494 D
1842 4459 1995 4508 ratos
2014 4456 2243 4523 ponant,
2277 4454 2335 4503 et
2352 4447 2645 4537 duodecim
2664 4448 2910 4537 candelae
2932 4454 3063 4503 ante
3100 4450 3306 4537 ipsum.
3334 4452 3435 4507 Ba-

163 4542 510 4615 Antiphona,
526 4544 707 4598 Levita
726 4543 1077 4596 Laurentius.
1096 4549 1352 4608 oremus,
1371 4546 1580 4606 Adesto,
1599 4546 1753 4608 Deus,

1842 4542 2001 4597 silica
2036 4545 2241 4595 sanctae
2273 4536 2466 4592 Mariae
2511 4536 2723 4608 optime
2757 4536 3053 4593 decoretur
3092 4536 3210 4593 tam
3250 4541 3432 4612 palliis

165 4633 682 4704 supplicationibus.
706 4634 791 4689 Ad
814 4637 1113 4693 stationem
1135 4635 1759 4710 responsorium,Levita
1841 4648 2011 4703 quam
2040 4626 2392 4701 phanonibus
2417 4625 2523 4699 (Si)
2555 4641 2692 4679 auro
2716 4626 2902 4681 textis.
2938 4627 3168 4682 Missam
3196 4631 3433 4686 matuti-

166 4723 523 4777 Laurentius.
548 4721 805 4793 Oremus,
827 4727 1037 4789 Ercita,
1061 4730 1312 4790 Domine,
1350 4730 1410 4781 in
1431 4723 1759 4780 ecctesia.Ad
1842 4721 2027 4776 nalem
2057 4723 2229 4790 agant
2257 4717 2327 4771 de
2355 4720 2549 4769 sancto
2573 4713 2837 4778 Eusebio,
2880 4716 2971 4787 adj
2982 4723 3254 4787 ungentes
3293 4721 3433 4776 alias

165 4808 554 4867 invitatoriam
573 4819 816 4883 quatuor
841 4815 901 4870 in
928 4817 1139 4888 cappis,
1171 4820 1365 4872 Beatus
1404 4817 1755 4870 Laurentius.
1842 4826 1942 4882 pro
1958 4806 2258 4863 defunctis.
2295 4803 2651 4860 Olferendam
2667 4819 2860 4857 omnes
2874 4804 3101 4860 faciant.
3125 4807 3260 4862 Post
3287 4809 3434 4881 capi-

167 4901 450 4975 Hymnus,
472 4904 670 4959 Deuota
690 4911 886 4961 mente.
910 4908 1200 4963 Lectiones
1248 4910 1373 4960 octo
1397 4904 1466 4958 de
1495 4903 1619 4974 ejus
1640 4918 1763 4974 pas-
1841 4898 2025 4952 tulum
2056 4894 2282 4949 veniant
2308 4907 2503 4947 omnes
2534 4891 2606 4945 ad
2661 4891 2995 4946 radendum.
3036 4893 3172 4949 Post
3217 4902 3432 4952 sextam

168 4990 346 5047 sione.
379 4992 822 5063 Responsorium
852 5003 1137 5068 quartum,
1160 5001 1436 5057 octavum,
1460 4999 1517 5048 et
1558 4992 1764 5047 duode-
1844 5003 1968 5044 cum
1993 4983 2275 5081 audierint
2287 4981 2511 5051 signum
2531 4984 2827 5081 surgente
2850 4980 3095 5081 lectulis,
3110 4982 3433 5081 laventma-

170 5080 380 5136 cimum
408 5081 556 5139 sicut
580 5101 703 5140 mos
730 5090 815 5140 est
840 5085 900 5142 in
938 5092 1175 5159 quatuor
1207 5085 1401 5157 cappis
1420 5088 1547 5155 post
1576 5083 1763 5137 Gloria
1843 5093 1952 5151 nus
1971 5080 2140 5146 atque
2159 5071 2353 5159 faciest
2379 5075 2437 5123 et
2458 5073 2591 5123 eant
2609 5068 2787 5159 ‘pueri
2814 5069 2872 5123 in
2898 5069 3193 5159 ecclesiam
3222 5074 3435 5146 absque

167 5168 632 5241 recapitulentur.
690 5174 878 5230 Primo
929 5156 987 5231 et
1040 5175 1282 5231 secundo
1324 5156 1611 5229 nocturno
1646 5176 1764 5225 tres
1843 5164 2031 5221 sonitu
2051 5161 2197 5233 signi
2220 5179 2232 5216 :
2254 5158 2462 5215 faciant
2480 5156 2781 5257 orationes,
2813 5163 2871 5212 et
2886 5158 3221 5257 “influant”,
3254 5180 3437 5220 sacer-

171 5260 416 5316 candela
441 5267 574 5317 ante
597 5263 776 5320 altare
799 5264 930 5333 sint,
954 5270 1105 5321 retro
1136 5280 1268 5320 una.
1293 5264 1359 5319 In
1386 5262 1554 5317 tertio
1578 5259 1761 5315 homi-
1844 5256 1944 5311 dos
1970 5253 2161 5309 casula
2186 5250 2455 5306 diaconus
2473 5246 2794 5314 dalmatica,
2817 5245 3191 5304 subdiaconus
3220 5253 3430 5313 tunica.

1778 3074 1821 3135 Ο

176 5400 708 5532 ad(ligggsetggendum
732 5407 877 5465 forte
905 5410 970 5465 in
989 5408 1136 5478 alba,
1162 5408 1269 5466 hoc
1284 5411 1369 5464 est
1411 5420 1636 5475 aurora,
1664 5421 1764 5462 seu
1849 5397 2220 5532 gas3innc1120§o
2248 5397 2554 5468 ponuntur.
2587 5391 2677 5448 Ita
2707 5389 2954 5456 Durand,
2982 5390 3077 5446 ub.
3107 5407 3150 5462 ι,
3180 5393 3431 5466 Ration.,

247 5545 354 5620 (29)
384 5547 595 5620 Palliis,
621 5550 779 5618 velis,
810 5551 1020 5606 sericis.
1919 5533 2031 5616 (3i)
2062 5542 2377 5606 Phanones,
2415 5537 2667 5603 fanones,
2689 5533 2877 5602 fanen,
2901 5533 3042 5603 vela,
3076 5536 3294 5593 vexilla.

248 5618 362 5693 (30)
390 5619 673 5688 Bancalia,
699 5627 835 5678 sunt
859 5622 1032 5696 panni
1052 5623 1149 5697 qui
1177 5622 1518 5696 supersedes
1535 5621 1619 5676 vel
1638 5620 1769 5675 ben-

422 5718 685 5783 PATROL.
732 5722 849 5784 CL.
3131 5704 3210 5769 39
