3914 6356
551 364 691 425 1231

556 582 837 653 Hymnus,
895 579 1145 631 Assertor
1195 576 1488 643 aequitatis.
1548 572 1778 636 Versus,
1826 570 2031 636 Magna
2078 572 2153 621 est

559 673 743 740 gloria
771 671 910 736 ejus.
942 664 1282 735 Antiphona,
1318 665 1696 729 Interrogatus
1721 661 1978 713 Joannes.
2013 657 2154 712 Ore-

559 775 708 823 mus,
748 756 942 812 Sancti
984 756 1218 809 Joannis
1260 754 1525 819 Baptista},
1561 754 1609 802 et
1639 749 1911 817 martyris
1948 749 2053 799 tui.
2087 746 2157 799 Et

559 851 698 900 tunc
734 847 994 914 repetant
1035 840 1398 911 antiphonam
1430 838 1499 891 de
1530 842 1723 890 sancta
1749 835 1925 888 Maria
1953 833 2157 889 Savina

565 933 695 1004 (35).
728 930 1119 989 Invitatorium
1149 929 1259 982 duo
1298 927 1356 981 in
1386 925 1576 997 cappis
1603 925 1809 989 dicant,
1844 926 2151 985 xEternum,

562 1025 885 1090 trinumque
927 1021 1247 1073 Dominum.
1279 1016 1555 1086 Hymnus,
1597 1016 1741 1068 Deus
1772 1018 2016 1065 tuorum.
2048 1011 2160 1064 An-

557 1112 815 1185 tiphona,
845 1111 929 1164 Ad
957 1111 1145 1163 omnia
1173 1124 1307 1175 quae.
1348 1107 1491 1161 Item
1520 1104 1764 1167 alleluia,
1797 1104 2023 1156 Audivit
2054 1102 2159 1155 lle-

558 1203 732 1267 rodes,
750 1205 808 1254 et
834 1205 1036 1253 caetera
1063 1196 1227 1250 sicuti
1243 1193 1549 1265 capitulata
1577 1198 1711 1247 sunt
1738 1192 1795 1245 in
1813 1189 2155 1245 authentico.

562 1288 841 1345 Versiculi
882 1287 1053 1342 unius
1094 1284 1360 1355 martyris
1389 1284 1665 1337 dicantur.
1698 1280 1989 1335 Lectiones
2027 1283 2152 1332 octo

558 1380 629 1435 de
690 1393 949 1433 sermone
986 1374 1164 1429 sancti
1200 1373 1431 1427 Joannis
1471 1371 1735 1443 episcopi,
1784 1371 1948 1423 Hodie
2000 1368 2153 1421 nobis

556 1471 791 1525 Joannis
817 1469 1016 1529 virtus,
1046 1463 1272 1518 Herodis
1282 1463 1494 1529 feritas.
1519 1458 1981 1530 Responsorium,
2002 1458 2153 1510 Misit

557 1559 809 1614 Herodes.
833 1555 1128 1618 Quartum,
1146 1555 1403 1604 octavum
1425 1554 1481 1603 et
1500 1548 1893 1602 duodecimum
1926 1546 2036 1599 duo
2057 1544 2154 1598 de-

558 1650 806 1702 cantent.
830 1645 895 1698 In
913 1640 1081 1696 tertio
1098 1645 1371 1694 nocturno
1394 1637 1790 1709 pronuntietur
1804 1635 2158 1705 evangelium

1614 353 1963 412 GUIDONIS
2000 350 2306 408 ABBATIS
2348 349 2766 406 FARFENSIS.

560 492 827 547 ludibria.
863 485 1322 559 Responsorium,
1355 485 1669 538 Praecursor
1714 481 1943 533 Domini
1976 475 2222 535 venit.A

3705 348 3860 407 i232

2805 474 3035 531 CAPUT
3060 473 3259 530 XXIX.

2347 564 2623 619 Theotocos
2647 569 2833 618 ortum
2854 567 3117 619 celebrent
3137 568 3216 619 sic
3233 567 3395 620 verba
3423 567 3733 625 clientum.

2308 654 2373 708 In
2417 654 2709 708 nativitate
2748 658 2956 707 sanctae
2985 653 3175 709 Mariae
3209 655 3538 727 priusquam
3560 663 3864 713 sanentur

2237 759 2479 812 vesperae
2509 748 2780 797 ornentur
2806 742 3006 797 altaria
3036 749 3093 797 et
3129 744 3311 797 omnis
3359 747 3619 803 ecclesia.
3670 749 3863 819 Super

2238 832 2448 886 formas
2482 838 2734 886 sternant
2780 831 3021 903 tapetias
3056 838 3187 886 ante
3232 850 3521 904 vesperam
3554 858 3566 892 :
3609 846 3864 891 ornetur

2238 920 2650 992 presbyterium
2674 926 2843 991 atque
2868 922 3088 976 chorus.
3130 920 3474 993 Capitulum,
3506 927 3861 992 Egredietur

2252 1012 2413 1076 Virga
2464 1029 2480 1063 :
2521 1010 2970 1080 responsorium,
3024 1012 3276 1065 Gloriosa
3326 1014 3565 1080 Virginis
3627 1017 3856 1069 Mariae.

2240 1099 2418 1152 Pallio
2443 1098 2581 1171 (36),
2607 1105 2664 1153 et
2682 1099 3156 1169 circumcoaptent
3177 1100 3433 1155 bancalia
3459 1120 3470 1155 :
3494 1109 3636 1157 ante
3652 1121 3857 1159 arcum

2243 1188 2547 1242 extendant
2564 1188 2817 1259 pallium,
2850 1193 3025 1242 testes
3064 1188 3292 1260 [textus]
3317 1191 3770 1261 Evangeliorum
3804 1195 3859 1247 in

2234 1275 2412 1330 altare
2444 1294 2637 1331 omnes
2666 1266 2877 1347 ponant
2911 1295 2922 1328 :
2968 1277 3215 1348 quinque
3262 1280 3411 1333 cerei
3457 1282 3858 1337 accendantur

2235 1371 2366 1419 ante
2396 1366 2601 1437 ipsum,
2621 1366 3063 1420 ininstrumento
3091 1372 3226 1429 tres,
3244 1368 3301 1421 in
3322 1368 3434 1423 alia
3456 1370 3677 1425 altaria
3709 1389 3857 1426 unus

2235 1455 2646 1511 tantummodo.
2685 1460 2743 1509 et
2786 1455 2899 1509 sint
2945 1455 3135 1509 sericis
3181 1455 3443 1512 decorata
3491 1476 3504 1510 :
3546 1464 3682 1513 tam
3719 1460 3852 1527 ista,

2240 1560 2407 1613 quam
2436 1544 2533 1597 illa
2559 1560 2680 1614 qum
2711 1543 2983 1614 inscripta
3003 1550 3154 1599 sunt.
3186 1546 3368 1617 Super
3390 1547 3678 1602 formulas
3709 1556 3857 1603 ster-

2237 1638 2377 1686 nant
2402 1633 2633 1703 tapetia.
2658 1633 2998 1704 Capitulum,
3033 1635 3355 1701 Egredietur
3383 1638 3545 1705 Virga
3573 1657 3593 1690 :
3620 1655 3858 1710 respon-

559 1734 867 1790 secundum
889 1730 1237 1794 Matthaaum,
1263 1729 1330 1781 In
1360 1730 1457 1781 illo
1484 1732 1734 1793 tempore,
1760 1728 1975 1779 audivit
1996 1726 2209 1794 Hero-_
2239 1721 2470 1787 sorium,
2505 1723 2758 1777 Gloriosa:
2810 1723 3050 1790 Virginis
3082 1725 3292 1787 Marias,
3314 1726 3399 1779 vel
3431 1726 3604 1781 Corde
3637 1733 3693 1781 et
3725 1732 3856 1782 ani-

557 1789 934 1879 des.Homi1ia
966 1818 1130 1872 Beda).
1144 1789 1480 1887 presbyteri.
1507 1789 1777 1879 Natalem,
1802 1816 2007 1882 fratres
2032 1789 2218 1867 cha-B
2238 1828 2325 1863 mo
2357 1829 2373 1863 :
2405 1811 2680 1881 Hymnus,
2716 1811 2824 1866 Ave
2866 1789 3044 1866 maris
3072 1814 3250 1866 stella.
3286 1814 3555 1869 Sacerdos
3588 1817 3856 1872 incenset

558 1914 792 1973 rissimi,
827 1910 970 1964 beati
982 1910 1215 1962 Joannis
1236 1909 1379 1960 diem
1406 1906 1751 1957 celebrantes.
1781 1901 2039 1956 Candelae
2060 1917 2156 1954 au-
2238 1899 2440 1953 altaria
2480 1900 2860 1954 circumdatus
2888 1916 3083 1972 cappa.
3117 1902 3457 1973 Antiphona,
3488 1907 3652 1960 Felix
3688 1924 3853 1960 nam-

557 2005 791 2073 gescant
817 1999 942 2053 duae
967 2002 1097 2050 ante
1116 2011 1295 2048 aram.
1328 1992 1394 2047 In
1424 1991 1683 2046 laudibus
1712 1990 2151 2062 responsorium,
2236 2005 2339 2056 que
2371 2007 2387 2042 :
2418 2005 2632 2058 versus,
2653 1990 2762 2043 Ave
2792 1990 2975 2043 Maria
3001 2009 3016 2043 :
3045 1991 3243 2057 oratio,
3265 1992 3720 2060 Supplicationes
3747 2012 3854 2049 ser-

558 2090 745 2145 Cloria
774 2091 825 2140 et
856 2087 1077 2139 honore.
1113 2083 1389 2153 Hymnus,
1415 2080 1538 2134 Non
1568 2081 1679 2147 fuit
1700 2081 1861 2132 vatis.
1889 2077 2159 2148 Antipho-

558 2194 653 2243 na,
704 2177 867 2229 Misso
916 2173 1167 2228 Herodes.
1223 2170 1393 2225 Missa
1441 2168 1790 2223 matutinalis
1836 2172 2041 2236 agatur
2086 2164 2157 2219 de

557 2271 753 2322 sancta
792 2262 998 2318 Savina
1037 2259 1287 2333 [Sabina)
1340 2258 1610 2312 addentes
1654 2257 1945 2311 collectam
1977 2254 2156 2309 sancti

556 2353 789 2411 Joannis
809 2357 978 2422 atque
993 2347 1535 2403 consuetudinarias.
1557 2345 1642 2400 Ad
1660 2346 2155 2415 majorem,omnes

558 2443 768 2515 gradus
786 2439 1140 2496 sacerdotum
1172 2442 1340 2507 atque
1360 2436 1658 2489 levitarum
1688 2433 1883 2504 cappis
1912 2432 2155 2486 circum-

559 2532 785 2587 dentur.
803 2530 1029 2599 Septem
1046 2525 1334 2595 lampades
1349 2523 1746 2577 accendantur.
1768 2521 2152 2585 Oï¬‚'ertorium,

556 2620 631 2675 De
658 2624 846 2672 ventre
885 2617 1086 2669 matris
1117 2630 1265 2678 meae,
1303 2613 1450 2685 quod
1480 2630 1574 2667 sex
1607 2616 1857 2667 teneant.
1893 2610 2153 2673 Oremus,

556 2707 753 2764 Sancti
788 2706 1024 2761 Joannis
1056 2703 1323 2772 Baptista.
1356 2702 1625 2773 Epistola,
1661 2700 1854 2755 Sancti
1884 2700 2152 2754 ludibria.

556 2793 1023 2866 Responsorium,
1039 2793 1400 2858 Priusquam,
1417 2790 1527 2844 duo
1543 2790 1868 2843 decantent.
1893 2787 2154 2853 Alleluia,

557 2888 712 2941 Inter
735 2889 894 2939 natos
921 2884 1246 2945 mulierum,
1271 2884 1386 2933 tres
1406 2879 1745 2951 persolvant.
1768 2876 2152 2946 Evangelium,

2239 2093 2435 2131 vorum
2462 2083 2688 2131 tuorum
2720 2098 2735 2132 :
2768 2083 2825 2132 et
2848 2085 3108 2150 repetant
3135 2081 3501 2151 antiphonam
3542 2083 3619 2137 de
3652 2090 3851 2139 sancto

2238 2166 2484 2221 Adriano
2524 2167 2595 2221 ad
2628 2167 2949 2233 stationem,
2983 2170 3135 2223 Felix
3173 2186 3431 2239 namque,
3481 2189 3711 2235 versus,
3747 2175 3851 2227 Are

2237 2257 2441 2318 Maria,
2476 2262 2533 2309 et
2556 2257 2734 2310 oratio
2764 2256 2937 2327 ipsius
2955 2256 3132 2312 beatze
3176 2259 3588 2328 Invitatorium,
3617 2264 3846 2317 Nativi-

2241 2348 2405 2397 tatem
2447 2346 2685 2412 Virginis
2725 2346 2935 2410 Mariae,
2980 2346 3123 2416 quod
3174 2347 3474 2403 decantent
3499 2350 3560 2404 in
3589 2351 3849 2422 capitulo

2239 2437 2498 2502 quatuor.
2532 2431 2813 2502 Hymnus,
2848 2435 3014 2500 Quem
3042 2438 3191 2489 terra
3206 2441 3426 2504 pontus,
3460 2437 3549 2491 vel
3566 2440 3660 2493 Fit
3679 2447 3845 2507 porta

2240 2522 2467 2577 Christi.
2498 2523 2631 2576 Tria
2658 2523 2959 2576 luminaria
2984 2525 3293 2578 accendant
3311 2531 3441 2580 ante
3461 2528 3668 2591 altare,
3693 2532 3846 2582 retro

2238 2628 2437 2665 unum.
2469 2610 2761 2666 Lectiones
2792 2617 2915 2666 octo
2936 2611 3006 2666 de
3034 2613 3266 2668 canticis
3283 2616 3632 2670 canticorum
3653 2618 3845 2688 legan-

2239 2705 2353 2765 tur,
2379 2702 2663 2755 Oscutetur
2679 2718 2781 2761 me,
2818 2701 2904 2755 vel
2928 2701 3249 2773 approbata
3269 2704 3847 2762 consuetudinis.'Re-

2240 2789 2593 2860 sponsorium
2644 2795 2909 2860 quartum
2951 2790 3062 2845 duo
3105 2798 3385 2862 proment,
3428 2800 3693 2849 octavum
3732 2801 3845 2849 tres

2240 2877 2632 2932 duodecimum
2656 2884 2899 2949 quatuor
2923 2897 2934 2931 :
2960 2885 3085 2950 post
3105 2881 3292 2937 Gloria
3307 2899 3342 2935 a
3355 2882 3535 2953 capite
3551 2890 3844 2956 repetant.

558 2974 712 3028 Misit
738 2973 970 3027 Herodes
998 2986 1063 3023 ac
1100 2971 1278 3022 tenuit
1301 2970 1591 3021 Joannem.
1631 2963 2011 3030 Olfertorium,
2044 2963 2156 3016 ÎœÎ±-
2237 2967 2322 3020 Ad
2347 2966 2625 3021 canticum
2653 2972 2958 3037 augescant
2994 2968 3311 3038 quindecim
3342 2971 3603 3026 candelas
3629 2973 3688 3026 in
3718 2990 3846 3044 per-

557 3078 672 3133 gna
700 3067 795 3128 est,
815 3061 906 3116 vel
938 3060 1190 3114 Posuisti.
1219 3055 1573 3111 Communia.
1605 3056 1862 3116 Posuisti,
1898 3053 2150 3106 Domine.

560 3153 586 3163 -Î¹
722 3152 733 3163 Î¹
808 3154 817 3163 Î¹
896 3149 908 3161 Î¿
984 3153 993 3163 Î¹
1045 3147 1053 3163 1
1116 3148 1131 3163 Î¹
1272 3162 1277 3163 ,
1379 3161 1390 3163 ,
1420 3144 1621 3163 ,9,__A-___
1675 3141 1736 3163 Ï„..
1764 3140 1914 3163 1.-..2..
1950 3142 2129 3163 --ÏÎµÎ¹--

2247 3055 2363 3109 tica.
2407 3054 2773 3126 Evangelium
2804 3057 3217 3127 pronuntietur.
3260 3061 3415 3113 Liber
3441 3065 3843 3128 generationis,

560 3153 628 3208 In
655 3149 949 3205 retectorio
978 3147 1184 3202 tabulae
1226 3144 1640 3215 cooperiantur.
1675 3141 1743 3196 In
1764 3140 1915 3195 horis
1945 3142 2158 3210 capitu-
2177 3140 2223 3163 Ï…
2247 3149 2303 3198 et
2331 3144 2692 3215 expositionis
2719 3145 2897 3201 sancti
2917 3145 3249 3217 Hieronymi
3272 3164 3367 3201 :ex
3387 3148 3582 3203 eadem
3602 3149 3843 3204 lectione

561 3242 683 3296 lum
704 3240 875 3294 unius
906 3236 1192 3308 martyris.
1214 3234 1511 3289 Orationes
1532 3233 1601 3286 de
1629 3231 1807 3303 ipsius
1834 3230 2157 3295 Nativitate,
2245 3233 2303 3286 in
2334 3233 2608 3287 laudibus.
2634 3234 2719 3287 Ad
2748 3234 3049 3288 stationem
3080 3236 3520 3305 responsorium,
3554 3240 3841 3293 Nativita-

564 3344 691 3399 quae
719 3325 1073 3391 conveniant,
1116 3323 1202 3376 vel
1247 3322 1317 3375 de
1354 3327 1603 3391 martyre
1653 3324 2032 3373 assumantur.
2079 3317 2164 3371 Ad
2248 3328 2370 3376 tem.
2404 3323 2573 3377 Missa
2599 3323 2950 3376 matutinalis
2981 3324 3049 3377 de
3088 3330 3280 3379 sancto
3309 3325 3578 3381 Adriano.
3602 3328 3670 3382 In
3698 3326 3846 3381 basi-

565 3430 857 3485 vesperam
886 3412 1204 3482 antiphonae
1235 3410 1305 3463 de
1333 3408 1624 3463 nocturnis
1644 3409 1922 3462 dicantur.
1954 3405 2165 3461 Psalmi
2246 3411 2355 3465 lica
2405 3418 2609 3466 sanctae
2651 3412 2839 3465 Mariae
2870 3412 3104 3466 audiant
3150 3418 3206 3467 et
3252 3414 3539 3469 collectam
3579 3416 3651 3470 de
3681 3416 3838 3487 ipsa;

564 3504 736 3559 unius
772 3500 1058 3573 martyris.
1110 3497 1569 3569 Responsorium,
1620 3499 1875 3562 Posuisti,
1909 3497 2161 3551 Domine.
2245 3500 2455 3564 dicant,
2488 3506 2545 3555 et
2573 3501 2817 3555 alleluia.
2855 3502 3049 3556 Oratio
3075 3504 3587 3559 consuetudinaria.
3611 3505 3700 3559 Ad
3732 3521 3845 3558 ma-

566 3594 844 3665 Hymnus,
861 3594 1127 3647 Assertor.
1160 3588 1504 3659 Antiphona,
1527 3588 1700 3641 Medio
1726 3589 1963 3641 carceris
1986 3587 2165 3640 stabat

569 3684 755 3736 beatus
776 3682 1036 3735 Joannes.
1068 3676 1279 3739 Oratio,
1308 3676 1503 3732 Sancti
1522 3677 1756 3729 Joannis
1783 3676 2053 3742 Baptista".

1104 3798 1338 3857 CAPUT
1373 3795 1629 3852 XXVIII.

804 3929 1096 3986 Dominica
1122 3928 1312 3994 prima
1344 3925 1543 3977 mensis
1572 3922 1918 3990 Septembris.

639 4036 743 4092 Hic
787 4033 1110 4089 dimittatur
1140 4035 1356 4085 tractus
1400 4028 1584 4082 brevis
1624 4043 1802 4099 usque
1851 4026 1911 4080 in
1940 4028 2168 4083 Pascha.

571 4125 815 4182 Sabbato
840 4123 911 4177 ad
939 4136 1237 4191 vesperam
1278 4116 1716 4189 responsorium,
1748 4119 2059 4186 Antequam
2090 4137 2172 4174 co-

569 4215 788 4269 medam
816 4213 1035 4278 suspiro
1071 4224 1089 4263 :
1117 4206 1426 4277 antiphona
1454 4206 1525 4259 ad
1555 4206 1891 4273 Magniï¬cat,
1926 4223 2053 4261 cum
2070 4224 2169 4262 au-

570 4305 733 4357 disset
761 4301 875 4355 Job.
923 4299 1207 4367 Legantur
1242 4302 1358 4350 tam
1394 4292 1699 4349 Dominicis
1728 4293 1924 4349 diebus
1955 4300 2012 4349 et
2029 4295 2169 4366 vigi-

2240 3590 2422 3661 jorem
2446 3607 2639 3645 omnes
2665 3591 2982 3645 sacerdotes
3022 3596 3192 3663 atque
3220 3592 3402 3646 levitas
3422 3593 3843 3649 circumdentur

2246 3680 2453 3751 cappis,
2478 3685 2534 3733 et
2548 3679 2791 3734 infantes
2809 3679 3032 3735 tunicis.
3066 3681 3840 3748 Oll'ertorium,Gaudeamus:

2247 3774 2345 3822 aut
2384 3769 2542 3824 Salve
2570 3775 2762 3823 sancta
2786 3785 2993 3837 parens
3024 3788 3040 3823 :
3068 3770 3269 3835 oratio,
3315 3771 3790 3840 Supplicationem
3825 3788 3836 3821 :

2247 3857 2431 3926 lectio,
2482 3860 2751 3912 Dominus
2786 3860 3017 3927 possedit
3050 3876 3133 3912 me
3167 3877 3183 3911 :
3210 3861 3650 3930 responsorium,
3684 3865 3842 3916 Bene-

2252 3946 2576 4017 dicta,quod
2596 3952 2711 4000 tres
2739 3946 2946 4011 dicant,
2971 3945 3202 4000 alleluia
3226 3952 3486 4016 quatuor,
3518 3948 3840 4001 Nativitatis

2250 4038 2498 4104 gloriosa:
2531 4054 2547 4088 :
2578 4035 2959 4107 Evangelium,
2994 4036 3151 4089 Liber
3179 4037 3551 4102 generationis
3576 4054 3589 4090 :
3618 4036 3839 4090 oï¬erto-

2252 4124 2421 4189 rium,
2454 4125 2605 4178 Felix
2636 4141 2873 4193 namque
2901 4141 2973 4190 es,
3004 4127 3061 4177 et
3088 4122 3200 4177 duo
3229 4123 3505 4194 accipiant
3518 4124 3834 4180 offertoria:

2252 4213 2590 4279 communio,
2638 4216 2801 4268 Beata
2846 4216 3072 4266 viscera.
3123 4210 3255 4265 Mox
3294 4217 3359 4265 ut
3403 4211 3580 4266 missa
3626 4213 3837 4284 expleta

2250 4303 2440 4367 fuerit,
2473 4302 2664 4357 omnia
2682 4302 2843 4372 signa
2871 4302 3181 4372 pulsentur.
3200 4300 3286 4354 Ad
3313 4317 3573 4372 vesperas
3601 4302 3838 4373 quinque

571 4391 683 4455 liis,
716 4406 885 4461 quam
928 4386 1267 4458 quotidianis
1314 4385 1631 4440 refectionis
1678 4384 1830 4438 horis
1870 4384 2001 4439 libri
2045 4380 2400 4451 Job,Dcerei
2438 4398 2568 4446 ante
2616 4408 2771 4445 aram
2802 4391 2935 4456 sint,
2963 4395 3078 4444 tres
3105 4394 3273 4444 retro.
3305 4390 3649 4461 Antiphona,
3690 4393 3837 4445 Bene-

570 4479 795 4546 Tobias,
826 4477 1022 4533 Judith
1054 4483 1113 4532 et
1140 4478 1340 4531 Hester
1368 4481 1425 4529 et
1455 4474 1650 4539 Esdra,
1682 4478 1738 4526 et
1769 4489 1835 4527 ea
1860 4490 1985 4528 cum
2025 4491 2173 4529 com-

572 4566 1029 4633 mentationibus,
1079 4581 1368 4637 quousque
1411 4562 1669 4619 Octobris
1717 4563 1925 4618 mensis
1967 4570 2170 4636 praesto

573 4658 650 4713 sit
674 4662 965 4722 tractatus,
999 4656 1068 4710 de
1095 4655 1306 4709 eisdem
1328 4652 1486 4707 libris
1516 4658 1833 4708 cantentur.

644 4747 706 4801 IN
743 4746 822 4801 III
871 4745 1171 4811 DOMINICA,
1217 4744 1287 4797 de
1328 4741 1565 4796 historia
1600 4740 1804 4796 Tobiae.
1839 4741 2080 4797 Sabbato
2105 4743 2176 4797 ad

571 4850 862 4906 vesperam
895 4830 1334 4903 responsorium,
1371 4830 1411 4885 0
1440 4832 1592 4883 mitis
1620 4831 1783 4883 Pater
1812 4831 2027 4885 benedic
2053 4850 2068 4884 :
2090 4832 2177 4885 Ad

572 4924 910 4991 Magni/teat,
943 4920 1269 4990 antiphona,
1320 4918 1399 4971 Ne
1442 4920 1844 4975 reminiscaris.
1885 4919 2073 4974 Lectio
2105 4920 2177 4974 ad

575 5010 824 5082 vigiliam
853 5010 923 5063 de
942 5007 1085 5062 libro
1105 5006 1281 5077 ipsius
1306 5003 1513 5071 Tobiae,
1544 5006 1732 5059 Tobias
1761 5023 1825 5059 ea;
1852 5009 2001 5061 tribu
2022 5014 2069 5062 et
2100 5011 2175 5062 ci-

571 5102 738 5154 vitate
768 5098 1029 5167 Nephtali
1060 5113 1075 5148 :
1107 5099 1341 5157 tractus,
1378 5095 1501 5147 Peto
1537 5096 1786 5149 Domine.

643 5187 934 5241 DOMINICA
971 5183 1066 5238 IV.
1113 5180 1325 5235 Mensis
1358 5180 1704 5253 Septembris
1734 5184 1803 5238 de
1832 5185 2046 5239 Judith.
2086 5186 2173 5240 Ad

571 5274 928 5332 nocturnalia
955 5270 1223 5342 obsequia
1242 5271 1408 5325 lectio
1440 5271 1639 5341 prima,
1672 5274 1959 5341 Arphaarat
1990 5277 2172 5341 itaque

571 5369 682 5422 Rea:
710 5366 1015 5428 Medorum,
1051 5366 1108 5415 et
1134 5361 1255 5415 alia;
1286 5377 1408 5431 quae
1438 5366 1753 5431 sequuntur
1781 5378 1847 5416 ex
1876 5363 2072 5417 eodem
2102 5363 2173 5419 li-

570 5452 673 5507 bro
705 5472 717 5507 :
751 5457 984 5518 tractus,
1024 5452 1427 5505 Tribulationes
1460 5452 1720 5505 civitatis.

651 5610 753 5683 (35)
784 5612 1013 5682 Savina,
1039 5610 1269 5682 Sabina,
1296 5611 1326 5665 b
1346 5608 1538 5668 littera
1563 5629 1691 5669 cum
1712 5630 1744 5669 Ï…
1763 5611 2098 5672 alternante.

2253 4483 2401 4535 dicta
2434 4500 2449 4535 :
2484 4481 2751 4552 psalmus,
2792 4481 2945 4534 Discit
2982 4481 3252 4533 Dominus
3284 4496 3301 4531 :
3332 4478 3661 4549 antiphona,
3692 4478 3835 4534 Sicut

2253 4570 2492 4640 myrrha
2517 4587 2528 4622 :
2555 4570 2822 4641 psalmus,
2846 4569 3078 4623 Latatus
3100 4586 3116 4621 :
3140 4566 3468 4638 antiphona,
3490 4570 3612 4623 Hac
3631 4574 3707 4623 est
3730 4580 3835 4636 qua

2257 4662 2481 4714 nescivit
2515 4678 2530 4713 :
2571 4660 2840 4730 psalmus,
2892 4659 3017 4713 Nisi
3056 4658 3363 4720 Dominus;
3409 4656 3736 4728 antiphona,
3768 4656 3831 4708 De

2256 4751 2445 4817 fructu
2472 4767 2488 4801 :
2518 4747 2788 4819 psalmus,
2824 4748 3107 4811 Memento,
3139 4746 3390 4805 Domine,
3411 4746 3591 4800 David
3622 4743 3830 4806 :lectio,

2261 4839 2378 4892 Una
2410 4843 2483 4892 est
2516 4838 2768 4891 columba
2794 4852 2912 4891 mea
2943 4854 2958 4889 :
2994 4833 3432 4906 responsorium,
3464 4836 3740 4890 Nativitas
3768 4835 3832 4885 est

2260 4927 2886 4998 hodie.Hymnus,Nunc
2917 4926 3016 4978 tibi
3039 4923 3828 4993 virgo.Antiphona,Nativitas

2257 5020 2354 5070 tua
2384 5034 2399 5069 :
2433 5015 2632 5082 oratio,
2679 5016 2924 5069 Famulis
2963 5017 3088 5067 tuis.
3122 5012 3180 5067 Si
3209 5011 3423 5066 venerit
3445 5011 3535 5065 die
3558 5011 3832 5067 Dominica

2254 5104 2377 5176 ipsa
2422 5103 2712 5167 festivitas,
2759 5102 2828 5155 ad
2872 5099 3280 5173 processionem
3329 5104 3458 5170 post
3495 5098 3827 5154 benedictam

2254 5210 2478 5264 aquam,
2492 5198 2548 5246 et
2566 5194 2821 5260 Asperges
2845 5208 2946 5254 me,
2971 5196 3105 5245 tunc
3120 5190 3385 5244 inchoent
3406 5189 3825 5260 responsorium,

2256 5285 2417 5336 Beata
2459 5284 2745 5350 progenies
2774 5283 2919 5335 unde
2958 5280 3209 5335 Christus
3240 5284 3405 5333 natus
3432 5284 3545 5340 est;
3579 5284 3679 5333 aut
3704 5272 3828 5331 anti-

2257 5371 2521 5443 phonam,
2556 5372 2732 5437 Quam
2754 5370 2985 5437 pulchri
3011 5372 3181 5432 sunt;
3216 5372 3453 5438 pergant
3482 5365 3554 5420 ad
3592 5370 3826 5421 sanctam

2256 5459 2520 5527 Mariam,
2554 5459 2705 5513 dicta
2727 5457 2981 5512 oratione
3010 5473 3180 5530 super
3201 5456 3455 5512 inï¬rmos
3478 5455 3705 5526 fratres;
3742 5464 3826 5525 per

2323 5621 2435 5698 (36)
2462 5622 2566 5679 Hic
2592 5620 2945 5679 desideratur
2974 5619 3207 5693 aliquid.
