3914 6356
58 307 207 367 1233
1283 322 1698 378 DISCIPLINA
1735 324 2152 383 FARFENSIS.
3213 329 3352 389 1234

58 440 183 489 acto
212 441 591 509 responsorio
621 443 846 499 Oremus
878 462 894 498 :
924 444 1114 500 dicant
1138 462 1355 501 sacrum
1380 447 1529 502 hunc
1547 465 1673 503 ver-
1691 452 1741 509 A
1759 454 1915 504 tuam
1929 452 2248 520 adoramus,
2267 452 2796 519 Domine.Psalmus,
2806 454 3132 510 Misereatur
3145 459 3343 511 nostri.

60 539 205 625 sum,
228 527 367 625 ‘Post
382 535 630 596 partum
680 533 854 601 Virgo.
889 532 1101 598 Oratio,
1143 535 1672 603 Supplicationibus.
1759 538 1917 602 Quod
1949 557 2049 610 per
2078 558 2273 595 omnes
2319 559 2512 597 versus
2562 543 2928 625 antiphonam
2988 550 3264 616 repetant.
3296 551 3355 601 et

57 611 169 665 Per
196 613 529 674 claustrum
564 620 755 676 dicant
796 622 1151 694 antiphonas,
1192 629 1250 678 et
1287 625 1670 694 responsoria.
1758 627 1986 682 interim
2002 630 2125 684 aliae
2145 630 2405 684 dicantur
2421 611 2760 703 antiphoiiae,
2783 634 2979 688 Ocrum
3012 611 3355 703 splendidior

659 745 897 802 CAPUT
933 747 1104 802 xxx.
1759 735 1788 773 ο
1818 734 1959 773 crux
1985 720 2161 773 viride
2185 723 2421 787 lignum.
2456 722 2763 793 Postquam
2787 723 3024 777 adorata
3040 723 3356 779 fueritcrux

1758 807 2054 879 levataque
2083 813 2216 862 ante
2246 824 2423 875 aram,
2459 810 2864 881 parapbonista
2898 811 3206 883 statimque
3228 827 3357 867 cum

599 872 787 926 Idibus
815 871 1161 940 Septembris.

1758 896 1906 951 clero
1925 897 2145 951 intonat
2188 898 2334 951 hanc
2370 899 2756 970 antiphonam,
2787 898 2969 969 Super
2986 905 3177 956 omnia
3200 904 3357 970 tigna

127 967 196 1024 In
227 972 509 1029 omnibus
536 991 760 1048 semper
797 977 878 1033 sic
901 978 1202 1050 incipiatur
1225 996 1259 1034 a
1287 978 1461 1034 vobis.
1490 983 1679 1052 Agant

60 1058 305 1129 primam
326 1062 509 1118 sicuti
527 1065 703 1136 prius,
726 1066 968 1139 denique
990 1068 1110 1139 ipso
1124 1068 1212 1122 die
1234 1069 1506 1138 incipiant
1522 1071 1674 1141 jeju-

60 1146 214 1201 nium
248 1150 408 1220 quod
438 1154 642 1223 regula
688 1154 847 1226 [Cap.
878 1154 969 1227 41]
1001 1157 1269 1228 praecipit.
1302 1159 1434 1210 Post
1454 1160 1673 1228 capitu-

61 1235 176 1290 lum
204 1244 451 1293 sonetur
481 1240 676 1296 tabula
718 1244 863 1298 sicut
908 1245 1046 1299 solet
1098 1245 1329 1316 privatis
1369 1244 1583 1312 diebus,
1619 1255 1676 1304 et

62 1324 373 1395 loquantur
401 1344 591 1401 usque
620 1331 751 1385 dum
780 1338 1011 1387 sonetur
1040 1334 1225 1390 tertia.
1274 1337 1408 1390 Post
1450 1338 1672 1392 tertiam

64 1414 335 1470 fratribus
364 1434 503 1473 cum
527 1421 746 1476 silentio
774 1423 1151 1479 residentibus
1180 1425 1236 1479 in
1268 1428 1535 1496 claustro,
1582 1429 1673 1482 in-

66 1503 240 1559 fantes
269 1511 331 1560 et
359 1507 582 1562 inﬁrmi
603 1510 827 1564 veniant
864 1511 923 1566 in
975 1513 1353 1571 refectorium.
1386 1519 1519 1572 Post
1548 1535 1672 1573 sex-

68 1596 177 1645 tam
220 1599 359 1648 eant
416 1596 480 1650 in
531 1598 921 1655 dormitorium
951 1601 1022 1655 ad
1054 1605 1422 1673 pausandum,
1455 1613 1513 1662 et
1538 1607 1673 1661 dum

69 1681 354 1751 pulsatum
391 1685 573 1741 fuerit
613 1688 833 1758 signum
865 1696 1101 1761 surgant
1129 1698 1187 1746 et
1215 1695 1545 1764 provideant
1570 1713 1671 1749 ne-

1758 987 2066 1052 cedrorum,
2096 989 2153 1039 et
2173 992 2386 1056 ponant
2414 987 2680 1059 [ponunt]
2711 1004 2935 1043 crucem
2962 988 3023 1043 in
3044 993 3176 1061 apto
3196 989 3352 1044 loco:

1756 1078 1876 1128 tum
1907 1074 2112 1129 dentur
2139 1075 2212 1128 ad
2238 1092 2700 1148 unumquemque
2743 1077 2987 1132 fratrum
3045 1094 3253 1150 cappae,
3283 1079 3357 1134 ad

1754 1162 1995 1217 infantes
2006 1164 2229 1218 tunicae.
2247 1165 2314 1219 In
2344 1164 2520 1219 altare
2549 1167 2734 1236 majus
2761 1166 2996 1237 pallium
3018 1171 3284 1239 coaptent
3299 1172 3359 1222 et

1756 1252 1964 1320 albam;
1997 1258 2211 1324 septem
2228 1253 2473 1307 candelae
2493 1270 2621 1308 cum
2642 1255 2743 1320 eis,
2766 1271 2904 1325 quas
2923 1255 3194 1310 deserunt
3218 1271 3356 1310 con-

1754 1340 1918 1404 versi,
1943 1341 2039 1410 qui
2068 1341 2275 1395 adsunt
2302 1342 2373 1395 ad
2404 1341 2654 1397 missam.
2695 1343 2837 1397 Dein
2852 1343 3079 1414 pulsent
3103 1343 3266 1414 signa
3298 1348 3355 1398 et

1753 1428 2028 1499 incipiant
2048 1429 2313 1494 ofﬁcium,
2335 1432 2401 1484 In
2423 1434 2646 1485 nomine
2663 1432 2890 1486 Domini
2911 1448 3069 1486 omne
3082 1448 3226 1500 genu
3254 1433 3353 1501 ﬂe-

1755 1522 1959 1582 ctatur,
1992 1522 2050 1571 et
2077 1534 2173 1572 sex
2200 1518 2401 1573 fratres
2422 1523 2654 1574 teneant
2672 1520 2926 1574 chorum.
2961 1520 3176 1583 Oratio,
3211 1522 3352 1574 Deus

1755 1609 1855 1674 qui
1882 1608 2470 1678 unigeniti.Epistola.
2504 1610 2755 1663 Christus
2790 1611 2972 1677 factus
3003 1614 3079 1664 est
3120 1625 3224 1679 pro
3262 1625 3357 1664 no-

1757 1696 1853 1748 bis.
1889 1695 1958 1748 Et
1976 1696 2416 1766 responsorium,
2462 1698 2714 1753 Christus
2751 1700 2932 1766 factus
2967 1704 3060 1753 est.
3094 1698 3357 1765 Alleluia,

71 1771 427 1828 cessitatibus
456 1776 595 1838 suis,
624 1783 680 1832 et
707 1778 840 1832 dum
870 1796 1073 1834 manus
1094 1785 1151 1834 et
1170 1782 1342 1836 facies
1370 1784 1671 1839 habuerint
1692 1765 1738 1824 Β
1756 1785 1920 1837 Dulce
1950 1765 2185 1852 lignum.
2221 1786 2290 1839 Et
2318 1786 2619 1840 decantent
2647 1786 3029 1856 Evangelium.
3061 1788 3227 1841 Nunc
3259 1791 3357 1857 ju-

72 1863 306 1931 ablutas,
340 1867 596 1923 infantes
618 1870 828 1942 absque
877 1873 991 1926 ullo
1025 1873 1214 1928 sonitu
1265 1878 1571 1946 procedant
1614 1878 1671 1932 in

73 1953 358 2009 ecclesiam
394 1962 534 2011 ante
564 1958 760 2025 altare,
787 1964 845 2013 et
871 1966 1034 2014 orent
1052 1964 1444 2031 communiter,
1471 1965 1674 2020 deinde

74 2048 303 2112 surgant
323 2048 384 2097 et
428 2044 584 2100 dicat
611 2063 757 2101 unus
793 2065 857 2101 ex
903 2048 1038 2118 ipsis
1078 2050 1331 2104 litaniam
1365 2065 1378 2100 :
1412 2055 1673 2109 sacerdos

74 2145 194 2183 cum
254 2133 542 2190 ministris
580 2141 778 2207 pergat
822 2137 881 2190 in
916 2139 1298 2206 secretarium,
1318 2146 1374 2195 et
1392 2142 1591 2198 induat
1614 2161 1673 2198 se

78 2220 420 2278 vestimentis
450 2225 626 2279 sacris
648 2216 729 2280 'et
756 2229 1036 2298 persolvat
1065 2230 1282 2287 munia.

138 2309 273 2365 Post
295 2313 538 2369 missam
560 2315 782 2387 pulsato
809 2317 970 2386 signo
1000 2319 1213 2388 pariter
1237 2324 1400 2373 orent
1438 2324 1495 2374 et
1521 2320 1670 2375 exin-

80 2396 141 2450 de
170 2399 264 2469 qui
293 2401 568 2456 servituri
588 2409 721 2458 sunt
740 2405 1009 2460 fratribus
1052 2406 1258 2461 victum
1290 2409 1585 2479 accipiant,
1619 2415 1677 2464 et

79 2494 196 2555 post
220 2488 592 2546 intervallum
618 2493 776 2561 illud,
812 2494 962 2549 dicta
991 2512 1158 2563 nona,
1192 2498 1419 2553 veniant
1441 2500 1513 2553 ad
1540 2501 1677 2554 reﬁ-

82 2574 348 2632 ciendum.
373 2579 516 2634 Post
538 2597 796 2653 vesperas
830 2583 1018 2638 dicant
1046 2585 1291 2640 ofﬁcium
1319 2592 1671 2644 mortuorum

80 2669 130 2717 et
149 2665 349 2721 deinde
378 2670 606 2740 pulsato
630 2671 884 2743 cymbalo
900 2675 1235 2729 conveniant
1254 2676 1324 2730 ad
1342 2676 1667 2732 bibendum.

80 2752 232 2809 Feria
260 2763 469 2827 quarta
500 2764 558 2814 et
574 2766 731 2815 sexta
744 2761 953 2816 faciant
978 2764 1410 2834 processionem.
1444 2765 1508 2819 In
1528 2765 1669 2820 duo-

79 2840 252 2898 decim
277 2846 619 2903 lectionibus
647 2850 872 2919 faciant,
919 2851 1064 2906 sicut
1114 2852 1264 2907 soliti
1302 2857 1453 2908 sunt.
1514 2854 1667 2909 Reli-

81 2947 244 3001 quum
262 2951 433 2991 usum
460 2943 634 3008 agant
670 2947 734 2993 ut
763 2956 953 3009 supra.

630 3024 863 3082 CAPUT
901 3029 1092 3083 XXXI.

425 3116 499 3169 In
531 3119 859 3171 exultatione
890 3123 1089 3171 sanetae
1108 3120 1308 3172 crucis.

152 3197 433 3257 Omentur
455 3204 653 3258 altaria
686 3205 893 3259 sericis.
910 3207 976 3261 In
998 3207 1226 3277 majoris
1243 3209 1545 3263 medietate
1567 3226 1667 3280 po-

85 3293 280 3343 nantur
305 3291 438 3347 libri
467 3294 651 3364 parati
680 3299 737 3349 et
765 3295 1012 3367 quinque
1051 3296 1198 3351 cerei
1237 3299 1618 3353 accendantur
1650 3317 1662 3353 :

85 3372 138 3426 in
165 3376 415 3436 formulis
436 3382 650 3454 tapetia
667 3384 1018 3439 ordinentur.
1044 3386 1129 3439 Ad
1155 3402 1446 3457 vesperam
1477 3387 1662 3456 lectio,

83 3462 180 3516 Hoc
198 3471 343 3523 enim
362 3475 560 3525 sentite
578 3476 641 3526 in
662 3476 827 3527 vobis.
855 3475 1315 3545 Responsorium,
1340 3476 1519 3545 Super
1546 3493 1667 3531 om-

88 3554 177 3605 nia
204 3557 662 3632 tigna.Hymnus,
680 3564 885 3617 Vewilla
901 3564 1295 3630 regis.Versus,
1312 3567 1420 3619 Hoc
1438 3569 1665 3633 signum

85 3645 270 3697 crucis.
318 3650 660 3721 Antiphona,
712 3652 752 3705 0
811 3653 962 3707 Crux
1006 3654 1380 3706 admirabilis.
1446 3654 1658 3718 Oratio,

85 3726 214 3783 Deus
233 3738 329 3801 qui
340 3739 851 3805 unigeniti.Postea
871 3756 900 3793 e
920 3740 1129 3794 sanctis
1147 3740 1489 3811 martyribus
1510 3741 1662 3795 dica-

84 3819 170 3870 tur
196 3823 546 3903 -antiphona,
597 3844 724 3882 cum
770 3828 976 3884 Gloria.
1030 3829 1440 3895 Invitatorium,
1473 3832 1660 3898 Regem

85 3905 405 3977 Martyrum.
439 3917 563 3971 Duo
594 3917 708 3971 sint
742 3917 799 3971 in
830 3918 1038 3990 cappis.
1101 3919 1379 3990 Hymnus,
1436 3922 1659 3974 zEterna

89 3995 281 4053 Christi
316 4020 573 4060 munera.
628 4006 817 4060 Primo
873 4014 926 4061 et
984 4008 1228 4061 secundo
1278 4013 1555 4062 nocturno
1592 4008 1661 4062 de

88 4087 275 4143 sanctis
302 4090 508 4147 dicant.
528 4094 964 4166 Responsorium
983 4102 1268 4168 quartum,
1292 4102 1571 4163 octavum,
1603 4101 1657 4151 et

1755 1872 1963 1927 dicium
1996 1879 2071 1927 est
2102 1876 2320 1936 mundi,
2355 1891 2553 1945 usque,
2591 1877 2653 1929 Ut
2686 1878 2797 1942 ﬁlii
2826 1878 2966 1930 lucis
2985 1878 3128 1931 sitis.
3174 1876 3356 1931 Offer-

1754 1961 1982 2028 torium,
2023 1964 2262 2029 Protege,
2298 1964 2546 2017 Domine.
2588 1964 2942 2029 Communia,
2994 1967 3099 2019 Per
3127 1967 3355 2032 signum

1754 2052 1952 2103 erucis.
1987 2050 2052 2104 In
2082 2050 2237 2128 boris
2264 2050 2514 2121 capitula
2541 2057 2711 2122 atque
2739 2051 3015 2115 versiculi,
3037 2068 3140 2106 nec
3159 2068 3274 2106 non
3298 2058 3357 2107 et

1755 2138 2036 2192 orationes
2065 2139 2204 2192 tales
2233 2139 2512 2203 dicantur,
2544 2156 2667 2209 quae
2704 2140 3039 2194 conveniant
3065 2141 3137 2195 ad
3165 2142 3354 2212 ipsum

1754 2226 1923 2281 diem.
1950 2228 2037 2282 Ad
2066 2244 2325 2299 vesperas
2351 2228 2598 2299 quinque
2626 2228 2929 2283 luminaria
2970 2229 3085 2284 sint
3113 2234 3171 2284 et
3201 2230 3347 2284 hanc

1755 2316 2123 2386 antiphonam
2179 2317 2499 2387 persolvant
2545 2332 2676 2371 cum
2709 2317 2970 2382 Psalmis,
3010 2319 3118 2373 Nos
3165 2323 3353 2373 autem

1757 2408 2022 2473 gloriari.
2054 2406 2503 2473 Psalmus,Dia:it
2525 2407 2814 2460 Dominus.
2851 2406 3107 2463 Salvator
3127 2409 3352 2462 mundi.

1756 2494 2034 2561 Psalmus,
2061 2497 2199 2551 Cum
2220 2497 2419 2564 fueris.
2437 2494 3101 2567 Antiphona,Adoramus
3122 2496 3357 2558 te,Chri-

1756 2588 1849 2637 ste.
1867 2584 2146 2654 Psalmus,
2162 2586 2376 2639 Beatus.
2401 2583 2745 2655 Antiphona,
2768 2584 2937 2639 Salva
2968 2601 3085 2648 nos,
3119 2585 3348 2640 Christe.

1752 2671 2027 2737 Psalmus,
2052 2674 2292 2727 Laudate
2316 2675 2499 2740 pueri.
2533 2672 2743 2737 Lectio,
2773 2673 3024 2728 Christus
3041 2674 3224 2740 factus
3253 2677 3350 2729 est.

1751 2759 2189 2830 Responsorium
2212 2775 2226 2814 :
2258 2761 2367 2814 Hoc
2386 2764 2612 2828 signum
2629 2763 2828 2814 crucis.
2853 2760 3127 2832 Hymnus,
3146 2762 3351 2816 Vexitla

1750 2852 1911 2916 regis.
1930 2848 2275 2920 Antiphona,
2311 2849 2351 2904 0
2370 2865 2510 2902 crum
2540 2850 2833 2913 benedicta,
2872 2853 2973 2903 aut
2994 2849 3147 2903 Crux
3168 2850 3349 2917 ﬁdelis

1750 2938 1899 2990 inter
1927 2954 2130 2992 omnes.
2191 2937 2559 2992 Postmodum
2607 2936 2799 2991 dicant
2854 2937 3227 3008 antiphonam
3275 2937 3347 2992 de

1749 3026 1957 3080 sanctis
1995 3026 2455 3097 praecedentibus,
2505 3031 2562 3080 et
2597 3024 3088 3096 subsequentibus,
3122 3030 3180 3079 et
3208 3024 3257 3079 si
3286 3025 3348 3079 in

1685 3084 1728 3147 C‘
1750 3115 1856 3168 hac
1882 3084 2184 3170 festivitate
2209 3084 2457 3169 evenerit
2481 3114 2602 3169 dies
2620 3084 2963 3181 Dominicus,
2996 3084 3184 3169 omnia
3221 3114 3344 3169 effi-

1750 3203 1902 3257 ciant
1926 3204 2091 3258 sicuti
2133 3205 2533 3275 praesignatum
2561 3203 2804 3258 habetur
2833 3221 2846 3257 :
2881 3203 3053 3258 etiam
3081 3202 3346 3258 similiter

1749 3294 2014 3364 prostrati
2043 3294 2279 3348 adorent
2314 3309 2563 3351 crucem.

2299 3383 2535 3437 CAPUT
2561 3381 2792 3437 XXXII.

2048 3475 2132 3528 .In
2149 3474 2370 3541 jejunio
2402 3473 2651 3539 Quatuor
2682 3472 3028 3541 Temporum.

1818 3560 1981 3615 Feria
2035 3564 2235 3631 quarta
2279 3560 2489 3613 faciant
2533 3559 2944 3631 processionem
2989 3558 3155 3615 sicuti
3193 3559 3345 3617 soliti

1746 3654 1897 3704 sunt.
1927 3649 2218 3704 Lectiones
2247 3648 2425 3702 ambae
2452 3649 2714 3719 legantur
2739 3648 2799 3702 in
2839 3653 2973 3702 tono
3003 3647 3167 3701 sicuti
3216 3648 3344 3719 epi-

1744 3739 1908 3794 stola.
1944 3737 2379 3809 Responsorium
2410 3738 2480 3791 ad
2507 3753 2963 3808 unamquamque
2987 3735 3194 3789 dicant.
3210 3736 3345 3790 Adi-

1743 3844 1870 3898 pem
1902 3825 2026 3881 istis
2057 3827 2238 3882 tribus
2266 3826 2462 3880 diebus
2489 3843 2591 3880 nec
2634 3825 2950 3883 comedant.
2983 3824 3146 3880 Feria
3184 3829 3341 3878 sexta

1744 3915 2004 3969 similiter
2042 3920 2214 3985 agant
2240 3913 2672 3986 processionem.
2699 3910 2943 3966 Sabbato
2964 3914 3335 3982 postsextam,

1722 4020 1872 4056 .mox
1897 4009 1961 4057 ut
1987 4003 2528 4073 audierintsignum,
2545 4006 2796 4071 surgant,
2811 4006 2867 4054 et
2885 3999 3215 4071 provideant
3240 4016 3338 4054 ne-

1744 4092 2095 4147 cessitatibus
2108 4093 2437 4158 suis,lavent
2450 4107 2651 4145 manus
2665 4107 2729 4143 ac
2746 4089 3073 4155 facies,eant
3083 4089 3141 4142 in
3157 4088 3332 4143 eccle-

88 4169 462 4237 duodecimum
497 4184 607 4239 duo
634 4184 835 4239 fratres
865 4186 1181 4240 decantent.
1239 4185 1325 4239 Ad
1376 4186 1658 4240 canticum
1741 4181 1881 4234 siam
1913 4182 2073 4253 pueri
2102 4182 2313 4252 absque
2334 4181 2605 4246 sonitmet
2619 4185 2782 4234 orent
2808 4179 3005 4247 είωυιῙί
3038 4182 3334 4249 surgentes

89 4263 390 4336 antiphona,
413 4273 591 4340 Super
615 4277 805 4328 omnia
830 4277 982 4342 ligna
998 4275 1661 4344 cedri.Alleluia,Propter
1741 4271 2020 4340 praecedat
2038 4270 2295 4325 sacerdos
2324 4271 2379 4323 in
2402 4271 2707 4324 sacrarium
2732 4274 2789 4323 et
2803 4268 3004 4323 induat
3029 4284 3089 4322 se
3118 4267 3328 4332 casula,

92 4349 286 4415 lignum
314 4362 452 4426 facti
486 4379 679 4416 sumus
707 4367 868 4425 servi,
902 4364 987 4417 vel
1017 4366 1239 4419 Audivi.
1276 4364 1569 4418 Dividatur
1594 4364 1654 4418 in
1677 4406 1724 4429 η
1743 4358 2007 4412 diaconus
2061 4359 2187 4412 alba
2226 4364 2283 4411 et
2310 4358 2471 4425 stola,
2508 4365 2751 4429 quatuor
2778 4358 2979 4411 fratres
3008 4355 3168 4423 albis,
3201 4371 3335 4426 quo-

88 4438 185 4492 tria
201 4443 400 4504 Gloria,
427 4451 788 4522 Evangelium
838 4453 1004 4507 Nunc
1038 4456 1324 4521 judicium
1349 4459 1423 4507 est
1455 4457 1656 4508 mundi
1679 4438 1868 4501 urum
1893 4447 2002 4500 duo
2032 4452 2261 4500 cantent
2306 4446 2772 4512 benedictionem,
2811 4445 3055 4512 alleluia,
3088 4461 3337 4513 versum,

90 4525 478 4609 pronuntietur,
515 4550 571 4595 et
611 4558 733 4612 quae
763 4547 1081 4613 sequuntur
1109 4542 1298 4596 omnia
1339 4543 1407 4596 de
1461 4549 1656 4597 sancta
1735 4541 1996 4601 tractum,
2031 4542 2088 4590 et
2125 4535 2397 4595 conversi,
2431 4536 2526 4606 qui
2569 4534 2825 4589 deferant
2852 4535 3131 4601 candelas,
3165 4540 3223 4588 et
3249 4534 3331 4588 in-

89 4628 231 4675 cruce
251 4625 437 4684 festive
457 4631 831 4686 celebrentur.
852 4630 919 4685 In
941 4631 1199 4686 laudibus
1214 4633 1651 4702 responsorium,
1740 4626 1922 4680 fantes
1946 4642 2140 4679 omnes
2164 4624 2517 4679 circumdant
2544 4641 2604 4678 se
2632 4624 2793 4678 albis.
2826 4624 3016 4678 Lectio
3043 4640 3157 4678 non
3185 4622 3333 4677 dica-

90 4703 183 4761 Hoe
207 4715 423 4781 signum
443 4722 925 4792 crucis.Hymnus,
953 4722 1104 4777 Crua:
1122 4722 1413 4774 benedicta.
1438 4721 1522 4775 Ad
1544 4727 1654 4775 sta-
1740 4722 1831 4771 tur
1855 4716 1913 4771 in
1935 4716 2039 4769 hac
2066 4714 2256 4777 missa,
2290 4719 2347 4767 et
2366 4714 2512 4767 illico
2534 4721 2596 4768 ut
2617 4719 2933 4785 praeparata
2956 4717 3090 4767 sunt
3118 4712 3329 4779 omnia,

88 4793 275 4856 tionem
296 4809 622 4880 antiphona,
655 4810 831 4879 Super
862 4814 1070 4864 omnia.
1105 4810 1276 4866 Missa
1303 4810 1652 4865 matutinalis
1735 4806 1924 4861 veniat
1953 4810 2148 4859 cantor
2179 4804 2234 4857 in
2267 4803 2458 4867 choro,
2491 4809 2549 4856 et
2578 4802 2813 4873 incipiat
2839 4802 3103 4857 ofﬁcium.
3139 4801 3333 4856 Sacer-

90 4880 285 4945 dicatur
311 4896 377 4950 de
405 4899 630 4954 sanctis.
654 4900 739 4953 Ad
761 4900 984 4954 tertiam
1007 4916 1203 4953 omnes
1258 4899 1459 4953 fratres
1510 4899 1650 4954 albis
1734 4896 1836 4950 dos
1856 4894 2123 4967 procedat
2151 4892 2220 4946 ad
2250 4892 2448 4958 altare,
2481 4898 2605 4945 oret
2646 4897 2703 4945 et
2741 4896 2874 4961 agat
2921 4890 3330 4945 confessionem

89 4977 251 5033 vestiti
269 4988 613 5055 conveniant,
644 4994 700 5042 et
727 4988 877 5043 dicta
899 4989 1065 5043 tertia
1093 4989 1411 5060 expandant
1438 4989 1651 5059 tapetia
1732 5002 1859 5040 cum
1889 4983 2056 5038 levita
2085 4987 2140 5036 et
2167 4987 2304 5035 tunc
2332 4979 2482 5033 dicat
2519 4980 2745 5033 Oremus
2771 4985 2829 5032 et
2851 4979 3160 5045 collectam,
3185 4978 3334 5033 sicut

92 5070 203 5120 ante
229 5070 416 5142 altare,
449 5082 506 5131 et
532 5078 851 5149 praecedant
869 5079 980 5133 duo
1008 5079 1186 5133 levitas
1215 5079 1311 5133 ubi
1333 5078 1517 5150 posita
1534 5079 1651 5132 fue—
1731 5074 1790 5128 in
1818 5076 2299 5128 sacramentorum
2348 5067 2669 5122 continetur
2703 5066 2864 5120 libro.
2905 5067 3197 5122 Lectiones
3251 5068 3331 5122 le-

92 5159 165 5206 rat
192 5167 373 5218 sancta
399 5182 553 5231 crux,
587 5172 645 5221 et
670 5168 879 5221 ducant
901 5184 1026 5221 eam
1056 5173 1187 5222 ante
1224 5169 1402 5222 altare
1442 5169 1645 5238 majus,
1729 5168 1870 5235 gant
1889 5162 2142 5232 juniores
2185 5165 2242 5214 et
2282 5157 2640 5229 postmodum
2670 5158 2886 5227 priores
2913 5170 2925 5204 :
2958 5155 3218 5210 similiter
3245 5172 3331 5211 re-

95 5237 530 5319 discooperientes
557 5260 615 5309 et
637 5256 1052 5310 conclamantes
1081 5257 1225 5311 hanc
1257 5256 1646 5327 antiphonam,
1732 5251 2023 5325 sponsoria
2068 5250 2439 5304 decantentur
2488 5245 2558 5300 ab
2610 5261 2723 5300 uno
2751 5243 3056 5314 incipiente
3083 5249 3142 5298 et
3168 5250 3326 5316 post-

95 5326 202 5385 Εοοϐ
238 5338 444 5407 lignum
473 5348 673 5399 crucis.
703 5345 858 5399 Illico
884 5346 1116 5399 ﬂectant
1136 5362 1322 5417 genua
1350 5326 1563 5409 omnes,
1593 5349 1651 5399 et
1734 5340 1961 5395 modum
1993 5344 2250 5392 cantores
2278 5336 2337 5390 in
2361 5335 2622 5389 choro....
2663 5333 2732 5387 de
2769 5332 2951 5402 capite
2977 5350 2987 5384 :
3022 5337 3211 5386 tamen
3256 5331 3328 5386 ab

97 5422 259 5479 veniat
282 5444 390 5485 una
413 5450 543 5504 pars
564 5433 825 5501 fratrum,
857 5441 1177 5506 prosternat
1199 5452 1279 5501 se,
1313 5440 1436 5488 oret
1465 5435 1522 5488 in
1539 5433 1651 5504 pri-
1732 5431 1852 5501 ipso
1898 5429 2016 5483 solo
2065 5427 2297 5481 ﬁniatur
2341 5440 2536 5478 versus
2564 5439 2598 5478 a
2627 5438 2737 5493 quo
2783 5424 3002 5490 cceptus
3049 5422 3152 5472 est.
3189 5419 3326 5473 Duae

98 5508 205 5579 miS,
233 5526 282 5571 et
301 5524 430 5576 tunc
453 5524 735 5578 osculetur
765 5541 1006 5592 crucem,
1042 5530 1099 5579 et
1134 5524 1456 5596 philacteria
1510 5524 1652 5577 Can-
1733 5517 1977 5574 candelae
2007 5523 2137 5571 ante
2165 5517 2362 5580 altare,
2394 5519 2460 5568 ut
2483 5512 2678 5568 diebus
2706 5507 2957 5607 privatis,
3018 5507 3327 5607 accendan-

100 5597 176 5651 l-Ol‘
195 5601 399 5668 inchoet
409 5613 800 5687 antiphonam,
821 5618 878 5668 et
895 5620 1157 5687 repetant
1169 5614 1397 5670 interim
1421 5614 1653 5669 Crucem
1732 5614 1845 5666 tur.
1871 5607 2183 5674 Lectiones,
2215 5607 2448 5661 Locutus
2466 5608 2541 5657 est
2562 5604 2839 5657 Dominus
2864 5597 3322 5669 Responsorium,
