3914 6358
512 347 652 406 1235

513 479 790 530 Protector
846 482 1046 530 noster.
1098 475 1301 537 Lectio,

513 564 976 635 Responsorium,
1014 567 1347 622 Conuenterc,
1385 566 1628 627 Domine,
1663 569 1747 619 vel
1779 571 2004 621 Factum.
2035 576 2106 622 est

517 655 742 704 uerbum
779 655 1017 706 Domini.
1052 653 1509 722 Responsorium,
1554 656 1868 721 Dirigatur.
1899 658 2105 721 Lectio,

517 742 758 807 Angelus
785 743 1027 802 Domini,
1062 741 1280 811 legatur
1313 759 1507 812 usque,
1545 744 1840 797 Cherubim
1870 751 1920 797 et
1947 761 2111 814 super

521 832 826 882 exaltatum
866 832 926 882 in
957 835 1157 883 sucula
1177 849 1190 892 ;
1226 837 1360 883 tunc
1391 838 1762 901 prosequatur
1799 833 2110 888 benedictio

525 935 648 989 qua:
695 918 885 972 minor
907 924 1026 972 est:
1073 935 1183 988 qua
1225 925 1454 988 peracta
1498 921 1684 974 veniat
1738 923 1996 976 sacerdos
2044 922 2114 977 ad

525 1007 721 1071 altare,
757 1007 908 1060 dicat
928 1007 1200 1060 Dominus
1216 1010 1510 1069 vobiscum,
1529 1015 1584 1062 et
1612 1011 1944 1077 orationem,
1977 1014 2116 1066 Deus

525 1099 626 1163 qui.
653 1097 829 1149 tribus
854 1112 1176 1163 puerorum.
1196 1097 1332 1150 Alia:
1355 1113 1482 1150 vero
1513 1097 1742 1153 minime
1769 1100 2116 1172 subsequan-

524 1188 634 1238 tur;
670 1186 840 1239 Lecta
869 1185 1108 1260 epistola
1132 1192 1354 1256 promat
1381 1192 1642 1250 tractum,
1671 1190 1906 1243 Laudate.
1939 1193 2119 1244 Domi-

526 1290 684 1335 num,
729 1290 914 1327 omnes
960 1281 1160 1341 gentes.
1197 1273 1431 1328 Textum
1472 1277 1744 1340 osculare,
1780 1284 1836 1331 et
1880 1279 2120 1332 otl‘ercn-

525 1361 658 1415 dam
683 1378 852 1432 agere
876 1364 1227 1416 solummodo
1247 1363 1417 1416 abbas
1441 1365 1624 1426 faciat,
1649 1367 1731 1418 vel
1759 1368 1846 1420 cui
1863 1367 2116 1437 jusserit.

527 1450 618 1505 Illi
648 1457 891 1520 quatuor
915 1451 1135 1516 fratres,
1153 1454 1247 1522 qui
1279 1459 1646 1508 cantaverunt
1676 1455 2118 1510 benedictionem

529 1545 700 1610 atque
726 1545 967 1593 tractum
1002 1540 1212 1610 absque
1241 1543 1358 1594 ulla
1387 1543 1615 1596 licentia
1653 1552 1860 1598 exuant
1889 1563 1970 1602 se.
2023 1547 2123 1599 Pa-

533 1642 652 1679 cem
701 1644 846 1681 unus
892 1628 1147 1698 accipiat,
1196 1630 1243 1681 si
1286 1630 1577 1684 duodecim
1617 1632 1880 1686 lectiones
1917 1634 2127 1687 fuerint

529 1715 655 1784 ipso
689 1715 782 1768 die
823 1711 892 1768 de
941 1716 1128 1787 aliquo
1159 1725 1370 1772 sancto.
1403 1721 1490 1774 Ad
1536 1721 1701 1774 istam
1747 1722 1971 1775 missam
2014 1741 2123 1776 non

1572 353 1922 410 GUIDONIS
1955 356 2260 410 ABBATIS
2300 354 2716 410 FARFENSIS.

1383 477 1612 528 Lowtus
1676 484 1750 531 est
1817 481 2101 532 Dominus.
2120 483 2170 540 Α
2192 486 2467 549 premant,
2489 485 2742 531 octavum
2765 482 2898 535 tres,
2920 475 3319 534 duodecimum
3340 479 3584 548 quatuor
3600 475 3658 528 in
3681 491 3788 536 me-

3644 348 3782 406 1236

2192 570 2282 621 dio
2305 569 2564 622 ecclesiae.
2588 566 2833 619 Homilia
2847 566 2914 617 de
2938 564 3058 635 ipso
3089 565 3177 617 die
3201 565 3620 636 pronuntietur.
3655 564 3788 617 Duae

2192 658 2436 711 candelae
2466 662 2797 725 augeantur.
2831 655 2914 707 Ad
2939 654 3238 707 stationem
3269 660 3399 707 eant
3428 654 3500 706 ad
3536 658 3790 706 sanctam

2194 763 2433 800 crucem.
2477 744 2826 799 Matutinalis
2851 743 3024 796 missa
3048 743 3125 796 ibi
3154 748 3429 803 cantetur,
3455 747 3512 796 et
3537 743 3646 795 hoc
3681 741 3795 794 ofﬁ-

2197 837 2365 899 cium,
2391 836 2455 890 Os
2479 837 2640 903 justi,
2662 833 2747 886 vel
2769 833 2838 888 de
2860 832 3166 904 Sapientia,
3188 834 3385 886 Beatus
3396 835 3485 884 vir
3500 834 3602 900 qui
3640 834 3792 883 inre-

2201 929 2304 978 nit.
2340 923 2795 994 Responsorium,
2831 924 3025 978 Beatus
3063 924 3151 973 vir
3199 924 3298 988 qui
3340 924 3508 982 timet.
3545 919 3793 978 Alleluia

2202 1016 2309 1088 Ego
2338 1031 2444 1066 ros.
2467 1011 2829 1082 Evangelium
2851 1010 2919 1068 de
2951 1010 3091 1087 ipso.
3119 1008 3500 1073 Ofl’ertorium,
3526 1011 3788 1070 Posuisti,

2201 1104 2448 1157 Domine.
2471 1100 2824 1158 Communio.
2850 1101 3081 1166 Magnus
3102 1115 3173 1151 es.
3195 1099 3284 1159 Ad
3303 1099 3576 1172 majorem
3603 1113 3798 1150 omnes

2203 1193 2314 1246 sint
2335 1192 2653 1246 sacerdotes
2673 1207 2735 1246 ac
2750 1187 2930 1242 levita;
2951 1187 3008 1240 in
3043 1187 3255 1258 cappis,
3281 1187 3522 1244 infantes
3554 1185 3610 1239 in
3641 1185 3798 1240 tunis

2203 1281 2300 1333 cis.
2339 1278 2699 1333 Olfertorium
2741 1277 2798 1330 in
2839 1277 3022 1329 medio
3053 1277 3297 1330 ecclesiae
3329 1293 3550 1346 quoque
3579 1293 3678 1328 sex
3719 1282 3799 1327 te-.

2203 1375 2376 1422 neant
2417 1388 2426 1420 :
2491 1369 2736 1438 quinque
2781 1366 2924 1418 cerei
2977 1365 3369 1426 illuminentur
3409 1369 3616 1436 praeter
3676 1363 3799 1418 illos

2205 1475 2342 1528 quos
2357 1456 2604 1510 conversi
2623 1455 3179 1517 deferunt.Collecta,
3208 1457 3356 1507 Beati
3377 1455 3646 1507 Matthzei.
3685 1451 3804 1523 Epi-

2208 1531 2371 1609 stola,
2402 1545 2517 1598 Sim
2531 1545 2729 1597 ilitudo
2760 1547 2962 1596 rultus.
2985 1542 3422 1616 Responsorium
3441 1543 3552 1600 duo
3576 1543 3798 1604 fratres,

2209 1637 2510 1689 Constitit-es
2542 1650 2651 1689 eos.
2691 1633 2933 1686 Alleluia
2952 1617 3256 1686 ten-dicant.
3280 1632 3508 1695 Versus,
3533 1633 3618 1684 Ad
3648 1632 3800 1685 Sion.

2210 1724 2591 1793 Evangelium,
2637 1723 2772 1776 Cum
2814 1725 3078 1774 transiret
3128 1725 3300 1782 Jcsus,
3344 1723 3481 1774 vidit
3520 1722 3803 1773 hominem.

528 1804 790 1857 mittatur
814 1805 920 1859 nisi
951 1823 1064 1859 una
1089 1807 1289 1873 hostia,
1315 1813 1370 1860 et
1389 1809 1548 1878 pueri
1578 1827 1689 1863 non
1721 1813 2025 1881 procedant
2053 1813 2118 1865 ad
2138 1797 2184 1855 B
2207 1816 2494 1866 sedentem.
2520 1810 2901 1872 Ofl'ertorium,
2936 1812 3000 1872 In
3030 1827 3246 1862 omnem
3278 1815 3506 1862 terram.
3533 1810 3806 1868 Commu-

529 1895 836 1947 tenendum
894 1912 1094 1970 corpus
1152 1897 1372 1950 Domini
1435 1897 1506 1951 ad
1555 1901 2117 1969 communicandum;

533 1981 664 2053 quia
683 1983 753 2036 ad
783 1985 1008 2037 missam
1033 1985 1101 2037 de
1131 1991 1324 2039 sancto
1348 1987 1450 2039 hoc
1476 1994 1856 2057 patraverunt.
1887 1990 1951 2043 In
1977 1973 2122 2044 refe;

532 2071 708 2125 ctorio
723 2072 991 2152 quidquid
1013 2075 1350 2128 remanserit
1369 2076 1845 2148 eleemosynarius
1866 2080 2118 2151 accipiat.

607 2155 750 2215 Sunt
775 2179 996 2236 quoque
1017 2169 1074 2216 et
1105 2169 1349 2233 quatuor
1371 2165 1636 2228 Sabbata,
1671 2167 1724 2219 in
1761 2168 1962 2237 quibus
1995 2173 2127 2230 sunt

529 2250 748 2320 jejuni-21
767 2253 1071 2305 constituta
1109 2259 1163 2305 et
1202 2253 1383 2306 ofﬁcia
1402 2255 1706 2308 lectionum
1733 2262 1786 2309 et
1809 2259 2124 2316 orationum

534 2339 755 2408 majora
784 2354 800 2387 τ
829 2339 882 2392 id
911 2345 996 2393 est
1027 2340 1268 2395 Sabbato
1294 2343 1494 2396 Martio
1527 2361 1716 2397 mense
1748 2345 1948 2414 primo,
1967 2348 2127 2416 juxta

537 2427 980 2481 observationem
1005 2431 1461 2500 Quadragesimae
1478 2450 1646 2486 verno
1661 2441 1932 2504 tempore,
1957 2453 2128 2508 quan-

537 2515 608 2568 do
622 2517 828 2570 mensis
860 2534 1126 2571 novorum
1143 2520 1291 2588 apud
1317 2517 1537 2575 Iudaeos
1562 2521 1874 2576 habebatur
1894 2539 1904 2572 :
1923 2526 2128 2578 mensis

540 2607 726 2676 quarti
781 2606 970 2660 Idibus
1027 2607 1177 2660 Junii
1209 2611 1450 2662 secundo
1483 2611 1723 2665 Sabbato
1762 2611 1816 2664 in
1862 2614 2075 2681 jejunio
2111 2614 2139 2668 ς’

537 2693 728 2748 Idibus
759 2694 826 2747 de
855 2694 1108 2765 frugibus
1137 2696 1302 2766 primi
1330 2699 1489 2767 panis
1522 2697 1757 2751 Domino
1794 2699 2132 2768 offerebatur

538 2788 597 2838 et
623 2783 800 2836 otium
831 2783 1007 2858 ipsius
1029 2784 1144 2837 diei
1172 2785 1615 2839 custodiebatur.
1648 2788 2127 2858 Septimimensis,

2206 1902 2327 1967 nio,
2373 1903 2606 1967 Magnus
2637 1918 2708 1953 es.
2741 1899 2824 1952 Ad
2855 1916 3143 1968 vesperam
3187 1900 3434 1972 quinque
3475 1896 3804 1950 luminaria.

2204 1991 2556 2060 Antiphonas
2576 1995 2743 2058 atque
2764 1987 3002 2058 psalmos
3024 1992 3315 2039 assumant
3332 1986 3399 2038 de
3417 1985 3802 2055 apostolorum

2210 2081 2387 2150 [.mpp.
2423 2075 2653 2148 ofﬁcio];
2690 2075 2893 2146 quibus
2923 2074 3153 2143 eXpletis
3201 2072 3390 2127 dicant
3433 2073 3806 2145 autiphonam

2210 2169 2277 2221 d'e
2308 2172 2500 2219 sancto
2524 2165 2790 2218 Mauricio
2823 2163 3214 2233 sociorumque
3245 2165 3392 2231 ejus.
3501 2162 3512 2174 ’

2281 2255 2339 2308 Si
2396 2255 2512 2307 haec.
2551 2269 2795 2323 namque
2835 2252 3110 2305 festivitas
3136 2238 3385 2304 evenerit
3422 2250 3571 2311 infra
3586 2249 3811 2329 jejunia

2211 2351 2453 2414 quatuor
2481 2350 2820 2412 temporum,
2842 2341 3029 2394 omnia
3058 2347 3246 2394 tamen
3269 2339 3645 2402 celebrentur,
3667 2337 3808 2394 sicut

2210 2432 2535 2504 praedictum
2581 2438 2666 2484 est
2721 2431 2850 2484 Post
2869 2429 3175 2501 capitulum
3215 2429 3455 2508 denique
3486 2428 3726 2488 sedeant
3752 2425 3807 2479 in

2211 2523 2452 2574 claustro
2483 2537 2659 2590 usque
2680 2521 2812 2572 dum
2848 2519 3070 2588 signum
3102 2515 3415 2572 insonuerit
3443 2518 3584 2580 hora
3614 2517 3802 2579 tertia,

2215 2617 2270 2663 et
2298 2617 2433 2663 tunc
2461 2615 2592 2662 eant
2623 2609 2680 2661 in
2711 2607 3020 2673 ecclesiam,
3053 2608 3370 2678 faciantque
3404 2607 3721 2668 orationem
3753 2609 3810 2658 et

2213 2699 2522 2754 induantur
2553 2714 2745 2750 omnes
2775 2697 3090 2750 sacerdotes
3129 2701 3186 2750 et
3223 2697 3401 2749 levitas
3433 2695 3596 2749 albis.
3649 2695 3810 2756 Dicta

2213 2788 2383 2841 tertia
2414 2787 2760 2840 circumdent
2776 2803 2832 2838 se
2863 2787 3073 2856 eappis,
3098 2792 3154 2840 et
3175 2785 3454 2847 celebrent
3477 2785 3730 2844 missam,
3752 2790 3820 2846 ut

535 2869 597 2926 id
643 2877 729 2925 est
775 2871 1136 2944 Septembris.
1180 2874 1369 2927 Tertio
1420 2873 1662 2928 Sabbato
1700 2879 1956 2930 autumni
1996 2887 2135 2937 tem-
2218 2891 2388 2944 supra
2419 2875 2749 2928 taxavimus.
2771 2875 2853 2928 Ad
2884 2891 3090 2927 nonam
3122 2881 3293 2944 agant
3323 2891 3539 2928 sacram
3573 2875 3643 2927 de
3669 2876 3822 2956 jeju-

537 2977 676 3032 pore
704 2980 718 3014 :
777 2956 867 3015 hic
900 2963 1111 3015 mensis
1145 2969 1294 3016 totus
1327 2971 1448 3017 erat
1476 2965 1760 3022 solemnis.
1786 2967 1843 3019 in
1876 2984 1984 3037 quo
2015 2968 2132 3020 dies
2216 2965 2330 3028 nio,
2361 2965 2506 3017 sicut
2536 2981 2656 3017 mos
2687 2969 2789 3021 est.
2824 2971 2878 3017 et
2907 2965 2951 3017 si
2973 2965 3090 3017 sola
3120 2961 3308 3034 vigilia
3335 2964 3582 3017 evenerit
3611 2965 3819 3033 adjun-

539 3041 940 3128 expiationum,
967 3058 1024 3105 et
1045 3052 1270 3106 afﬂictio
1299 3054 1497 3108 anima:
1511 3060 1567 3107 et
1587 3071 1697 3109 non
1719 3056 1971 3117 faciendo
1993 3075 2132 3132 opus
2155 3112 2194 3132 η
2217 3060 2412 3123 gentes
2456 3053 2848 3106 tantummodo
2893 3054 3180 3106 collectam
3222 3061 3576 3116 mortuorum
3609 3070 3624 3103 :
3673 3058 3731 3105 et
3771 3052 3821 3104 si

540 3140 740 3193 servile
758 3140 848 3193 die
871 3140 1242 3210 ScenOpegiae,
1265 3142 1320 3195 id
1352 3151 1435 3196 est
1466 3143 1592 3196 ﬁxio
1611 3145 2127 3211 tabernaculorum,
2154 3137 2196 3170 υ
2224 3142 2468 3197 Sabbato
2496 3141 2879 3194 adventaverit
2917 3141 3038 3212 ipsa
3064 3137 3272 3210 vigilia,
3308 3142 3478 3203 missa
3508 3141 3823 3194 matutina-

541 3221 741 3299 quinta.
766 3225 982 3282 decima
1005 3229 1095 3282 die
1111 3236 1323 3300 septem
1346 3232 1540 3285 diebus
1557 3233 1758 3286 decimi
1781 3235 2006 3298 mensis,
2033 3237 2137 3289 hoc
2217 3232 2284 3284 lis
2314 3231 2574 3284 similiter
2602 3230 2670 3283 de
2701 3231 2964 3300 capitulo,
2997 3236 3050 3283 et
3081 3229 3467 3305 adjungantur
3674 3231 3822 3300 Vigi-

541 3323 629 3370 est
671 3318 1010 3371 Decembris.
1043 3319 1252 3381 Quarto
1287 3317 1530 3375 Sabbato
1574 3329 1704 3376 ante
1745 3324 1891 3376 diem
1933 3325 2135 3378 natalis
2219 3317 2293 3372 lia
2313 3321 2381 3372 de
2405 3317 2826 3388 jejuniu.Missa
2854 3319 3425 3388 matutinalisagatur
3445 3319 3513 3379 de
3535 3319 3818 3398 apostolO.

543 3405 796 3471 Domini,
829 3412 959 3460 ante
999 3407 1254 3462 videlicet
1291 3415 1532 3479 quatuor
1560 3410 1802 3478 Sabbata
1851 3413 1908 3466 in
1939 3415 2133 3467 eadem

2219 3415 2274 3461 et
2303 3407 2685 3478 adjungantur
2699 3408 2980 3460 orationes
3006 3407 3512 3461 consuetudinariaa
3527 3425 3627 3478 pro
3653 3407 3816 3474 vivis,

544 3495 895 3549 hebdomada
923 3513 1144 3565 semper
1168 3505 1368 3567 quarta
1397 3505 1451 3551 et
1472 3506 1627 3554 sexta
1662 3501 1801 3554 feria
1820 3503 2055 3571 jejunia,
2083 3513 2140 3557 et
2219 3513 2318 3550 seu
2349 3514 2449 3567 pro
2472 3497 2766 3561 defunctis,
2798 3497 3132 3552 Sanctorum
3166 3502 3416 3552 tuorum.

545 3576 865 3638 Orationum
895 3590 950 3638 ct
991 3585 1290 3640 lectionum
1323 3589 1596 3641 solemnia
1622 3585 1754 3643 sunt
1781 3579 2132 3647 celebranda.

545 3665 645 3726 His
676 3673 882 3726 etenim
914 3671 1107 3727 diebus
1136 3676 1279 3728 ﬁunt
1297 3678 1460 3746 juxta
1489 3677 1713 3738 decreta
1734 3680 1939 3738 Gelasii
1981 3699 2136 3755 papa:

2755 3587 2991 3641 CAPUT
3021 3585 3276 3640 XXXIV.

2356 3679 2611 3743 Agminis
2632 3678 2848 3730 .r-there-i
2868 3682 3099 3744 pergant
3130 3680 3208 3730 sic
3236 3677 3444 3743 gaudia
3473 3677 3681 3730 cuncti.

545 3757 944 3848 ordinatiOnes.
1000 3765 1128 3817 Haec
1167 3765 1444 3819 solemnia
1489 3774 1733 3846 quatuor
1764 3767 2136 3824 Sabbatorum
2291 3769 2353 3821 In
2384 3766 2684 3820 festivitate
2713 3765 2890 3819 sancti
2920 3763 3204 3819 Michaelis
3231 3765 3300 3818 ad
3322 3782 3613 3837 vesperam
3645 3765 3818 3846 Capi-

542 3849 837 3906 Duodecim
892 3856 1140 3906 lectiones
1187 3855 1348 3923 vulgo
1393 3856 1766 3926 appellantur,
1823 3859 1955 3928 quia
2010 3876 2137 3916 cum
2220 3857 2422 3920 tulum,
2455 3857 2677 3908 Factum.
2699 3863 2774 3907 est
2799 3858 3106 3908 silentium.
3132 3856 3676 3925 ResponsoriumJn
3697 3872 3826 3908 con-

542 3941 678 4011 ipsis
699 3941 1036 3995 lectionibus
1060 3947 1113 3995 et
1147 3944 1380 3996 canticis
1409 3946 1496 3997 vel
1543 3947 1774 4017 psalmis
1813 3947 1909 4020 qui
1936 3965 2140 4003 canun-
2222 3951 2402 4016 spectu
2435 3947 2781 4010 angelorum.
2809 3943 3151 4014 Antiphona,
3179 3945 3403 3997 Factum.
3424 3949 3497 3997 est
3519 3945 3817 3997 silentium.

544 4034 657 4091 tur,
693 4030 783 4084 hic
812 4047 1082 4093 numerus
1105 4031 1460 4102 adimpletur.
2223 4035 2282 4085 in
2316 4035 2456 4085 ca’lo.
2486 4031 2743 4100 Quinque
2771 4031 2838 4083 ad
2863 4031 3028 4083 ﬁnem
3053 4031 3223 4100 hujus
3241 4030 3441 4100 cantici
3471 4025 3649 4091 tribus
3681 4031 3821 4084 vici-

1082 4107 1316 4176 CAPU'T
1357 4121 1606 4177 XXXIII.
2223 4121 2325 4174 bus
2343 4125 2602 4190 repetant
2631 4137 2664 4172 a
2692 4119 2872 4189 capite
2901 4120 3080 4190 ipsam
3113 4120 3499 4192 antiphonam.
3530 4109 3822 4174 Tantum-

995 4209 1191 4275 Vigitia
1222 4215 1403 4264 sancti
1431 4213 1694 4270 illati/imi.
2227 4207 2392 4264 modo
2413 4211 2470 4262 in
2503 4209 2626 4279 ipsa
2648 4209 2736 4262 die
2766 4209 2976 4262 faciant
3006 4193 3338 4272 orationem,
3364 4210 3504 4263 Deus
3536 4213 3635 4278 qui
3670 4227 3721 4263 m
3735 4213 3820 4262 iro

617 4297 824 4366 Vigilia
872 4298 1051 4350 sancti
1091 4299 1334 4353 Matthzei
1367 4302 1605 4370 apostoli
1658 4321 1783 4366 mox
1827 4309 1892 4356 ut
1939 4303 2142 4361 fratres
2226 4301 2436 4352 ordine.
2491 4298 2575 4350 Ad
2621 4298 3103 4350 aromatizandum
3134 4299 3333 4350 altaria
3363 4315 3509 4351 unus
3556 4283 3819 4351 sacerdos

548 4383 832 4440 audierint
869 4386 1088 4456 signum
1121 4396 1248 4458 post
1277 4397 1488 4451 sextam
1522 4399 1773 4464 surgant,
1808 4394 1992 4447 lavent
2021 4411 2142 4446 ma-
2225 4388 2456 4442 ofﬁciat.
2490 4387 2572 4440 Ad
2603 4386 2901 4440 stationem
2925 4388 3366 4458 responsorium,
3392 4389 3588 4440 Fidelis
3619 4404 3816 4442 sermo.

547 4493 656 4529 nus
688 4482 742 4529 et
791 4477 978 4540 facies,
1024 4482 1081 4529 et
1123 4495 1272 4532 nunc
1310 4487 1549 4549 pergant
1590 4482 1747 4552 pueri
1790 4483 1910 4535 sine
1953 4468 2608 4553 aliquoDInvitatorlum
2643 4476 2699 4529 in
2729 4479 2918 4546 cappis
2949 4478 3078 4541 duo,
3109 4479 3295 4543 Regem
3325 4478 3815 4542 archangelormn.

548 4565 738 4618 sonitu
779 4565 836 4618 in
876 4559 1162 4626 ecclesiam
1192 4587 1202 4634 ;
1245 4568 1453 4621 faciant
1482 4586 1674 4640 preces
1711 4577 1842 4624 ante
1871 4589 2047 4636 aram,
2086 4580 2143 4628 et
2225 4565 2501 4637 Hymnus,
2531 4567 2739 4619 Christe
2770 4572 3088 4618 sanctorum
3118 4569 3276 4619 decus
3306 4568 3655 4632 angelorum.
3681 4557 3818 4620 Tres

548 4649 822 4725 incipiant
855 4655 1120 4709 lectiones
1156 4675 1166 4708 :
1201 4674 1331 4710 nam
1365 4657 1555 4720 statim
1591 4665 1651 4712 ut
1679 4676 1737 4712 se
1768 4661 2139 4723 levaverint...

550 4743 830 4810 Ofﬁcium,
861 4746 966 4822 Ego
997 4752 1182 4798 autem
1221 4751 1365 4798 sicut
1403 4749 1545 4799 oliva
1603 4749 1816 4811 Oratio,
1853 4752 1932 4804 Da
1965 4753 2135 4808 nobis.

549 4836 890 4901 omnipotens
931 4836 1089 4896 Deus,
1145 4835 1229 4887 vel
1270 4834 1338 4887 de
1383 4824 1686 4910 Sapientia,
1725 4841 1916 4890 Beatus
1959 4841 2136 4891 homo.

547 4921 1008 5000 Besponsorium,
1039 4925 1250 4977 Justus.
1282 4923 1658 4993 Evangelium,
1708 4929 1844 4980 Vidit
1864 4930 2018 4980 Jesus
2044 4945 2142 4995 pu-

550 5013 833 5066 blicanum
850 5014 1070 5065 nomine
1093 5013 1229 5072 Levi.
1255 5011 1833 5074 Ollertoriumﬁloria
1856 5022 1900 5068 et
1918 5016 2137 5073 honore.

549 5100 902 5165 Communia,
937 5103 1190 5161 Posuisti,
1215 5103 1452 5164 Domine.
1470 5104 1554 5166 Ad
1575 5105 1800 5158 missam
1831 5106 1974 5158 sicut
1993 5106 2142 5158 soliti

548 5197 681 5245 sunt
723 5190 782 5244 in
828 5190 1032 5260 vigiliis
1060 5191 1437 5268 apostolorum
1475 5211 1485 5245 :
1520 5200 1574 5246 et
1618 5193 2032 5266 eleemosynam
2064 5195 2143 5246 sic

546 5277 773 5340 faciant.
819 5279 903 5333 Ad
951 5297 1236 5350 vesperam
1282 5282 1466 5344 lectio,
1515 5283 1686 5348 Quam
1719 5286 1942 5351 speciosi
1966 5286 2138 5350 pedes,

546 5370 1007 5440 Responsorium,
1043 5371 1179 5423 Cum
1202 5375 1366 5439 spiret
1391 5375 1689 5425 anima/ia.
1731 5357 2002 5442 Hymnus.
2039 5373 2141 5425 Er-

547 5447 706 5512 sultet
739 5461 948 5512 catum.
985 5443 1325 5540 Antiphona,
1354 5463 1694 5530 .S'im-ilitudo.
1723 5462 1916 5514 Oratio
1941 5461 2132 5537 ipsius.

548 5549 755 5602 Versus
807 5549 863 5601 in
910 5550 1116 5620 cappis,
1152 5551 1384 5605 Gaudete
1425 5557 1473 5603 et
1515 5554 1797 5605 ersuttate.
1843 5550 2138 5605 Lectiones

550 5641 674 5687 octo
706 5635 774 5688 de
794 5637 1048 5705 passione
1079 5639 1219 5706 ejus.
1254 5639 1687 5707 Responsorium
1724 5644 1989 5711 quartum
2022 5641 2136 5694 duo

2224 4653 2466 4709 candela}
2509 4655 2624 4708 sint
2670 4663 2800 4708 ante
2836 4657 3032 4718 altare,
3077 4661 3227 4709 retro
3268 4673 3397 4709 una.
3434 4651 3625 4709 Primo
3648 4660 3703 4708 et
3730 4672 3819 4707 se-

2226 4746 2410 4798 cundo
2479 4751 2753 4798 nocturno
2806 4746 3071 4798 lectiones
3114 4751 3236 4798 octo
3261 4745 3328 4798 de
3384 4745 3617 4798 homilia
3644 4743 3820 4804 sancti

2225 4835 2458 4904 Grcgori
2483 4834 2731 4903 legendae
2755 4840 2886 4887 sunt
2906 4852 3074 4905 super
3091 4834 3503 4904 evangelium,A
3515 4837 3818 4886 ccesserunt

2223 4926 2296 4978 ad
2339 4928 2521 4978 .lesum.
2551 4926 2838 4992 publicani
2868 4941 2883 4974 :
2931 4924 3205 5000 incipiant
3234 4925 3290 4977 in
3332 4924 3450 4984 loco
3481 4925 3813 4999 Angelorum

2225 5019 2418 5083 quippe
2445 5019 2492 5066 et
2515 5015 2806 5066 hominum
2837 5019 3125 5067 naturam.
3159 5013 3470 5077 Canticum,
3491 5013 3632 5065 Deus
3665 5015 3820 5064 mise-

2225 5112 2419 5158 reatur
2451 5107 2644 5160 nostri.
2665 5104 3166 5158 Introitiohomilia
3195 5103 3373 5156 sancti
3403 5100 3818 5182 Hieronymide

2227 5194 2531 5264 evangelio,
2560 5197 2908 5247 Accesscrunt
2937 5197 3009 5246 ad
3035 5195 3220 5246 Jesum
3269 5195 3532 5259 discipuli
3578 5197 3695 5259 ejus
3735 5193 3820 5246 di-

2226 5270 2415 5344 centes,
2454 5286 2581 5350 Quis
2608 5289 2787 5351 putas.
2815 5283 3252 5353 Responsorium
3286 5287 3549 5350 quartum
3573 5281 3684 5334 duo
3707 5282 3816 5334 fra-

2223 5378 2339 5424 tres
2363 5378 2640 5442 promant.
2658 5378 2912 5424 octavum
2939 5377 3199 5441 quatuor,
3239 5369 3632 5423 duodecimum
3659 5371 3816 5440 quin-

2225 5479 2352 5531 que,
2379 5463 2671 5532 quindenze
2690 5462 2931 5515 candelae
2957 5462 3337 5515 accendantur
3355 5459 3411 5512 in
3439 5459 3669 5530 pertica,
3696 5460 3816 5521 duae

2223 5558 2540 5620 augeantur
2571 5558 2700 5603 ante
2723 5553 2898 5603 altare
2916 5552 3120 5629 majus,
3144 5549 3404 5610 similiter
3423 5553 3742 5603 extrorsum
3761 5551 3813 5602 et

2220 5659 2320 5711 per
2348 5658 2803 5712 unamquamque
2833 5658 2988 5694 aram
3019 5641 3388 5694 illuminetur.
