3914 6362
1558 359 1908 417 GUIDONIS
1944 360 2250 418 ABBATIS
2286 358 2701 417 FARFENSIS.
3637 353 3778 414 1240

2688 482 2923 539 CAPUT
2950 479 3252 537 XXXVIII.

494 359 641 421 1239

497 485 860 543 refectorium
888 486 991 555 ire,
1013 485 1112 542 sed
1152 490 1209 540 et
1232 483 1443 556 aliquid
1459 483 1748 537 charitatis
1767 483 1993 538 habere.
2027 485 2091 540 In
2108 489 2160 547 Α

496 577 805 632 crastinum
834 576 894 630 in
921 574 1343 630 nocturnalibus
1364 572 1671 635 ambulent,
1692 577 1749 626 et
1767 571 1854 625 his
1876 572 2094 628 duobus
2539 576 2735 642 Vigilia
2769 574 3035 627 Omnium
3062 571 3414 626 Sanctorum.

499 665 698 720 diebus
727 665 839 718 tria
864 665 1176 736 pulmenta,
1206 664 1351 718 sicut
1377 678 1548 733 supra
1593 660 1805 714 dictum
1853 666 1959 728 est,
1989 662 2093 716 ha-
2244 663 2561 734 Antequam
2594 661 2841 716 secunda
2859 664 3082 732 agatur,
3113 660 3414 715 decoretur
3438 665 3624 717 totum
3652 679 3783 718 mo-

498 752 673 808 beant
705 773 716 807 :
742 756 953 825 'quarta
976 754 1066 808 die
1096 758 1297 825 quarta
1341 768 1471 823 pars
1517 750 1665 805 casei
1709 757 1836 821 post
1863 751 2092 806 missam
2173 752 2483 806 nasterium
2513 750 2716 822 palliis.
2747 750 2857 805 Per
2884 750 3117 804 chorum
3146 750 3204 803 in
3233 749 3444 805 circum
3472 752 3784 808 extendan-

500 841 668 897 detur
689 843 1010 914 unicuique.
1053 843 1264 906 Quarta
1291 846 1349 895 et
1374 847 1530 895 sexta
1557 839 1697 895 feria
1724 847 1852 913 post
1878 847 2093 896 sextam
2173 844 2270 894 tur
2292 839 2566 900 bancalia,
2601 845 2659 893 et
2691 855 2863 909 super
2876 839 3150 893 formulas
3175 839 3406 910 tapetia,
3438 845 3610 911 atque
3637 841 3785 895 alta-

498 930 645 985 facto
673 948 844 1002 parvo
869 931 1160 985 intervallo
1187 935 1349 984 sonet
1363 930 1584 1001 signum
1618 932 1952 986 secretarius
1971 947 2094 985 mo-

500 1019 643 1085 dice,
668 1024 724 1074 et
738 1019 1064 1074 discalcient
1094 1036 1155 1074 se
1174 1035 1387 1073 omnes.
1413 1019 1625 1073 Deinde
1656 1020 1844 1074 lavent
1871 1036 2091 1085 manus,

498 1113 559 1164 et
590 1114 830 1180 pergant
870 1108 930 1162 in
976 1108 1267 1163 ecclesiam
1312 1108 1596 1163 orationes
1624 1109 1695 1179 [f.
1732 1114 1976 1174 orantes,
2015 1110 2097 1163 vel

499 1200 687 1266 supple
715 1195 925 1271 dicam]
954 1197 1294 1267 generaliter
1325 1215 1339 1252 :
1368 1202 1663 1268 surgentes
1691 1197 1963 1269 incipiant
1988 1214 2092 1251 an-

498 1283 778 1355 tiphonas,
809 1289 981 1355 atque
1008 1285 1420 1356 processionem
1468 1291 1642 1355 agant
1662 1285 1807 1338 sicut
1835 1301 1955 1338 mos
1985 1290 2086 1339 est.

568 1370 636 1428 In
665 1374 792 1428 aliis
816 1373 1014 1429 diebus
1060 1379 1187 1446 post
1229 1383 1461 1435 sextam,
1509 1374 1659 1428 facta
1698 1374 1890 1445 aliqua
1935 1390 2095 1428 mora

497 1462 770 1532 magister
791 1462 962 1517 faciat
989 1463 1217 1518 abluere
1261 1463 1487 1517 illorum
1525 1462 1824 1517 infantium
1868 1479 2091 1531 manus,

497 1549 817 1622 quidebent
834 1550 1043 1605 servire
1080 1551 1152 1605 ad
1173 1551 1422 1605 missam.
1452 1550 1668 1605 Deinde
1702 1556 1890 1605 custos
1919 1552 2095 1605 eccle-

497 1638 596 1693 sia
615 1656 743 1694 cum
761 1640 966 1694 viderit
999 1644 1223 1711 tempus
1250 1656 1391 1706 esse,
1412 1644 1575 1694 sonet
1599 1639 1823 1710 signum
1853 1640 1924 1694 ad
1955 1641 2091 1695 mis-

497 1744 641 1795 sam,
663 1732 867 1783 ettunc
888 1728 1194 1799 procedant
1226 1745 1422 1783 omnes
1441 1728 1499 1782 in
1518 1727 1826 1793 basilicam,
1849 1729 2094 1784 efﬁciant

2176 929 2262 983 ria
2289 928 2649 992 decorentur;
2683 932 2741 982 et
2767 928 2826 982 in
2861 928 3133 997 majorem
3170 932 3352 982 textos
3372 929 3584 999 [textus
3612 946 3785 985 evan-

2174 1017 2474 1088 geliorum]
2495 1021 2727 1088 ponant.
2751 1018 2943 1071 Altare
2962 1022 3170 1071 sancta
3184 1017 3375 1072 Maria
3394 1018 3579 1090 palliis
3606 1026 3781 1091 atque

2178 1106 2370 1161 sericis
2396 1107 2703 1160 adornetur
2734 1124 2745 1159 :
2776 1106 2831 1159 in
2863 1105 3109 1176 capitulo
3138 1104 3394 1161 bancalia
3440 1108 3775 1180 coaptitent.

2176 1194 2447 1249 Similiter
2494 1194 2774 1248 refectorii
2831 1200 3243 1265 procuratores,
3286 1196 3549 1251 mantiles
3604 1203 3779 1269 atque

2173 1283 2429 1337 bancalia
2453 1283 2729 1354 accipiant
2755 1283 2826 1336 ad
2854 1283 3226 1337 decorandam
3249 1284 3446 1339 adem.
3481 1286 3540 1340 Si
3570 1287 3780 1358 aliquis

2176 1377 2402 1427 sanctus
2423 1372 2672 1426 evenerit
2694 1372 2753 1426 in
2784 1372 2906 1443 ipso
2933 1372 3045 1435 die,
3063 1372 3214 1426 unde
3243 1379 3417 1443 agant
3443 1379 3559 1428 tres
3587 1376 3781 1430 lectio-

2174 1478 2294 1524 nes,
2327 1466 2462 1516 tunc
2485 1461 2677 1516 dicant
2704 1462 2934 1516 missam
2959 1461 3353 1516 matutinalem
3377 1479 3441 1517 ex
3463 1480 3548 1524 eo,
3570 1465 3662 1536 adj
3672 1482 3781 1520 un-

2172 1554 2369 1619 gentes
2396 1549 2684 1604 collectam
2704 1566 2805 1622 pro
2819 1549 3113 1615 defunctis,
3141 1555 3200 1604 et
3228 1551 3467 1605 offerant
3486 1553 3693 1606 cuncti.
3719 1553 3781 1608 Si

2173 1637 2361 1708 vigilia
2411 1638 2702 1692 advenerit
2744 1643 2948 1710 quarta
2987 1638 3073 1692 vel
3109 1642 3268 1693 sexta
3302 1639 3461 1706 feria,
3496 1646 3635 1695 tunc
3678 1642 3782 1695 ﬁat

2173 1726 2452 1794 processio
2488 1744 2501 1779 :
2530 1732 2589 1782 et
2615 1726 2662 1781 si
2686 1726 2745 1781 in
2773 1727 2885 1781 alia
2911 1726 3053 1781 feria
3074 1726 3264 1793 fuerit,
3296 1734 3499 1783 sonent
3524 1729 3779 1800 signum.

495 1832 729 1888 preces;
766 1797 969 1889 quibus
1015 1816 1391 1888 surgentibus,
1437 1817 1590 1872 dicat
1631 1834 1777 1873 unus
1807 1818 1875 1873 de
1904 1797 2156 1889 puerisB
2244 1816 2380 1869 Post
2402 1820 2636 1882 sextam,
2683 1820 2818 1870 eant
2861 1821 2919 1871 et
2958 1816 3170 1871 faciant
3197 1817 3526 1885 orationem,
3570 1797 3783 1874 deinde

496 1905 773 1972 litaniam,
807 1911 864 1961 et
888 1911 1024 1961 tunc
1047 1906 1290 1961 vestiant
1315 1922 1395 1973 se,
1425 1907 1521 1978 qui
1550 1907 1924 1962 ministraturi
1960 1913 2094 1963 sunt
2175 1903 2366 1959 dicant
2389 1904 2647 1959 litaniam
2678 1922 2691 1958 :
2724 1904 2885 1975 signa
2905 1921 3018 1959 non
3046 1906 3359 1977 pulsentur,
3389 1923 3493 1962 nec
3504 1923 3688 1979 cappa
3706 1908 3784 1963 sit

497 1995 570 2049 ad
598 1995 844 2050 missam.
880 1995 1083 2062 Finita,
1130 1995 1388 2066 pulsetur
1422 1996 1645 2067 signum
1683 1996 1753 2051 ad
1785 2013 2013 2061 nonam,
2038 2001 2095 2051 et
2175 1992 2235 2047 in
2264 1993 2455 2060 choro,
2479 1994 2578 2047 sed
2594 1994 2985 2048 tantummodo
3005 1994 3277 2050 diaconus
3297 1995 3527 2050 indutus
3546 1996 3700 2064 alba,
3721 2001 3782 2051 et

494 2084 751 2140 oratione
779 2084 927 2141 facta
951 2085 1161 2139 vadant
1188 2084 1607 2139 hebdomadarii
1632 2086 1903 2155 coquina,
1933 2086 2095 2140 celle-
2175 2082 2339 2145 stola,
2381 2087 2439 2136 et
2480 2081 2854 2137 subdiaconus
2896 2082 3157 2137 similiter
3196 2083 3342 2137 alba.
3386 2084 3777 2152 Oﬂ‘ertorium,

494 2174 680 2229 rarius
709 2179 767 2229 et
792 2174 971 2229 lector
996 2174 1054 2228 in
1084 2173 1438 2229 refectorium
1462 2180 1527 2228 ut
1542 2174 1819 2246 accipiant
1837 2174 2086 2229 mistum.
2181 2171 2381 2225 Timete
2432 2173 2756 2226 Dominum.
2804 2171 3067 2239 Collecta,
3116 2173 3347 2227 Domine
3385 2174 3527 2227 Deus
3568 2180 3775 2229 noster.

494 2262 722 2318 Fratres
765 2262 861 2317 alii
900 2263 1135 2318 sedeant
1171 2263 1227 2317 in
1276 2264 1464 2327 choro,
1512 2263 1691 2317 donec
1721 2263 1831 2317 alio
1873 2264 2091 2318 minore
2175 2259 2387 2314 Deinde
2417 2260 2557 2316 alia.
2591 2260 2859 2331 Epistola,
2892 2263 3019 2315 Ecce
3043 2277 3135 2329 ego
3160 2263 3398 2317 Joannes
3427 2264 3546 2317 vidi
3573 2266 3639 2317 in
3669 2280 3783 2319 me-

495 2352 657 2423 signo
670 2352 909 2424 pulsato,
934 2352 1148 2408 cunctis
1162 2352 1640 2416 convenientibus,
1660 2353 1849 2408 dicant
1862 2370 2090 2409 nonam.
2177 2349 2267 2403 dio
2290 2350 2498 2403 throni.
2527 2349 2986 2420 Responsorium,
3002 2351 3375 2405 Exsultabunt
3397 2349 3612 2407 Sancti.
3630 2353 3784 2407 Alle-

494 2440 632 2496 Post
679 2457 888 2495 nonam
926 2440 1156 2496 veniant
1187 2442 1258 2495 ad
1287 2458 1560 2496 mensam.
1594 2442 1913 2498 Refectione
1955 2443 2097 2498 cele-
2177 2436 2291 2490 luia
2321 2437 3608 2509 nonestcanendum.Evangelium,Descendens
3622 2443 3782 2496 Jesus

493 2526 677 2595 brata,
703 2529 939 2584 sedeant
963 2530 1022 2586 in
1050 2530 1316 2584 claustro.
2176 2528 2239 2579 de
2270 2532 2471 2581 monte.
2497 2526 2853 2581 Oll‘erendam
2882 2527 3053 2581 faciat
3080 2527 3312 2581 dimidia
3342 2543 3496 2599 pars,
3514 2530 3785 2586 similiter

1031 2618 1265 2674 CAPUT
1292 2619 1567 2674 XXXVII.
2176 2632 2388 2685 pacem.
2423 2615 2803 2682 Oﬂ‘ertorium,
2834 2618 3140 2672 Lalamini.
3172 2617 3527 2684 Communio,
3574 2621 3776 2683 Amen,

495 2708 565 2763 In
593 2712 915 2762 sanctorum
937 2712 1307 2777 apostolorum
1328 2710 1573 2764 Simonis
1604 2712 1654 2762 et
1675 2710 1830 2762 Iuda
1860 2711 2082 2777 vigilia.
2174 2720 2336 2758 amen
2382 2705 2501 2758 dico
2549 2706 2715 2758 vobis.
2767 2705 2956 2777 Adeps
3000 2722 3113 2759 non
3159 2706 3487 2762 comedatur
3508 2708 3633 2780 ipso
3662 2709 3778 2765 die.

566 2796 633 2852 In
661 2801 983 2852 sanctorum
1022 2798 1401 2869 apostolorum
1444 2798 1687 2853 Simonis
1727 2803 1785 2852 et
1819 2797 1976 2853 Juda
2017 2797 2094 2852 vi-
2174 2793 2385 2847 Panem
2421 2798 2478 2847 et
2506 2792 2717 2858 vinum.
2741 2810 2864 2865 quae
2885 2801 3179 2848 remanent
3198 2795 3257 2849 in
3286 2796 3601 2863 refectoriO,
3626 2799 3780 2853 elee-

491 2884 649 2957 gilia,
672 2885 744 2940 ad
772 2886 1005 2942 missam
1036 2886 1300 2953 ofﬁcium,
1332 2889 1507 2942 Intret
1532 2890 1596 2941 in
1624 2892 1926 2955 conspectu.
1958 2888 2094 2942 Ora-
2173 2884 2530 2954 mosynarius
2566 2884 2822 2955 accipiat.
2855 2884 2941 2938 Ad
2980 2901 3271 2956 vesperam
3307 2885 3367 2940 in
3411 2886 3610 2956 primis
3657 2904 3776 2943 non

494 2974 596 3038 tio,
624 2976 874 3040 Concede,
904 2992 1236 3045 quasumus,
1268 2979 1610 3045 omnipotens
1635 2977 1796 3041 Deus,
1845 2981 1907 3029 ut
1949 2980 2092 3030 sicut
2174 2972 2447 3043 pulsetur,
2478 2972 2589 3026 nisi
2618 2972 2825 3043 squilla
2842 2972 2964 3026 sola
2990 2990 3002 3026 :
3039 2977 3096 3027 et
3126 2972 3319 3043 viginti
3340 2979 3584 3045 quatuor
3600 2976 3777 3031 lumi-

496 3066 867 3133 apostolorum
910 3082 924 3119 :
958 3069 1015 3119 et
1054 3065 1166 3119 alia
1204 3071 1490 3130 consueta,
1540 3069 1828 3121 Justorum
1865 3069 2088 3121 animas.
2120 3061 2337 3133 “naria
2357 3062 2474 3115 sint
2502 3077 2736 3115 accensa
2762 3066 2893 3115 ante
2925 3062 3103 3116 altare
3125 3063 3330 3133 majus,
3345 3067 3404 3117 et
3421 3069 3550 3133 post
3563 3079 3781 3119 unum-

494 3149 956 3223 Responsorium,
1007 3154 1251 3225 Vindica,
1295 3155 1542 3208 Domine.
1576 3154 1959 3225 Evangelium,
1988 3156 2097 3223 Ego
2118 3149 2163 3176 υ
2179 3150 2441 3221 quodque
2460 3149 2529 3203 de
2553 3149 2677 3204 aliis
2704 3166 2902 3204 unum.
2920 3150 3782 3222 AntiphonaJnconsiliojusto—

496 3255 624 3294 sum
659 3244 806 3295 vitis.
849 3241 1231 3308 Oﬂ'ertorium,
1281 3244 1655 3297 Emsultabunt
1695 3247 1892 3299 sancti.
1927 3244 2098 3298 Com-
2178 3255 2330 3292 rum.
2376 3239 2447 3293 Et
2486 3239 2607 3293 alia
2633 3255 2756 3310 qua
2785 3246 3117 3310 sequuntur.
3158 3239 3501 3312 Capitulum,
3532 3242 3667 3296 Ecce
3697 3259 3789 3312 ego

496 3327 713 3395 munio,
749 3331 1037 3385 Justorum
1058 3333 1283 3384 anima.
1307 3331 1372 3385 In
1400 3331 1523 3402 ipso
1543 3331 1635 3386 die
1660 3348 1772 3385 non
1800 3332 2099 3387 comedant
2177 3329 2434 3383 Joannes.
2468 3328 2953 3400 Responsoriumn
2986 3330 3226 3383 Laudem
3276 3331 3458 3384 dicite.
3499 3331 3786 3402 Hymnus,

498 3414 746 3486 adipem,
787 3420 845 3471 et
878 3418 1028 3489 quod
1046 3419 1383 3473 remanserit
1403 3418 1461 3473 in
1482 3420 1797 3486 refectorio,
1819 3420 2099 3491 accipiant
2181 3418 2734 3482 0hriste,sanctorum
2756 3418 3066 3487 redemptor
3084 3417 3558 3475 omnium.Etduo
3578 3420 3789 3475 fratres

497 3520 791 3575 pauperes.
837 3506 1041 3561 Custos
1079 3507 1325 3562 ecclesia
1354 3509 1680 3579 priusquam
1712 3515 1946 3564 sonetur
1973 3526 2097 3565 ves-
2178 3506 2364 3560 induti
2386 3506 2499 3561 sint
2514 3506 2706 3579 cappis
2727 3506 2796 3561 ad
2820 3506 3110 3561 incensum
3132 3507 3520 3563 deferendum.
3545 3509 3782 3576 Versus,

501 3609 659 3665 pera,
678 3600 908 3650 coornet
932 3596 1135 3650 altaria
1169 3597 1378 3663 sericis,
1402 3602 1460 3651 et
1476 3614 1644 3669 super
1668 3600 1879 3653 formas
1910 3599 2099 3654 mittat
2180 3597 2543 3650 Lataminiin
2558 3597 2807 3653 Domino.
2834 3595 3158 3667 Antiphona
3202 3597 3275 3651 ad
3289 3598 3642 3666 Magni/teat:
3665 3599 3789 3655 Sal-

502 3683 734 3754 tapetia.
761 3684 848 3738 Ad
878 3686 1134 3757 synaxim
1162 3703 1405 3757 vespera
1429 3687 1811 3743 accendantur
1850 3689 2098 3761 quinque
2178 3689 2337 3738 valor
2356 3686 2575 3747 mundi,
2590 3689 2745 3739 salva
2765 3701 2880 3739 nos.
2899 3684 3163 3755 Alleluia,
3208 3686 3249 3741 0
3279 3702 3449 3756 quam
3477 3690 3788 3755 gloriosum

501 3771 745 3827 lucerna
768 3778 901 3828 ante
928 3775 1126 3829 altare.
1162 3776 1502 3848 Capitulum,
1530 3778 1659 3831 Jam
1692 3794 1803 3832 non
1832 3780 1958 3831 estis
2002 3780 2100 3833 ho-
2181 3779 2256 3828 est
2288 3790 2541 3841 regnum.
2576 3775 2646 3829 Et
2669 3775 2820 3829 trina
2843 3775 2960 3829 vice
2990 3780 3266 3847 repetant.
3299 3775 3644 3847 Capitulum,
3664 3780 3789 3832 Post

502 3864 683 3931 spites.
713 3862 928 3930 Oratio,
960 3866 1211 3920 Concede.
1245 3866 1636 3920 Invitatorium
1665 3866 1777 3921 duo
1800 3867 1860 3921 in
1888 3868 2098 3939 cappis.
2179 3868 2413 3931 partum
2435 3867 2608 3932 virgo,
2645 3869 2701 3918 et
2728 3863 2852 3918 alia
2868 3881 2991 3935 qua
3016 3865 3199 3919 solent
3216 3864 3401 3919 dicere
3427 3865 3498 3919 de
3526 3866 3790 3921 omnibus

502 3949 796 4006 Lectiones
842 3956 967 4007 octo
1011 3953 1083 4007 de
1138 3954 1371 4009 homilia
1416 3954 1594 4009 sancti
1637 3955 1956 4026 Augustini.
2002 3957 2108 4011 Me-
2189 3952 2413 4007 sanctis.
2453 3953 2709 4018 Oremus,
2767 3954 3115 4021 Omnipotens
3155 3957 3482 4023 sempiterne
3528 3956 3689 4022 Deus,
3735 3960 3790 4010 et

514 4045 749 4094 mentote
788 4044 1059 4096 sermonis
1104 4046 1231 4097 mei.
1276 4044 1413 4098 Tres
1465 4044 1713 4098 candela
1752 4050 1884 4098 ante
1927 4061 2104 4111 aram,
2192 4047 2327 4096 tunc
2353 4047 2611 4113 repetant
2639 4042 3004 4113 antiphonam
3050 4042 3120 4096 de
3158 4042 3366 4097 sanctis
3405 4060 3534 4097 cum
3573 4045 3784 4100 Gloria.

505 4132 659 4182 retro
687 4145 823 4187 una.
855 4128 1119 4185 Introitio
1157 4131 1391 4186 homilia
1434 4132 1614 4186 sancti
1640 4132 1897 4203 Gregorii
1923 4150 2099 4205 papa,
2186 4130 2382 4186 Oratio
2409 4130 2480 4185 de
2507 4130 2628 4201 ipso
2648 4130 2905 4196 beato,et
2919 4132 3274 4201 postmodum
3294 4132 3363 4187 de
3386 4138 3585 4188 sancta
3620 4150 3784 4189 cruce

504 4216 824 4284 Designavit
844 4219 1131 4283 Dominus,
1165 4224 1223 4272 et
1248 4226 1563 4290 augeantur
1588 4221 1698 4275 duo
1728 4222 1946 4276 lumina
1973 4228 2104 4276 ante
2186 4218 2308 4272 sine
2338 4218 2548 4285 Gloria,
2589 4223 2647 4272 et
2673 4218 2852 4272 oratio
2882 4218 3153 4287 ejusdem.
3187 4220 3324 4274 Post
3353 4220 3466 4274 hac
3494 4220 3543 4275 si
3576 4222 3781 4293 aliquis

507 4305 706 4359 altare.
727 4306 1109 4378 Antiphonam
1138 4313 1307 4379 atque
1331 4315 1575 4364 tractum
1597 4310 1667 4364 de
1687 4311 1956 4381 apostolis
1976 4327 2103 4365 can-
2186 4307 2436 4379 psalmus
2457 4307 2756 4379 impositus
2785 4312 2871 4361 est
2914 4325 3014 4379 pro
3041 4307 3179 4362 vivis
3204 4308 3291 4362 vel
3320 4308 3623 4376 defunctis,
3654 4316 3786 4365 tunc

504 4398 653 4459 teut,
681 4399 738 4448 et
764 4401 1080 4466 augeantur
1121 4397 1232 4452 duo
1257 4398 1593 4453 candelabra
1643 4406 1773 4454 ante
1816 4417 2014 4468 aram;
2048 4396 2376 4497 ethicant
2394 4402 2451 4450 et
2478 4396 2696 4450 ﬁniant.
2729 4396 2811 4450 Ad
2842 4403 3147 4451 nocturnos
3188 4398 3518 4469 priusquam
3551 4407 3785 4455 sanetur

510 4488 795 4555 quartum,
821 4490 878 4539 et
899 4491 1175 4553 octavum,
1198 4493 1366 4560 atque
1394 4488 1687 4544 duodecim
1709 4489 1820 4545 duo
1839 4490 2031 4544 dicant
2049 4496 2108 4545 et
2122 4486 2166 4497 ”
2190 4486 2393 4557 squilla
2421 4486 2800 4540 accendantur
2810 4501 3003 4540 omnes
3030 4486 3337 4557 lampades,
3359 4492 3417 4541 et
3438 4493 3567 4559 post
3586 4505 3786 4544 unum-

509 4571 699 4644 ipsum
721 4573 1041 4630 duodenum
1073 4583 1197 4647 post
1220 4578 1414 4633 Gloria
1443 4595 1477 4632 a
1503 4578 1684 4649 capite
1713 4580 2101 4651 recapitulent.
2191 4576 2452 4647 quodque
2480 4575 2659 4630 altare
2694 4576 2770 4629 sit
2805 4592 2919 4630 una
2953 4594 2964 4627 :
2994 4581 3051 4629 et
3079 4592 3206 4629 mox
3255 4582 3321 4630 ut
3352 4577 3637 4632 canticum
3664 4595 3785 4650 gra-

508 4660 598 4716 Ad
627 4662 858 4717 missam
898 4665 1011 4720 sint
1053 4682 1247 4721 omnes
1275 4668 1593 4721 sacerdotes
1621 4673 1679 4721 et
1715 4668 1894 4724 levita
1924 4669 2108 4724 induti
2190 4664 2366 4719 duum
2394 4663 2564 4718 fuerit
2591 4669 2899 4734 peractum,
2924 4670 3038 4718 tres
3057 4665 3317 4720 candelas
3337 4671 3469 4721 ante
3488 4683 3651 4722 aram
3665 4684 3784 4722 ma-

511 4751 704 4823 cappis
735 4768 748 4805 :
779 4757 837 4807 et
863 4758 986 4808 octo
1034 4754 1337 4809 luminaria
1382 4757 1780 4811 accendantur.
1823 4758 2104 4825 Ofﬁcium,
2184 4754 2366 4824 jorem
2398 4753 2707 4824 imponant.
2738 4754 2822 4807 Ad
2843 4754 3225 4809 invitatorium
3248 4761 3491 4826 quatuor
3513 4756 3716 4812 fratres
3728 4757 3784 4810 in

509 4840 996 4897 Exclamaverunt.
1044 4843 1302 4910 Oremus,
1340 4846 1479 4899 Deus
1527 4849 1627 4914 qui
1672 4851 1926 4916 apostolis
1973 4851 2104 4903 tuis.
2189 4843 2399 4915 cappis.
2436 4843 2711 4914 Hymnus,
2754 4845 2908 4898 Jesus
2956 4849 3168 4898 auctor.
3210 4845 3503 4899 Lectiones
3549 4852 3676 4901 octo
3720 4846 3785 4900 de

511 4928 781 5001 Epistola,
812 4931 1053 4988 Stabunt
1068 4936 1233 5001 justi.
1268 4933 1926 5006 Responsorium.Nimis
1944 4938 2110 4991 hono-

511 5021 645 5074 rati.
675 5020 937 5087 Alleluia,
976 5022 1153 5076 Venite
1180 5023 1255 5076 ad
1281 5039 1366 5078 me
1393 5040 1597 5079 omnes.
1615 5025 2111 5097 Evangelium,De-

509 5110 754 5176 signavit
783 5110 1072 5164 Dominus.
1101 5110 1482 5177 Oll‘ertorium,
1515 5115 1579 5167 In
1610 5131 1827 5169 omnem
1875 5121 2106 5170 terram.

511 5198 778 5265 Collecta,
815 5200 905 5253 Vos
923 5202 1023 5267 qui
1039 5204 1210 5255 secuti
1231 5204 1356 5255 estis
1372 5219 1476 5257 me.
1502 5203 1567 5259 In
1590 5204 1884 5259 refectorio
1904 5203 2110 5260 tabula

508 5287 924 5360 cooperiantur,
956 5295 1014 5343 et
1041 5290 1312 5361 optimam
1350 5292 1710 5347 refectionem
1756 5292 2021 5356 habeant,
2053 5299 2111 5349 et

509 5378 583 5433 ad
612 5393 899 5450 vesperam
930 5378 1177 5451 quinque
1206 5382 1495 5452 lampades
1522 5381 1918 5437 accendantur.
1944 5382 2107 5438 Anti-

2190 4949 2448 4988 sermone
2474 4932 2653 4986 sancti
2687 4932 2957 4986 Bonifacii
2993 4949 3169 5004 papa,
3195 4935 3443 5002 Legi-mus
3464 4937 3528 4989 in
3548 4939 3785 4991 ecclesia-

2189 5022 2341 5077 sticis
2372 5023 2640 5075 historiis.
2655 5021 3031 5093 Responsoria
3054 5022 3165 5077 duo
3185 5028 3243 5077 et
3260 5023 3371 5077 duo
3399 5026 3782 5095 pronuntient.

2191 5113 2298 5166 Per
2308 5112 2750 5182 unumquodque
2769 5119 3107 5166 nocturnum
3123 5113 3198 5167 sit
3217 5113 3478 5168 sacerdos
3499 5113 3559 5168 in
3575 5115 3780 5187 cappis,

2193 5201 2287 5273 qui
2307 5201 2560 5255 incenset
2582 5201 2761 5255 altare
2780 5203 2964 5272 majus
2994 5202 3407 5267 tantummodo,
3432 5208 3489 5257 et
3505 5203 3711 5259 fratres
3730 5204 3782 5257 in

2190 5291 2379 5345 choro.
2423 5290 2510 5345 Ad
2556 5290 2834 5345 canticum
2868 5291 3196 5362 antiphona,
3231 5292 3483 5347 Gaudent
3532 5296 3598 5347 in
3624 5297 3779 5349 calis.

2189 5380 2468 5447 Psalmus,
2520 5381 2608 5434 Vos
2650 5382 2830 5433 sancti
2862 5381 3108 5433 Domini.
3141 5380 3370 5445 Versus,
3416 5380 3782 5436 Emsultabunt

506 5466 714 5538 phona
733 5468 1021 5539 etpsalmi,
1046 5469 1212 5525 sicuti
1240 5471 1299 5525 in
1327 5471 1713 5542 apostolorum
1739 5470 1966 5526 solitum
1997 5477 2102 5538 est,
2186 5473 2383 5524 sancti.
2415 5470 2625 5523 Novem
2656 5468 2899 5523 candela
2913 5473 3229 5539 augeantur
3254 5473 3387 5523 ante
3404 5484 3584 5524 aram.
3616 5470 3783 5525 Evan-

510 5552 795 5609 dicantur:
821 5555 1095 5623 videlicet,
1125 5558 1344 5627 Virgam
1363 5560 1609 5620 virtutis,
1636 5560 1879 5614 Collocet.
1902 5560 2107 5617 Euntes
2187 5559 2400 5631 gelium
2441 5558 2827 5630 pronuntient.
2882 5560 3070 5613 Videns
3112 5560 3302 5613 turbas
3338 5560 3512 5613 Jesus.
3545 5559 3782 5614 Homilia

512 5640 690 5697 ibant.
720 5643 1070 5711 Confertatus
1092 5651 1168 5701 est
1198 5663 1216 5710 ;
1247 5652 1306 5703 et
1326 5646 1439 5704 alia
1464 5647 1553 5703 his
1581 5646 1808 5708 similia.
2192 5648 2373 5704 sancti
2389 5647 2593 5704 Leonis
2605 5664 2783 5720 papa,
2805 5648 3138 5704 Pradicante
3152 5649 3517 5704 dilectissimi.
3539 5647 3785 5721 Respon.
