3914 6358
146 334 271 390 1241

1325 336 1744 395 DISCIPLINA
1780 338 2199 396 FARFENSIS.

3270 336 3407 398 1242

148 457 752 516 soriumduodecimum
776 465 904 532 post
923 461 1114 517 Gloria
1140 476 1176 516 a
1204 461 1391 534 capite
1427 462 1716 535 incipiant.
1738 464 1912 526 Ahus
1941 464 2148 519 exactis
2178 468 2313 518 eant
2329 463 2385 517 in
2413 462 2586 519 alium
2615 464 2849 519 chorum
2871 468 2929 518 et
2955 464 3147 519 dicant
3173 465 3406 519 matuti-

148 551 207 605 In
233 548 675 617 matutinalibus,
697 550 1022 621 antiphona,
1044 551 1160 604 Vidi
1179 553 1402 605 turbam
1422 569 1714 621 magnam.

144 639 221 694 Ad
245 639 488 695 Alleluia
507 645 766 710 quatuor.
795 640 1052 695 Lectio...
1085 640 1545 712 Responsorium,
1574 644 1724 697 Justi

143 732 314 781 autem
342 730 405 781 in
428 733 760 796 perpetuum
778 731 979 783 vivent.
1010 730 1239 797 Versus,
1269 735 1319 784 et
1345 733 1500 799 apud
1526 732 1722 785 Domi-

145 832 295 873 num.
324 816 602 889 Hymnus,
633 817 841 872 Christe
862 818 1170 887 redemptor
1196 822 1472 875 omnium.
1491 819 1721 887 Versus,

143 908 433 961 Latamini.
465 906 788 977 Antiphona
836 908 897 961 in
938 908 1312 979 evangelium,
1352 911 1419 963 Te
1452 912 1725 978 gloriosus

142 995 533 1063 Apostolorum,
566 1003 624 1051 et
650 1002 740 1051 ter
766 1002 1046 1068 repetant.
1077 998 1334 1064 Oremus,
1364 1000 1720 1068 Omnipotens

142 1086 455 1151 sempiterno
474 1085 634 1139 Deus.
665 1085 986 1156 Antiphona
1006 1086 1075 1140 de
1102 1103 1287 1152 cruce,
1311 1088 1623 1143 Adoramus
1646 1093 1713 1152 te,

143 1171 358 1236 Christe,
386 1171 556 1228 Salva
583 1175 936 1240 nos,Ghriste,
962 1175 1121 1231 Servi
1141 1178 1280 1245 facti
1305 1176 1719 1232 sumus.0ratio

142 1260 376 1331 ejusdem
402 1275 415 1311 :
445 1262 583 1316 Post
610 1263 726 1317 haec
753 1263 943 1318 dicant
968 1267 1218 1336 quinque
1240 1267 1485 1337 psalmos
1500 1283 1599 1337 pro
1622 1266 1720 1320 de-

138 1350 347 1405 functis.
382 1352 532 1407 Ante
558 1352 796 1424 primam
828 1359 1040 1424 ponant
1085 1355 1287 1409 calices
1315 1372 1516 1410 aureos
1548 1372 1719 1427 super

142 1438 588 1497 defunctis.Ante
607 1442 848 1513 primam
870 1448 1085 1514 ponant
1095 1444 1294 1498 calices
1317 1461 1516 1500 aureos
1548 1461 1719 1516 super

139 1528 302 1583 altare
328 1533 387 1583 et
409 1528 525 1583 alia
544 1536 878 1585 ornamenta
902 1548 1025 1603 quae
1053 1532 1123 1586 de
1143 1533 1548 1588 consuetudine
1561 1539 1718 1588 sunt.

200 1618 260 1673 In
302 1617 457 1673 horis
488 1619 734 1675 candelae
765 1620 1174 1676 illuminentur.
1206 1623 1592 1693 Antiphonem
1622 1623 1715 1677 di-

136 1711 255 1761 cant
272 1723 396 1778 quae
407 1707 479 1761 de
500 1707 595 1762 illo
614 1724 787 1780 supra
809 1709 987 1780 [supp.
1030 1708 1207 1783 dicto]
1223 1712 1535 1783 lEvangelio
1567 1719 1717 1769 sunt.

138 1795 347 1851 llissam
373 1796 770 1852 matutinalem
791 1803 964 1870 agant
983 1799 1052 1853 de
1062 1805 1254 1855 sancto
1281 1802 1554 1857 Caesareo.
1573 1804 1719 1859 Ante

1806 566 1909 605 nas
1951 553 2204 607 omnium
2249 560 2595 621 sanctorum,
2646 558 2704 608 et
2753 570 2849 608 sex
2893 553 3139 625 psalmos
3176 569 3277 623 pro
3312 552 3405 606 de-

1803 639 2030 695 functis.

1872 730 1958 784 Ad
1980 729 2207 783 missam
2251 728 2643 783 matutinalem
2678 729 3060 786 accendantur
3105 731 3402 791 duodecim

1807 817 2052 872 candelae
2082 822 2214 872 ante
2243 833 2401 872 aram
2435 835 2447 870 :
2481 833 2628 872 unus
2658 834 2801 889 puer
2844 819 2921 873 sit
2965 819 3023 874 in
3070 820 3240 875 choro
3278 837 3406 876 cum

1806 922 2001 978 cappa,
2029 911 2087 961 et
2115 906 2261 961 alius
2302 906 2360 960 in
2392 906 2582 960 casula
2611 906 2706 977 qui
2736 906 3030 977 epistolam
3058 908 3326 979 proferat,
3351 913 3410 963 et

1806 995 1918 1050 duo
1947 994 2041 1049 alii
2071 994 2130 1049 in
2160 994 2322 1060 albis,
2358 1011 2393 1048 a
2423 995 2625 1065 quibus
2662 996 3082 1066 responsorium
3114 1002 3406 1055 cantetur:

1804 1088 1862 1138 et
1889 1083 1999 1137 duo
2033 1085 2235 1138 fratres
2265 1088 2509 1138 tractum
2537 1085 2609 1137 De
2632 1084 3238 1152 profundis.Similiter
3263 1085 3406 1141 albis

1802 1173 1989 1227 induti
2015 1175 2125 1228 sint
2154 1179 2208 1227 et
2236 1179 2351 1228 tres
2392 1173 2664 1241 conversi,
2711 1190 2949 1245 quorum
2999 1174 3110 1229 duo
3150 1174 3407 1230 deferant

1804 1262 2159 1327 candelabra,
2184 1262 2384 1317 tertius
2402 1261 2773 1323 thuribulum,
2806 1268 2864 1317 et
2890 1269 3024 1318 tunc
3052 1264 3302 1318 omnium
3332 1264 3407 1318 si-

1801 1368 1915 1422 gna
1957 1352 2270 1422 pulsentur.
2323 1351 2650 1407 Oiferendas
2690 1368 2884 1406 omnes
2927 1352 3157 1419 faciant,
3198 1358 3255 1407 et
3297 1353 3402 1408 has

1811 1439 2091 1494 orationes
2120 1440 2272 1495 dicat
2314 1440 2592 1506 sacerdos,
2626 1442 2896 1495 Fidelium
2934 1443 3076 1496 Deus
3123 1445 3398 1507 omnium,

1817 1528 2129 1599 adjungens
2148 1546 2249 1601 pro
2270 1528 2672 1596 anniversario,
2704 1530 2908 1583 Prassta
2938 1546 3266 1597 quasumus,
3296 1532 3404 1585 Do-

1805 1622 1975 1672 mine.
2008 1619 2218 1674 Omnes
2246 1617 2489 1689 denique
2527 1617 2847 1671 sacerdotes
2873 1617 2995 1689 ipso
3026 1617 3118 1672 die
3141 1617 3405 1688 privatim

1807 1707 2006 1768 missas
2037 1707 2321 1763 celebrent
2350 1724 2451 1778 pro
2489 1706 2684 1778 requie
2712 1705 2966 1760 omnium
2994 1706 3311 1761 animarum
3334 1707 3403 1760 ﬁ-

1806 1795 2018 1850 delium
2043 1796 2435 1852 tantummodo
2467 1812 2594 1849 cum
2625 1811 2798 1866 supra
2827 1795 2991 1849 dictis
3018 1794 3264 1850 collectis
3302 1811 3404 1866 pro

139 1884 350 1938 tertiam
370 1884 492 1939 sint
510 1902 704 1941 omnes
723 1886 782 1941 in
796 1886 938 1941 albis
971 1907 983 1941 :
1025 1893 1082 1942 et
1106 1905 1235 1943 mox
1269 1895 1335 1944 ut
1362 1889 1511 1945 dicta
1546 1892 1719 1947 fuerit
1741 1903 1788 1964 B
1807 1884 2101 1940 defunctis.
2134 1885 2407 1941 Similiter
2434 1885 2696 1939 dicantur
2720 1884 2792 1938 ad
2821 1900 3111 1956 vesperum
3128 1884 3250 1939 sine
3279 1900 3406 1939 ma-

138 1973 262 2028 hora
289 1974 534 2029 induant
560 1991 621 2029 se
648 1976 838 2047 cappis
865 1992 1080 2044 omnes,
1112 1978 1283 2032 etiam
1313 1980 1583 2046 conversi,
1630 1982 1720 2035 in-

136 2062 304 2118 fantes
330 2064 561 2119 tunicis.
611 2065 793 2137 Super
834 2066 1013 2120 altare
1060 2068 1292 2122 mittant
1328 2068 1438 2122 duo
1467 2070 1638 2141 pallia
1665 2078 1721 2126 et

139 2153 315 2209 album
355 2154 626 2227 desuper.
674 2156 978 2211 Duodecim
1008 2158 1155 2212 cerei
1185 2164 1317 2213 ante
1354 2175 1532 2227 aram,
1565 2167 1717 2216 retro

139 2247 340 2303 decem.
374 2248 663 2315 Officium,
709 2249 1077 2317 Gaudeamus,
1109 2263 1233 2306 octo
1282 2251 1486 2307 fratres
1514 2270 1717 2325 procu-

135 2340 270 2391 rent.
302 2336 577 2407 Epistola,
609 2337 738 2391 Ecce
759 2354 852 2406 ego
880 2340 1118 2393 Joannes
1148 2342 1266 2393 vidi
1293 2343 1535 2395 alterum
1556 2358 1722 2411 ange-

141 2428 266 2482 lum.
320 2425 788 2497 Responsorium,
840 2429 1036 2481 Timete
1073 2430 1375 2484 Dominum
1415 2447 1449 2484 a
1478 2437 1720 2502 quatuor

136 2512 385 2568 fratribus
399 2514 734 2569 decantetur
756 2533 769 2567 :
800 2518 1043 2570 Alleluia
1059 2533 1173 2583 sex,
1188 2516 1296 2571 V0.1,~
1314 2521 1714 2575 exsultationis.

138 2602 508 2673 Evangelium,
544 2604 732 2657 Videns
752 2606 942 2659 turbas
955 2608 1126 2660 Jesus.
1153 2606 1531 2674 Offertorium,
1548 2610 1719 2664 Mira-

140 2692 251 2745 bilis
271 2694 412 2747 Deus
432 2696 500 2747 in
517 2699 723 2747 sanctis
764 2696 901 2747 suis.
940 2695 1238 2750 Ofl‘ertoria
1262 2697 1373 2751 duo
1419 2699 1713 2770 accipiant.

138 2780 885 2851 Communio,Gaudete,justi
901 2787 965 2838 in
984 2785 1343 2851 Domino,aut
1352 2788 1453 2841 Isti
1461 2794 1591 2842 sunt
1607 2793 1721 2844 viri

136 2873 321 2925 sancti.
346 2870 584 2942 Expleta
603 2870 772 2925 missa
789 2877 994 2927 sonent
1012 2874 1203 2928 omnia
1214 2874 1469 2945 signa.In
1488 2876 1719 2932 refecto-

139 2956 215 3013 rio
242 2959 386 3013 sicut
406 2959 470 3013 in
494 2960 787 3032 pmcipuis
814 2961 971 3016 festis
999 2962 1083 3017 ita
1108 2969 1299 3034 agant,
1339 2970 1716 3037 prmterquam

137 3048 274 3117 quod
316 3049 496 3103 semel
524 3049 812 3104 miscetur.
868 3051 955 3105 Ad
1003 3069 1291 3124 vesperam
1340 3055 1718 3110 accendantur

135 3134 414 3191 duodecim
459 3138 703 3193 candelae
742 3145 874 3194 ante
919 3156 1099 3210 aram,
1129 3146 1282 3196 retro
1309 3143 1520 3198 decem.
1553 3143 1718 3199 Anti-

136 3225 329 3296 phona,
362 3229 435 3282 In
477 3230 706 3282 consilio
746 3232 1056 3297 justorum.
1104 3231 1365 3286 Alleluia.
1410 3233 1719 3305 Responso-

134 3313 288 3380 rium,
325 3318 617 3371 Letamini
660 3320 724 3371 in
765 3320 1021 3374 Domino.
1056 3320 1329 3391 Hymnus,
1384 3322 1591 3377 Christe
1631 3340 1721 3378 re-

135 3402 389 3473 demptor.
422 3394 807 3478 Antiphonam
828 3413 993 3463 terna
1012 3408 1126 3463 vice
1154 3416 1431 3481 repetant.
1460 3412 1719 3481 Oremus,

118 3491 481 3564 .Omnipotens
504 3484 830 3565 sempiterna
854 3500 1012 3553 Deus.
1043 3499 1423 3570 Antipbonam
1440 3502 1509 3556 de
1529 3508 1721 3557 sancto

135 3597 253 3636 cum
282 3584 495 3650 Gloria,
527 3591 628 3640 aut
662 3587 971 3657 antiphona
1014 3588 1083 3642 de
1131 3605 1294 3643 cruce
1335 3590 1455 3644 sine
1492 3591 1716 3655 Gloria;

131 3678 342 3740 propter
370 3677 592 3742 lignum
620 3679 765 3730 servi
790 3678 927 3744 facti
963 3695 1175 3733 sumus.
1197 3679 1390 3734 Oratio
1420 3682 1668 3750 ejusdem
1702 3700 1713 3736 :

136 3768 319 3832 postea
342 3764 549 3836 psalmi
577 3782 678 3836 pro
706 3762 1012 3833 defunctis;
1038 3773 1096 3821 et
1122 3773 1258 3823 tunc
1276 3770 1501 3840 pulsent
1527 3772 1721 3826 omnia

136 3851 304 3923 signa.
336 3854 613 3908 Dicantur
629 3870 873 3925 vesperae
918 3860 1269 3911 mortuorum
1308 3874 1434 3912 cum
1465 3859 1722 3931 antipho-

136 3940 218 3995 nis
246 3961 260 3998 :
309 3959 445 3997 nam
496 3947 554 3996 et
578 3942 637 3996 in
666 3943 772 3997 hoc
796 3943 886 3997 die
914 3944 1233 4000 festivitatis
1259 3952 1385 4018 post
1413 3948 1721 4019 capitulum

136 4028 371 4087 decanus
385 4036 448 4087 et
465 4032 789 4088 cellerarius
807 4033 1167 4089 refectionem
1186 4035 1441 4091 tribuant
1463 4037 1721 4092 omnibus

137 4119 653 4191 supervenientibus
702 4121 1062 4192 pauperibus,
1097 4123 1243 4178 sicut
1282 4141 1403 4179 mos
1439 4132 1527 4180 est
1554 4142 1721 4197 agere

137 4204 189 4260 in
206 4223 363 4263 caena
383 4208 609 4263 Domini
634 4227 647 4276 ;
681 4215 739 4263 et
762 4209 1035 4280 quidquid
1062 4211 1183 4282 ipsa
1213 4211 1303 4265 die
1325 4218 1449 4284 post
1467 4215 1720 4285 synaxim

136 4311 369 4368 vesperae
400 4298 472 4351 de
491 4297 795 4353 refectione
826 4299 886 4352 in
908 4316 1068 4354 coena
1112 4301 1353 4356 fratrum
1382 4305 1725 4359 remanserit

137 4384 608 4459 eleemosynarius
636 4388 888 4459 accipiat.

203 4472 583 4530 Constitutum
639 4481 725 4530 est
773 4492 887 4531 una
933 4493 1060 4531 cum
1099 4494 1374 4534 consensu
1412 4485 1470 4534 et
1519 4486 1720 4551 rogatu

1805 1974 1989 2028 tutino
2010 1974 2145 2046 ipsa:
2174 1974 2439 2038 collectae,
2477 1979 2534 2028 et
2560 1973 2853 2028 duodecim
2875 1972 3217 2044 pauperibus
3253 1973 3403 2027 refe-

1805 2062 2021 2117 ctiones
2064 2068 2455 2135 praeparentur
2497 2062 2720 2116 abunde
2764 2061 2889 2133 ipsa
2926 2062 3036 2116 die.
3081 2062 3139 2116 Si
3185 2061 3247 2115 in
3308 2060 3399 2116 die

1802 2151 2003 2206 feriato
2033 2152 2283 2207 evenerit
2329 2152 2446 2206 haec
2492 2151 2836 2217 constitutio,
2870 2150 3117 2221 vigiliam
3146 2155 3403 2204 mortuo-

1799 2256 1925 2295 rum
1950 2240 2161 2295 faciant
2200 2245 2327 2312 post
2354 2240 2686 2295 nocturnale
2725 2239 3074 2310 obsequium.
3109 2239 3181 2293 Et
3206 2243 3272 2292 ut
3297 2238 3405 2291 hoc

1803 2329 2092 2384 decretum
2123 2334 2459 2400 perpetuum
2488 2328 2732 2399 vigorem
2764 2327 3035 2393 obtineat,
3066 2327 3328 2382 volumus
3347 2330 3405 2381 et

1802 2418 2066 2489 petimus,
2101 2424 2157 2472 et
2199 2418 2558 2490 prmoipimus
2586 2422 2703 2471 tam
2742 2417 2801 2471 in
2834 2417 2939 2471 hoc
2975 2417 3096 2471 loco
3141 2432 3313 2487 quam
3342 2414 3404 2469 in

1801 2506 2017 2561 cunctis
2038 2507 2192 2573 locis,
2227 2507 2297 2561 ad
2325 2507 2498 2561 istum
2524 2507 2707 2560 locum
2730 2504 3165 2576 pertinentibus,
3194 2508 3259 2559 ut
3288 2520 3403 2558 ser-

1800 2601 1961 2650 vetur
2009 2614 2020 2648 :
2068 2601 2126 2650 et
2164 2596 2212 2650 si
2257 2595 2459 2667 aliquis
2496 2595 2604 2649 ista
2647 2601 2844 2649 nostra
2885 2594 3038 2649 ﬁdeli
3080 2592 3404 2648 inventione

1800 2685 2104 2755 sumpserit
2142 2685 2476 2756 exemplum,
2519 2684 2799 2756 particeps
2830 2684 3082 2738 omnium
3126 2683 3403 2737 bonorum

1804 2773 2078 2828 efficiatur
2098 2779 2359 2829 votorum
2394 2772 2525 2841 (39).

2332 2897 2576 2953 CAPUT
2613 2896 2862 2952 XXXIX.

2257 3022 2540 3065 KALENDE
2576 3023 2771 3064 NOVEM
2778 3022 2923 3065 BRIS.

1976 3115 2108 3168 Istos
2128 3115 2445 3170 Novembris
2474 3130 2650 3169 mores
2676 3120 2885 3169 serva-te
2912 3114 3192 3170 Kalendis.

1872 3230 2138 3285 Kalendae
2162 3230 2492 3286 Novembris
2514 3231 2561 3285 si
2592 3232 2682 3286 die
2706 3230 2997 3286 Dominica
3021 3229 3299 3293 venerint,
3319 3227 3401 3283 fe-

1802 3319 2019 3375 stivitas
2058 3319 2326 3374 Omnium
2374 3320 2705 3375 Sanctorum
2761 3319 3097 3375 celebratur.
3146 3317 3399 3388 Reliquis

1805 3413 1999 3463 autem
2028 3408 2397 3463 hebdomadis
2425 3409 2660 3480 privatis
2697 3408 2897 3464 diebus
2934 3407 3169 3479 triginta
3197 3405 3402 3479 psalmi

1803 3504 1935 3552 ante
1966 3502 2269 3552 nocturnos
2299 3497 2559 3552 dicantur
2591 3511 2604 3546 :
2644 3497 2912 3552 lectiones
2954 3497 3134 3567 longas
3172 3513 3237 3550 ex
3264 3496 3402 3550 Eze-

1803 3586 1995 3641 chielis
2022 3585 2321 3658 prophetia
2347 3586 2609 3656 legantur
2640 3604 2652 3640 :
2704 3586 2762 3640 in
2792 3586 2989 3657 primis
3024 3584 3398 3657 responsoria,

1813 3677 1933 3729 Vidi
1953 3677 2254 3730 Dominum
2280 3678 2570 3739 sedentem,
2601 3674 2805 3729 deinde
2834 3674 3050 3729 Daniel.
3090 3670 3192 3742 (40;
3222 3673 3308 3727 Ad
3331 3672 3401 3726 fi-

1803 3780 1931 3818 nem
1952 3763 2231 3827 lectionis,
2270 3765 2349 3818 Tu
2376 3768 2562 3817 autem
2587 3765 2817 3817 Domine
2846 3764 3061 3819 dicant.
3088 3760 3401 3817 Duodecim

1805 3853 2115 3923 prophetia;
2154 3869 2280 3907 cum
2331 3853 2616 3922 leguntur,
2650 3854 2771 3907 Haec
2821 3853 2956 3906 dicit
2995 3852 3266 3905 Dominus
3310 3848 3400 3903 di-

1803 3946 1951 4005 cant,
1990 3947 2049 3995 et
2094 3942 2141 3995 si
2186 3941 2309 4012 ipsa
2345 3940 2645 4012 prophetia
2690 3940 2749 3995 in
2796 3940 3036 3994 lectione
3076 3938 3306 4004 ﬁnierit,
3340 3938 3401 3992 in

1804 4028 2177 4100 qualicunque
2226 4029 2477 4100 ipsorum
2520 4028 2685 4093 libro,
2728 4029 2902 4082 lector
2954 4027 3031 4093 in,
3086 4028 3165 4080 Tu
3212 4031 3401 4080 autem

1808 4119 2055 4182 Domine,
2096 4117 2336 4189 expleat.
2370 4117 2633 4173 Officium
2679 4122 3029 4171 mortuorum
3075 4115 3242 4169 simul
3272 4131 3401 4168 cum

1804 4207 2100 4261 matutinis
2130 4213 2321 4277 agant.
2354 4207 2566 4261 Deinde
2606 4223 2730 4261 cum
2762 4206 3070 4278 antiphona
3093 4204 3321 4258 veniant
3342 4203 3402 4258 in

1804 4295 1979 4349 alium
2008 4295 2263 4361 chorum,
2310 4295 2390 4349 ibi
2436 4296 2747 4350 matutinas
2777 4295 2846 4349 de
2892 4293 3152 4349 omnibus
3191 4292 3401 4352 sanctis

1803 4384 1994 4438 dicant
2020 4390 2076 4438 et
2103 4384 2369 4455 psalmos,
2422 4386 2565 4438 Deus
2593 4386 2830 4439 auribus
2868 4387 3073 4438 nostris
3094 4401 3111 4447 ;
3145 4388 3201 4437 et
3230 4383 3276 4436 si
3303 4381 3402 4436 de-

1803 4472 2057 4528 functum
2083 4472 2400 4539 habuerint,
2438 4474 2599 4527 Verba
2630 4489 2770 4527 mea.
2812 4473 3016 4527 Postea
3039 4472 3099 4526 in
3129 4470 3402 4525 dormito-

139 4564 383 4619 omnium
410 4565 814 4620 monachorum
836 4566 1222 4622 Cluniensium
1259 4571 1391 4637 (38),
1415 4575 1479 4623 ut
1500 4569 1644 4624 sicut
1662 4571 1720 4624 in
1741 4542 1786 4603 θ
1803 4561 1950 4615 rium
1975 4561 2217 4616 infantes
2246 4561 2537 4616 ambulent
2565 4578 2692 4616 cum
2732 4562 3005 4616 custodia.
3045 4561 3183 4616 Inde
3212 4575 3404 4615 rever-

140 4651 396 4708 Ecclesiis
428 4654 529 4708 Dei
559 4671 682 4725 quae
730 4671 829 4725 per
861 4656 1054 4709 orbem
1086 4663 1255 4711 terrm
1292 4658 1457 4726 longe
1498 4659 1721 4729 lateque

140 4748 466 4797 constructae
496 4749 630 4797 sunt
664 4742 723 4797 in
769 4743 860 4798 die
897 4745 1279 4800 Kalendarum
1322 4746 1718 4802 Novembrium

139 4830 321 4901 agitur
346 4831 621 4887 festivitas
666 4833 918 4887 omnium
957 4839 1300 4898 sanctorum,
1330 4835 1409 4889 ita
1431 4837 1581 4907 apud
1619 4853 1721 4891 nos

139 4927 335 4990 agatur
355 4921 553 4977 festivo
574 4939 730 4977 more
760 4925 1215 4978 commemoratio
1251 4924 1502 4979 fidelium
1531 4926 1727 4980 defun-

138 5013 352 5064 ctorum
374 5011 477 5066 tali
501 5012 704 5066 modo:
731 5012 790 5066 in
818 5013 1064 5067 crastino
1102 5013 1325 5067 etiamsi
1368 5013 1490 5066 dies
1529 5013 1724 5068 Domi-

141 5100 262 5157 nica
286 5103 476 5171 fuerit,
523 5105 611 5159 vel
655 5105 725 5159 de
769 5106 957 5177 aliquo
990 5112 1184 5161 sancto
1224 5106 1374 5161 unde
1431 5106 1724 5162 duodecim

138 5188 401 5246 lectiones
432 5192 699 5260 fecerint;
722 5192 801 5248 sic
831 5199 1021 5248 tamen
1051 5211 1178 5249 mox
1205 5200 1271 5249 ut
1297 5194 1565 5264 suffragia
1593 5211 1725 5249 san-

140 5283 350 5335 ctorum
394 5282 613 5354 expleta
661 5282 891 5351 fuerint,
943 5285 1168 5355 pulsent
1219 5284 1408 5338 omnia
1453 5285 1633 5355 signa,
1670 5291 1727 5338 et

141 5375 310 5439 agant
333 5368 580 5426 officium
608 5378 959 5428 mortuorum
998 5379 1055 5429 et
1098 5374 1405 5428 matutinas
1433 5373 1683 5444 ipsorum
1708 5393 1721 5442 ;

141 5461 195 5510 et
220 5460 599 5516 accendantur
626 5461 923 5518 duodecim
951 5463 1196 5517 candelae
1217 5467 1350 5517 ante
1391 5478 1576 5531 aram;
1608 5462 1727 5534 qui-

209 5598 313 5669 (38)
342 5602 452 5659 Sub
478 5603 535 5660 S.
573 5606 798 5660 0dilone
829 5607 1281 5662 Gluniaeensium
1307 5607 1516 5659 abbate.

208 5670 318 5743 (39)
350 5674 431 5749 Ex_
452 5675 557 5749 hoc
573 5677 819 5749 amplius
837 5682 1058 5749 constat
1076 5678 1405 5749 propagatio
1423 5676 1568 5749 facta
1578 5691 1726 5749 com-

144 5746 563 5803 memorationis
581 5746 832 5804 ﬁdelium
845 5746 1355 5817 defunctorum,'ab
1373 5748 1608 5804 0dilone
1634 5747 1723 5802 in-

1800 4655 2005 4717 tentes,
2036 4650 2202 4705 sicuti
2230 4652 2428 4721 regula
2454 4650 2725 4722 praecipit,
2758 4656 3006 4717 cantum,
3037 4649 3404 4721 quemadmo-

1803 4739 1937 4793 dum
1967 4744 2053 4794 est
2081 4740 2483 4805 necessarium,
2508 4739 2567 4792 in
2592 4739 2837 4809 capitulo
2885 4739 3144 4793 sedentes
3164 4738 3398 4793 discant.

1805 4828 2031 4882 Fratres
2055 4828 2114 4882 in
2157 4829 2327 4882 choro
2360 4827 2595 4881 sedeant
2618 4827 2949 4898 psalmodiis
2977 4833 3034 4883 et
3057 4825 3406 4883 orationibus

1808 4916 2030 4971 intenti.
2056 4916 2115 4971 Si
2135 4916 2224 4970 cui
2253 4916 2519 4971 secretius
2556 4932 2717 4970 orare
2734 4915 2982 4982 libuerit,
3012 4917 3148 4972 foris
3172 4917 3406 4971 chorum

1808 5005 2120 5060 orationem
2152 5003 2342 5065 faciat.
2376 5008 2433 5058 et
2463 5004 2657 5058 statim
2687 5004 2978 5058 reveniens
3021 5004 3081 5058 in
3121 5006 3292 5059 choro
3321 5018 3407 5058 se-

1808 5096 1958 5152 deat.
1994 5094 2053 5150 Si
2076 5110 2206 5148 vero
2226 5093 2348 5147 dies
2377 5092 2750 5165 Kalendarius
2781 5093 3027 5147 secunda
3055 5100 3113 5147 et
3127 5094 3296 5148 tertia
3319 5094 3403 5149 vel

1810 5190 2011 5255 quarta
2032 5183 2173 5238 feria
2191 5181 2428 5247 venerit,
2451 5180 2723 5251 incipiant
2746 5181 3163 5251 responsorium
3191 5182 3261 5235 de
3280 5198 3402 5253 pro-

1808 5272 1994 5343 phetis
2022 5271 2303 5326 anteriore
2322 5270 2415 5325 die
2437 5269 2745 5332 Dominica,
2768 5268 3032 5323 similiter
3052 5275 3109 5324 et
3135 5269 3406 5324 lectiones

1808 5362 1878 5416 de
1906 5362 2207 5434 propheta.
2248 5360 2354 5415 Sed
2377 5360 2574 5430 longas
2594 5364 2708 5412 tres
2726 5357 2995 5412 lectiones
3024 5364 3081 5412 et
3108 5358 3407 5412 intervalla

1807 5467 1920 5506 non
1942 5451 2052 5506 nisi
2080 5455 2209 5523 post
2237 5448 2519 5505 Kalendas
2547 5447 2834 5519 incipiant.
2853 5447 2909 5503 Si
2939 5463 3068 5502 vero
3095 5446 3293 5519 quinta
3318 5447 3406 5502 vel

1804 5602 2034 5667 stitutte,
2068 5601 2138 5656 de
2165 5617 2275 5673 quo
2305 5600 2472 5672 paulo
2504 5599 2740 5655 inferius
2763 5599 3038 5673 dicemus.

1879 5674 1988 5744 (40)
2019 5675 2140 5730 Haec
2158 5672 2223 5727 eis
2233 5674 2550 5729 Hitdemari
2580 5674 2880 5728 traditione
2903 5672 3191 5740 desumpta
3212 5674 3360 5725 sunt.
