3914 6378
502 296 639 356 1247
1559 321 1908 379 GUIDONIS
1942 323 2252 383 ABBATIS
2288 325 2709 385 FARFENSIS.
3633 332 3778 394 1248

501 427 1165 525 cum-fratribusdecrevit
1183 442 1813 514 taliterobservandum,
1834 448 2300 511 videlicetAmus
2356 458 2414 507 et
2458 452 2719 525 petimus,
2752 460 2811 509 et
2857 453 3214 525 praecipimus
3242 458 3361 510 tam
3394 455 3455 510 in
3497 456 3605 510 hoc
3649 455 3780 510 loco

499 517 565 566 ut
584 514 702 571 dies
718 518 936 578 Natalis
957 526 1181 584 Domini
1216 533 1413 597 nostri,
1437 551 1787 590 summorum
1817 539 2094 608 apostolo-
2176 558 2343 613 quam
2366 543 2425 596 in
2446 543 2662 597 cunctis
2692 542 2828 597 locis
2849 543 2919 596 ad
2950 542 3119 597 istum
3157 544 3343 598 locum
3364 544 3782 615 pertinentibus

498 618 626 657 rum
650 606 801 663 Petri
821 618 879 666 et
891 614 1072 682 Pauli,
1095 621 1508 693 Assumptionis
1528 631 1734 680 sanctae
1746 606 1954 691 Mariae,
1979 644 2091 682 uno
2174 606 2445 685 servetur.
2466 631 2542 685 Et
2558 632 2605 685 si
2641 632 2846 703 aliquis
2862 648 2928 686 ex
2944 632 3055 686 ista
3066 638 3261 687 nostra
3289 606 3443 688 ﬁdeli
3462 634 3784 689 intentione

500 707 658 748 more
687 698 1041 758 celebrentur
1068 724 1079 758 :
1114 712 1293 763 totum
1325 714 1729 768 monasterium
1759 716 2087 786 ornabitur;
2176 719 2298 789 [al.,
2328 719 2675 793 inventione]
2741 721 3046 791 sumpserit
3100 723 3438 793 exemplum,
3495 723 3784 795 particeps

500 779 704 838 fratres
725 786 836 842 duo
856 795 915 844 et
930 792 1040 847 duo
1057 797 1245 851 omnia
1255 802 1608 870 responsoria
1621 804 2084 874 pronuntiabunt;
2175 808 2425 863 omnium
2454 808 2730 864 bonorum
2766 810 3046 864 efficiatur
3071 815 3349 891 votorum.

506 869 573 891 ΔΙ--
588 888 606 891 _
634 874 674 891 ΑΙ
775 875 806 891 ιι
870 879 883 891 1
993 882 1007 891 .
1246 887 1256 891 _
1342 890 1351 891 κ

501 869 612 924 duo
634 874 922 933 thuribula
940 882 1010 935 ad
1023 869 1392 956 vespertinale
1406 906 1472 944 ac
1493 869 1826 947 matutinale
1841 869 2089 950 ofﬁcium
2761 899 2994 953 CAPUT
3019 899 3183 953 XLV-

501 957 845 1031 deferantur,
861 974 918 1022 et
934 970 1003 1024 ad
1032 978 1359 1031 nocturnale
1378 995 1584 1035 unum:
1611 987 1743 1036 ante
1763 986 2091 1039 nocturnale
2248 985 2386 1040 Cum
2413 987 2567 1040 labor
2588 992 2662 1041 est
2681 1003 2959 1041 manuum
2982 989 3057 1041 ad
3077 991 3244 1042 talem
3264 992 3474 1043 currite
3500 994 3704 1048 ritum.

500 1047 828 1121 obsequium
850 1060 1039 1113 omnia
1056 1062 1217 1133 signa
1237 1064 1322 1120 bis
1352 1068 1679 1137 pulsentur:
1709 1071 2091 1128 invitatorium
2247 1074 2387 1128 Cum
2418 1075 2489 1129 ad
2518 1092 2659 1146 opus
2689 1092 2961 1130 manuum
3005 1076 3210 1131 exituri
3239 1084 3374 1132 sunt
3398 1078 3621 1145 fratres,
3664 1084 3783 1133 sta-

500 1145 798 1239 aquatuor
815 1143 1081 1204 fratribus
1100 1152 1635 1212 decanteturzterna
1653 1176 1873 1233 quoque
1893 1164 2093 1233 pocula
2175 1163 2275 1216 tim
2303 1169 2431 1233 post
2458 1143 2700 1235 primam
2755 1164 3002 1219 dimissis
3055 1165 3428 1221 familiaribus
3459 1173 3515 1222 et
3555 1143 3780 1239 septem

498 1223 766 1283 fratribus
791 1236 1162 1306 propinentur
1189 1243 1445 1314 singulis,
1502 1223 1733 1320 excepta
1766 1223 2092 1322 quotidiana
2174 1249 2406 1319 psalmis
2435 1252 2697 1305 sacerdos
2718 1252 2951 1323 incipiat
2977 1253 3609 1325 lectionem,quadicta,
3627 1255 3782 1309 sicut

496 1315 754 1420 Ροξίίοῐιο
775 1321 906 1377 νίηί-
2176 1347 2232 1396 et
2253 1344 2881 1412 matutinalibus,missa
2894 1346 3074 1409 ﬁnita.
3097 1354 3324 1418 peracto
3345 1349 3590 1420 capitulo
3606 1349 3779 1404 simul

569 1401 714 1459 Item
748 1408 896 1465 diem
927 1417 1295 1485 apparitionis
1325 1422 1547 1479 Domini
1590 1428 1854 1483 ύπαπάντι.
1887 1433 2094 1488 Ascen-
2175 1437 2395 1498 exeant,
2416 1438 2473 1487 et
2502 1433 2635 1487 dum
2663 1434 2797 1488 illuc
2822 1432 2918 1488 ubi
2955 1434 3078 1488 fieri
3109 1435 3277 1490 debet
3304 1453 3468 1508 opus,
3495 1437 3776 1503 venerint,

497 1490 689 1560 sionis,
714 1501 979 1557 nativitas
1008 1508 1189 1561 sancti
1216 1510 1447 1566 Joannis
1473 1513 1758 1585 Baptista,
1784 1535 1894 1574 uno
1924 1522 2090 1577 modo
2174 1519 2328 1590 prior
2346 1520 2582 1593 incipiat
2628 1539 2871 1589 versum,
2918 1525 3079 1586 Deus,
3116 1529 3177 1577 in
3201 1526 3552 1593 adjutorium
3587 1543 3779 1580 meum

497 1588 759 1650 agentur.
810 1588 1013 1646 Omnia
1066 1601 1421 1667 responsoria
1452 1619 1486 1655 a
1515 1603 1733 1659 duobus
1765 1610 2090 1666 cantoribus
2174 1588 2394 1663 intende
2421 1630 2438 1663 :
2463 1588 2580 1681 quo
2611 1611 3080 1683 respondentibus
3093 1612 3239 1676 aliis,
3263 1588 3414 1668 dicto
3430 1614 3780 1680 tertio,dica..

497 1675 1032 1746 pronuntiabuntur,
1064 1683 1449 1744 invitatorium
1505 1708 1540 1745 a
1596 1700 1838 1764 quatuor
1863 1717 1873 1751 :
1903 1699 1974 1752 ad
2002 1717 2090 1755 ve-
2108 1727 2154 1786 Β
2173 1701 2268 1751 tur
2293 1698 2652 1767 Adjutorium
2680 1705 2932 1754 nostrum
2949 1704 3012 1754 in
3030 1705 3253 1756 nomine
3270 1704 3521 1768 Domini,
3538 1708 3595 1757 et
3618 1704 3778 1758 dein-

498 1761 797 1786 αηηηιε..-1-
841 1772 880 1786 -Α
1019 1777 1027 1786 ,
1085 1773 1118 1786 .-
1201 1776 1214 1786 ι
1324 1777 1370 1786 η..
1414 1779 1425 1786 .
1645 1784 1657 1786 -

497 1761 802 1863 (ipertinale
832 1772 889 1822 et
917 1773 1252 1830 matutinale
1282 1777 1547 1847 ofﬁcium,
1591 1761 1661 1837 ad
1713 1787 1993 1841 canticum
2020 1790 2090 1845 de
2111 1761 2154 1786 υ
2174 1802 2302 1857 ceps
2320 1761 2416 1857 qui
2436 1787 2762 1842 acturisunt
2777 1805 2916 1860 opus
2936 1789 3227 1860 incipiant.
3253 1761 3779 1863 Cumque'psalmos

496 1846 799 1947 Evangelia
832 1855 961 1949 bina
988 1861 1277 1919 thuribula
1305 1846 1769 1941 deportabuntur,
1814 1877 2089 1934 medietas
2172 1846 2478 1929 familiares
2495 1893 2622 1930 cum
2662 1846 2878 1931 cantico
2909 1846 3078 1933 cursu
3107 1878 3351 1932 dixerint
3373 1846 3546 1949 (sicut
3570 1885 3629 1933 et
3642 1897 3779 1934 cum

496 1937 669 1992 etiam
701 1940 948 2002 ecclesiae
974 1955 1319 2008 ornamentis
1344 1937 1659 2015 decoretur.
1756 1937 1764 1941 I
2173 1980 2232 2017 se
2253 1965 2455 2018 radent
2471 1981 2639 2035 agere
2662 1966 2812 2019 soliti
2829 1969 2980 2034 sunt)
3000 1967 3223 2037 legatur
3247 1967 3325 2021 ibi
3342 1937 3510 2022 lectio
3531 1969 3601 2023 de
3628 1968 3777 2023 libro

565 2027 740 2084 Porro
808 2034 1135 2094 festivitates
1185 2043 1451 2101 Omnium
1494 2049 1848 2121 Sanctorum,
1908 2058 2086 2113 sancti
2172 2052 2266 2122 qui
2303 2027 2598 2123 legiturvin
2646 2027 2972 2121 refectorio;
2995 2027 3227 2110 sivtalis
3271 2062 3358 2111 est
3382 2058 3475 2128 qui
3500 2058 3572 2111 ad
3602 2058 3781 2112 aediﬁ-

493 2114 741 2186 Martini,
767 2123 915 2178 sicut
944 2126 1214 2185 festivitas
1234 2136 1615 2204 apostolorum
1650 2142 1804 2197 Petri
1837 2114 1899 2199 et
1925 2145 2086 2203 Pauli
2170 2114 2412 2195 cundum
2445 2144 2531 2196 vel
2556 2144 2627 2197 ad
2657 2114 3084 2199 mdiﬁcatio'nem
3141 2114 3459 2217 pertineat;
3503 2151 3560 2200 et
3594 2147 3778 2201 frater

492 2220 596 2307 per
647 2211 835 2307 omnia
892 2222 1151 2287 agantur,
1182 2228 1385 2291 praeter
1415 2226 1578 2297 signa
1632 2246 1755 2300 quae
1791 2234 1974 2289 solent
2001 2235 2086 2290 bis
2170 2230 2265 2300 qui
2294 2233 2365 2286 ad
2386 2233 2685 2287 servitores
2700 2235 2799 2288 illa
2815 2235 2954 2304 legit
2977 2211 3327 2289 hebdomada
3354 2240 3581 2307 portare
3603 2236 3777 2293 debet

493 2292 706 2366 pulsari
721 2306 852 2355 ante
873 2304 1119 2361 officium
1146 2315 1493 2381 nocturnale,
1510 2333 1631 2386 quae
1652 2319 1744 2373 hic
1771 2323 1943 2377 semel
1965 2342 2039 2395 pe;

2228 2335 2302 2373 uc
2339 2319 2545 2374 librum
2580 2320 2727 2376 sicut
2754 2322 2814 2376 in
2852 2322 3247 2389 refectorium;
3281 2329 3337 2378 et
3355 2323 3525 2394 prior,
3553 2325 3642 2378 vel
3679 2324 3774 2379 cui

495 2383 760 2472 cuﬁenda
790 2396 942 2459 sunt,
973 2399 1030 2447 et
1057 2398 1205 2466 quod
1234 2402 1407 2455 semel
1445 2383 1716 2461 miscetur
1738 2383 2006 2466 fratribus
2026 2413 2086 2466 in
2167 2406 2473 2478 injunxerit
2494 2409 2613 2479 ipse
2644 2427 2962 2465 sermonem
3004 2412 3173 2465 faciat
3201 2412 3270 2465 de
3290 2411 3552 2477 lectione,
3583 2413 3777 2467 fratri-

493 2467 808 2531 mfecml‘ioo
2167 2496 2272 2551 bus
2300 2496 2529 2551 interim
2552 2498 2987 2569 quiescentibus.
3019 2499 3234 2554 Iterum
3264 2517 3404 2571 Opus
3424 2500 3705 2572 incipiant
3717 2511 3778 2558 et

1066 2573 1299 2632 CAPUT
1326 2579 1515 2638 XLIV.
2167 2584 2538 2655 psalmodiam
2561 2602 2730 2656 quam
2760 2603 2886 2640 cum
2910 2587 3153 2641 armario
3174 2587 3329 2658 prior
3356 2588 3610 2642 innuerit
3626 2591 3774 2660 (qui-

567 2651 721 2706 Odilo
750 2662 1068 2715 nostrorum
1105 2668 1506 2722 monachorum
1535 2673 1720 2728 doctor
1749 2682 1797 2730 et
1825 2679 2009 2734 abbas.
2164 2651 2272 2727 bus
2302 2651 2655 2728 solummodo
2685 2675 2839 2746 loqui
2860 2675 3076 2730 licitum
3103 2651 3194 2730 est
3240 2675 3338 2744 ibi)
3368 2677 3545 2731 donec
3571 2651 3771 2732 rev-er-

562 2739 864 2799 Decretum
894 2753 982 2802 est
1026 2752 1196 2807 etiam
1243 2772 1277 2807 ἂ
1304 2759 1628 2828 supradicto
1667 2762 1835 2819 Patre
1877 2766 2083 2824 domno
2164 2761 2321 2816 tendi
2341 2766 2564 2833 tempus
2596 2739 2923 2827 occurrerit,
2978 2768 3225 2818 cantent.
3268 2739 3410 2818 Cum
3457 2773 3651 2820 autem
3679 2784 3776 2821 re-

492 2826 726 2885 Odilone
755 2849 868 2888 una
888 2852 1015 2891 cum
1040 2856 1314 2897 consensu
1328 2826 1579 2902 omnium
1604 2849 1840 2907 fratrum
1865 2856 2086 2911 Clunia-
2166 2850 2312 2904 VBPSi
2336 2849 2549 2904 fuerint
2591 2850 2650 2905 in
2708 2852 3038 2921 Claustrllm,
3063 2852 3211 2907 dicto
3241 2868 3424 2920 versu,
3466 2853 3662 2908 statim
3689 2855 3774 2909 Ιο-

490 2919 760 2986 censium,
792 2928 859 2977 ut
880 2924 1027 2981 sicut
1061 2928 1121 2983 in
1150 2931 1410 2988 Ecclesiis
1439 2937 1561 3004 Dei,
1614 2957 1738 3011 quae
1766 2959 1868 3013 per
1891 2944 2084 3000 orbem
2166 2944 2430 3009 quantur.
2460 2940 2581 2994 Tali
2611 2941 2777 2995 modo
2807 2958 2937 2997 cum
2965 2947 3093 3013 post
3110 2957 3316 2995 nonam
3338 2957 3773 3013 opusmanuum

487 3008 652 3099 terrae
683 3009 847 3081 longe
872 3013 1097 3087 lateque
1127 3027 1460 3080 constructae
1489 3008 1649 3095 sunt;
1672 3029 1732 3083 in
1756 3008 1845 3085 die
1874 3033 2083 3089 Kalen-
2106 3008 2488 3099 “aggressuri
2508 3035 2658 3096 Sunt,
2677 3031 2904 3089 faCiant.

788 3080 803 3081 κ
1002 3080 1022 3087 ,
1530 3080 1535 3081 ,
1761 3080 1843 3085 __-
1874 3080 2052 3089 ____-..
2174 3080 2293 3099 NW,
2316 3080 2904 3096 mum--.

487 3093 687 3151 darum
712 3099 1110 3161 Novembrium
1140 3110 1329 3180 agitur
1356 3114 1626 3171 festivitas
1647 3118 1912 3176 omnium
1937 3124 2077 3178 san-
2238 3118 2517 3173 Exeuntes
2546 3125 2736 3173 autem
2787 3126 2916 3191 post
2943 3137 3147 3175 nonam
3178 3121 3484 3176 familiares
3513 3116 3772 3193 psalmos

489 3180 708 3240 ﬂorum
732 3230 743 3242 .
763 3189 845 3244 ita
872 3195 1019 3264 apud
1046 3212 1148 3251 nos
1185 3207 1388 3269 agatur
1422 3204 1620 3261 festivo
1648 3225 1802 3263 more
1826 3211 2080 3268 Comme-
2161 3206 2231 3260 de
2249 3224 2482 3278 vespera
2500 3196 2764 3279 primitus
2787 3180 3096 3264 decantent
3115 3230 3132 3278 ;~
3161 3210 3421 3265 similiter
3444 3180 3598 3264 etde
3630 3210 3770 3265 Om-

488 3275 727 3376 moratio
755 3278 1005 3336 fidelium
1035 3285 1429 3345 defunctorum
1456 3293 1568 3364 (il)
1616 3314 1627 3348 :
1662 3298 1761 3351 tali
1798 3302 1983 3366 modo,
2015 3309 2081 3358 ut
2162 3300 2328 3355 nibus
2345 3275 2610 3368 _Sanctis,
2636 3307 2694 3357 et
2719 3305 3071 3359 Mortuorum
3097 3275 3358 3376 vesperas
3386 3320 3513 3358 cum
3556 3304 3769 3373 ofﬁcio,

485 3357 609 3458 ipsa
636 3362 727 3417 die
745 3372 873 3435 post
901 3372 1208 3441 capitulum
1237 3378 1485 3434 decanus
1514 3387 1569 3437 et
1590 3386 1914 3443 cellerarius
1933 3392 2077 3446 refe-
2164 3395 2222 3444 et
2240 3391 2382 3444 Deus
2409 3393 2668 3461 auribus,
2718 3397 2776 3446 et
2828 3393 3041 3447 faciant
3069 3400 3201 3448 ante
3246 3402 3301 3448 et
3331 3399 3483 3448 retro
3510 3413 3522 3447 ε
3562 3399 3769 3465 postea

487 3447 728 3550 ctionem
750 3454 1005 3512 tribuant
1032 3463 1293 3518 omnibus
1323 3472 1843 3539 supervenientibus
1873 3495 2078 3550 paupe-
2161 3480 2517 3545 Adjutorium
2542 3486 2814 3536 nostrum.
2843 3484 2999 3537 Tunc
3018 3482 3366 3538 solummodo
3388 3482 3759 3540 inclinentur.

485 3535 666 3646 ribujs,
689 3541 837 3597 sicut
863 3563 984 3601 mos
1010 3555 1095 3604 est
1122 3553 1214 3623 agi
1243 3554 1301 3609 in
1345 3573 1505 3612 coena
1533 3561 1777 3617 Domini.
1834 3571 1891 3619 et
1920 3568 2076 3638 quid-
2159 3572 2497 3643 Reversique
2526 3574 2594 3628 de
2622 3575 2919 3630 collatione
2939 3576 3130 3646 legant
3151 3575 3470 3642 lectionem;
3494 3592 3765 3632 sermone

486 3627 621 3726 quid
650 3645 773 3699 ipsa
802 3633 891 3687 die
929 3636 998 3690 de
1027 3641 1321 3698 refectorio
1344 3651 1679 3705 remanserit
1697 3653 2078 3727 cleemosyna-
2158 3660 2330 3714 etiam
2358 3661 2523 3728 facto,
2557 3663 2707 3717 dicto
2738 3681 2898 3719 versu
2926 3666 3232 3736 loquantur
3638 3672 3639 3675 “

1942 3715 1963 3727 ..
2405 3715 2408 3716 ν
2752 3715 2898 3719 “~—
2929 3715 3220 3736 --γη--η-

482 3715 602 3771 rius
628 3721 883 3792 accipiat.
941 3726 1070 3797 Ipsa
1116 3730 1288 3786 etiam
1343 3735 1433 3790 die
1481 3746 1607 3808 post
1646 3744 2075 3813 vespertinalem
2229 3749 2337 3803 Sed
2367 3767 2494 3804 cum
2514 3751 2574 3805 in
2602 3753 2693 3806 die
2720 3755 2894 3808 semel
2923 3753 3123 3808 exituri
3182 3757 3313 3807 sunt
3365 3754 3435 3807 ad
3465 3770 3606 3825 opus
3630 3770 3762 3811 ma-

483 3808 738 3874 synaxim
768 3812 1004 3881 pulsatis
1037 3820 1296 3875 omnibus
1351 3824 1524 3895 signis
1551 3835 1756 3884 canant
1789 3848 2074 3903 vesperam
2157 3852 2354 3904 nuum,
2387 3856 2513 3893 cum
2543 3842 2748 3895 reversi
2769 3842 2980 3896 fuerint
3024 3842 3083 3896 in
3111 3842 3436 3908 claustrum,
3465 3842 3656 3913 legant
3684 3844 3761 3900 de

479 3908 582 3993 pro
603 3896 881 3955 defunctis
906 3920 919 3958 :
950 3905 1210 3963 similiter
1227 3916 1282 3965 et
1314 3912 1371 3966 in
1385 3917 1630 3972 crastino
1647 3920 2075 3990 pulsatisdenuo
2157 3926 2568 3995 collationibus,
2596 3930 2680 3982 vel
2708 3930 2821 3984 vita
2865 3932 3096 3985 Patrum
3141 3930 3458 3999 lectionem,
3490 3947 3759 3987 sermone

480 3982 902 4087 signisagatur
961 3995 1205 4052 officium
1236 4017 1337 4070 pro
1368 3982 1663 4061 defunctis:
1707 4010 1874 4064 Missa
1903 4013 2073 4068 etiam
2156 4014 2325 4068 etiam
2355 4016 2520 4082 facto,
2554 3982 2704 4070 dicto
2737 4034 2897 4071 versu
2927 4018 3337 4089 colloquantur.

479 4076 830 4181 matutinalis
845 4087 2070 4163 agatursolemniterprodefunctisTractum
2227 4105 2286 4159 Si
2317 4105 2389 4158 ad
2444 4076 2744 4176 pistrinum
2793 4108 3024 4171 vadunt,
3059 4076 3429 4179 psalmodiam
3460 4109 3529 4163 de
3566 4110 3754 4181 prima

479 4170 707 4266 cantent
734 4167 845 4223 duo
902 4171 1134 4242 fratres;
1169 4179 1355 4233 cuncti
1399 4182 1637 4238 offerant
1689 4187 1971 4256 privatim,
2018 4196 2075 4245 et
2156 4167 2463 4264 prapterea
2472 4209 2582 4246 non
2598 4192 2909 4247 dimittunt.
2943 4167 3138 4266 Neque
3155 4167 3752 4252 revertentibus‘lectio

478 4251 701 4322 publice
723 4257 923 4313 missas
946 4262 1226 4321 celebrent
1244 4284 1346 4338 pro
1368 4272 1560 4342 requie
1575 4275 1824 4330 omnium
1850 4279 2069 4333 anima-
2086 4322 2135 4349 η
2156 4279 2381 4349 legitur,
2409 4281 2507 4334 sed
2537 4282 2887 4337 solummodo
2932 4283 3080 4338 dicto
3109 4301 3272 4338 versu
3320 4286 3451 4341 lotis
3485 4286 3749 4341 manibus

478 4356 605 4444 rum
636 4344 882 4444 fidelium
909 4367 920 4401 :
952 4357 1009 4405 et
1038 4353 1328 4411 duodecim
1358 4376 1632 4431 pauperes
1647 4365 2068 4425 reﬁciantur.Et
2090 4344 2135 4381 υ
2153 4344 2240 4422 adv
2253 4344 2690 4424 ecclesiasticum
2725 4371 2831 4443 (42)
2861 4389 3000 4444 opus
3027 4378 3312 4444 aptentur.

478 4434 544 4484 ut
569 4431 675 4486 hoc
694 4435 983 4493 decretum
995 4450 1328 4515 perpetuum
1343 4448 1588 4518 vigorem
1609 4451 1877 4523 obtineat,
1910 4459 2068 4513 volu-

576 4592 995 4676 {tL‘Sigebertus
1014 4609 1312 4676 auctorest
1349 4607 1641 4664 Odilonem
1681 4629 1829 4669 anno
1859 4616 2065 4672 Christi
2147 4618 2512 4676 Benedictini.

478 4662 582 4720 998
593 4662 1208 4763 Fom'm‘e'morationem
1255 4679 1509 4763 omnium
1552 4682 1942 4741 defunctorum
1973 4706 2063 4743 se-
2220 4691 2323 4757 (42}
2349 4692 2462 4763 Hoc
2488 4692 2556 4745 de
2587 4692 2802 4757 hostiis,
2840 4709 2939 4747 seu
2961 4691 3198 4763 panibus
3225 4692 3296 4746 ad
3336 4693 3568 4747 missam
3599 4693 3737 4747 otl‘e-

478 4739 662 4821 cunda
690 4741 779 4796 die
799 4742 1128 4835 vaem'bris
1158 4748 1468 4835 instituisse
1495 4752 1552 4835 in
1570 4771 1670 4835 sup
1702 4739 2060 4815 monasterio.
2147 4739 2710 4832 rendisintelligitur:
2732 4739 3395 4835 siquidemmonachiipsi
3422 4764 3481 4818 in
3496 4765 3736 4834 pristino

476 4810 637 4880 cuius
659 4816 1025 4917 exemplcriuad
1077 4824 1311 4917 ςεεξθνειξ
1334 4823 1595 4878 ecclesias
1638 4826 1757 4881 haec
1780 4829 2062 4886 institutio
2144 4833 2418 4903 singulari
2452 4810 2636 4888 εωῗίἰο
2661 4810 2919 4901 ἰανὶῐῖἣω,
2956 4842 3043 4889 etc
3072 4875 3085 4898 ,
3118 4837 3188 4890 ad
3221 4810 3481 4917 hocropus
3498 4810 3732 4913 rpraepa-

476 4893 827 4917 ni‘nmonnnlf
972 4906 984 4917 ι
1016 4905 1134 4917 nn."
1188 4906 1251 4917 nn
1322 4908 1348 4917 Α
1367 4909 1422 4917 ...Α
1445 4897 1724 4917 --μμγιξιηΑθ
1788 4900 1798 4910 ⁸
1865 4902 1940 4917 ,ιιι
1966 4904 1997 4917 ι·
2211 4905 2221 4917 ι
2327 4911 2334 4917 .
2441 4912 2449 4917 Α
2518 4906 2528 4916 ο
2554 4906 2589 4917 ιο
2740 4908 2749 4917 ι
2816 4908 2851 4917 Α.
2966 4907 2997 4917 Α.
3084 4907 3145 4917 ιι--
3368 4907 3380 4917 ι
3411 4907 3423 4917 1

474 4886 847 4977 Ρξοωαξρνίς.
882 4888 1135 4977 Odilonis
1145 4891 1253 4977 liac
1280 4891 1349 4977 de
1364 4909 1427 4977 re
1440 4897 1766 4977 constitutio
1782 4900 1842 4955 in
1860 4902 2061 4977 Biblio-
2141 4886 2471 4971 mihi,“

471 4950 639 5009 theca
666 4957 1023 5013 Cluniacensi
1071 4961 1222 5015 edita
1267 4967 1352 5015 est
1381 4966 1517 5021 etin

1804 5153 1976 5214 Finis
2020 5153 2171 5214 libri
2203 5155 2439 5236 primis.
