3914 6434
144 392 287 453 1249
1334 381 1749 440 DISCIPLINA
1786 378 2207 435 FARFENSIS.
3266 378 3407 437 1250

138 537 2774 569 _____________________.________

1203 675 1581 772 LIBER
1664 671 2332 770 SECUNDUS.

146 1018 206 1062 ης
242 1016 635 1071 ουονι-ωῙΑΝιε
678 1016 891 1061 ωΕΒυε
924 1015 1371 1062 pROCURANDUM
1417 1007 1738 1059 SECUNDUM
1757 989 1810 1049 Α
1828 988 2037 1042 habent
2064 987 2123 1042 in
2152 987 2448 1043 altitudine
2477 992 2753 1044 staturam
2782 990 3026 1046 hominis
3056 998 3329 1064 quantum
3358 1013 3419 1052 se

574 1096 854 1141 REGULAM
883 1098 933 1142 s.
972 1095 1316 1141 BENEDICTI.
1822 1082 2008 1148 potest
2030 1077 2328 1131 extendere
2357 1094 2534 1149 usque
2554 1079 2626 1133 ad
2643 1080 3027 1136 summitatem
3057 1083 3251 1156 digiti;
3283 1086 3415 1140 lati-

558 1181 627 1233 Ιη
649 1181 853 1247 primis
878 1181 1100 1232 metrica
1129 1179 1329 1231 dictus,
1825 1167 2038 1221 tudinis
2066 1184 2196 1221 vero
2227 1167 2396 1237 pedes
2425 1168 2566 1222 duos
2583 1174 2640 1222 et
2668 1171 2956 1226 semissem
2979 1189 3181 1230 unum.
3213 1175 3417 1230 Altitu-

150 1265 419 1337 Quisquis
447 1266 519 1319 ad
551 1271 821 1320 aeternum
852 1266 1065 1320 mavult
1108 1264 1481 1319 conscendere
1508 1275 1745 1332 regnum
1828 1256 1975 1310 dinis
1995 1273 2285 1310 murorum
2313 1256 2509 1327 viginti
2539 1263 2595 1311 et
2623 1265 2738 1313 tres
2758 1261 3181 1330 pedes.Latrina
3200 1270 3424 1335 septua-

219 1354 399 1410 Debet
415 1355 487 1409 ad
516 1355 853 1426 astrigerum
884 1361 1074 1411 mente
1102 1354 1292 1409 subire
1316 1354 1567 1425 paulum,
1828 1346 1990 1417 ginta
2018 1346 2188 1416 pedes
2213 1347 2602 1416 longitudinis,
2632 1348 2946 1404 latitudinis
2975 1351 3171 1421 viginti
3203 1358 3260 1407 et
3281 1358 3416 1422 tres;

162 1444 478 1515 Relligione
497 1444 589 1516 pia
613 1444 738 1498 vitae
769 1444 1091 1515 perquirere
1119 1444 1339 1508 callem,
1833 1436 1983 1490 sellae
2000 1450 2069 1490 x1.
2100 1441 2157 1489 et
2184 1435 2431 1507 quinque
2459 1436 2518 1490 in
2547 1437 2670 1508 ipsa
2696 1439 2862 1493 domo
2892 1439 3159 1496 ordinatae
3183 1449 3335 1509 sunt,
3367 1448 3425 1498 et

224 1534 507 1588 Scandere
537 1550 645 1605 quo
674 1534 858 1588 valeat
887 1550 1059 1588 aurea
1079 1549 1255 1603 regna
1281 1531 1448 1586 celer.
1837 1542 1938 1596 per
1967 1542 2425 1596 unamquamque
2452 1527 2647 1581 sellam
2686 1533 2879 1599 aptata
2909 1535 2995 1583 est
3020 1530 3328 1586 fenestrula
3364 1532 3424 1588 in

153 1624 255 1677 Est
287 1624 580 1678 monachis
600 1640 738 1678 usus
772 1622 1058 1677 Benedicti
1080 1622 1195 1676 vita
1222 1620 1517 1692 Patrisque
1836 1631 2000 1669 muro
2026 1613 2342 1668 altitudinis
2376 1616 2546 1686 pedes
2590 1616 2746 1681 duos,
2784 1617 3097 1674 latitudinis
3134 1621 3428 1677 semissem

148 1712 422 1767 Perfectis
450 1713 618 1784 plano
648 1718 706 1767 et
734 1712 889 1766 suavi
918 1711 1146 1765 tramite
1175 1710 1323 1773 vita;
1839 1721 2049 1770 unum;
2084 1709 2142 1758 et
2168 1720 2340 1775 super
2376 1705 2526 1775 ipsas
2568 1706 2797 1761 sellulas
2845 1709 3186 1779 compositas
3215 1718 3430 1766 struem

147 1803 370 1872 Aspera
398 1801 496 1855 sed
528 1800 714 1871 pueris
744 1816 960 1854 necnon
989 1798 1268 1853 tironibus
1297 1802 1423 1852 arta
1840 1793 2143 1863 lignorum,
2177 1799 2235 1846 et
2268 1810 2438 1864 super
2481 1794 2663 1865 ipsam
2717 1799 3195 1854 constructionem
3247 1801 3431 1873 ligno-

225 1890 381 1954 Quos
407 1889 553 1959 aluit
577 1890 795 1959 gremio
824 1890 1007 1943 lactea
1034 1888 1150 1942 vita
1176 1888 1292 1942 diu.
1839 1898 1965 1936 rum
1994 1882 2157 1937 facta
2198 1890 2333 1937 sunt
2358 1884 2616 1938 fenestrae
2647 1885 2841 1941 decem
2876 1893 2933 1941 et
2960 1894 3196 1960 septem,
3235 1891 3430 1946 altitu-

154 1979 420 2034 Patribus
458 1996 492 2033 a
520 1979 727 2033 nostris
764 1978 823 2032 in
854 1994 1010 2032 sacro
1041 1976 1289 2031 carmine
1309 1975 1450 2045 legis
1840 1970 1989 2025 dinis
2017 1977 2133 2026 tres
2164 1973 2353 2044 pedes.
2406 1973 2721 2028 latitudinis
2760 1976 2961 2046 pedem
3007 1984 3063 2033 et
3115 1980 3425 2035 semissem.

154 2068 290 2121 Haec
320 2073 408 2121 est
436 2067 546 2121 vita
574 2067 754 2131 bonis,
780 2083 997 2121 necnon
1021 2072 1078 2120 et
1105 2081 1304 2119 norma
1324 2064 1556 2118 salutis:
1843 2061 2273 2115 Calefactorium
2298 2078 2401 2116 xxv
2417 2063 2586 2133 pedes
2606 2064 2937 2131 latitudinis,
2954 2067 3263 2139 eademque
3284 2086 3436 2124 men-

155 2157 293 2211 Hazc
321 2156 464 2210 bene
494 2162 749 2210 materno
772 2163 936 2210 natos
966 2155 1206 2225 castigat
1233 2169 1444 2218 amore,
1772 2218 1815 2227 _
1842 2165 1977 2203 sura
1998 2150 2381 2220 longitudinis.
2422 2157 2462 2205 A
2487 2153 2667 2221 janua
2682 2154 2930 2210 ecclesiae
2945 2172 3124 2227 usque
3141 2158 3213 2211 ad
3225 2159 3435 2214 ostium

230 2246 441 2316 Arguit
468 2246 749 2312 erudiens,
781 2250 839 2300 et
863 2245 984 2299 sine
1009 2218 1140 2298 felle
1159 2258 1392 2297 manens
1422 2257 1436 2293 :
1772 2218 1820 2278 B
1847 2218 2187 2293 calefactorii
2215 2241 2385 2311 pedes
2440 2218 2604 2297 Lxxv.
2652 2218 3047 2299 Refectorium.
3068 2246 3438 2317 longitudinis

232 2334 432 2389 Librat
456 2339 514 2389 et
543 2335 853 2406 aequiperat
880 2339 937 2388 et
964 2332 1305 2387 moderando
1334 2330 1514 2384 minat
1545 2346 1556 2382 :
1847 2328 2017 2398 pedes
2053 2343 2141 2395 x0,
2197 2329 2513 2385 latitudinis
2575 2347 2702 2393 xxv,
2743 2333 3101 2389 altitudinem
3144 2352 3439 2392 murorum

162 2423 393 2494 Arguit,
427 2423 699 2489 obsecrat,
725 2424 977 2493 increpat
1016 2428 1186 2492 atque
1214 2420 1456 2474 libenter
1482 2416 1760 2472 emendat.
1847 2432 2006 2471 xxm.
2042 2419 2323 2474 Fenestrae
2352 2419 2559 2486 vitreae,
2593 2438 2715 2492 quae
2744 2422 2804 2476 in
2834 2440 2899 2478 eo
2945 2429 3077 2478 sunt
3105 2442 3172 2480 ex
3199 2431 3442 2500 utraque

238 2512 423 2567 Debet
442 2518 500 2566 et
527 2512 763 2567 ulterius
792 2512 949 2566 nulla
976 2511 1214 2565 lavanda
1242 2510 1379 2581 pati,
1849 2512 2011 2578 parte
2041 2512 2187 2570 octo,
2209 2513 2267 2563 et
2296 2525 2489 2564 omnes
2518 2510 2730 2565 habent
2758 2512 3075 2567 altitudinis
3103 2515 3274 2586 pedes
3292 2517 3440 2583 v,1a-

243 2602 318 2655 Et
345 2601 435 2655 via
464 2618 563 2671 per
581 2602 829 2655 medium
860 2600 1019 2671 regia
1044 2600 1215 2654 ducat
1244 2615 1394 2653 eum.
1851 2595 2112 2651 titudinis
2140 2602 2275 2651 tres.
2313 2598 2567 2669 Coquina
2613 2601 2890 2670 regularis
2927 2619 3030 2656 xxx
3058 2604 3228 2674 pedes
3257 2606 3442 2677 longi-

242 2691 561 2745 Hortantur
578 2706 747 2744 sacrae
775 2689 969 2744 munia
994 2688 1135 2759 legis
1169 2705 1297 2742 eum
1329 2706 1342 2740 :
1851 2685 2067 2752 tudine,
2100 2691 2158 2740 et
2184 2687 2483 2742 latitudine
2503 2689 2897 2761 xxv.Coquina
2923 2691 3195 2747 laicorum
3224 2694 3445 2749 eadem-

248 2780 530 2835 Scandere
549 2785 683 2833 tunc
702 2779 908 2850 poterit
923 2795 1098 2848 regna
1116 2777 1286 2831 beata
1305 2776 1420 2848 poli
1855 2790 1965 2845 que
1991 2791 2274 2830 mensura.
2303 2776 2529 2831 Cellarii
2563 2794 2692 2832 vero
2717 2778 3008 2849 longitudo
3037 2796 3168 2847 Lxx,
3205 2783 3446 2838 latitudo

179 2869 452 2939 Quisquis
481 2874 636 2923 amat
661 2868 861 2922 rutilos
882 2873 1205 2922 sanctorum
1235 2881 1466 2936 carpere
1500 2864 1735 2930 fructus,
1856 2876 1931 2918 Lx
1958 2864 2147 2932 pedes.

250 2957 523 3013 Noctibus
546 2957 605 3011 in
632 2956 847 3011 cunctis
871 2956 1222 3010 consocietur
1247 2955 1327 3009 eis
1352 2998 1362 3017 ,
1930 2953 2427 3025 Eleemosynarum
2450 2955 2654 3027 quippe
2680 2958 2821 3011 cella
2848 2959 3017 3030 pedes
3046 2960 3362 3017 latitudinis
3390 2980 3443 3029 x,

178 3047 434 3104 Moribus
454 3062 486 3101 ο
515 3056 682 3101 natus
708 3052 763 3100 et
783 3052 936 3100 casto
964 3061 1196 3116 corpore
1219 3048 1475 3116 comptus
1857 3041 2228 3111 longitudinis
2245 3044 2412 3103 Lx,ad
2429 3044 2854 3101 similitudinem
2878 3049 3192 3104 latitudinis
3214 3051 3448 3106 cellarii.

256 3136 451 3203 Vivat,
475 3142 533 3190 et
558 3152 594 3189 a
620 3135 857 3189 Domino
887 3150 1109 3205 semper
1137 3138 1357 3187 amatus
1387 3132 1495 3187 erit
1860 3130 2077 3185 Galilea
2104 3131 2224 3202 (44)
2249 3132 2616 3203 longitudinis
2659 3148 2763 3187 va
2791 3137 2962 3207 pedes
3008 3143 3064 3192 et
3110 3139 3234 3195 duae
3266 3145 3450 3195 turres

178 3228 270 3283 Sit
298 3226 523 3293 tacitus,
547 3225 798 3290 humilis.
826 3224 1156 3278 mitissimus
1186 3229 1355 3293 atque
1384 3221 1659 3292 benignus
1692 3238 1704 3273 :
1860 3219 2038 3291 ipsius
2077 3221 2305 3276 Galilcae
2329 3222 2388 3276 in
2413 3222 2596 3276 fronte
2622 3225 2939 3280 constitutae
2965 3244 2978 3293 ;
3011 3232 3068 3281 et
3092 3227 3452 3300 subteripsas

254 3316 344 3371 Sit
363 3315 601 3386 patiens,
635 3313 873 3379 sobrius,
907 3312 1172 3384 providus
1197 3316 1367 3382 atque
1390 3311 1537 3382 pius.
1865 3309 2072 3363 atrium
2095 3315 2179 3365 est
2207 3310 2302 3364 ubi
2332 3311 2461 3365 laici
2490 3317 2660 3379 stant,
2676 3318 2742 3367 ut
2760 3330 2871 3368 non
2896 3314 3206 3387 impediant
3227 3334 3454 3389 proces-

180 3404 399 3462 Indolis
422 3409 480 3458 et
505 3403 720 3468 docilis,
751 3402 975 3473 sapiens
997 3406 1053 3456 et
1086 3407 1273 3455 mente
1302 3401 1560 3471 pusillus,
1865 3398 2102 3454 sionem.
2134 3400 2181 3453 A
2216 3404 2378 3470 porta
2408 3400 2718 3455 meridiana
2741 3418 2921 3473 usque
2950 3404 3021 3458 ad
3051 3411 3273 3476 portam
3300 3406 3457 3477 aqui-

257 3496 662 3564 Compunctus,
684 3492 937 3563 placidus
969 3496 1027 3545 et
1044 3490 1387 3544 benecautus
1416 3493 1528 3544 eat.
1866 3486 2142 3540 lonariam
2166 3488 2336 3558 pedes
2354 3502 2588 3545 CCLxxx.
2607 3490 2878 3545 Sacristia
2895 3492 3063 3562 pedes
3087 3493 3458 3564 longitudinis

182 3583 408 3641 Excitat
433 3582 651 3636 interea
677 3580 860 3636 cordis
885 3579 1237 3650 compunctio
1265 3581 1498 3646 fontem,
1799 3605 1849 3668 Ο
1868 3588 1979 3629 Lvn
2009 3593 2138 3631 cum
2189 3582 2347 3632 turre
2394 3595 2516 3650 quae
2544 3579 2603 3633 in
2634 3581 2817 3651 capite
2849 3582 2970 3652 ejus
3017 3583 3323 3638 constituta
3351 3592 3456 3639 est.

259 3672 372 3738 Qui
400 3671 592 3727 sordes
614 3670 815 3725 animae
840 3669 1171 3739 illuviesque
1194 3669 1341 3722 lavet
1814 3665 1836 3668 “
1871 3665 2193 3720 Oratorium
2233 3672 2440 3722 sanctze
2477 3668 2661 3725 Mariae
2698 3669 3065 3740 longitudinis
3113 3687 3222 3727 XLV
3266 3673 3455 3744 pedes,

189 3762 511 3818 Chrismate
542 3759 764 3830 perfuso
795 3759 1210 3829 :lacrymarum
1241 3756 1385 3811 fusio
1414 3755 1604 3810 fontis.
1871 3754 2192 3809 latitudinis
2250 3771 2342 3822 xx,
2403 3773 2698 3812 murorum
2735 3759 3050 3814 altitudinis
3088 3775 3239 3816 xxm
3267 3762 3460 3832 pedes.

264 3849 599 3920 Equiparat
625 3848 894 3915 maculas,
921 3845 1095 3916 tergit
1124 3851 1188 3899 ut
1208 3845 1305 3899 ille
1331 3844 1522 3916 nigras
1872 3844 2065 3897 Prima
2094 3845 2297 3899 cellula
2323 3846 2676 3901 inﬁrmorum
2702 3848 3060 3902 latitudinem
3091 3865 3235 3904 xxvn
3266 3851 3457 3921 pedes,

192 3939 411 4010 Tergit,
446 3944 503 3992 et
532 3937 751 3991 ablutos
781 3935 1028 4007 paradisi
1059 3935 1163 3989 rite
1187 3936 1413 3988 colonos
1804 4000 1807 4002 η
1872 3926 2283 4003 longitudinem
2304 3950 2411 3989 xxv
2423 3952 2551 3989 cum
2572 3936 2731 3990 lectis
2761 3942 2885 3991 octo
2911 3943 2968 3992 et
2992 3939 3208 3993 cellulis
3227 3940 3464 3995 totidem

266 4027 471 4091 Efficit,
504 4031 567 4080 ut
587 4024 795 4079 habeat
813 4025 933 4095 jam
960 4023 1080 4078 sine
1103 4024 1215 4077 fine
1234 4023 1381 4077 cives
1873 4020 1933 4075 in
1954 4023 2230 4092 porticum
2248 4025 2413 4094 juxta
2440 4041 2666 4080 murum
2686 4025 2863 4097 ipsius
2892 4027 3108 4081 cellulae
3136 4028 3207 4083 de
3231 4028 3385 4096 foris,
3410 4033 3469 4084 et

197 4115 312 4182 Qui
335 4115 552 4187 jugiter
579 4113 766 4168 laudis
793 4113 1011 4184 possint
1040 4112 1360 4183 persolvere
1383 4115 1594 4182 grates,
1879 4112 2127 4166 claustra
2156 4113 2435 4183 praedictae
2465 4116 2677 4169 cellulae
2704 4116 2875 4171 habet
2929 4117 3245 4172 latitudinis
3296 4118 3468 4189 pedes

268 4205 476 4260 Vivere
503 4220 631 4258 cum
651 4203 889 4258 Domino
920 4218 1160 4272 semper,
1192 4206 1250 4254 et
1272 4217 1396 4255 esse
1424 4217 1553 4258 suo.
1880 4200 2195 4256 duodecim.
2227 4203 2482 4257 Secunda
2508 4204 2710 4258 cellula
2735 4205 2995 4260 similiter
3022 4223 3124 4277 per
3153 4206 3343 4261 omnia
3383 4213 3471 4262 est

722 4291 956 4346 CAPUT
980 4291 1287 4346 PRIMUM.
1880 4291 2356 4359 coaptata,Tertia
2379 4292 2688 4363 eodemque
2716 4294 2901 4349 modo.
2938 4294 3211 4349 Similiter
3231 4296 3402 4351 etiam
3415 4301 3473 4351 et

200 4388 278 4441 De
326 4386 596 4453 positione
649 4398 743 4436 seu
800 4383 1217 4434 mensuratz'one
1261 4380 1621 4447 ofﬁcinarum
1673 4374 1797 4445 (43).
1884 4383 2101 4448 quarta.
2138 4379 2345 4443 Quinta
2374 4380 2448 4434 sit
2471 4381 2656 4435 minor
2685 4382 2781 4436 ubi
2802 4383 3133 4438 conveniant
3162 4384 3372 4438 infirmi
3400 4385 3474 4440 ad

275 4473 530 4529 Ecclesia
546 4469 912 4541 longitudinis
935 4483 1037 4523 cxr.
1066 4469 1255 4539 pedes.
1286 4468 1617 4522 Altitudinis
1647 4482 1720 4522 x1.
1747 4472 1805 4522 et
1885 4466 2186 4522 lavandum
2225 4469 2395 4539 pedes
2424 4469 2514 4524 die
2560 4469 2922 4526 sabbatorum
2953 4488 2967 4524 :
3004 4473 3090 4527 vel
3118 4472 3201 4527 illi
3248 4473 3470 4541 fratres,

202 4570 343 4632 tres,
375 4565 635 4619 fenestra;
658 4562 848 4616 vitreae
872 4560 1341 4631 c1.x.Capitulum
1361 4573 1435 4615 x1.
1469 4565 1526 4614 et
1557 4560 1804 4631 quinque
1888 4554 1983 4625 qui
2031 4557 2182 4610 exuti
2245 4556 2350 4626 (45)
2395 4563 2527 4612 sunt
2580 4558 2650 4612 ad
2682 4560 3037 4615 mutandum.
3073 4562 3241 4616 Sexta
3274 4562 3476 4616 cellula

206 4656 383 4728 pedes
407 4651 794 4723 longitudinis,
836 4649 1154 4704 latitudinis
1185 4664 1298 4703 xxx
1328 4655 1385 4703 et
1416 4655 1659 4721 quatuor
1690 4667 1702 4702 :
1736 4650 1808 4703 ad
1852 4636 1857 4641 ’
1889 4651 2207 4715 praeparata
2234 4645 2307 4700 sit
2327 4646 2426 4701 ubi
2447 4647 2640 4702 famuli
2672 4648 2976 4704 servientes
3005 4649 3116 4705 illis
3146 4651 3335 4706 lavent
3355 4668 3478 4706 scu-

208 4743 490 4800 orientem
518 4740 776 4794 fenestra
808 4742 1086 4809 quatuor;
1121 4743 1320 4792 contra
1347 4738 1809 4809 septemtrionem
1891 4733 2075 4798 tellas,
2107 4738 2165 4788 et
2188 4734 2379 4789 omnia
2404 4736 2686 4790 utensilia.
2723 4738 2891 4792 Juxta
2930 4738 3202 4794 Galileam
3224 4745 3479 4795 constru-

208 4838 331 4888 tres
355 4850 369 4899 ;
404 4835 603 4885 contra
630 4828 978 4883 occidentem
1005 4826 1300 4881 duodecim
1329 4826 1608 4889 balcones,
1638 4832 1695 4881 et
1712 4844 1812 4898 per
1895 4828 2047 4876 ctum
2079 4822 2245 4877 debet
2274 4840 2397 4878 esse
2426 4825 2697 4895 palatium
2735 4826 3104 4897 longitudinis
3144 4843 3243 4884 CLv
3287 4829 3477 4900 pedes,

216 4934 682 4991 unumquemque
704 4918 829 4972 dua;
854 4917 1126 4971 columnae
1154 4916 1330 4970 afﬁxa}
1368 4916 1428 4970 in
1457 4916 1557 4970 eis.
1576 4917 1813 4970 Audito-
1833 4960 1884 4991 ῃ
1901 4910 2214 4966 latitudinis
2234 4927 2344 4967 xxx
2362 4913 2431 4967 ad
2460 4913 2839 4985 recipiendum
2868 4932 3061 4970 omnes
3077 4917 3482 4989 supervenien-

214 5011 368 5067 rium
388 5026 491 5063 xxx
511 5008 680 5079 pedes
694 5005 1063 5077 longitudinis
1081 5024 1093 5072 ;
1111 5022 1335 5060 camera
1350 5022 1479 5059 vero
1505 5005 1813 5076 nonaginta
1835 4999 1884 5020 "
1897 5005 1981 5053 tes
1997 4999 2252 5055 homines
2275 5001 2370 5072 qui
2390 5018 2517 5055 cum
2534 5001 2815 5072 equitibus
2832 5003 3256 5060 adventaverint
3283 5023 3484 5061 mona—

217 5099 391 5171 pedes
418 5095 807 5167 longitudinis.
842 5093 1247 5149 Dormitorium
1295 5093 1666 5163 longitudinis
1706 5108 1809 5150 cu
1894 5088 2176 5144 steri0.Ex
2196 5107 2311 5144 una
2340 5095 2500 5161 parte
2526 5090 2707 5161 ipsius
2725 5091 2925 5145 domus
2945 5080 3400 5166 suntpraeparata
3415 5110 3486 5150 Lx

219 5188 413 5261 pedes,
446 5184 765 5240 latitudinis
795 5200 908 5238 xxx
938 5188 994 5238 et
1022 5188 1298 5254 quatuor:
1335 5198 1529 5237 omnes
1570 5200 1700 5238 vero
1727 5183 1811 5238 fe-
1894 5179 2039 5233 lecta
2068 5184 2126 5233 et
2147 5180 2382 5234 totidem
2414 5179 2629 5251 pulvilli
2658 5196 2724 5234 ex
2770 5181 2960 5251 pallio,
3005 5181 3101 5235 ubi
3130 5184 3489 5254 requiescant

221 5282 427 5333 uestrae
443 5274 635 5328 vitreae
653 5289 776 5344 quae
796 5272 854 5326 in
883 5288 948 5326 eo
964 5277 1099 5326 sunt
1117 5284 1186 5326 xc
1210 5276 1267 5326 et
1287 5276 1520 5343 septem,
1542 5277 1600 5326 et
1621 5288 1815 5328 omnes
1897 5268 2003 5323 viri
2031 5274 2273 5336 tantum,
2297 5285 2423 5323 cum
2455 5268 2674 5323 latrinis
2702 5285 2789 5324 XL.
2818 5269 2895 5323 Ex
2921 5269 3034 5324 alia
3052 5286 3298 5343 namque
3324 5279 3488 5344 parte
3516 5278 3522 5285 ‘

298 5418 408 5488 (43)
437 5416 761 5488 Capitulum
791 5414 899 5488 hoc
935 5413 993 5488 in
1033 5412 1262 5488 duobus,
1282 5430 1417 5488 mss.
1441 5412 1815 5488 desideratur.
1905 5483 1916 5488 _
1969 5412 2202 5488 (itaita
2224 5413 2902 5488 legenqduanon‘exusti,
2935 5413 3172 5488 ut_alius
3191 5414 3362 5488 codex
3383 5416 3488 5488 ha-y

225 5483 677 5548 De'monas'terio
712 5485 988 5551 Farfensi,
1029 5484 1268 5555 intelligi
1296 5484 1554 5557 debet_ut
1581 5486 1822 5541 habetur
1905 5483 2015 5557 bet.
2038 5484 2179 5557 Vide
2205 5485 2495 5540 annalium
2527 5485 2814 5557 Benedict.
2842 5490 2979 5557 tom.
3002 5486 3074 5557 Il,
3109 5502 3238 5557 pag.
3257 5486 3487 5549 570,ubi

229 5561 519 5618 annalium
546 5559 829 5614 Benedict.
864 5561 1001 5611 tom.
1035 5558 1130 5624 1V,
1170 5554 1242 5611 ad
1270 5573 1364 5610 an.
1400 5554 1557 5612 1009.
1903 5556 2075 5628 habes
2116 5556 2552 5628 delineationem
2602 5555 2846 5628 antiquae
2895 5554 3128 5612 fabricae
3162 5554 3487 5614 monasterii

305 5632 412 5703 (44)
442 5632 507 5687 Id
537 5635 641 5697 est,
666 5633 930 5699 portions.
964 5628 1091 5683 Ital.
1119 5630 1342 5687 Galeria
1363 5629 1575 5683 Mabz'tt.
1605 5630 1673 5685 de
1692 5631 1827 5685 navi
1906 5627 2096 5683 Sancti
2125 5627 2291 5682 Galli.
2446 5634 2452 5641 '

234 5706 462 5761 ecclesias
490 5705 911 5772 interpretatur.
