3914 6358
501 299 631 357 1251
1560 293 1911 350 GUlDONIS
1947 291 2257 346 ABBATIS
2294 290 2710 346 FARFENSIS.
3627 283 3772 340 4252

496 426 741 480 ordinati
770 429 902 480 sunt
924 423 1115 477 lectuli
1150 438 1263 475 xxx
1291 421 1386 474 ubi
1411 419 1707 473 comitissae
1733 418 1821 470 vel
1847 417 1969 469 aliae
1995 415 2092 467 ho—
2108 417 2158 473 A
2177 413 2363 467 dinem
2393 411 2864 483 quemadmodum
2885 415 3175 473 venerunt,
3201 415 3258 462 et
3284 409 3437 477 legat
3467 405 3775 483 unusquis-

487 516 668 569 nesse
691 509 970 568 "muneras
1001 506 1241 582 p‘aus'en't
1273 509 1399 562 eum
1436 500 1665 561 latrinis
1695 523 1804 559 xxx
1838 497 1932 558 ubi
1962 493 2090 557 solae
2176 519 2283 572 que
2321 520 2479 556 suam
2524 487 2951 571 professionem.
2990 489 3047 553 Si
3079 514 3189 551 non
3228 483 3350 559 scit,
3397 497 3541 548 alius
3570 495 3769 547 subro-

495 603 630 673 ipsae
670 620 800 656 suas
839 601 1149 669 indigerias
1188 604 1508 668 procurent.
1572 595 1637 648 In
1678 595 1860 647 medio
1901 599 2087 646 autem
2172 599 2338 660 getur
2360 591 2454 661 qui
2479 606 2576 660 pro
2609 607 2667 642 se
2699 589 2882 641 faciat.
2907 590 3030 658 ipse
3055 594 3247 640 tamen
3278 585 3522 638 novitius
3553 584 3782 652 signum

493 691 672 760 ipsius
704 690 895 760 palatii
920 689 1096 741 affixa;
1125 687 1240 740 sint
1269 704 1474 739 mensae
1503 679 1665 737 sicuti
1696 669 2089 736 rel'ectorii‘ta-
2173 679 2358 742 faciat,
2397 685 2453 732 et
2481 691 2651 748 super
2680 679 2860 730 altare
2889 677 3164 746 imponat.
3195 675 3408 729 Deinde
3437 691 3546 726 non
3573 673 3783 725 habeat

493 779 641 833 bulae
667 780 760 832 ubi
791 779 960 832 edant
989 785 1102 830 tam
1135 776 1237 828 viri
1263 792 1429 845 quam
1458 774 1742 826 mulieres.

567 866 634 920 In
667 866 1064 920 festivitatibus
1095 864 1313 932 magnis
1345 863 1417 915 sit
1449 863 1568 932 ipsa
1589 861 1788 914 domus
1818 860 2092 911 adornata

497 972 626 1009 cum
666 956 899 1008 cortinis
932 961 987 1008 et
1016 953 1200 1024 palliis
1219 963 1276 1005 et
1305 947 2091 1021 banicalibus[bancalibuS]-in

497 1043 765 1097 sedilibus
796 1043 1062 1112 ipsorum.
1115 1039 1180 1092 In
1223 1039 1405 1092 frente
1449 1038 1624 1108 ipsius
1649 1036 1723 1089 sit
1753 1036 1864 1088 alia
1891 1035 2090 1088 domus

495 1130 865 1200 longitudinis
888 1131 1055 1200 pedes
1088 1145 1208 1191 XLV,
1245 1127 1559 1179 latitudinis
1582 1126 1710 1178 'xxx.
1751 1125 1892 1177 Nam
1906 1121 2089 1193 ipsius

495 1222 786 1290 longitudo
811 1221 1108 1290 Ipertingat
1138 1235 1314 1287 usque
1349 1217 1418 1269 ad
1449 1215 1786 1278 sacristiam,
1811 1220 1869 1266 et
1897 1211 1973 1264 ibi
1997 1226 2092 1264 'se-

2174 768 2458 821 licentiam
2489 767 2810 832 auferendi;
2857 783 2922 818 ex
2953 775 3086 818 tunc
3133 765 3322 817 dicant
3353 764 3498 817 hunc
3528 777 3779 826 versum,

2174 858 2397 924 Suscipe
2430 875 2528 916 me,
2565 859 2811 916 Domi/ue,
2844 872 2944 925 per
2978 855 3140 915 vices,
3162 860 3219 906 et
3242 869 3464 922 semper
3477 867 3666 921 genua
3683 852 3782 902 ﬂe-

2174 952 2362 1013 ctant;
2399 947 2770 1014 adjungen‘tes
2818 945 3006 998 Gloria
3057 945 3232 1000 Patri,
3286 943 3570 995 volventes
3603 939 3778 992 tertia

2174 1035 2291 1088 vice
2319 1052 2380 1087 se
2406 1052 2577 1104 supra
2604 1039 2706 1086 sua
2735 1037 2920 1102 genua
2941 1034 2998 1085 in
3018 1037 3251 1102 gyrum,
3272 1035 3336 1084 et
3355 1041 3490 1083 tunc
3519 1037 3773 1099 proster-

2173 1130 2312 1176 nant
2340 1141 2397 1176 se
2432 1140 2624 1176 omnes
2661 1129 2762 1192 per
2813 1122 3086 1174 ordinem.
3133 1121 3290 1183 Tunc
3336 1119 3517 1172 abbas
3564 1117 3774 1170 habeat

2173 1212 2375 1264 stolam
2427 1217 2483 1264 et
2511 1208 2623 1265 stet
2667 1226 2731 1264 ex
2773 1212 2947 1264 latere
2986 1211 3179 1263 dextro
3229 1209 3444 1270 altaris,
3493 1213 3550 1262 et
3591 1207 3766 1267 dicat,

493 1297 665 1363 deant
709 1325 904 1362 omnes
952 1315 1196 1360 sartores
1255 1310 1423 1373 atque
1447 1310 1674 1356 ‘sutores
1709 1302 1779 1354 ad
1814 1300 2087 1354 suendum
2175 1301 2340 1367 Ky-rie
2361 1304 2577 1361 eicis-on,
2615 1307 2720 1353 etc.
2751 1303 2913 1353 Pater
2943 1306 3142 1353 noster.
3174 1301 3241 1352 'Et
3269 1313 3338 1351 ἠε
3371 1303 3483 1351 nos.
3516 1296 3589 1349 Et
3615 1296 3769 1366 pael—

495 1400 644 1469 quod
688 1398 1032 1451 camerarius
1081 1395 1161 1448 eis
1190 1393 1461 1464 praecipit.
1489 1394 1564 1445 Et
1605 1392 1669 1444 ut
1711 1395 2087 1460 praeparatam
2176 1408 2351 1458 mum,
2379 1392 2629 1444 Miserere
2651 1394 2775 1450 mei,
2815 1393 2967 1443 θέαις.
2995 1390 3107 1453 Qui
3138 1390 3414 1442 dioendus
3439 1389 3531 1442 est
3553 1386 3767 1440 ab‘om-

495 1487 746 1542 habeant
773 1487 849 1539 ibi
881 1486 1142 1539 tabulam
1172 1481 1542 1552 lorgitudinis
1573 1496 1678 1533 xxx
1701 1480 1888 1548 pedes,
1910 1487 1964 1530 et
1981 1477 2091 1530 alia
2172 1479 2336 1532 nibus
2366 1494 2543 1549 usque
2572 1480 2641 1532 ad
2686 1481 2887 1532 ﬁnem.
2927 1479 3067 1532 "Dein
3111 1479 3356 1548 capitula
3397 1483 3452 1530 et
3480 1477 3766 1530 orationes

495 1577 692 1630 tabula
724 1576 889 1628 afﬁxa
915 1574 988 1626 sit
1017 1585 1141 1626 cum
1175 1576 1505 1641 cautium-mn
1529 1569 1766 1622 latitudo
1795 1567 2089 1620 ambarum
2173 1569 2317 1621 sicut
2350 1570 2406 1620 in
2437 1569 2623 1622 codice
2644 1568 2943 1622 habemur.
2963 1562 3036 1620 Et
3053 1568 3242 1620 statim
3261 1573 3324 1620 ut
3343 1567 3552 1620 fuerint
3572 1565 3764 1624 ﬁnitae.

495 1665 820 1720 tabularum
853 1663 1057 1716 habeat
1086 1667 1298 1731 septem
1335 1661 1518 1730 pedes.
1574 1659 1714 1711 Nam
1749 1658 1897 1709 inter
1923 1656 2086 1708 istam
2109 1663 2308 1731 “tunc
2341 1664 2575 1726 surgant
2623 1658 2729 1726 ipsi
2777 1656 2991 1721 novitii,
3026 1664 3080 1709 et
3126 1657 3297 1709 abbas
3343 1655 3635 1709 benedicet
3675 1669 3771 1706 cu-

496 1754 851 1807 mansionem
881 1758 938 1805 et
969 1750 1279 1804 sacristiam
1311 1756 1480 1818 atque
1501 1747 1811 1805 ecclesiam.
1841 1761 1951 1798 nec
1981 1747 2088 1797 non
2108 1743 2150 1749 —
2175 1747 2351 1800 cullas
2372 1753 2427 1799 et
2473 1753 2737 1816 aspergat
2766 1756 2969 1816 aquam
3003 1746 3353 1798 benedictum
3384 1756 3562 1814 super
3587 1743 3765 1812 "ipsas.

498 1848 557 1897 et
578 1842 862 1896 Galilaeam
890 1840 964 1894 sit
990 1839 1325 1894 cimiterium
1373 1837 1465 1890 ubi
1494 1836 1619 1889 laici
1649 1835 2009 1904 sepeliantur.
2044 1834 2091 1886 A
2177 1837 2252 1889 Ex
2285 1837 2414 1889 hinc
2442 1837 2628 1889 veniat
2656 1837 2725 1888 ad
2749 1837 2898 1905 ipsos
2919 1842 2976 1889 et
3005 1835 3233 1905 incipiat
3253 1836 3440 1887 dicere
3461 1834 3610 1886 hunc
3635 1845 3762 1885 ver-

495 1937 660 2002 porta
690 1930 1000 1983 meridiana
1029 1943 1206 1998 usque
1239 1928 1308 1980 ad
1342 1932 1560 1996 portam
1593 1923 2086 1994 septentrionalem

497 2026 695 2074 contra
715 2019 1058 2072 occidentem
1074 2018 1148 2071 sit
1167 2022 1488 2070 censtructa
1501 2015 1701 2068 domus
1715 2011 2088 2081 longitudinis

495 2124 699 2164 CCLxxx
729 2108 917 2178 pedes,
963 2107 1274 2161 latitudinis
1307 2123 1428 2162 xxv.
1477 2111 1531 2156 et
1569 2103 1644 2155 ibi
1679 2105 2090 2155 construantur

497 2197 738 2250 stabula;
769 2212 1042 2266 equorum
1075 2212 1174 2265 per
1198 2193 1614 2246 mansiunculas
1643 2190 1980 2261 partitas,-et
1997 2189 2089 2241 de-

495 2302 666 2356 super
685 2285 756 2338 sit
775 2285 1044 2338 solarium
1065 2284 1158 2338 ubi
1189 2283 1385 2336 famuli
1405 2283 1573 2335 edant
1593 2287 1762 2350 atqde
1783 2278 2084 2341 dormiant,

497 2382 555 2428 et
583 2391 807 2428 mensas
839 2373 1088 2426 habeant
1116 2372 1188 2425 ibi
1231 2371 1518 2426 ordinatas
1547 2367 1913 2438 longitudinis
1944 2381 2088 2419 man

493 2461 685 2533 pedes,
727 2462 1043 2515 latitudinis
1073 2478 1201 2514 vero
1225 2475 1295 2513 IV.
1344 2461 1406 2513 Et
1445 2464 1723 2529 quotquot
1761 2473 1826 2510 ex
1878 2456 2084 2508 adven-

495 2547 750 2604 tantibus
774 2545 890 2603 non
913 2550 1410 2619 possuntreﬁcere
1429 2548 1499 2600 ad
1529 2547 1683 2600 illam
1717 2543 2082 2608 mansionem,

499 2639 668 2710 quam
708 2625 964 2708 superius
1000 2638 1271 2698 diximus,
1303 2638 1557 2690 reficiant
1587 2635 1658 2688 ad
1697 2634 1882 2687 istam.
1928 2633 1996 2685 Et
2030 2633 2086 2686 in

497 2729 681 2800 capite
710 2729 888 2799 ipsius
914 2727 1222 2781 mansionis
1244 2727 1316 2779 sit
1338 2728 1488 2780 locas
1519 2726 1789 2795 eptitatos
1829 2723 1923 2776 ubi
1953 2739 2086 2776 con-

495 2817 724 2871 veniant
769 2833 962 2870 omnes
1001 2816 1081 2868 illi
1136 2815 1394 2868 homines
1425 2815 1517 2884 qui
1557 2813 1765 2883 absque
1804 2811 2088 2880 equitibus

496 2907 822 2973 deveni-unt,
855 2912 910 2958 et
927 2905 1078 2958 chari
1088 2911 1257 2964 tatem
1289 2921 1355 2958 ex
1374 2904 1497 2957 cibo
1515 2910 1572 2955 et
1593 2909 1724 2971 potu
1743 2903 1797 2954 in
1816 2906 2087 2970 quantum

2174 1941 2320 1986 sum,
2350 1919 2531 1978 Earuai
2583 1929 2628 1977 te
2674 1930 2904 1978 veterem
2943 1926 3221 1978 hominem
3259 1926 3545 1977 Dii-mimis.
3599 1921 3761 1973 Tunc

2171 2013 2479 2066 induentur
2505 2013 2724 2065 cucuila
2753 2018 2812 2065 et
2843 2012 3009 2074 dicat,
3046 2014 3252 2065 'Induat
3284 2017 3331 2064 te
3363 2013 3649 2064 Dominus.
3693 2009 3766 2062 Et

2171 2102 2454 2155 osculetur
2485 2116 2577 2154 eos
2607 2101 2798 2165 abbas,
2823 2108 2881 2153 et
2901 2110 3099 2154 o‘m‘nes
3120 2110 3228 2172 per
3255 2098 3761 2162 ordinem'fratres,

2172 2196 2224 2243 et
2248 2197 2514 2243 maneant
2539 2191 2708 2243 velati
2738 2205 2914 2259 usque
2944 2191 3011 2242 ad
3042 2190 3274 2243 tertium
3311 2191 3480 2243 diem.
3506 2188 3590 2241 Ad
3628 2189 3764 2242 olfe-

2171 2280 2402 2332 rendam
2427 2293 2622 2332 omnes
2646 2280 2809 2332 velati
2840 2280 3160 2349 procedant,
3177 2286 3377 2349 pacem
3397 2282 3766 2352 accipiant,et

2172 2376 2300 2421 eant
2329 2369 2413 2420 ad
2459 2368 3005 2421 communicandum.
3037 2367 3100 2421 I'n
3137 2369 3344 2422 ’ultimo
3374 2370 3495 2424 loco
3526 2378 3679 2424 stent
3705 2373 3765 2425 in

2171 2458 2338 2511 choro
2378 2463 2545 2526 atque
2574 2458 2977 2511 refectorio.'Ad
2995 2458 3302 2528 capitulum
3327 2475 3450 2512 mox
3473 2466 3536 2513 ut
3549 2461 3763 2515 dictum

2171 2547 2342 2599 fuerit
2369 2547 2580 2616 aliquid
2623 2563 2686 2599 ex
2722 2554 2912 2600 nostro
2957 2561 3062 2600 usu
3108 2549 3591 2606 Remmnora‘mz'ni.
3626 2555 3762 2603 tunc

2173 2635 2555 2705 apprehendat
2594 2637 2728 2688 illos
2777 2637 2951 2689 frater
2997 2637 3092 2705 qui
3127 2637 3570 2690 sollicitudinem
3591 2646 3764 2708 gerat

2172 2741 2340 2793 super
2384 2742 2498 2789 eos,
2537 2731 2592 2778 et
2638 2729 2794 2777 extra
2826 2726 3134 2795 capitulum
3179 2726 3366 2794 ducat,
3397 2731 3566 2796 atque
3589 2729 3655 2781 in
3684 2746 3766 2781 ec-

2172 2813 2618 2867 clesia'cdllocet.
2646 2816 2762 2866 Hoc
2792 2815 2960 2866 faciat
2981 2823 3156 2884 usque
3174 2815 3230 2867 in
3251 2815 3481 2868 tertium
3515 2815 3687 2880 diem,
3710 2817 3767 2870 in

2173 2919 2281 2972 quo
2314 2901 2484 2955 abbas
2507 2909 2634 2971 agat
2665 2903 2915 2966 missam,
2944 2909 3001 2956 et
3024 2910 3146 2974 post
3173 2908 3363 2973 pacem
3383 2905 3764 2962 velamentum

495 2995 883 3070 convenientia
912 2995 1084 3048 fuerit
1105 2994 1182 3046 ibi
1213 2994 1488 3063 recipiant
1531 2992 1599 3045 ab
1628 2989 2081 3060 releemoSynario
2107 3051 2147 3070 Π
2174 3008 2299 3044 cum
2323 2991 2389 3044 ad
2392 2991 2676 3061 jutoribus
2706 2993 2927 3045 auferat
2951 2993 3492 3047 etco’mmu‘nioner’n
3513 2995 3756 3049 tribuat.

493 3071 688 3164 fratre.
717 3065 898 3137 Extra
937 3083 1294 3136 refectorium
1326 3051 1570 3151 namque
1608 3082 1846 3133 fratrum
1871 3051 1946 3130 ix
2000 3051 2148 3147 p‘e-C
2172 3051 2486 3132 Deindevin
2520 3081 2764 3150 capitulo
2793 3081 2948 3134 velut
2995 3081 3127 3134 locis
3167 3083 3434 3136 omnibiJs
3478 3085 3763 3138 socientur

495 3175 629 3229 dum
660 3175 718 3226 in
749 3173 931 3248 capite
965 3173 1179 3225 latrinae
1209 3173 1325 3226 sint
1345 3177 1515 3241 crytae
1538 3171 1602 3240 [Γ.
1636 3169 1847 3239 crip‘tae]
1877 3167 2089 3221 duo’de-
2172 3167 2457 3222 fratribus.
2492 3169 2634 3222 Nam
2667 3173 2735 3221 et
2770 3168 2877 3238 ipsi
2907 3169 3098 3222 novitii
3135 3170 3316 3240 primo
3358 3176 3505 3225 anno
3534 3188 3648 3226 non
3679 3173 3760 3227 Ιοο

494 3263 624 3327 cim,
645 3269 699 3315 et
714 3261 950 3334 totidem
974 3259 1106 3312 dolii
1134 3258 1453 3329 praeparati,
1486 3258 1579 3311 ubi
1595 3256 2086 3326 temporibuscon-
2173 3264 2574 3326 quanturcum
2617 3257 2740 3310 =ullo
2781 3258 3018 3311 homine
3070 3257 3188 3311 sine
3219 3275 3321 3312 sua
3349 3260 3622 3324 custodia,
3661 3278 3761 3314 nec

496 3349 709 3425 stitutis
737 3349 934 3402 balnea
952 3347 1219 3400 fratribus
1251 3352 1666 3417 praeparentur;
1691 3352 1748 3399 et
1769 3345 2085 3415 postistam
2172 3363 2297 3399 cum
2328 3345 2466 3416 ipsis
2485 3345 2775 3413 fratribIIs,
2815 3346 2911 3416 qui
2940 3347 3316 3401 clavstrenses
3359 3354 3512 3415 sunt,
3539 3351 3648 3403 nisi
3675 3350 3762 3403 cui

499 3438 836 3517 positionem
884 3435 1290 3490 construantur
1331 3437 1470 3489 cella
1509 3435 1880 3501 novitiorum,
1923 3440 1980 3486 et
2015 3436 2090 3488 sit
2167 3436 2384 3505 jussum
2434 3434 2643 3488 fuerit:
2697 3447 2827 3487 nam
2877 3442 2933 3488 et
2989 3437 3109 3505 ipse
3147 3443 3344 3490 Custos
3375 3439 3572 3491 sedeat
3617 3439 3765 3493 inter

495 3527 765 3596 angulata
787 3526 845 3578 in
878 3525 1280 3595 quadrimodis,
1321 3525 1580 3578 videlicet
1605 3525 1800 3594 prima
1821 3533 1895 3579 ut
1919 3526 2091 3578 medi—
2173 3524 2354 3594 ipsum
2389 3530 2445 3577 et
2463 3539 2588 3577 eum
2616 3524 2868 3593 quicum
2888 3525 2993 3578 'illo
3020 3526 3173 3595 loqui
3203 3527 3373 3596 cupit.
3407 3529 3480 3580 In
3505 3529 3764 3598 capitulo

501 3620 718 3679 tentur,
756 3614 1088 3690 insecunda
1109 3614 1381 3677 reficiant,
1416 3614 1474 3666 in
1502 3614 1668 3667 tertia
1699 3615 1999 3679 dormiant,
2031 3615 2089 3668 in
2172 3631 2280 3667 non
2315 3619 2616 3684 praesumat
2656 3614 2814 3683 loqui
2844 3615 2951 3667 nisi
2978 3616 3046 3668 de
3075 3616 3474 3685 aliqua‘eausa
3512 3617 3764 3671 interro-

495 3709 698 3780 quarta
723 3703 931 3780 latrina
968 3719 1033 3756 ex
1093 3704 1289 3756 latere.
1330 3703 1498 3756 Juxta
1519 3703 1687 3756 istam
1715 3704 1790 3756 sit
1816 3704 2090 3774 disposita
2169 3710 2337 3772 gatus
2370 3701 2758 3773 'errit'u'sq'ue
2786 3715 3008 3757 annum
3055 3705 3403 3759 transactum
3441 3709 3554 3760 seu
3610 3707 3766 3777 quin-

493 3793 604 3845 alia
649 3793 808 3856 cella,
856 3791 952 3845 ubi
1000 3793 1254 3845 auriﬁces
1288 3792 1371 3844 vel
1427 3792 1736 3846 inclusores
1781 3807 1884 3845 seu
1926 3792 2086 3846 vitrei

494 3869 754 3956 magistri
801 3881 1140 3934 conveniant
1195 3881 1263 3933 ad
1312 3881 1623 3933 faciendam
1673 3882 2082 3951 ipsam-artem.

491 3963 648 4025 Inter
676 3975 900 4040 cryptas
927 3976 982 4022 et
1010 3970 1176 4022 cellas
1207 3969 1544 4022 novitiorum
1591 3974 1760 4040 atque
1789 3971 2084 4023 auriﬁcum

489 4045 738 4112 habeant
757 4058 985 4135 domum
1018 4057 1746 4128 longitudiniscxxvpedes,
1771 4059 2086 4112 lati-tudinis

488 4163 620 4199 vero
645 4156 752 4199 'xxv
793 4151 849 4200 et
888 4148 1007 4216 ejus
1033 4146 1323 4214 longitudo
1352 4148 1643 4216 perveniat
1673 4162 1850 4217 usque
1888 4148 1957 4200 ad
1978 4148 2085 4218 pi"-

491 4235 752 4310 strinum.
788 4235 977 4310 Ipsum
1001 4251 1254 4304 namque
1301 4235 1359 4288 in
1405 4236 1754 4305 longitudine
1773 4251 1908 4290 cum
1931 4243 2086 4290 turre

491 4341 614 4409 quae
636 4323 695 4376 in
725 4323 908 4393 capite
931 4325 1053 4394 ejus
1081 4330 1404 4378 constructa
1425 4332 1640 4379 est-Lxx
1660 4325 1850 4396 pedes,
1876 4326 2084 4379 lati-du-

492 4411 640 4467 dinis
667 4429 755 4465 xx.
1116 4485 1120 4487 _
1235 4477 1239 4485 1

751 4572 780 4581 Η
973 4573 976 4576 λ
1117 4502 1460 4557 CAPUTIL

585 4658 598 4666 α
751 4577 1026 4668 Quomodo
1057 4594 1334 4658 agendum
1365 4595 1435 4643 sit
1469 4593 1803 4646 de'nom'tii's.

560 4670 691 4734 Mox
718 4681 780 4731 ut
807 4677 915 4758 ipsi
938 4679 1254 4732 exierintde
1277 4679 1420 4732 cella
1445 4680 1895 4745 novitiorum,vel
1915 4686 2084 4735 antea

487 4769 550 4823 in
571 4769 814 4847 claustro
845 4768 1170 4844 fuerin_t,-ad
1207 4768 1513 4837 capitulum
1540 4786 1650 4823 non
1681 4775 1813 4823 sunt
1833 4770 2080 4824 introdu-

487 4845 668 4938 cendi,
724 4845 833 4911 nisi
876 4858 1101 4927 quando
1137 4857 1308 4910 abbas
1339 4858 1590 4926 jusserit.
1626 4860 1750 4912 Mox
1779 4860 1984 4930 ut‘ipse
2019 4861 2080 4913 in

489 4947 736 5020 capitulo
769 4946 979 5000 ﬁnierit
1007 4962 1343 5009 sermonem,
1397 4947 1639 5011 veniant,
1681 4955 1751 5002 et
1792 4950 2081 5019 inquirant

483 5023 926 5106 uniuscujusque
957 5035 1327 5090 voluntatem.
1353 5036 1458 5088 Sed
1480 5042 1814 5090 tamen-ante
1835 5039 2081 5091 habeant

493 5125 601 5204 ipsi
633 5125 821 5201 omnia
846 5125 948 5177 sua
977 5123 1226 5212 facinora
1255 5125 1548 5194 patefacta.
1573 5127 1727 5180 Tunc
1756 5127 1982 5197 capellis
2011 5128 2079 5180 de

485 5215 691 5270 tunicis
745 5213 970 5276 ablatis,
1009 5213 1067 5264 in
1109 5212 1339 5266 ecclesia
1374 5214 1592 5267 tamdiu
1636 5215 1868 5268 sedeant
1893 5215 2077 5284 quoad

485 5309 665 5374 usque
695 5302 764 5355 ad
788 5302 1261 5355 consecrationem
1294 5305 1564 5356 venerint.
1595 5303 1761 5356 Verbi
1782 5304 1994 5372 gratia:
2031 5304 2076 5356 si

479 5391 999 5470 fratres-reﬁciunt
1029 5397 1201 5444 sexta
1236 5391 1404 5458 hora,
1429 5392 1576 5444 illico
1601 5397 1680 5444 ‘ut
1718 5377 1863 5444 dicta
1906 5393 2078 5446 fuerit

481 5479 891 5545 tertia,"faciatt.
929 5481 987 5535 Si
1023 5481 1156 5556 vero
1188 5485 1353 5546 nona,
1379 5481 1524 5534 “mox
1572 5479 1634 5534 ut
1680 5481 1849 5556 dictae
1867 5482 2076 5537 fuerint

485 5565 695 5625 litanias
727 5553 1180 5624 venian't'novit‘ii
1204 5560 1336 5625 ante
1370 5571 1551 5625 altare
1588 5576 1645 5624 et
1672 5553 1823 5626 stent
1845 5587 1962 5641 iper
1988 5585 2077 5626 or-

2171 3793 2497 3861 quennium.

2784 3882 3019 3936 CAPUT
3043 3881 3152 3936 'llI.

2492 4027 2498 4031 ,
2560 3971 2644 4023 Ad
2671 3971 3053 4024 ordinandum
3068 3999 3070 4005 -
3084 3974 3351 4026 abbatem.

2241 4057 2492 4111 Primum
2508 4057 2749 4127 eligitur
2782 4058 2851 4112 ab
2869 4061 3034 4112 omni
3051 4062 3499 4132 congregatione
3527 4063 3595 4115 in
3612 4071 3761 4132 prae-

2168 4147 2350 4199 sentia
2407 4146 2650 4216 episcopi
2698 4147 3230 4215 ej'usdem‘dimcesls
3295 4156 3354 4204 et
3395 4151 3656 4214 senioris,
3687 4153 3756 4204 ad

2169 4253 2336 4306 quem
2388 4235 2617 4288 abbatia
2654 4233 2916 4305 pertinet,
2961 4235 3186 4308 absque
3232 4239 3348 4292 ullo
3391 4256 3624 4294 munere
3675 4241 3754 4293 vel

2169 4328 2410 4395 persona
2441 4326 2712 4394 [persona
2741 4327 3084 4397 acceptione]
3111 4345 3120 4379 :
3149 4329 3282 4398 quia
3305 4320 3640 4382 'm'alcdz'ctus
3662 4320 3760 4398 qui?

2107 4409 2286 4476 Ddat,
2340 4416 2661 4467 maledz’ct-us
2700 4418 2799 4482 qua?
2841 4419 3055 4483 accipit.
3098 4418 3543 4489 Tun‘ciperce'pt'a
3575 4420 3644 4472 a'b
3692 4437 3755 4473 eo

2163 4503 2846 4558 donatione-et'roborata
2873 4505 2942 4558 ab
2965 4506 3221 4560 omnibus
3246 4495 3536 4575 electione,
3560 4508 3756 4580 incipit

2165 4594 2463 4664 episcopus
2490 4593 2855 4663 antiphonam
2879 4596 3156 4662 Conﬁrma
3177 4597 3272 4648 hoc
3292 4595 3454 4661 Deus,
3469 4599 3631 4664 quod,
3652 4605 3747 4652 etc.

2164 4682 2340 4746 Quem
2387 4683 2751 4753 subaequitu'r
2789 4684 2970 4737 omnis
3009 4683 3216 4738 chorus
3254 4686 3619 4754 psallentium
3669 4703 3754 4743 ca-

2159 4772 2355 4824 nendo
2375 4773 2589 4825 excelse
2605 4773 2901 4842 psalmum,
2913 4801 2917 4809 ι
2929 4774 3203 4840 Exsury'at
3223 4776 3363 4828 Deus
3376 4775 3610 4846 .-'Si'cque
3626 4778 3752 4831 eum

2165 4861 2848 4930 tanto-triumpho-ten'ens
2866 4862 3177 4932 episcopus
3196 4871 3335 4916 eum
3367 4864 3460 4934 qui
3483 4865 3753 4919 ordinan-

2163 4949 2268 5002 dus
2307 4957 2412 5013 est,
2435 4950 2917 5012 'manu,'deducat
2956 4967 3082 5004 eum
3128 4951 3184 5004 in
3206 4953 3613 5019 secretarium;
3651 4958 3752 5008 ire-

2166 5039 2536 5093 manentibus
2551 5039 2676 5092 aliis
2699 5039 2954 5092 in-choro
2985 5044 3153 5109 atque
3189 5039 3577 5110 psallentibus.
3593 5044 3751 5097 'Cu‘m

2164 5144 2294 5180 vero
2317 5130 2592 5195 Eas-ungat
2613 5131 2749 5181 Deus
2769 5129 2937 5181 fuerit
2971 5121 3522 5196 ean‘tatUm,'dieattir
3545 5133 3744 5187 oratio.

2162 5217 2420 5280 Oremus,
2455 5219 2700 5270 Actiones
2732 5224 2964 5270 nostras.
2998 5219 3137 5270 Tum
3165 5219 3405 5271 vestiant
3433 5221 3744 5290 se‘ep'isco-

2160 5323 2265 5375 pus
2296 5312 2352 5359 et
2384 5307 2610 5367 electus,
2653 5307 2879 5359 veniant
2915 5312 3151 5375 uterque
3190 5312 3320 5360 ante
3343 5308 3539 5374 altare,
3570 5316 3625 5362 et
3665 5311 3744 5363 le—

2156 5391 2544 5466 gitur'iteru'm
2579 5395 2774 5448 electio
2800 5396 2859 5448 in
2894 5395 3151 5461 amboue,
3186 5389 3248 5449 ut
3280 5391 3626 5457 audiatur.et
3654 5416 3742 5453 ro-

2157 5483 2389 5539 boretur
2443 5473 2820 5548 a'monachis,
2871 5490 2928 5537 et
2978 5501 3012 5537 a
3042 5485 3224 5549 clero,
3253 5491 3326 5538 Iet
3373 5485 3741 5542 ab-u-ni'Versis

2157 5573 2458 5644 utriusque
2472 5577 2656 5628 sexus.
2686 5571 3062 5627 Tunc‘strdtis
3083 5574 3424 5629 anteanam
3461 5563 3740 5646 tapetibus
