3914 6382
118 329 246 387 1253

1283 320 1706 376 'DISCIPLINA
1733 319 2166 405 'FARFENSIS.

3219 323 3362 380 4‘254

111 456 455 528 prosternant
498 467 555 504 se
582 451 750 504 simul
779 449 1026 520 pontifex
1055 455 1110 502 et
1139 447 1236 518 qui
1257 447 1332 500 ab
1359 463 1428 528 eo
1458 444 1686 499 benedi-
1708 444 2008 515 Atingere.
2034 445 2322 515 'Staminia
2349 443 2454 528 (‘48)
2486 446 2657 498 talem
2693 446 2860 499 debet
2899 462 3218 501 mensuram
3259 448 3364 501 ha-

119 517 306 598 cendus
334 546 419 596 est
444 539 632 600 abbas,
679 517 1070 608 incipiuntque
1102 517 1196 607 qui
1238 537 1294 589 in
1336 517 1506 589 choro
1535 538 1691 587 stant

117 639 308 703 septem
348 628 756 701 paenitentiales
793 629 1056 698 psalmos,
1108 625 1510 695 subjungentes
1558 624 1687 676 lita-

114 723 251 777 niam
302 729 410 773 non
459 718 756 789 prolixam.
821 716 918 769 sed
971 715 1073 768 sub
1126 715 1418 768 brevitate.
1451 712 1686 779 Quibus

115 810 343 864 decursis
385 809 517 860 dum
563 805 923 858 novissimum
971 806 1134 871 Kyrie
1182 806 1381 856 etetson
1422 801 1682 868 dixerint,

114 906 163 953 et
182 898 480 952 orationem
497 894 842 948 Dominicam
857 893 1237 962 impleverint,
1265 891 1440 959 erigat
1461 907 1519 942 se
1535 879 1686 942 solus

115 987 354 1058 pontifex,
402 991 680 1055 prostrato
730 1000 817 1047 eo
851 983 946 1051 qui
995 981 1406 1034 benedicendus
1454 985 1555 1040 est,
1609 979 1686 1030 ita

114 1075 264 1139 dicat,
279 1075 343 1128 Et
361 1090 424 1126 ne
444 1090 537 1126 nos
560 1074 790 1124 inducas
813 1073 876 1123 in
905 1073 1278 1134 tentationem.
1297 1069 1432 1136 Gap.
1455 1068 1686 1121 Salvum

114 1167 190 1231 fac
214 1179 425 1216 servum
467 1167 644 1214 tuum.
679 1161 830 1224 Mitte
862 1162 930 1211 ei.
977 1160 1078 1212 Hic
1105 1160 1330 1224 accipiet
1364 1157 1687 1219 benedictio-

117 1265 243 1308 nem.
273 1253 519 1316 Domine,
543 1251 762 1302 exaudi.
793 1250 1062 1302 Dominus
1088 1248 1382 1299 vobiscum.
1408 1245 1541 1298 Inde
1563 1243 1690 1297 sub-

113 1346 360 1411 sequatur
377 1338 721 1402 ,benedictio.
746 1338 980 1392 Concede
1009 1352 1320 1403 quas-unius
1350 1337 1689 1400 omnipotens

114 1431 253 1489 Deus,
285 1434 344 1480 ut
371 1431 674 1494 famutum'.
696 1429 1032 1484 Cunctorum
1060 1428 1346 1478 institutor
1370 1425 1528 1476 Deus.
1559 1422 1686 1475 0m—

114 1521 338 1584 nipotens
358 1520 684 1584 sempiterne
697 1518 836 1569 Deus
857 1517 1178 1582 afﬂuentem
1199 1515 1481 1581 spiritum.
1496 1512 1684 1566 Susci-

108 1609 210 1674 piat
241 1611 282 1659 te
312 1593 577 1678 largiente
607 1606 778 1665 hodie,
810 1605 1060 1658 Dom-ine.
1091 1605 1234 1656 Deus
1270 1605 1362 1654 cui
1389 1604 1566 1654 omnis
1593 1615 1686 1667 po-

114 1700 252 1748 testas
273 1700 318 1748 et
342 1697 604 1761 dignitas.
635 1695 901 1748 Omnium
918 1694 1058 1746 Deus
1079 1694 1204 1758 fons
1226 1692 1493 1743 bonorum
1512 1693 1686 1757 justo-

1770 530 1901 601 bere
1951 540 2013 586 ut
2080 535 2256 603 possit
2306 523 2508 586 callum
2573 533 2728 603 pedis
2785 534 2969 587 cincta
3023 535 3360 604 pertingere.

1764 621 2043 688 Similiter
2071 630 2261 675 autem
2301 623 2445 676 sicut
2478 616 2713 676 ’cucull-ee
2752 622 2948 676 subtus
2977 629 3240 693 apertura
3265 641 3365 678 cu-

1770 709 1886 782 bito
1913 711 2266 780 terminatur.

1841 800 2119 870 Capitium
2169 800 2375 852 habeat
2414 799 2620 869 pedem
2664 799 2970 868 integrum,
3013 795 3274 854 similiter
3313 808 3370 856 et

1768 897 1991 949 manica
2041 902 2199 966 parte
2253 896 2481 962 latiori;
2534 903 2730 949 contra
2776 911 3003 951 manum
3054 913 3202 960 vero,
3255 914 3365 968 quo

1770 997 2000 1038 manare
2049 985 2209 1046 solet,
2265 984 2576 1054 angustior,
2610 1002 2639 1037 e
2686 985 2871 1038 radice
2911 987 3138 1055 pollicis
3186 1002 3366 1057 usque

1770 1074 2073 1126 terminum
2106 1074 2304 1126 indicis
2332 1074 2682 1126 extendatur.
2709 1074 2969 1143 'Corrigia
2988 1091 3100 1144 qua
3122 1075 3368 1144 cingitur

1771 1162 2035 1215 staminia
2055 1168 2353 1232 postquam
2376 1163 2548 1215 fuerit
2571 1162 2710 1215 bene
2743 1168 2983 1228 extenta,
2999 1164 3366 1218 latitudinem

1771 1251 1828 1306 in
1879 1269 1937 1304 se
1976 1251 2200 1320 pollicis
2241 1251 2464 1304 habeat.
2507 1251 2811 1304 Cultellum
2859 1252 3008 1305 inter
3051 1253 3259 1307 ferrum
3311 1259 3369 1309 et

1771 1339 2126 1393 manubrium
2159 1341 2330 1394 trium
2363 1341 2582 1408 adjecta
2613 1341 2906 1394 latitudine
2936 1341 3238 1411 digitorum
3270 1344 3368 1398 ha-

1769 1427 1899 1482 beat
1924 1429 2125 1498 pedem
2152 1428 2474 1484 dimidium.
2514 1430 2827 1482 Femoralia
2853 1446 2974 1499 quae
3004 1438 3229 1485 sanctus
3259 1433 3365 1487 Be—

1767 1518 2025 1570 nedictus
2072 1518 2345 1570 concessit
2389 1519 2498 1570 iter
2528 1517 2821 1586 agentibus
2862 1519 3184 1588 (quia'nunc
3218 1527 3365 1575 tem-

1765 1606 1918 1678 poris
1965 1607 2244 1660 incertum
2301 1615 2385 1660 est
2431 1608 2546 1676 qui,
2596 1609 2681 1659 vel
2731 1607 2881 1677 quali
2935 1613 3186 1678 tempore
3233 1610 3366 1665 foris

1767 1696 2084 1758 mittantur,
2138 1695 2398 1749 omnibus
2447 1697 2848 1764 conceduntur)
2907 1697 3095 1750 taliter
3147 1715 3368 1754 mensu-

113 1772 339 1851 rumque.
364 1783 487 1846 Qua
506 1782 860 1836 solemnitate
890 1782 1109 1851 expleta
1131 1779 1363 1849 incipiat
1390 1757 1744 1848 episcopusB
1765 1788 1978 1845 rentur,
2023 1788 2086 1835 ut
2130 1782 2188 1835 in
2237 1783 2586 1852 longitudine
2634 1784 2882 1854 corporis
2915 1784 3143 1853 possint
3173 1802 3366 1840 conve-

111 1878 196 1926 aut
219 1889 356 1926 unus
387 1889 452 1926 ex
501 1871 798 1925 abbatibus
830 1871 924 1940 qui
968 1870 1254 1923 adfuerint
1282 1869 1500 1921 excelsa
1531 1883 1678 1931 voce,
1766 1870 1986 1924 nienter
2029 1871 2233 1939 aptari,
2287 1870 2583 1923 latitudine
2623 1888 2750 1923 vero
2781 1888 2909 1940 pars
2940 1879 3179 1941 utraque
3225 1874 3371 1928 sicut

116 1963 171 2014 Te
199 1963 369 2015 "Deum
419 1963 752 2024 Laudamus.
804 1961 1128 2014 Statuentes
1160 1975 1286 2012 eum
1339 1958 1398 2010 in
1441 1957 1683 2011 statione
1766 1976 1887 2013 esse
1911 1961 2054 2013 solet
2077 1960 2268 2029 dupla,
2298 1959 2567 2022 cubitum,
2591 1949 2768 2030 usque
2791 1961 2856 2013 ad
2881 1961 3137 2030 pollicem
3165 1963 3369 2016 habeat

113 2051 184 2103 vel
220 2051 352 2114 loco,
382 2051 498 2121 qui
524 2049 712 2104 abbati
759 2050 816 2102 in
863 2050 1032 2102 choro
1063 2049 1364 2117 deputatus
1395 2053 1496 2100 est.
1542 2046 1680 2100 Cum
1760 2050 1879 2120 jam
1933 2055 2183 2112 consuta,
2232 2055 2291 2102 at
2335 2065 2463 2102 vero
2507 2037 2699 2118 caligae
2732 2043 2930 2118 pedem
2961 2040 3242 2118 integrum
3272 2050 3362 2104 Su-

111 2155 222 2191 vero
241 2140 306 2192 ad
319 2139 628 2193 secundum
645 2155 861 2191 versum
876 2143 1101 2191 ventum
1124 2127 1314 2198 fuerit,
1339 2136 1430 2189 ubi
1446 2135 1678 2188 dicitur:
1755 2138 1957 2210 .perius
1977 2137 2222 2190 habeant
2235 2138 2355 2206 jam
2375 2145 2636 2202 consutm,
2661 2153 2784 2206 quae
2812 2131 2949 2191 ﬁant
2969 2138 3140 2192 etiam
3159 2139 3359 2214 longas,

115 2228 170 2281 Te
186 2233 440 2281 «eternum
459 2231 682 2281 Patrem
702 2234 884 2281 omnis
908 2233 1056 2279 terra
1078 2232 1394 2286 veneratur,
1414 2224 1686 2295 incipiant
1768 2235 1833 2280 ut
1869 2227 2178 2279 secundum
2207 2232 2493 2279 staturam
2545 2226 2786 2280 hominis
2821 2227 2985 2297 (quod
3015 2229 3073 2280 in
3104 2228 3364 2282 omnibus

111 2332 222 2370 eum
239 2317 479 2372 osculari
506 2316 692 2370 cuncti
713 2316 918 2369 fratres
943 2315 1392 2384 congregationis
1415 2331 1514 2384 per
1537 2314 1686 2367 ordi—
1760 2315 2184 2390 proaurandum
2207 2321 2292 2368 est
2305 2315 2673 2383 vestimentis)
2696 2315 2952 2369 cruribus
2972 2311 3366 2384 convenienter

113 2421 241 2468 nem,
262 2412 580 2460 reverenter
605 2410 858 2475 petentes
891 2403 940 2456 ei
964 2404 1203 2456 veniam.
1230 2402 1344 2456 Isto
1368 2404 1571 2472 quippe
1601 2420 1686 2455 or-

113 2493 223 2548 dine
242 2495 501 2548 revestire
520 2511 580 2548 se
596 2494 802 2557 debent
823 2482 1115 2563 episcopus
1137 2497 1193 2544 et
1211 2491 1382 2544 abbas
1404 2491 1460 2544 in
1481 2492 1585 2543 hac
1600 2508 1686 2543 or-

112 2582 370 2638 dinatione
389 2584 551 2646 albis,
570 2583 726 2637 stolis
742 2589 798 2636 et
815 2582 1025 2652 cappis,
1044 2569 1345 2650 teneatque
1367 2581 1684 2650 episcopus,

113 2669 344 2725 baculum
358 2689 525 2726 suum
547 2661 602 2724 in
627 2688 815 2732 manu,
835 2678 889 2723 et
904 2672 1050 2724 idem
1068 2670 1296 2723 baculus
1310 2688 1474 2740 quem
1494 2671 1682 2724 abbati

113 2759 393 2814 debetdare
407 2761 481 2814 sit
486 2763 507 2830 j
517 2768 647 2814 uxta
661 2760 987 2824 abbatem'in
1003 2766 1209 2829 tapete,
1225 2760 1356 2812 dum
1371 2766 1683 2830 prostratus

109 2848 237 2915 jacet
254 2851 321 2903 ad
343 2850 804 2905 consecrandum.
834 2849 1208 2913 Consecratus
1231 2854 1419 2902 autem
1445 2849 1687 2918 accipiat

112 2952 222 2991 eum
246 2938 311 2991 de
339 2955 512 2992 manu
543 2937 787 3008 episcopi
826 2938 943 2990 haec
973 2937 1141 2990 verba
1169 2937 1405 2990 dicentis
1442 2954 1453 2989 :
1499 2940 1685 3008 Accipe

113 3025 345 3080 baculum
362 3029 661 3095 pastoralis
683 3028 872 3093 ofﬁcit,
899 3031 957 3078 ut
981 3029 1053 3078 sis
1083 3029 1143 3078 in
1172 3027 1510 3092 corrigendis
1535 3028 1685 3078 vittis

111 3117 324 3180 secteris;
339 3121 385 3170 et
398 3132 526 3169 eum
539 3119 720 3169 iratus
731 3118 988 3182 fuerian
997 3117 1322 3168 tsertcordta:
1335 3129 1544 3168 memor
1554 3117 1663 3168 eris
1672 3156 1683 3167 .

703 3204 936 3258 CAPUT
978 3204 1072 3257 IV.

1769 2410 2051 2476 aptentur,
2097 2415 2220 2474 quae
2266 2404 2334 2457 de
2367 2421 2587 2457 summo
2617 2419 2794 2474 usque
2833 2405 2902 2457 ad
2945 2405 3144 2476 pedem
3177 2407 3366 2480 taliter

1767 2493 2242 2562 constringuntur,
2278 2499 2341 2546 ut
2371 2506 2495 2545 cum
2532 2493 2789 2562 superius
2818 2493 2890 2546 ad
2928 2490 3124 2564 pedem
3158 2494 3367 2549 habent

1768 2582 2069 2650 integrum,
2095 2581 2327 2657 inferius
2349 2582 2663 2635 dimidium.
2690 2582 2853 2636 Gesta
2879 2576 2989 2652 (49)
3022 2584 3213 2658 caliga}
3234 2602 3364 2639 cum

1767 2671 1938 2724 fuerit
1974 2676 2167 2724 assuta
2195 2670 2360 2724 debet
2387 2688 2506 2724 esse
2535 2678 2650 2723 tam
2681 2671 2847 2740 longa
2869 2688 2983 2741 quo
3015 2674 3189 2742 possit
3216 2663 3365 2728 intra

1757 2767 2018 2830 pugnum
2060 2759 2183 2812 ﬁeri
2225 2759 2546 2814 constricta.
2567 2759 2774 2812 'Calces
2803 2760 3119 2826 altitudine,
3151 2755 3366 2832 prater

1757 2849 2000 2902 ‘limbum
2028 2849 2124 2918 qui
2155 2849 2417 2911 assuitur,
2450 2849 2656 2902 habeat
2681 2849 2880 2918 pedem
2911 2845 3205 2904 dimidium
3230 2871 3240 2904 :
3267 2869 3366 2905 an-

1761 2938 1961 2991 teriori
1992 2954 2120 2991 vero
2150 2943 2310 3007 parte
2354 2937 2652 2990 latitudine
2693 2931 3222 3007 digitorumfnod‘os.
3250 2942 3364 2994 Pe-

1769 3027 1927 3081 d-ules
1965 3027 2224 3080 similiter
2260 3026 2569 3081 mensurati
2609 3026 2745 3092 sint,
2783 3031 2848 3080 ut
2870 3028 3103 3098 .possint
3130 3029 3365 3101 pedibus

1763 3115 2115 3170 sufficienter
2143 3114 2346 3185 aptari.

2393 3203 2630 3258 CAPUT
2660 3203 2732 3258 V.

442 3295 514 3347 De
542 3295 992 3346 vestimentorum
1033 3307 1322 3354 mensura.
2230 3294 2302 3346 De
2336 3295 2525 3359 priore
2554 3297 2899 3347 monasterii.
2952 3358 2954 3360 _

169 3379 503 3435 Vestimenta
534 3382 772 3434 fratrum
801 3380 969 3434 mittit
1006 3387 1232 3434 sanctus
1257 3380 1596 3434 Benedictus
1624 3381 1683 3434 in
1840 3381 1977 3435 Cum
2003 3381 2156 3452 prior
2174 3381 2346 3434 fuerit
2363 3382 2574 3434 electus
2587 3381 2658 3434 ab
2676 3383 2936 3438 omnibus
2955 3373 3369 3459 fratﬁbuspOst

110 3469 382 3535 prudentia
403 3470 646 3536 abbatis,
672 3476 746 3523 ut'
760 3470 875 3522 sint
908 3475 1230 3533 mensurata
1271 3469 1462 3532 Qualis
1492 3475 1682 3522 autem
1768 3469 2073 3539 capitulum
2089 3475 2322 3538 surgant
2343 3475 2797 3539 omnes'ean‘tque
2819 3471 2875 3523 in
2899 3474 3364 3530 ecclesiam.Dein

112 3554 172 3607 sit
210 3557 301 3612 illa
343 3576 610 3613 mensura
651 3559 959 3612 secundum
1010 3559 1241 3611 Patrum
1291 3558 1683 3610 difﬁnitionem
1768 3558 1969 3627 illequi
1993 3558 2240 3611 exiturus
2259 3556 2426 3610 estab
2443 3557 2961 3627 ipsoopere[oﬂicio
2979 3562 3368 3633 prioris]dicat

112 3652 358 3711 quantum
384 3662 682 3717 possumus
711 3648 1063 3716 indagamus.
1082 3647 1314 3700 Cuculla
1343 3657 1464 3716 quae
1495 3653 1683 3700 nostro
1763 3648 1933 3700 tertio
1955 3647 2213 3700 omnibus
2231 3645 2614 3716 repetentibus
2633 3648 3173 3704 hunc'versum'ante
3189 3654 3366 3707 altare

111 3731 449 3803 singulariter
475 3736 729 3790 convenit
759 3735 960 3797 ordini,
993 3735 1140 3804 quod
1165 3734 1557 3787 vestimentum
1589 3752 1684 3787 an-
1767 3737 2082 3788 Benedictus
2103 3741 2176 3786 est
2197 3735 2464 3808 qui'nus
2487 3737 2644 3800 Deus,
2665 3742 2722 3789 et
2735 3744 2957 3808 accepta
2981 3737 3366 3796 benedictione

113 3819 323 3890 tiquitus
354 3825 657 3902 vocabatur
682 3814 978 3887 colobium,
1004 3823 1054 3874 id
1088 3830 1173 3876 est
1204 3823 1396 3876 tunica
1419 3823 1538 3876 sine
1570 3840 1684 3877 ma-
1766 3822 1881 3886 illa,
1902 3839 2032 3890 quae
2060 3822 2285 3886 dicitur,
2315 3823 2544 3892 quando
2571 3824 2640 3876 ab
2670 3825 2864 3894 aliquo‘
2877 3827 3367 3895 Opereabsolvun-

113 3909 232 3964 nicis
256 3931 266 3964 :
291 3918 510 3967 tantum
532 3913 697 3966 debet
723 3912 1292 3981 haberellatitudinis,
1317 3919 1382 3965 ut
1411 3912 1683 3966 ambobus
1765 3917 1858 3963 t‘ur
1904 3910 2127 3976 fratres,
2158 3916 2213 3963 et
2259 3911 2338 3962 sic
2384 3912 2626 3964 recedat.
2649 3913 2906 3967 ‘Accedat
2941 3920 3073 3968 tunc
3120 3916 3236 3982 ille,
3268 3918 3366 3988 qui

114 4001 485 4056 convenienter
543 4007 768 4070 aptetur
821 3999 1022 4053 cubitis
1057 4019 1067 4066 ;
1130 3999 1496 4069 longitudinis
1554 4016 1683 4054 vero
1766 3999 2082 4052 intraturus
2112 4005 2197 4052 est
2234 3999 2292 4051 in
2317 4006 2516 4064 antea,
2545 4007 2601 4054 et
2623 4001 2774 4055 dicat
2795 4003 2966 4056 tertio
2991 4003 3248 4059 omnibus
3269 4023 3366 4060 au-

113 4089 310 4142 tantum
337 4097 525 4154 antea,
556 4090 707 4160 quod
726 4090 808 4142 'ad
845 4089 1047 4142 callum
1077 4088 1232 4158 pedis
1262 4105 1439 4158 usque
1470 4090 1682 4158 pertin-
1766 4086 2046 4139 clientibus
2078 4087 2226 4139 hunc
2258 4094 2497 4147 versum,
2528 4089 2681 4150 Deus,
2716 4093 2778 4143 in
2807 4089 3156 4157 adiutorium
3180 4110 3363 4150 meum

111 4180 226 4242 gat;
267 4183 322 4232 et
347 4179 422 4233 sit
468 4185 601 4249 apta
631 4179 871 4248 corpori,
907 4184 970 4230 ut
997 4177 1072 4230 sit
1115 4194 1178 4230 ex
1207 4178 1555 4247 omni-parte
1589 4196 1682 4233 ro-
1767 4176 2001 4235 intende,
2038 4180 2091 4226 et
2135 4181 2363 4243 accepta
2407 4175 2504 4228 illa
2546 4176 2931 4233 benedictione
2978 4181 3363 4252 quae-dicitur,

113 4264 285 4318 tunda.
318 4267 608 4337 Capellum
654 4267 829 4337 ipsius
876 4273 1078 4337 praeter
1119 4265 1353 4319 limbum
1401 4266 1684 4336 integrum
1768 4277 1894 4316 cum
1925 4263 1982 4315 in
2013 4262 2201 4332 aliquo
2224 4269 2391 4332 opere
2413 4265 2752 4320 ordinantur
2765 4268 2987 4335 fratres,
3005 4275 3061 4322 et
3079 4270 3158 4323 sic
3176 4270 3364 4341 ipsum

113 4350 266 4407 Virilis
292 4356 447 4426 pedis
479 4373 544 4410 ex
569 4357 718 4409 omni
750 4362 908 4426 parte
947 4355 1279 4424 quadratam
1307 4355 1473 4408 debet
1503 4358 1684 4411 conti-
1702 4396 1748 4426 η
1768 4348 2011 4402 ofﬁcium
2042 4349 2414 4403 admi'nistret.
2436 4352 2694 4422 Denique
2707 4371 2808 4424 per
2827 4371 2990 4410 usum
3013 4357 3180 4410 debet
3210 4363 3364 4414 stare

115 4452 230 4493 nere
254 4459 600 4498 mensuram:
635 4435 898 4514 apertura
926 4433 1182 4513 superior
1209 4441 1413 4496 habeat
1434 4444 1685 4499 cubitum
1703 4433 1748 4454 ”
1767 4437 1824 4490 in
1854 4438 2088 4491 ecclesia
2116 4446 2180 4490 ex
2207 4437 2340 4491 laevo
2372 4440 2538 4494 choro
2565 4461 2575 4495 :
2598 4443 2946 4514 ‘in'-ca‘pitulo
2973 4447 3152 4500 austri
3169 4454 3363 4518 parte,

114 4518 272 4598 usque
298 4517 367 4586 ad
407 4523 624 4604 pollicis
653 4526 932 4586 Summum
943 4522 1218 4601 ,inferiOr
1260 4522 1510 4585 cubitum
1539 4524 1684 4586 irite-
1767 4527 1827 4579 in
1854 4525 2145 4580 refectorio
2174 4528 2598 4595 septentrionali
2621 4537 2800 4600 parte.

114 4630 278 4683 grum,
293 4611 349 4674 et
372 4622 545 4675 trium
565 4622 897 4691 digitOrum;
927 4621 984 4674 in
1007 4628 1138 4674 ante
1159 4626 1432 4691 appareat
1446 4621 1682 4676 latitudo
2350 4618 2603 4672 'CA’PUT
2642 4621 2742 4679 Ἧι.

116 4708 324 4764 cucullae
343 4728 479 4774 cum
517 4711 742 4780 capitio.
777 4710 1046 4764 Similiter
1079 4716 1269 4763 autem
1289 4709 1497 4764 subtus
1523 4711 1690 4766 ‘circa
1897 4706 1975 4758 Det
1994 4705 2270 4772 fratribus
2301 4707 2360 4757 in
2386 4708 2478 4758 via
2503 4708 2999 4778 directts'quatiter
3024 4721 3248 4782 agatur.

115 4795 274 4861 pedes
293 4800 484 4853 tunica
525 4799 690 4853 debet
719 4816 838 4852 esse
870 4799 1113 4852 rotunda
1147 4798 1418 4869 thalitule
1444 4801 1689 4855 'miensu-
1840 4797 1901 4851 Si
1930 4812 2163 4867 peregre
2191 4797 2565 4867 [profecturus
2588 4799 2698 4872 est]
2729 4784 3230 4873 fraterdn’itinere,
3253 4822 3366 4864 non

116 4889 226 4938 rata
252 4888 374 4954 (46),
407 4888 639 4958 sagittas
667 4905 798 4941 vero
825 4889 1181 4957 vel'gérones
1203 4886 1304 4955 (47)
1341 4893 1560 4942 tantum
1592 4889 1690 4943 ha-
1771 4901 2097 4939 reversurus
2129 4885 2564 4941 diébhs'duobus
2587 4897 2685 4943 aut
2710 4891 3176 4966 tribus,‘accipi‘at
3204 4897 3369 4952 bene-

117 4968 247 5037 bea't,
281 4983 343 5028 ut
369 4976 478 5030 iter
503 4977 824 5047 gradientes
854 4978 939 5030 vel
971 4976 1378 5046 superﬂuitate,
1426 4978 1510 5030 vel
1556 4982 1691 5048 par-
1772 4974 2093 5027 dictionem.
2154 4973 2215 5027 Si
2253 4974 2577 5028 necessitas
2616 4977 2818 5043 ‘fuerit,
2873 4987 2938 5034 ut
3000 4982 3059 5035 in
3123 4985 3369 5040 crastino

117 5059 406 5118 citate'non
428 5065 724 5136 impediat;
762 5067 922 5135 cujus
951 5066 1183 5118 manica:
1214 5065 1420 5119 debent
1445 5079 1508 5119 ex
1537 5069 1690 5120 'utra-
1772 5069 2105 5124 revertatur,
2139 5060 2426 5116 ét'iterum
2458 5067 3069 5138 necessesit‘pergere,
3094 5087 3206 5125 non
3230 5074 3371 5128 acci-

117 5160 393 5222 que'parte
422 5156 492 5208 ad
517 5156 791 5208 secundos
819 5155 1122 5225 digitorum
1148 5156 1324 5209 nodos
1361 5171 1690 5226 usqueaper-
1772 5153 1893 5224 piat
1941 5149 2386 5206 benedictionem
2418 5153 2604 5206 eundi
2631 5160 2709 5208 "et
2735 5159 3084 5212 revertendi.
3133 5159 3278 5216 Item
3320 5164 3369 5217 si

313 5314 609 5387 Sagittam
640 5314 1272 5387 V¢§iibusdi0ituhpar§
1298 5305 1692 5387 ~catenae.coﬂn-
1775 5317 1970 5381 Geron,
2012 5327 2113 5370 seu
2162 5317 2348 5378 ϐίη-οη,
2384 5315 2718 5370 Germanice
2777 5318 2964 5380 Geren,
3014 5319 3188 5387 sinus,
3227 5307 3373 5378 deri-

376 5374 837 5458 inisi'nuSLquod
869 5380 1085 5458 sagitta;
1114 5374 1689 5458 sp'eci'eintei'tingant.
1775 5377 1929 5458 vata:
1960 5374 1968 5379 ’
2026 5455 2030 5458 λ
2199 5453 2205 5458 _
2332 5374 2368 5458 ’λ

123 5445 613 5532 Ιὶὺέῐῐτ
641 5445 1188 5532 δόηὼθὶᾯίἰλήῇτᾳξ,
1223 5450 1464 5532 cap.;_'1'1.
1533 5445 1597 5532 υ-
1640 5530 1662 5532 μ
1775 5452 2294 5532 ιι-(ἅβλςίᾴγῃῖιίνω,
2324 5451 2706 5532 'staiiii'néum,
2735 5451 2920 5514 'l'dnea
2958 5451 3221 5532 interula,
3254 5463 3370 5520 ‘s'éu

187 5523 293 5598 ςιίξῖιΔ
327 5527 548 5582 Uir-ones
599 5528 748 5581 idem
793 5528 941 5598 qlibd
990 5523 1194 5598 sagitta
1243 5523 1391 5597 apud
1415 5529 1694 5582 'eumaern
1775 5523 2028 5594 causa,
2049 5525 2217 5598 tulgo
2248 5523 2502 5583 ctai'nz‘ne.

124 5589 448 5668 Udalricum,
501 5599 722 5654 videtur
771 5589 962 5653 autem
1012 5589 1129 5653 haec
1175 5589 1298 5653 vox-
1321 5615 1355 5653 a
1394 5599 1698 5654 Theodisco
1850 5597 1969 5671 (49)
1998 5589 2180 5667 (testa,
2203 5607 2406 5668 cestus,
2430 5601 2738 5672 cingulum.
