3914 6382
540 340 680 399 1255

1595 334 1947 393 GUIDONIS
1981 333 2289 391 ABBATIS
2325 329 2744 389 FARFENSIS.

3682 328 3820 388 1256

511 466 693 520 frater
720 464 1038 518 revertatur
1064 457 1134 514 de
1161 457 1365 513 itinere
1392 459 1626 531 accipiat
1652 460 2121 516 benedictionem.
2140 460 2192 519 A
2211 459 2490 513 cantando
2511 458 2757 530 psalmos
2780 473 2961 531 usque
2977 458 3038 514 in
3058 458 3367 513 claustrum
3385 458 3585 512 Beatus
3601 459 3720 524 vir,
3735 458 3822 512 vel

518 554 577 609 Si
629 552 822 607 statim
879 550 1046 605 debet
1100 564 1333 619 pergere
1387 549 1629 620 accipiat
1678 550 2123 605 benedictionem

518 640 847 697 ambulandi
877 659 888 692 :
922 639 969 693 si
1001 644 1195 710 postea
1221 638 1442 692 steterit
1483 639 1558 692 ad
1590 655 1761 693 unam
1810 639 2007 693 horam
2038 639 2125 692 vel

519 732 680 797 duas,
729 729 965 800 accipiat
1005 726 1448 781 benedictionem
1482 728 1822 781 revertendi.
1869 728 2124 797 Itemque

520 821 568 875 si
622 820 797 873 frater
834 817 987 871 venit
1037 816 1106 869 de
1162 815 1361 870 itinere
1411 816 1647 888 accipiat
1678 815 2126 870 benedictionem

519 907 791 964 redeundi
816 924 826 959 :
863 905 908 960 si
937 905 1127 959 statim
1160 905 1469 975 perrexerit
1495 904 1721 969 alicubi,
1746 911 1802 958 et
1824 921 1938 959 una
1962 908 2126 958 nocte

520 996 828 1062 dormierit,
857 995 915 1048 in
954 992 1202 1048 crastina
1250 1010 1360 1047 nou
1394 993 1632 1065 accipiat
1677 992 2126 1048 benedictionem

517 1085 807 1142 redeundi.
830 1086 894 1139 In
915 1084 1115 1138 itinere
1137 1083 1183 1137 si
1202 1088 1448 1154 pergunt
1471 1084 1581 1137 duo
1603 1083 1875 1145 conversi,
1902 1088 1958 1135 et
1978 1097 2126 1135 unus

519 1176 779 1232 sacerdos
795 1174 891 1245 qui
913 1173 1107 1244 junior
1130 1171 1355 1226 illorum
1378 1173 1469 1233 sit,
1494 1171 1831 1242 ubicumque
1856 1169 2123 1235 sederint,

520 1265 687 1321 debet
734 1263 997 1318 sacerdos
1041 1262 1237 1316 sedere
1285 1261 1343 1315 in
1381 1261 1566 1315 medio
1610 1260 1856 1317 illorum.
1890 1258 2126 1324 Quando

523 1372 651 1410 vero
693 1354 1002 1426 perrexerit
1027 1368 1174 1406 unus
1204 1367 1270 1404 ex
1298 1350 1380 1405 eis
1410 1366 1537 1405 cum
1565 1349 1875 1409 sacerdote.
1908 1363 2130 1417 semper

522 1448 690 1504 debet
711 1444 970 1500 sacerdos
996 1442 1192 1497 sedere
1221 1456 1390 1511 super
1418 1439 1600 1503 illum,
1632 1437 1801 1491 etiam
1832 1435 1987 1506 loqui
2016 1450 2129 1488 non

522 1537 791 1593 condecet
828 1535 1010 1596 illum,
1045 1530 1153 1586 nisi
1183 1545 1284 1600 per
1324 1528 1444 1598 ejus
1485 1526 1790 1580 licentiam.
1841 1526 1905 1579 In
1947 1540 2130 1578 rever-

522 1628 694 1683 tendo
714 1627 762 1681 si
789 1624 1001 1681 fuerint
1033 1621 1102 1675 ad
1131 1625 1247 1673 tres
1277 1617 1463 1681 horas,
1494 1615 1565 1668 ad
1593 1612 2019 1684 completorium
2050 1612 2130 1667 di-

523 1724 687 1773 catur
710 1732 878 1787 super
905 1730 1021 1778 eos,
1053 1710 1382 1765 Misereatur
1410 1707 1607 1767 vestri;
1637 1702 1709 1757 ad
1736 1702 2006 1757 domnum
2034 1700 2129 1756 ab-

524 1802 713 1857 batem
741 1812 1021 1869 nusquam
1048 1793 1287 1848 dicatur.

1127 1899 1359 1955 CAPUT
1387 1897 1515 1953 VII.

592 2001 730 2055 Item
757 1998 821 2051 de
854 1995 986 2064 ipsis
1016 1991 1292 2064 fratribus
1319 1991 1632 2064 constitutis
1655 1989 1727 2064 in
1755 1988 2054 2041 itineribus

948 2066 1191 2132 qualiter
1233 2062 1398 2114 horas
1427 2060 1665 2112 reddant
1678 2102 1691 2115 .

593 2161 821 2215 Fratres
848 2156 908 2209 in
935 2153 1141 2208 itinere
1169 2148 1368 2203 directi
1397 2165 1523 2202 cum
1554 2146 1795 2202 viderint
1816 2146 1968 2200 horae
1989 2149 2130 2199 tem-

521 2266 648 2322 pus,
679 2247 727 2302 si
748 2252 915 2318 aptus
941 2243 1096 2297 locus
1127 2243 1214 2293 est
1240 2236 1337 2303 ibi,
1360 2235 1455 2290 ubi
1487 2235 1684 2289 directi
1712 2238 1867 2289 stant
1893 2233 1985 2322 vel
2007 2248 2130 2322 per?

524 2319 835 2400 ambulant,
870 2333 1100 2386 flectant
1125 2341 1311 2398 genua
1344 2323 1745 2378 descendentes
1774 2323 1843 2376 de
1864 2321 2041 2392 equis.
2067 2319 2127 2374 Si

522 2426 733 2481 faciant
759 2423 829 2477 de
859 2419 963 2492 [in]
988 2414 1256 2472 coenobiis
1282 2428 1469 2483 genua
1490 2427 1661 2481 super
1688 2410 1915 2474 formas,
1940 2414 1998 2463 et
2017 2408 2127 2479 ipsi

522 2514 733 2569 faciant
774 2510 871 2565 ubi
900 2509 1128 2578 degunt.
1167 2502 1423 2565 Peracta,
1462 2499 1683 2570 signum
1713 2502 1918 2552 sancta;
1947 2496 2127 2551 crucis

523 2604 856 2677 imprimant
874 2599 932 2653 in
956 2592 1233 2651 frontibus
1257 2590 1394 2654 suis,
1421 2592 1479 2642 et
1504 2604 1616 2677 non
1634 2590 1859 2656 gyrent,
1883 2584 1981 2677 sed
2008 2590 2132 2637 tan-

524 2673 647 2750 tum
674 2694 871 2764 petant
898 2685 1141 2748 veniam,
1166 2687 1225 2736 et
1246 2677 1520 2748 incipiant
1546 2676 1745 2764 boram
1766 2673 2132 2764 ascendentes

524 2783 585 2838 in
632 2760 828 2853 equos,
870 2777 1168 2848 pergentes
1206 2774 1264 2822 et
1307 2767 1505 2853 horam
1535 2760 2129 2853 decantantes.‘V_anf

525 2877 614 2926 tos
647 2847 756 2938 (ὗο)
792 2847 990 2921 tollant
1020 2861 1090 2915 de
1118 2855 1380 2912 manibus
1408 2851 1525 2906 suis
1551 2865 1731 2921 usque
1768 2849 1902 2903 dum
1931 2847 2132 2938 ﬁniant

528 2936 778 3014 divinum
810 2953 1078 3009 ofﬁcium.
1111 2945 1171 3001 Si
1207 2943 1400 3013 aliqua
1426 2939 1732 2993 necessitas
1760 2936 2028 3001 evenerit,
2066 2941 2133 2991 ut

2210 549 2454 619 qualiter
2479 547 2650 603 abbas
2678 548 2967 620 inceperit.
3004 548 3147 603 Cum
3183 547 3395 602 fuerint
3420 552 3558 601 ante
3593 546 3823 617 capitu-

2209 638 2326 691 lum
2353 637 2504 691 dicat
2533 637 2703 708 prior,
2733 640 3095 707 Adjutorium
3146 642 3415 701 nostrum,
3468 638 3820 697 Benedictis;

2212 731 2268 780 et
2295 733 2387 781 eat
2407 726 2795 798 unusquisque
2820 726 2890 780 ad
2911 726 3096 781 ofﬁcia
3114 741 3234 781 sua.
3258 723 3342 779 Ex
3360 724 3471 780 hac
3488 725 3638 779 hora
3658 732 3826 779 sonet

2209 816 2475 885 squillam
2506 815 2861 871 secretarius.

2825 905 3058 961 CAPUT
3087 903 3188 959 IX.

2551 995 2688 1048 Item
2713 997 2763 1048 si
2778 1000 2899 1063 post
2928 1010 3137 1049 nonam
3166 994 3463 1047 reversuri.

2279 1081 2414 1136 Post
2436 1098 2642 1137 nonam
2659 1089 2849 1137 autem
2878 1083 2925 1137 si
2955 1084 3162 1138 iterum
3191 1088 3325 1136 sunt
3352 1079 3660 1148 reversuri,
3693 1097 3822 1135 mox

2211 1173 2275 1223 ut
2321 1170 2559 1225 exierint
2587 1188 2617 1225 e
2656 1171 2951 1226 refectorio
2993 1170 3342 1225 venientibus
3391 1170 3449 1224 in
3497 1170 3819 1241 capitulum

2210 1257 2453 1314 eﬁiciant
2498 1259 2908 1315 absolutionem
2956 1260 3102 1314 sicut
3126 1259 3339 1315 caeteris
3375 1259 3594 1314 diebus.
3633 1259 3816 1325 Dicto,

2210 1347 2535 1407 Benedicite.
2586 1349 2795 1405 faciant
2826 1356 2957 1404 ante
2987 1355 3044 1404 et
3086 1354 3259 1418 retro,
3303 1352 3362 1403 et
3397 1348 3549 1403 illico
3579 1347 3821 1419 incipiat

2211 1435 2365 1508 prior
2389 1438 2638 1508 psalmos
2665 1438 2973 1493 familiares
2999 1437 3419 1510 vespertinales,
3448 1439 3709 1505 Domine,
3734 1454 3819 1491 ea:-

2209 1526 2348 1578 audi
2366 1529 2671 1581 orationem
2687 1542 2888 1590 meam,
2901 1528 3136 1580 auribus
3144 1529 3378 1595 percipe,
3390 1525 3450 1579 in
3467 1524 3816 1595 primis,'etc.

2209 1612 2351 1668 Dein
2381 1631 2622 1685 vesperae
2649 1616 2899 1670 omnium
2930 1620 3270 1678 sanctorum,
3307 1619 3365 1668 et
3392 1630 3641 1685 vesperae
3671 1630 3817 1667 mor-

2208 1706 2459 1763 tuorum,
2480 1710 2539 1758 et
2566 1704 2811 1758 officium
2836 1721 3051 1763 eorum.
3082 1708 3140 1758 et
3165 1705 3307 1758 Deus
3336 1704 3595 1757 auribus.
3628 1703 3818 1774 Atque

2144 1772 2191 1832 Β
2212 1791 2459 1863 quinque
2485 1793 2730 1863 psalmos
2761 1810 2861 1865 pro
2890 1792 3188 1859 defunctis,
3227 1797 3284 1846 et
3310 1791 3390 1846 sic
3417 1792 3659 1846 redeant
3685 1772 3818 1846 can-

2206 1880 2380 1935 tando
2423 1883 2686 1952 psalmos,
2719 1884 2802 1937 Ad
2842 1883 3143 1937 Dominum
3184 1898 3312 1935 cum
3364 1882 3701 1935 tribularer.
3752 1880 3815 1935 In

2208 1968 2451 2023 claustro
2493 1970 2692 2025 tandiu
2736 1976 2965 2026 cantent
3002 1970 3184 2042 pueri,
3216 1970 3312 2041 qui
3340 1976 3471 2024 ante
3499 1969 3818 2041 procedunt

2209 2056 2281 2110 ad
2310 2057 2606 2113 introitum
2636 2060 2866 2131 capituli
2908 2075 3200 2131 quousque
3240 2058 3564 2113 adunentur
3601 2057 3811 2112 cuncti.

2213 2144 2297 2199 Ex
2328 2151 2463 2201 tunc
2486 2148 2862 2204 residentibus
2884 2149 2961 2203 ibi
2990 2164 3129 2219 puer
3155 2153 3311 2220 petat
3335 2146 3810 2214 benedictionem,

2210 2239 2269 2289 et
2313 2234 2465 2306 legat
2523 2237 2813 2292 lectionem
2864 2238 2934 2292 de
2988 2236 3132 2291 libro
3179 2235 3275 2308 qui
3324 2236 3397 2290 ad
3452 2236 3813 2291 collationem

2212 2322 2460 2393 legitur:
2495 2330 2553 2379 et
2572 2324 2806 2396 jubente
2836 2325 3025 2397 priore
3051 2325 3304 2396 expleat;
3335 2328 3459 2378 tum
3493 2323 3669 2378 faciat
3706 2340 3814 2379 ser-

2213 2428 2458 2467 monem.
2493 2414 2707 2470 Deinde
2736 2419 2974 2485 surgant
3003 2430 3199 2469 omnes
3227 2418 3285 2468 et
3312 2412 3524 2468 faciant
3551 2429 3810 2469 reveren-

2210 2498 2371 2553 tiam.
2403 2499 2532 2573 Ipse
2560 2501 2714 2572 prior
2740 2502 2891 2557 dicat
2916 2504 3068 2558 hunc
3103 2519 3347 2570 versum,
3386 2504 3713 2557 Benedictus
3740 2520 3804 2563 es,

2212 2587 2443 2643 Domine
2485 2592 2628 2645 Deus
2672 2608 2842 2646 meus.
2892 2592 3024 2647 Haec
3061 2592 3271 2648 faciant
3298 2591 3523 2664 quando
3558 2589 3648 2646 bis
3684 2607 3807 2663 per-

2212 2683 2382 2747 gunt.

2834 2769 3068 2825 CAPUT
3095 2770 3164 2823 Χ.

2424 2857 2560 2911 Item
2589 2859 2810 2926 quando
2836 2862 2998 2913 semel
3020 2861 3280 2928 pergitur
3305 2859 3380 2912 ad
3406 2873 3593 2926 opera.

2282 2942 2517 3007 Quando
2543 2945 2718 3000 semel
2738 2950 2874 3000 eunt
2888 2946 2957 3000 ad
2978 2962 3150 3017 opera
3168 2963 3270 3017 per
3287 2945 3408 3001 dies
3427 2944 3621 3000 omnia
3641 2950 3806 3018 agant

525 3045 737 3118 aliquid
762 3045 1030 3113 loquatur
1057 3036 1117 3089 in
1139 3030 1487 3118 psalmorum
1510 3025 1707 3118 ordine
1727 3025 1795 3078 de
1821 3024 1943 3096 ipsa
1966 3024 2125 3118 hora,
2145 3049 2189 3109 ρ
2211 3031 2355 3087 sicut
2376 3032 2435 3087 in
2467 3050 2651 3102 mane,
2673 3034 2783 3089 nisi
2808 3040 3027 3090 tantum
3060 3035 3207 3107 quod
3235 3035 3305 3090 de
3332 3034 3573 3089 lectione
3601 3035 3805 3106 legitur

520 3113 726 3193 iterum
774 3149 809 3186 a
855 3128 1038 3200 capite
1076 3120 1425 3177 reinchoent.
1459 3114 1780 3170 Redeuntes
1806 3119 2024 3168 wantos
2055 3113 2127 3167 ad

519 3242 652 3282 suos
674 3220 911 3277 lectulos
937 3211 1143 3285 singuli
1173 3211 1407 3281 possunt
1433 3205 1661 3259 habere.
1692 3204 1757 3258 In
1797 3202 2029 3257 basilica
2065 3202 2125 3256 in

521 3312 732 3386 cryptis
766 3306 989 3380 quando
1030 3298 1241 3356 reversi
1286 3300 1422 3352 sunt
1470 3293 1727 3348 ordinem
1767 3292 1976 3348 faciant
2001 3308 2126 3364 pro-

522 3381 708 3466 strati,
740 3396 910 3452 etiam
932 3393 980 3447 si
1011 3385 1301 3445 duodecim
1332 3382 1600 3437 lectiones
1626 3381 1765 3438 sint.

1114 3473 1348 3529 CAPUT
1382 3469 1534 3525 VIII.

1010 3569 1083 3622 De
1131 3578 1293 3632 opera
1342 3574 1643 3614 manuum.

592 3661 827 3729 Quando
847 3659 1051 3714 fratres
1078 3651 1209 3707 ituri
1233 3653 1366 3704 sunt
1390 3646 1461 3700 ad
1490 3660 1661 3716 opera
1682 3660 1975 3713 manuum,
1998 3660 2126 3700 mox

520 3761 586 3812 ut
613 3754 795 3827 prima
820 3748 982 3805 finita
1007 3742 1180 3799 fuerit
1207 3738 1474 3793 inchoent
1500 3734 1776 3827 litaniam.
1798 3734 1944 3827 Post
1971 3733 2127 3827 Papi-

519 3822 705 3901 tulum
734 3844 924 3896 autem
973 3833 1120 3888 illico
1149 3834 1215 3885 ut
1257 3823 1621 3890 surrexerint,
1655 3828 1712 3877 et
1738 3822 1932 3877 tabula
1968 3822 2123 3877 inso-

521 3932 727 3996 nuerit,
753 3926 948 3984 statim
976 3919 1272 3991 incipiant;
1301 3915 1359 3968 in
1390 3912 1586 3984 primis
1609 3911 1810 3982 psalmi
1834 3910 2123 3965 familiaris

520 4038 551 4076 e
572 4019 776 4092 prima,
800 4019 858 4068 et
884 4014 1017 4066 eant
1039 4008 1332 4092 cantantes
1361 3998 1575 4092 pariter
1604 4013 1818 4065 omnes,
1842 4002 1904 4092 ut
1933 3998 2123 4092 nullus

521 4086 597 4165 sit
622 4107 936 4166 excusatus,
992 4096 1162 4151 etiam
1199 4087 1542 4153 cellerarius,
1592 4102 1771 4157 usque
1819 4086 1889 4140 ad
1936 4087 2121 4141 locum

520 4197 723 4271 operis.
749 4194 891 4249 Cum
918 4187 998 4241 ibi
1030 4181 1260 4246 fuerint,
1299 4182 1450 4233 stent
1477 4174 1635 4271 pueri
1669 4174 1914 4271 ordinati
1939 4173 2123 4271 in-an-

518 4261 632 4355 tea,
665 4290 724 4339 et
746 4279 1020 4337 inclinent
1048 4277 1180 4327 ante
1211 4274 1269 4322 et
1293 4270 1466 4319 retro.
1499 4264 1657 4355 Tunc
1665 4261 2115 4355 incipiat-prior,

518 4350 680 4437 Deus,
716 4375 779 4425 in
803 4365 1152 4435 adiutorium
1181 4372 1365 4419 meum
1393 4353 1630 4407 intende.
1664 4350 1854 4405 Tertio
1883 4351 2117 4406 dicendo

520 4470 579 4520 et
606 4462 795 4519 Gloria
823 4454 1001 4510 Patri.
1024 4446 1238 4504 Deinde
1266 4444 1434 4513 Kyrie
1464 4442 1681 4494 eleison.
1715 4441 1880 4492 Pater
1911 4445 2113 4495 noster.

520 4555 587 4608 Et
618 4567 685 4604 ne
715 4562 832 4601 nos.
875 4539 1233 4607 Adjutorium
1281 4536 1554 4586 nostrum.
1592 4529 1662 4582 Et
1686 4532 1821 4582 tunc
1848 4528 2119 4600 incipiant

520 4654 713 4712 opera,
746 4638 804 4688 et
844 4628 1090 4702 psalmos
1116 4623 1214 4678 ubi
1258 4637 1353 4675 eos
1400 4617 1752 4680 dimiserant,
1785 4616 2120 4687 reincipiant

519 4703 648 4786 cum
696 4727 912 4795 septem
958 4713 1191 4788 psalmis
1225 4706 1577 4795 specialibus,
1623 4710 1681 4759 et
1725 4703 2117 4795 quinquegpro

519 4793 816 4874 defunctis.
852 4809 1057 4863 Postea
1098 4814 1323 4877 cursum
1372 4794 1702 4848 canonicum
1731 4809 1857 4847 cum
1888 4793 2117 4864 psalmis

517 4900 890 4963 familiaribus
938 4894 1008 4949 de
1062 4888 1236 4945 horis.
1292 4885 1491 4939 Frater
1538 4881 2009 4937 hebdomadarius
2047 4883 2117 4939 de

517 4995 692 5050 missa
735 4988 887 5043 dicat
922 4974 1200 5035 collectas.
1235 4971 1294 5027 Si
1342 4969 1562 5024 duabus
1605 4968 1815 5023 vicibus
1854 4974 2115 5040 pergunt,

514 5084 594 5140 ibi
622 5083 843 5152 legatur
865 5067 1033 5126 lectio
1062 5065 1131 5119 de
1156 5058 1424 5152 librouqui
1453 5057 1524 5111 ad
1542 5056 1860 5152 prandium
1882 5057 2114 5152 legitur,

515 5175 566 5231 si
593 5145 721 5227 talis
741 5170 845 5227 est,
869 5166 935 5216 ut
951 5154 1188 5211 aediﬁcet
1206 5147 1517 5205 audientes.
1542 5147 1739 5200 Frater
1759 5145 1854 5215 qui
1882 5146 2021 5215 legit
2045 5146 2118 5201 ad

516 5261 849 5320 servitorem
876 5246 1043 5304 debet
1068 5242 1277 5296 librum
1311 5241 1556 5309 portare,
1589 5238 1647 5287 et
1671 5238 1913 5304 exponat
1939 5233 2113 5305 prior,

513 5353 603 5409 vel
624 5349 713 5405 cui
730 5347 854 5418 ipse
873 5331 1108 5411 jusserit
1129 5325 1388 5384 omnibus
1408 5322 1511 5378 sub
1532 5321 2112 5418 silentio-sedentibus.

511 5446 710 5500 Denuo
755 5410 806 5489 si
853 5410 1035 5484 visum
1079 5419 1250 5476 fuerit
1289 5413 1464 5487 priori
1509 5410 1860 5500 utgampilius
1904 5413 2116 5485 aliquid

515 5498 838 5602 operentur,
862 5514 1087 5570 faciant.
1115 5505 1360 5564 Dimisso
1386 5515 1555 5573 opere
1584 5498 1643 5552 in
1671 5499 1957 5556 redeundo
1982 5509 2115 5560 eant

583 5633 698 5706 (50)
739 5627 974 5688 Wantos,
1006 5619 1260 5689 quantos,
1284 5608 1413 5669 Ital.
1436 5609 1655 5680 quanti,
1686 5608 2037 5671 chirothecge,

2212 3118 2271 3173 in
2299 3120 2561 3187 claustro,
2588 3127 2644 3177 et
2668 3139 2860 3177 versus
2879 3122 3118 3188 dicatur,
3149 3123 3469 3177 Benedictus
3500 3138 3571 3181 es.
3595 3121 3800 3177 Psalmi

2207 3208 2509 3265 familiares
2530 3210 2791 3266 dicantur
2811 3211 2870 3266 in
2889 3210 3184 3266 matutinis
3206 3210 3487 3266 laudibus.
3509 3209 3800 3267 Matutine:

2206 3297 2473 3351 Omnium
2500 3299 2853 3369 Sanctorum,
2882 3301 2968 3354 vel
2996 3305 3370 3367 mortuorum,
3401 3314 3517 3353 non
3545 3298 3802 3354 dicantur

2208 3384 2317 3440 nisi
2348 3386 2409 3441 in
2435 3387 2684 3443 ecclesia.

2820 3478 3051 3535 CAPUT
3079 3478 3156 3534 XI
3170 3522 3183 3535 .

2508 3569 2644 3622 Item
2672 3568 2893 3636 quando
2922 3569 3044 3621 itur
3071 3568 3144 3620 ad
3164 3567 3497 3635 pristinum.

2276 3652 2512 3717 Quando
2538 3655 2750 3710 vadunt
2796 3655 2866 3709 ad
2903 3654 3205 3727 pristinum
3247 3654 3494 3725 psalmos
3520 3655 3594 3709 de
3621 3655 3798 3727 prima

2206 3757 2319 3795 non
2347 3742 2651 3810 dimittant,
2683 3744 2782 3799 sed
2812 3750 2940 3816 post
2973 3743 3280 3815 capitulum
3323 3741 3558 3798 abluant
3603 3760 3797 3799 manus

2205 3845 2337 3885 suas
2366 3836 2423 3885 et
2448 3832 2713 3887 inchoent
2739 3833 2987 3904 quinque
3012 3833 3259 3903 psalmos
3286 3848 3388 3903 pro
3416 3832 3716 3901 defunctis,
3747 3836 3799 3886 et

2203 3917 2328 3973 illos
2355 3920 2425 3974 de
2455 3920 2609 3975 horis
2636 3921 2936 3989 canonicis,
2974 3920 3249 3987 videlicet,
3286 3922 3422 3975 Deus
3465 3924 3530 3975 in
3578 3925 3797 3976 nomine

2206 4010 2317 4063 tuo.
2348 4008 2711 4065 Revertentes
2735 4027 2850 4065 non
2879 4011 3071 4081 legant
3092 4009 3409 4075 lectionem,
3438 4009 3549 4065 nisi
3576 4015 3795 4065 tantum

2202 4109 2395 4150 versus
2424 4097 2662 4162 dicatur,
2692 4100 3007 4153 Benedictus
3028 4116 3097 4161 es,
3133 4101 3364 4154 Domine
3392 4100 3555 4165 Deus,
3587 4104 3647 4154 et
3666 4105 3794 4154 ante

2204 4184 2509 4254 capitulum
2538 4191 2689 4241 stent
2715 4186 2958 4241 infantes
2986 4202 3112 4241 cum
3140 4186 3445 4257 magistris,
3469 4187 3716 4258 majores
3738 4187 3793 4243 in

2201 4273 2463 4343 claustro,
2505 4276 2655 4347 quod
2683 4282 2769 4331 est
2788 4278 2952 4348 juxta
2980 4276 3291 4331 ecclesiam.

2801 4384 3034 4439 CAPUT
3065 4381 3191 4437 XII.

2199 4476 2273 4529 De
2287 4480 2474 4545 priore
2495 4482 2821 4534 monasterii
2840 4484 2921 4534 vel
2940 4482 3177 4541 decanis,
3202 4495 3295 4534 seu
3318 4480 3403 4533 his
3421 4482 3521 4549 qui
3544 4482 3788 4537 ordinem

2274 4552 2551 4603 tenuerint
2583 4553 2699 4605 illis
2738 4552 3067 4617 absentibus,
3112 4550 3198 4605 vel
3239 4554 3509 4606 conversis
3555 4556 3789 4621 qualiter

2271 4621 2590 4674 absconsam
2618 4623 2870 4689 deferant
2901 4623 3235 4690 temporibus
3262 4625 3399 4676 suis.

2272 4705 2435 4761 Prior
2454 4708 2538 4762 vel
2565 4708 2811 4763 decanus
2840 4709 3203 4765 claustrensis
3223 4715 3350 4781 post
3367 4710 3786 4781 completorium

2200 4794 2477 4866 accipiens
2504 4796 2837 4852 absconsam
2875 4798 3184 4853 circumeat
3227 4798 3536 4852 claustrum
3577 4799 3658 4854 sic
3697 4815 3790 4871 per

2201 4882 2476 4938 ordinem.
2526 4883 2784 4940 Primum
2811 4886 3262 4953 calefactorium;
3313 4885 3672 4956 postmodum
3711 4904 3789 4941 re-

2200 4972 2492 5028 fectorium
2513 4993 2528 5044 ;
2559 4976 2691 5030 dein
2710 4976 3009 5047 coquinam
3030 4991 3043 5026 :
3068 4976 3252 5030 videat
3271 4976 3319 5029 si
3347 4974 3489 5030 bene
3507 4976 3657 5030 circa
3676 4978 3788 5048 ipsa

2203 5062 2392 5116 omnia
2410 5067 2559 5118 tacta
2572 5071 2723 5119 sunt.
2738 5065 2875 5120 Inde
2896 5082 3026 5120 vero
3045 5065 3104 5119 in
3123 5064 3369 5130 cellario,
3389 5064 3436 5118 si
3455 5065 3652 5119 omnia
3668 5082 3786 5120 con-

2199 5167 2343 5221 grua
2376 5157 2512 5207 sunt
2540 5170 2553 5207 :
2587 5170 2653 5208 ac
2678 5154 2940 5226 deinceps
2981 5171 3017 5209 a
3042 5160 3202 5225 parte
3231 5154 3683 5224 eleemosynariaa
3708 5155 3784 5209 vi-

2197 5239 2329 5293 deat
2353 5257 2548 5297 omnes
2566 5243 2771 5314 januas
2794 5248 2841 5298 si
2866 5245 3101 5299 firmatae
3126 5242 3338 5298 fuerint
3360 5240 3521 5297 bene:
3547 5243 3784 5298 Postmo-

2198 5329 2334 5383 dum
2351 5331 2580 5387 veniens
2608 5332 2668 5386 in
2695 5332 2925 5388 domum
2953 5333 3307 5387 inﬁrmorum
3329 5330 3515 5385 videat
3534 5331 3582 5385 si
3603 5331 3783 5386 omnia

2197 5424 2348 5474 recte
2387 5427 2652 5492 aguntur.
2696 5422 2756 5477 Si
2800 5422 3013 5494 aliquid
3055 5421 3116 5475 in
3160 5421 3405 5476 claustro
3443 5420 3778 5491 negligenter

2194 5507 2490 5580 invenerit,
2513 5512 2571 5568 in
2592 5512 2899 5568 crastinum
2930 5515 3113 5567 servet
3137 5520 3195 5566 et
3225 5510 3297 5565 ad
3317 5509 3621 5581 capitulum
3644 5510 3779 5566 defe-
