3914 6386
120 383 246 442 1257

1285 385 1701 442 DISCIPLINA
1737 385 2159 442 FARFENSIS.

3230 386 3367 445 1258

112 515 206 564 rat.
235 509 312 563 De
354 511 513 563 nocte
552 513 680 580 post
720 507 896 564 trinas
924 509 1206 564 orationes
1246 515 1339 565 eat
1379 510 1554 564 frater
1583 510 1949 581 quiAgenua
1973 510 2225 575 ﬂectunt,
2257 511 2389 562 ante
2417 508 2596 562 altare
2621 506 2909 562 venientes
2943 508 3016 563 ad
3055 509 3265 580 gradus
3297 527 3361 566 se

112 597 340 667 provisor
354 601 439 650 est
457 597 527 651 de
558 597 813 663 inﬁrmis,
839 603 894 652 et
919 597 1101 652 videat
1124 615 1194 652 ne
1222 598 1424 670 aliquis
1449 617 1515 653 ex
1541 599 1678 670 ipsis

108 691 348 756 gravatus
393 703 586 740 somno
626 692 914 742 remaneat
961 688 1019 742 in
1067 689 1209 742 lecto
1251 705 1373 742 suo.
1424 689 1680 743 Decanus

113 773 351 843 praefatus
373 775 455 828 vel
476 775 617 830 alius
637 775 812 830 frater
830 777 918 830 cui
946 777 1200 846 injuncta
1225 783 1310 831 est
1331 793 1485 843 cura,
1511 794 1680 848 quam

115 879 264 934 supra
292 864 715 930 nominavimus,
739 873 831 919 eat
855 865 914 920 in
939 866 1354 931 dormitorium,
1379 883 1449 920 ne
1477 868 1681 938 aliquis

113 968 168 1004 ex
189 952 444 1006 fratribus
467 954 800 1008 remanserit
823 954 879 1008 in
899 948 1117 1009 lectulis
1138 972 1238 1025 per
1256 955 1677 1026 negligentiam,

115 1040 185 1093 vel
219 1057 410 1111 sopore
453 1042 731 1108 detentus,
767 1050 825 1097 et
852 1044 1170 1114 exstinguet
1204 1045 1344 1098 duas
1388 1045 1678 1111 lucernas;

115 1130 316 1184 tertiam
347 1149 468 1202 quae
513 1139 599 1186 est
648 1134 708 1187 in
756 1133 1148 1187 dormitorium
1179 1139 1235 1187 et
1281 1133 1679 1198 necessarium,

115 1216 338 1272 dimittat
391 1227 446 1275 et
468 1222 682 1292 jugiter
707 1239 886 1294 usque
915 1239 1081 1276 mane
1109 1223 1320 1277 ardeat.
1351 1223 1684 1276 Revertatur

117 1307 164 1360 in
187 1309 461 1363 ecclesiam
493 1317 551 1364 et
587 1311 890 1366 circumeat
931 1318 1154 1383 cryptae
1198 1318 1254 1366 et
1283 1311 1534 1365 membra
1574 1312 1685 1365 sin-

115 1396 251 1465 gula,
282 1403 337 1452 et
365 1399 554 1453 videat
582 1401 630 1454 si
659 1400 862 1471 aliquis
893 1402 1042 1469 jacet
1073 1401 1156 1454 vel
1189 1401 1346 1472 sedet
1373 1406 1577 1472 praeter
1605 1401 1688 1454 in-

118 1487 286 1541 ﬁrmos
309 1494 406 1542 aut
427 1489 864 1544 flerthomaticos
883 1489 1338 1562 [phlebotomos].
1360 1491 1418 1545 Si
1439 1491 1685 1560 aliquem

117 1575 266 1629 talem
303 1577 579 1633 invenerit
606 1579 996 1646 dormientem,
1045 1580 1247 1633 excitet
1273 1597 1400 1633 eum
1434 1595 1446 1632 :
1481 1579 1529 1633 si
1557 1596 1685 1634 cum

113 1665 396 1734 gratiarum
425 1667 643 1722 actione
672 1685 782 1721 non
821 1668 1036 1739 recipit,
1065 1668 1123 1722 in
1156 1669 1400 1739 capitulo
1427 1668 1686 1739 querela-

114 1751 263 1811 bitur.
295 1756 615 1828 Eademque
640 1757 808 1812 faciat
838 1757 894 1810 in
920 1757 1163 1812 secundo
1192 1763 1464 1811 nocturno
1486 1763 1544 1810 et
1569 1758 1689 1810 lau-

1760 603 2139 670 prosternant,
2173 598 2350 652 donec
2378 613 2570 668 preces
2599 602 2656 652 et
2684 598 2866 652 oratio
2895 598 3183 654 finiantur.
3204 600 3362 655 Tunc

1762 693 2076 758 surgentes,
2119 687 2454 740 inclinantes
2504 692 2635 740 ante
2679 691 2736 740 et
2773 691 2944 748 retro,
2985 687 3065 741 sic
3101 689 3360 744 omnibus

1762 777 1914 830 horis
1944 776 2167 830 faciant.
2199 775 2257 830 Si
2286 793 2416 829 vero
2444 775 2715 830 festivitas
2742 780 3047 846 antequam
3077 776 3364 833 absolvan-

1761 872 1857 919 tur
1885 864 2152 930 evenerit,
2181 881 2215 918 a
2261 881 2495 935 vespera
2542 881 2719 934 usque
2765 865 2837 918 ad
2865 865 3034 919 aliam
3073 883 3363 938 vesperam

1764 954 1915 1008 omni
1935 953 2328 1008 communione
2351 952 2615 1007 fratribus
2634 953 2920 1007 socientur
2937 968 2948 1002 :
2967 954 3170 1009 missas
3191 957 3364 1010 etiam

1766 1043 1861 1113 qui
1890 1043 2206 1097 sacerdotes
2249 1042 2476 1104 fuerint,
2510 1047 2564 1095 et
2594 1059 2760 1096 omne
2789 1043 2935 1112 quod
2963 1044 3034 1098 ad
3071 1045 3364 1100 servitium

1765 1131 2013 1186 divinum
2063 1131 2324 1202 pertinet.
2361 1131 2643 1184 celebrare
2675 1137 2926 1201 possunt.
2961 1133 3163 1186 Nullus
3209 1134 3365 1204 prior

1763 1220 1925 1275 fratri
1947 1222 2058 1274 tale
2079 1220 2246 1274 debet
2261 1219 2534 1290 judicium
2554 1221 2841 1290 imponere
2858 1222 3108 1292 quandiu
3123 1223 3363 1278 domnus

1766 1309 1936 1363 abbas
1983 1310 2152 1364 fuerit
2189 1309 2246 1362 in
2278 1309 2637 1374 monasterio,
2671 1309 2768 1363 sed
2797 1315 2853 1363 et
2881 1310 2924 1363 si
2957 1313 3362 1382 supervenerit,

1767 1398 1992 1452 interim
2021 1399 2226 1469 poterit
2263 1415 2358 1452 eos
2389 1415 2490 1469 per
2533 1415 2594 1452 se
2623 1399 2950 1469 priusquam
2993 1400 3064 1454 ad
3093 1400 3364 1456 domuum

1768 1487 2031 1542 abbatem
2073 1487 2316 1558 cognitio
2361 1503 2540 1542 causa:
2587 1488 2962 1558 superveniat,
2995 1489 3152 1559 prior
3177 1490 3366 1546 absol-

1766 1595 1914 1632 vere.
1932 1577 2091 1641 Quod
2116 1576 2295 1631 sinon
2317 1576 2510 1630 fecerit
2533 1582 2591 1630 et
2608 1594 2780 1631 unam
2799 1594 2984 1632 coram
3005 1578 3124 1649 ipso
3146 1580 3366 1634 veniam

1768 1666 2010 1736 petierit,
2047 1671 2241 1736 postea
2261 1682 2372 1720 non
2394 1665 2601 1736 poterit
2629 1683 2723 1720 eos
2754 1667 2905 1736 prior
2931 1667 3234 1724 absolvere.
3269 1670 3366 1724 In-

1769 1755 1979 1809 fantem
2000 1755 2168 1809 etiam
2193 1755 2289 1826 qui
2309 1756 2530 1809 steterit
2548 1761 2679 1809 ante
2698 1756 2881 1827 ipsum
2904 1756 3229 1829 [abbatem],
3255 1775 3369 1814 non

114 1842 275 1898 dibus.
304 1845 420 1899 Illis
448 1827 794 1916 temporibus
825 1847 1027 1918 quibus
1055 1846 1411 1900 intervallum
1443 1848 1524 1912 fit,
1557 1847 1686 1900 dor-
1709 1827 1754 1886 Β
1771 1843 1937 1898 debet
1957 1845 2227 1915 magister
2243 1845 2326 1898 vel
2346 1844 2567 1915 aliquis,
2590 1845 2840 1916 quandiu
2859 1845 3013 1901 intus
3031 1847 3153 1918 ipse
3173 1827 3364 1915 fuerit,

114 1931 376 1988 mitorium
402 1941 460 1988 et
488 1935 816 1999 claustrum,
845 1941 902 1989 et
931 1936 1119 1990 omnia
1137 1935 1310 2002 (sicut
1331 1951 1502 2005 supra
1530 1940 1688 1988 taxa-

116 2020 294 2091 vimus)
319 2023 646 2079 circumeat.
677 2023 742 2078 In
771 2025 1070 2079 duodecim
1099 2023 1429 2078 lectionibus
1459 2040 1689 2078 conver-

114 2126 195 2164 sus
221 2112 427 2167 deferat
454 2114 733 2168 laternam
764 2131 863 2185 per
908 2113 1136 2169 tertiam
1166 2115 1463 2177 lectionem
1511 2114 1690 2185 inspi-

114 2199 286 2255 ciendo
307 2219 519 2257 omnes.
539 2201 606 2257 In
623 2204 965 2274 quotidianis
985 2203 1180 2258 diebus
1201 2221 1300 2274 per
1321 2220 1688 2274 unamquam-

116 2305 207 2358 que
235 2291 525 2346 lectionem
574 2292 741 2346 debet
784 2292 1210 2364 circumspicere
1248 2292 1556 2346 universos.
1589 2291 1690 2346 Ille

117 2378 198 2447 qui
243 2397 349 2434 non
405 2398 467 2436 se
523 2382 764 2436 voluerit
816 2381 1086 2436 inclinare
1119 2387 1316 2436 contra
1363 2397 1510 2442 eum,
1558 2386 1688 2434 ante

114 2465 276 2536 ipsum
296 2469 449 2523 illam
470 2475 666 2541 ponat,
691 2471 1000 2542 eademque
1019 2470 1188 2524 faciat
1209 2470 1255 2524 si
1277 2469 1480 2540 aliquis
1499 2469 1689 2523 inven-

117 2560 192 2609 tus
235 2556 398 2612 fuerit
424 2559 771 2625 dormitans;
809 2576 934 2613 mox
963 2559 1058 2613 ille
1100 2564 1166 2613 ut
1193 2558 1494 2612 suscitatus
1522 2557 1694 2612 fuerit

117 2643 329 2715 accipiat
356 2651 414 2700 et
442 2651 554 2712 eat,
580 2652 638 2700 et
661 2647 893 2701 inclinet
931 2664 991 2701 se
1020 2647 1077 2701 in
1109 2646 1355 2700 medium
1378 2645 1532 2699 chori
1565 2662 1693 2699 con-

115 2736 191 2786 tra
207 2734 375 2789 altare
393 2735 734 2806 veniensque
755 2736 824 2790 ad
845 2738 1077 2791 chorum
1099 2737 1163 2790 D.
1191 2734 1410 2789 abbatis
1430 2739 1487 2788 et
1508 2733 1690 2787 denuo

116 2838 166 2874 se
190 2822 437 2878 humiliet
463 2825 536 2879 ad
557 2825 762 2896 ipsum,
788 2831 846 2879 et
867 2825 1174 2879 circumeat
1197 2841 1409 2880 omnes.
1437 2828 1495 2876 et
1512 2838 1694 2876 rever-

115 2915 249 2965 tatur
267 2929 331 2967 ex
353 2914 465 2968 alia
485 2921 646 2985 parte
673 2915 868 2968 eadem
895 2914 1184 2968 intuendo.
1203 2913 1566 2967 Postmodum
1591 2911 1694 2966 cir-

115 3007 316 3055 cumeat
348 3001 476 3056 illos
510 3003 607 3074 qui
642 3003 847 3057 deforis
881 3008 1044 3070 sunt;
1073 3000 1692 3074 exquaesitus[perscru-

1771 1933 1997 1988 mittere
2026 1933 2083 1986 in
2109 1933 2384 2004 judicium
2410 1933 2632 2004 jejunii.

1842 2022 2294 2093 Quotiescunque
2315 2039 2518 2093 pueros
2540 2023 2808 2093 magister
2828 2023 2882 2078 in
2908 2025 3184 2094 judicium
3205 2027 3370 2082 mise-

1769 2111 1862 2175 rit,
1888 2112 2040 2182 prior
2063 2116 2246 2182 potest
2270 2128 2364 2165 eos
2385 2110 2669 2166 absolvere
2693 2113 2813 2166 sine
2832 2112 3056 2167 licentia
3076 2115 3366 2185 magistri:

1770 2201 1958 2255 nullus
1986 2200 2152 2254 debet
2179 2200 2322 2254 alius
2349 2201 2657 2271 quidquam
2682 2218 2783 2254 nec
2803 2201 3046 2272 signum,
3069 2219 3173 2258 nec
3191 2205 3367 2259 ullam

1769 2306 1888 2343 rem
1921 2289 2249 2361 praecipere;
2297 2289 2395 2344 sed
2424 2296 2614 2343 tamen
2643 2289 2735 2344 ille
2783 2291 2879 2361 qui
2907 2297 3064 2346 tenet
3089 2293 3366 2360 ordinem,

1771 2378 1816 2432 si
1849 2379 1900 2433 ei
1930 2379 2107 2433 visum
2137 2378 2311 2433 fuerit
2336 2383 2400 2432 ut
2428 2378 2808 2444 absolvantur,
2841 2380 3066 2451 signum
3097 2383 3369 2454 magistro

1769 2467 1957 2533 faciat,
1991 2473 2055 2521 ut
2088 2467 2464 2522 absolvantur.
2499 2468 2556 2522 Si
2587 2468 2825 2523 domnus
2855 2469 3026 2525 abbas
3055 2471 3230 2526 mittit
3257 2472 3372 2527 fra-

1771 2561 1916 2610 trem
1947 2554 2005 2608 in
2040 2555 2336 2625 judicium,
2370 2556 2417 2609 si
2444 2557 2629 2627 pergit
2654 2556 2857 2612 alicubi
2886 2557 3214 2614 obliviscens
3241 2578 3374 2615 eum

1775 2644 2080 2709 absolvere,
2114 2643 2268 2715 prior
2308 2661 2420 2698 non
2467 2645 2615 2698 valet
2665 2645 2950 2702 absolvere
2978 2664 3126 2702 eum.
3164 2648 3275 2716 (51)
3306 2650 3376 2704 Et

1775 2750 1940 2804 quem
1972 2734 2128 2804 prior
2153 2733 2367 2787 miserit
2393 2733 2452 2786 in
2475 2733 2749 2804 judicium
2779 2736 3024 2790 decanus
3048 2753 3160 2791 non
3190 2740 3375 2807 potest

1775 2823 2061 2877 absolvere
2107 2839 2256 2888 eum,
2307 2822 2414 2876 nisi
2461 2839 2561 2892 per
2612 2840 2772 2877 suam
2830 2824 3132 2878 licentiam.
3176 2825 3376 2880 Frater

1769 2911 1991 2981 juvenis
2020 2911 2068 2964 si
2097 2911 2302 2965 missus
2322 2911 2492 2965 fuerit
2513 2911 2568 2964 in
2598 2912 2703 2964 levi
2732 2913 2897 2983 culpa
2925 2913 3021 2984 qui
3047 2930 3175 2968 cum
3194 2919 3377 2968 custo-

1775 2999 1867 3053 dia
1897 2999 2082 3071 pergit
2099 2999 2326 3070 ubique,
2351 3000 2572 3070 quando
2593 3001 2796 3055 fratres
2817 3003 3137 3070 comedunt,
3161 3003 3280 3074 ipse
3300 3003 3377 3058 sit

113 3093 246 3143 tatus
273 3090 518 3162 singula]
548 3098 719 3162 ponet
762 3109 885 3146 eam
926 3092 984 3146 in
1027 3093 1147 3146 loco
1175 3093 1498 3146 constituto.
1533 3090 1591 3144 Si
1621 3090 1692 3143 ad
1715 3143 1754 3162 η
1775 3088 1833 3142 in
1863 3088 2116 3159 coquina.
2143 3090 2384 3160 Majores
2413 3094 2602 3143 autem
2639 3090 2842 3144 fratres
2863 3095 3016 3146 stent
3034 3091 3092 3145 in
3118 3091 3372 3158 ecclesia,

110 3176 347 3244 juvenem
400 3179 633 3235 fratrem
682 3181 867 3252 posita
911 3181 1099 3246 fuerit,
1150 3181 1246 3234 ille
1298 3179 1692 3234 tantummodo
1713 3176 1756 3203 υ
1775 3178 1859 3231 vel
1889 3178 1948 3231 in
1979 3177 2223 3232 oratorio
2255 3179 2472 3233 Sancta
2501 3178 2711 3233 Mariae.
2746 3180 2943 3234 Frater
2970 3180 3174 3236 missus
3203 3181 3262 3235 in
3293 3181 3376 3236 le-

113 3266 320 3322 chorum
351 3269 676 3337 circumeat,
703 3276 760 3324 et
787 3271 859 3325 ad
886 3271 1096 3341 gradus
1127 3270 1280 3324 illam
1303 3269 1581 3324 restituat.
1606 3267 1693 3321 Ad
1774 3266 1914 3320 viori
1935 3267 2100 3336 culpa
2127 3267 2341 3337 aliquot
2361 3267 2577 3332 diebus,
2605 3267 2650 3321 si
2678 3269 2737 3322 in
2766 3268 2902 3340 ipsis
2925 3268 3074 3324 infra
3091 3271 3378 3325 evenerint

111 3351 328 3412 infantes
356 3375 738 3431 nequaquam.

673 3447 905 3502 CAPUT
943 3446 1075 3502 ΧΙΙῙ
1091 3491 1103 3504 .

254 3537 321 3591 De
354 3539 423 3591 iis
453 3540 554 3607 qui
584 3538 738 3590 tarde
767 3541 1068 3591 occur-runt
1101 3539 1162 3590 in
1191 3539 1520 3590 matorium.

175 3623 226 3679 Si
251 3625 423 3680 frater
465 3631 595 3698 post
623 3627 870 3681 Gloriam
897 3625 1065 3696 primi
1103 3625 1305 3696 psalmi
1333 3624 1568 3690 venerit,
1601 3628 1694 3678 eat

113 3719 228 3768 ante
253 3715 428 3770 altare
459 3715 532 3769 ad
573 3715 783 3786 gradus
826 3721 882 3769 et
919 3714 997 3771 ibi
1039 3731 1225 3785 genua
1252 3731 1353 3768 sua
1392 3716 1601 3783 flectat,
1637 3718 1694 3766 et

114 3803 283 3857 statim
311 3811 527 3876 surgat,
554 3810 611 3858 et
638 3809 850 3876 perstet
878 3820 1057 3875 usque
1077 3804 1211 3858 dum
1240 3803 1542 3857 absolverit
1565 3819 1692 3856 eum

113 3891 264 3960 prior.
293 3893 596 3949 Absolutus
633 3899 800 3965 gyret
836 3900 967 3949 ante
1005 3899 1063 3948 et
1098 3901 1269 3957 retro,
1307 3893 1605 3963 veniatque
1635 3892 1693 3946 in

115 3980 324 4036 chorum
354 3983 410 4037 in
441 3984 627 4037 locum
657 4000 838 4050 suum,
861 3983 1178 4053 iterumque
1199 3983 1414 4036 veniam
1445 3987 1616 4052 petat,
1639 3987 1695 4035 et

115 4082 169 4120 eo
201 4077 460 4140 surgente
508 4086 701 4124 omnes
747 4069 948 4124 fratres
995 4070 1285 4124 inclinent.
1332 4069 1390 4123 Si
1429 4069 1564 4122 foris
1594 4085 1692 4138 pro

114 4155 282 4228 aliqua
322 4159 717 4213 infirmitatula
766 4159 1004 4226 steterit,
1038 4164 1096 4214 et
1136 4175 1248 4213 non
1291 4159 1596 4213 occurrerit
1623 4159 1693 4212 ad

115 4242 283 4301 Gloria
326 4249 495 4320 primi
542 4248 762 4320 psalmi,
804 4249 978 4303 intret
1023 4249 1079 4302 in
1121 4250 1374 4313 chorum.
1420 4254 1478 4302 Ut
1524 4265 1695 4319 supra

115 4331 304 4393 dictum
329 4345 416 4394 est
451 4359 464 4393 :
496 4339 786 4394 absolutus
815 4344 1004 4393 autem
1053 4344 1214 4392 exeat
1251 4338 1401 4392 foras
1446 4342 1502 4391 et
1543 4342 1697 4408 petat

115 4425 312 4482 veniam
333 4445 504 4500 super
527 4445 732 4499 genua,
763 4435 820 4482 et
848 4428 1018 4482 faciat
1041 4428 1347 4482 secundum
1372 4427 1519 4498 quod
1544 4427 1697 4480 infir-

1775 3355 2066 3410 duodecim
2102 3356 2387 3422 lectiones,
2419 3356 2478 3410 in
2508 3356 2713 3428 vigilia,
2751 3364 2815 3412 ut
2841 3358 3095 3412 senuerit
3121 3359 3278 3414 scilla
3304 3359 3379 3414 ad

1777 3461 2053 3516 vesperas,
2087 3445 2196 3499 erit
2223 3445 2533 3500 absolutus.
2566 3447 2701 3500 Post
2728 3464 3012 3519 vesperas,
3065 3447 3114 3502 si
3155 3454 3378 3520 tempus

1771 3533 1944 3588 fuerit
1972 3551 2142 3590 coenae
2172 3541 2228 3590 et
2273 3535 2474 3590 fratres
2519 3536 2706 3604 ierint,
2741 3543 2835 3592 eat
2869 3543 2926 3592 et
2965 3537 3088 3609 ipse
3117 3555 3244 3594 cum
3274 3539 3375 3603 eis,

1775 3623 1906 3678 edat
1949 3630 2004 3679 et
2055 3625 2211 3679 bibat
2260 3626 2533 3696 quidquid
2575 3625 2657 3680 eis
2707 3627 3028 3698 apponitur,
3072 3627 3293 3682 etiamsi
3324 3627 3380 3683 ei
3460 3643 3473 3660 '

1774 3713 1979 3768 vetitus
2003 3720 2089 3768 est
2115 3720 2282 3786 potus
2309 3715 2394 3768 vel
2426 3714 2628 3786 aliquis
2657 3715 2831 3770 cibus.
2856 3717 2921 3770 In
2947 3717 3039 3771 die
3062 3717 3378 3772 festivitatis

1775 3803 2020 3856 celebret
2065 3803 2294 3858 missam
2334 3809 2392 3858 et
2436 3809 2570 3874 agat
2614 3804 2806 3858 omnia
2845 3805 2992 3859 sicut
3036 3805 3152 3859 alii.
3195 3805 3254 3860 Si
3293 3811 3380 3860 est

1775 3892 2135 3962 coquinarius
2161 3892 2340 3964 ipsam
2380 3892 2565 3946 faciat.
2611 3893 2837 3947 Missam
2869 3893 3096 3964 adjuvet
3125 3899 3373 3963 cantare,

1775 3983 1872 4036 sed
1901 4000 2093 4054 pacem
2142 4000 2254 4036 non
2292 3983 2543 4051 recipiet.
2578 3982 2635 4036 Si
2666 3988 2752 4036 est
2780 3982 2984 4036 missus
3012 3983 3082 4036 ad
3112 3983 3377 4038 candela-

1777 4073 1940 4126 brum
1971 4073 2280 4132 ferendum,
2318 4072 2500 4142 ipsum
2529 4076 2731 4142 portet.
2775 4070 2832 4125 Si
2862 4071 3034 4125 fuerit
3061 4071 3265 4126 missus
3303 4072 3376 4127 ad

1775 4161 2210 4232 responsorium,
2241 4177 2352 4214 non
2388 4160 2642 4230 imponat
2674 4159 2812 4230 ipse,
2846 4158 2943 4213 sed
2972 4159 3146 4213 alium
3182 4159 3386 4215 subro-

1774 4255 1869 4320 get
1891 4251 1982 4320 qui
2010 4250 2194 4320 ipsum
2211 4248 2453 4302 officium
2479 4248 2730 4318 impleat.
2746 4249 3052 4303 Transacta
3073 4248 3375 4304 festivitate

1777 4345 2092 4393 revertatur
2122 4339 2181 4392 in
2216 4355 2375 4392 suam
2405 4337 2820 4409 pmnitentiam.

2380 4428 2613 4483 CAPUT
2649 4427 2766 4481 XV.

113 4513 265 4570 mitas
292 4518 342 4572 ei
367 4518 660 4590 permittit.
697 4520 840 4573 Item
869 4518 1046 4572 frater
1076 4517 1122 4571 si
1151 4517 1368 4571 venerit
1395 4517 1465 4570 ad
1497 4517 1691 4570 horam
1717 4501 1759 4558 D
1776 4519 1870 4572 Ast
1893 4520 2079 4585 gravis
2108 4518 2258 4572 hunc
2280 4534 2486 4572 morem
2517 4518 2917 4572 monachorum
2943 4521 3111 4586 exigit
3137 4536 3370 4574 omnem.

112 4610 226 4671 post
257 4607 444 4662 Gloria
495 4607 662 4678 primi
711 4607 913 4679 psalmi
951 4607 1037 4661 vel
1087 4607 1460 4678 qualicunque
1511 4605 1688 4675 [supp.

113 4694 369 4769 tempore]
399 4695 786 4767 supervenerit
813 4700 1024 4766 postea,
1055 4711 1234 4766 usque
1259 4695 1329 4748 ad
1360 4695 1525 4761 Kyrz'e
1564 4695 1694 4747 elei-

114 4797 217 4845 son,
249 4785 328 4838 sic
356 4785 520 4840 debet
549 4785 760 4839 intrare
788 4783 939 4838 intus
967 4801 1038 4838 ne
1066 4790 1249 4838 totum
1281 4783 1496 4854 perdat,
1523 4787 1579 4837 et
1604 4788 1696 4837 eat

112 4868 164 4924 in
188 4871 303 4928 loco
332 4874 636 4928 constituto
660 4874 837 4928 donec
862 4873 1202 4928 absolvatur.
1230 4873 1390 4936 Quod
1417 4873 1465 4926 si
1490 4872 1695 4943 persti-

114 4959 232 5013 terit
250 4962 320 5016 ad
338 4969 515 5017 totam
536 4964 753 5028 horam,
782 4963 829 5017 si
850 4962 1052 5017 fratres
1073 4964 1307 5016 ﬂectunt
1324 4978 1509 5032 genua
1529 4978 1698 5033 super

117 5046 330 5119 formas,
353 5052 473 5124 ipse
490 5052 660 5106 faciat
682 5069 853 5124 super
873 5053 1101 5124 gradus.
1120 5052 1351 5123 Expleta
1372 5052 1509 5106 hora
1529 5051 1702 5106 disce-

117 5135 203 5192 dat
227 5140 434 5214 absque
459 5143 640 5214 jussu.

695 5231 928 5288 CAPUT
962 5231 1108 5288 XIV.

243 5321 414 5392 Gulpa
444 5324 573 5379 levis
604 5323 707 5378 tali
734 5326 1055 5390 stringatur
1083 5324 1147 5376 in
1173 5322 1366 5376 ordine
1393 5322 1546 5389 facti.

178 5407 398 5466 Fratres
453 5412 548 5484 qui
585 5429 685 5484 pro
723 5411 831 5466 levi
884 5411 1050 5483 culpa
1098 5409 1404 5466 secundum
1444 5410 1696 5480 regulam

117 5505 437 5568 separantur
474 5518 506 5556 a
541 5518 758 5569 mensa,
800 5501 879 5556 sic
923 5501 982 5556 in
1037 5500 1281 5555 oratorio
1327 5499 1696 5554 satisfaciant.

119 5583 247 5641 Cum
267 5595 394 5660 post
411 5591 780 5662 psalmodiam
802 5590 872 5645 ad
893 5606 1085 5662 preces
1104 5589 1201 5644 alii
1221 5606 1280 5644 se
1299 5588 1591 5655 inclinant,
1614 5587 1700 5642 vel

1848 4607 2082 4670 Quando
2110 4623 2336 4676 gravem
2365 4607 2538 4661 frater
2561 4605 2763 4678 aliquis
2795 4608 3102 4663 committit
3129 4610 3372 4680 culpam,

1776 4695 1847 4750 ad
1894 4696 2249 4767 praesentiam
2298 4696 2490 4750 domni
2531 4696 2748 4751 abbatis
2795 4713 2908 4752 non
2955 4697 3123 4753 debet
3164 4699 3373 4765 venire,

1775 4785 1952 4839 donec
1979 4789 2207 4838 vocatus
2234 4784 2306 4837 ad
2351 4801 2481 4838 eum
2510 4784 2696 4840 fuerit.
2729 4786 2784 4840 Si
2816 4791 3005 4840 autem
3047 4787 3167 4858 ipse
3204 4788 3378 4842 fratre

1777 4873 2061 4929 nesciente
2104 4873 2505 4943 supervenerit,
2545 4879 2675 4928 ante
2721 4874 2908 4945 ipsum
2952 4881 3107 4946 petat
3156 4876 3376 4931 veniam

1777 4965 1954 5018 donec
1992 4979 2122 5017 eum
2151 4979 2184 5016 a
2215 4979 2274 5015 se
2314 4961 2559 5032 ejecerit.
2606 4963 2675 5016 Et
2711 4963 2792 5018 sic
2819 4969 3100 5035 exspectet
3125 4965 3378 5036 quandiu

1784 5054 1855 5108 ad
1896 5050 2286 5124 pmnitentiam
2327 5066 2455 5104 eum
2494 5050 2733 5105 domnus
2770 5051 2942 5106 abbas
2981 5052 3189 5107 mittat.
3221 5054 3379 5108 Tunc

1778 5142 2134 5197 discalciatus
2156 5146 2215 5194 et
2243 5139 2426 5193 nudus
2453 5139 2512 5193 in
2539 5145 2874 5195 conventum
2905 5141 3110 5208 veniat,
3127 5149 3378 5214 accepto-

1780 5247 1888 5302 que
1928 5229 2136 5301 judicio
2191 5229 2340 5295 illuc,
2391 5227 2487 5282 ubi
2531 5229 2875 5283 consuetudo
2929 5229 3116 5297 fuerit,
3166 5231 3374 5298 veniat,

1778 5319 2037 5374 videlicet
2062 5319 2121 5373 in
2151 5317 2514 5382 auditorium,
2546 5326 2606 5370 et
2642 5317 2840 5372 calciet
2868 5334 2928 5372 se
2955 5324 3125 5390 atque
3153 5321 3377 5388 vestiat,

1781 5414 1838 5463 et
1868 5413 2186 5463 revertatur
2208 5407 2267 5461 in
2297 5406 2624 5478 capitulum,
2652 5412 2783 5461 ante
2818 5407 3086 5462 domnum
3115 5407 3379 5465 abbatem

1780 5498 2000 5552 veniam
2031 5501 2187 5569 petat
2217 5515 2228 5550 :
2279 5497 2400 5568 ipso
2441 5495 2676 5567 jubente
2708 5496 3061 5567 ingrediatur
3100 5498 3161 5554 in
3199 5501 3381 5571 poeni-

1781 5587 2040 5653 tentiam,
2075 5593 2133 5642 et
2181 5588 2374 5641 statim
2419 5591 2484 5641 ut
2525 5603 2590 5640 ex
2635 5585 2878 5659 capitulo
2926 5587 3125 5643 exierit
3166 5590 3382 5662 operiet

183 5692 286 5766 (51)
317 5696 452 5763 Quae
488 5703 802 5772 sequuntur
839 5697 987 5754 inter
1015 5713 1188 5753 uncos
1217 5697 1402 5768 posita
1433 5713 1498 5752 ex
1530 5711 1634 5751 ms.
1667 5697 1855 5754 codice
1886 5693 2137 5750 Farfensi
2166 5693 2464 5771 desumpta
2487 5699 2638 5754 sunt.

347 5795 610 5864 ernon.
664 5799 780 5867 CL.

3068 5796 3147 5864 40
