3914 6392
576 302 711 376 1.2.59

1632 298 1982 352 GUlDONlS
2020 289 2326 350 ABBATIS
2365 289 2761 344 FARFENSIS

3713 295 3863 352 1260

570 432 740 498 caput
785 444 969 496 suum,
1022 435 1080 481 et
1121 427 1266 495 sicut
1311 426 1527 500 Regula
1570 427 1709 495 (cap.
1756 419 1825 480 25
1874 430 1930 476 et
1973 423 2163 492 seqq.)
2185 415 2488 518 Alnsuper
2516 414 2685 467 etiam
2716 413 2907 467 omnia
2935 431 3057 484 quae
3097 415 3209 469 illis
3239 424 3371 471 sunt
3399 403 3859 489 necessaria‘ipsi

565 509 823 585 praacipit
845 516 966 583 sine
991 515 1243 586 jussione
1273 513 1463 566 domni
1495 511 1711 566 abbatis
1731 509 1918 565 nullus
1945 511 2013 563 ad
2041 526 2167 565 eum

554 596 756 675 frater
785 589 1080 673 jungatur.
1135 602 1394 668 Quandiu
1446 601 1502 654 in
1549 601 1876 672 poenitentia
1919 605 2024 656 est.
2057 613 2166 654 non

569 691 757 744 veniat
783 691 840 760 in
874 693 1202 762 capitulum,
1241 691 1346 744 nisi
1377 691 1514 743 'duas
1547 688 2078 755 vices;-ingrediens
2113 694 2171 740 et

551 781 882 850 ’egrediens.
917 779 1373 849 Quandocunque
1410 780 1665 849 pulsatur
1693 779 1914 848 signum
1957 777 2024 828 ad
2067 777 2166 828 ho-

570 862 711 932 ram,
741 865 1038 938 postquam
1061 884 1254 921 omnes
1276 867 1330 920 in
1355 867 1642 920 ecclesiam
1668 866 1923 920 venerint
1941 865 2162 928 fratres,

555 951 830 1027 cooperto
860 958 1041 1027 capite
1069 957 1255 1010 veniat
1292 957 1362 1008 ad
1403 956 1608 1009 ostium
1638 955 1901 1019 ecclesiae,
1933 959 1989 1007 et
2017 959 2167 1006 tam-

569 1045 664 1100 diu
681 1038 1072 1110 stet'crectus,
1097 1054 1153 1099 et
1177 1045 1358 1115 capite
1379 1051 1692 1114 coopertus,
1718 1045 1894 1097 donec
1923 1044 2072 1096 dicto
2093 1042 2163 1096 ad

545 1130 757 1205 'preces
787 1132 844 1188 in
868 1135 1035 1188 choro
1058 1135 1224 1201 Kyrie
1245 1136 1440 1186 eIez’son
1472 1133 1742 1186 inclinent
1769 1133 1991 1185 fratres.
2008 1133 2165 1184 ‘l‘unc

563 1218 732 1293 caput
767 1222 1157 1292 discooperiat,
1201 1229 1258 1275 et
1297 1225 1491 1274 contra
1527 1221 1752 1284 ostium,
1789 1221 1872 1272 vel
1910 1219 2162 1273 omnium

545 1306 799 1382 vestigia
830 1311 1080 1366 fratrum
1140 1317 1454 1381 prcstratus
1499 1311 1703 1379 jaceat,
1745 1309 1922 1362 donec
1979 1308 2162 1361 omnis

563 1403 869 1456 conventus
921 1402 1161 1454 fratrum
1215 1405 1392 1452 exeat.
1439 1400 1595 1452 Tunc
1644 1399 1846 1451 iterum
1901 1403 2159 1467 cooperto

538 1486 845 1564 'capit'e'ad
899 1487 1214 1543 solitarium
1257 1488 1443 1541 locum
1475 1487 1679 1549 veniat,
1715 1488 1916 1557 sicque
1943 1486 2159 1539 tamdiu

560 1578 748 1645 faciat,
781 1577 977 1662 ‘doqec
1024 1577 1100 1630 ad
1158 1576 1666 1630 reconciliationem
1714 1576 1772 1629 in
1825 1582 2159 1628 convent-um

541 1667 786 1721 'vocat'us
823 1661 1013 1720 fuerit
1094 1665 1434 1734 Egressurus
1495 1664 1563 1717 'de
1625 1665 1749 1733 ipsa
1807 1661 2157 1734 poenitentia,

2252 519 2352 572 per
2371 519 2431 555 se
2464 502 2707 556 habeant
2733 503 2808 557 ibi
2834 522 2844 555 :
2875 505 3100 574 quando
3119 511 3343 576 tempus
3372 509 3542 562 fuerit
3563 509 3856 579 loquendi,

2252 592 2584 662 possuntibi
2608 592 2760 662 loqui
2788 612 2800 657 ;
2845 599 2999 646 extra
3024 595 3273 650 scholam
3303 603 3582 667 nusquam
3613 599 3858 668 loquan-

2251 689 2362 734 tur.

2322 770 2528 823 Diebus
2598 769 2799 840 quibus
2856 772 3056 826 fratres
3110 773 3420 844 loquuntur
3482 776 3539 829 in
3604 777 3857 830 claustro

2250 865 2441 920 exacta
2470 865 2630 914 sexta
2657 876 2934 930 nusquam
2970 862 3274 931 loquantur
3299 880 3478 934 usque
3513 865 3647 918 dum
3686 867 3857 937 pueri

2235 955 2462 1010 exeant,
2473 953 2530 1002 et
2555 949 2706 1002 dicat
2734 965 2878 1003 unus
2909 961 2974 1003 cx
2999 951 3080 1004 eis
3104 953 3199 1022 qui
3223 953 3418 1022 junior
3437 960 3522 1007 est
3545 956 3856 1008 Benedictio

2248 1039 2363 1090 alta
2404 1055 2551 1091 voce.
2597 1038 2704 1101 Qui
2735 1039 2984 1092 sederint
3031 1040 3090 1093 in
3132 1041 3378 1112 capitulo
3415 1048 3670 1114 tempore
3701 1045 3857 1097 locu-

2247 1126 2415 1180 tionis
2445 1143 2557 1179 non
2587 1127 2889 1196 loquantur
2919 1129 3226 1199 quidquam
3256 1131 3428 1184 intus.

2319 1215 2520 1288 Nullus
2574 1217 2749 1269 frater
2801 1216 2945 1270 alius
3001 1219 3147 1274 lavet
3199 1218 3384 1289 capita
3419 1220 3694 1284 invicem,
3753 1222 3850 1275 sed

2245 1303 2631 1373 unusquisque
2660 1315 2830 1358 suum"
2857 1304 3019 1360 lavet.
3056 1306 3228 1362 Pueri
3257 1307 3517 1362 similiter
3546 1309 3764 1364 faciant
3792 1311 3849 1366 in

2243 1393 2432 1445 schola
2479 1409 2598 1448 sua.
2640 1393 2803 1447 Feria
2858 1400 3060 1463 quarta
3113 1401 3169 1457 et
3222 1397 3459 1452 sabbato
3501 1405 3743 1469 possunt
3790 1419 3848 1454 se

2242 1482 2474 1535 tondere
2504 1481 2560 1535 in
2591 1481 2799 1536 schola.
2841 1483 2928 1537 Ad
2957 1483 3192 1546 mixtum
3244 1485 3303 1539 in
3349 1501 3450 1540 suo
3495 1487 3614 1542 loco
3652 1488 3727 1541 ad
3761 1495 3848 1542 ta-

2242 1569 2431 1624 bulam
2463 1575 2594 1624 ante
2623 1577 2681 1624 et
2724 1577 2875 1624 retro
2906 1572 3209 1638 inclinent;
3249 1574 3448 1629 eadem
3478 1575 3689 1631 faciant
3717 1584 3850 1647 post

2243 1660 2496 1712 mixtum.

539 1755 766 1810 iterum
795 1754 980 1809 nudus
1019 1760 1076 1808 et
1119 1753 1472 1807 discalciatus
1505 1753 1688 1808 veniat
1727 1753 1782 1805 in
1825 1752 2152 1822 capitulum,
2175 1778 2221 1837 B
2312 1750 2369 1804 Si
2403 1751 2603 1803 fratres
2620 1755 2821 1820 quarta
2841 1752 2928 1804 vel
2947 1757 3102 1808 sexta
3123 1753 3262 1807 feria
3281 1770 3340 1808 se
3367 1753 3586 1818 radent,
3609 1762 3847 1826 propter

545 1851 621 1898 ut
650 1843 807 1915 prius
833 1843 988 1896 venit
1020 1860 1031 1894 :
1066 1853 1124 1895 et
1169 1847 1393 1913 accepto
1429 1841 1642 1911 judicio
1680 1855 1915 1910 surgens
1959 1841 2156 1893 vestiat
2241 1839 2343 1891 hoc
2375 1839 2784 1908 processionem
2815 1840 3038 1894 solitam
3071 1858 3183 1895 non
3196 1842 3527 1909 dimittunt;
3559 1850 3664 1899 nec
3693 1845 3748 1899 si
3771 1846 3843 1900 ad

556 1934 831 1988 cucullam
863 1937 919 1985 et
953 1931 1200 1986 tunicam
1232 1937 1389 1983 suam
1423 1937 1478 1984 et
1508 1936 1826 2000 prosternat
1850 1947 1910 1983 se
1939 1928 2156 1982 abbatis

537 2006 978 2098 'pedibus.'Nani
1009 2020 1128 2090 ipso
1155 2019 1512 2090 praecipiente
1543 2025 1703 2074 exeat
1729 2020 1878 2072 foras
1904 2018 1960 2071 in
1993 2019 2156 2072 audi-

550 2109 781 2176 torium,
813 2110 1011 2164 calciet
1039 2126 1096 2162 se
1128 2114 1183 2162 et
1225 2109 1443 2170 vestiat,
1475 2115 1531 2162 et
1559 2114 1874 2162 revertatur
1901 2108 1957 2160 in
1996 2108 2150 2178 capi-

533 2201 753 2265 ‘t‘ulum,
786 2199 1005 2253 veniam
1037 2205 1193 2269 petat
1221 2203 1350 2250 ante
1381 2197 1663 2262 abbatem,
1687 2204 1744 2251 et
1767 2197 2000 2267 j-ubente
2027 2197 2147 2266 ipso

548 2291 642 2344 eat
668 2289 863 2343 sedere
893 2288 1246 2342 novissimus.
1281 2288 1356 2340 Ex
1387 2293 1520 2341 tunc
1548 2304 1650 2357 per-
1685 2287 1875 2344 omnia
1903 2287 2046 2343 sicut
2087 2287 2145 2340 in

527 2379 762 2447 ‘Regula
791 2377 1062 2448 scriptum
1093 2381 1179 2430 est
1203 2378 1389 2446 (1.051.)
1420 2375 1633 2444 faciat]

1137 2483 1371 2546 CAPUT
1407 2483 1548 2545 XVI.

541 2577 616 2630 De
653 2575 880 2640 diversis
907 2573 1325 2626 definitionibus
1356 2574 1435 2623 rel
1479 2573 1866 2638 qualitatibus,
1901 2589 2018 2639 qmc
2055 2575 2148 2639 agi

874 2649 1077 2713 Oportet
1106 2648 1168 2696 in.
1199 2645 1448 2697 carnobt'is
1480 2645 1815 2709 degentibus.

609 2734 837 2788 Fratres
868 2733 1001 2787 siin
1030 2738 1222 2786 aestate
1249 2737 1378 2802 post
1399 2721 1628 2792 nonam,
1662 2731 1746 2783 vel
1774 2737 1900 2800 post
1929 2730 2140 2784 scillam

517 2821 981 2894 "VeSpertinalem
1031 2819 1315 2873 voluerint
1364 2818 1551 2872 bibere
1591 2819 1950 2889 absynthium
2009 2836 2135 2873 cum

513 2911 700 2965 'mell'e
738 2911 996 2970 mixtum,
1024 2909 1173 2962 dicto
1203 2910 1365 2961 Pater
1395 2913 1593 2968 noster,
1627 2914 1789 2961 sonet
1817 2907 2132 2978 cymbalum

2240 1941 2440 1997 corpus
2467 1927 2847 1996 recipiendum
2881 1929 2965 1982 vel
2994 1931 3377 2000 sepeliendum
3411 1938 3635 1988 exeunt.

2310 2018 2368 2071 Si
2398 2016 2668 2086 sepelitur
2703 2017 2909 2086 aliquis
2941 2027 3197 2074 mortuus
3226 2021 3295 2075 de
3323 2021 3478 2084 foris,
3513 2021 3612 2075 ubi
3639 2031 3840 2092 proce-

2234 2105 2376 2162 dunt
2400 2105 2619 2168 fratres,
2650 2115 2750 2175 pro
2780 2106 2878 2160 illa
2898 2109 3250 2176 processione
3278 2126 3392 2166 non
3417 2118 3715 2166 remaneat
3741 2112 3836 2166 illa

2232 2195 2302 2248 de
2323 2195 2556 2262 jejunio.

2300 2285 2365 2338 In
2397 2284 2508 2338 XII
2541 2284 2891 2350 lectionibus,
2924 2288 3182 2342 sacerdos
3215 2287 3312 2358 qui
3339 2287 3448 2342 fert
3474 2287 3832 2344 thuribulum

2228 2391 2330 2444 per
2348 2374 2568 2437 altaria,
2592 2376 2738 2428 lerat
2757 2375 2896 2429 illud
2917 2377 3126 2430 domno
3149 2377 3339 2431 abbati
3364 2397 3376 2443 ;
3411 2378 3458 2431 si
3477 2377 3640 2432 deest
3659 2378 3832 2434 abbas

2228 2469 2416 2532 portet
2432 2462 2627 2533 priori.
2651 2470 2707 2516 et
2729 2464 2778 2516 si
2806 2465 2960 2533 prior
2979 2465 3138 2520 abest
3158 2466 3357 2520 reddat
3379 2467 3518 2526 illud
3537 2477 3828 2522 oOnverso.

2232 2552 2300 2605 Et
2325 2550 2421 2605 ille
2447 2552 2544 2604 det
2569 2551 2809 2621 primum
2841 2554 3138 2620 sacerdoti,
3187 2554 3317 2609 dein
3345 2556 3541 2610 dextro
3570 2555 3754 2612 choro.
3777 2562 3831 2611 et

2229 2641 2382 2694 lmvo.
2417 2641 2555 2694 Dein
2596 2643 2827 2710 juvenes
2861 2643 3104 2708 fratres,
3147 2644 3243 2714 qui
3273 2643 3346 2702 ad
3369 2643 3647 2698 formulas
3676 2650 3830 2699 stant

2225 2732 2442 2799 dextro,
2489 2737 2547 2783 et
2597 2730 2668 2783 ad
2712 2731 2864 2800 ipsos
2913 2731 3175 2797 infantes,
3225 2735 3281 2788 et
3318 2731 3390 2786 ad
3435 2731 3576 2787 alios
3623 2733 3730 2802 qui
3772 2733 3827 2788 in

2220 2822 2467 2884 sinistra,
2491 2821 2724 2889 juvenes
2755 2828 2812 2874 et
2840 2833 3063 2886 pueros.

2289 2907 2529 2960 Privatis
2569 2904 2768 2960 diebus
2797 2906 2865 2959 ad
2895 2907 3130 2961 missam
3166 2910 3439 2978 majorem
3483 2909 3532 2963 si
3577 2910 3822 2966 domnus

530 3002 704 3071 prior,
739 3005 795 3054 et
829 3005 976 3062 eant,
1014 3003 1070 3051 et
1097 2997 1287 3050 omnia
1318 3001 1571 3062 agantur-
1597 2997 1761 3052 sicuti
1791 3011 1907 3050 mos
1941 3004 2027 3050 est
2061 2998 2128 3050 ad
2216 2999 2388 3052 abbas
2409 3000 2588 3065 adest,
2622 2999 2728 3070 ipsi
2749 2999 3034 3052 deferatur
3054 2997 3112 3051 in
3143 2997 3340 3067 primis
3368 2999 3726 3056 oilettorium
3755 3000 3820 3054 ad

532 3087 862 3143 éharitatem
923 3086 1036 3158 ('52-)
1098 3087 1167 3139 de
1206 3085 1518 3150 collatione,
1559 3093 1762 3154 praeter
1801 3087 2122 3142 lectionem.
2155 3091 2579 3166 Cotferendam.
2615 3090 2814 3144 Sinon
2846 3094 2949 3153 est,
2983 3086 3178 3156 priori.
3217 3087 3280 3142 Si
3301 3087 3455 3157 prior
3497 3088 3682 3154 deest,
3729 3090 3818 3144 det

529 3179 987 3246 Quandocunqu'e
1016 3177 1154 3229 haec
1205 3175 1335 3228 talis
1391 3176 1453 3228 fit
1503 3175 1747 3228 charitas
1796 3175 1919 3245 ipsa
1974 3181 2134 3229 nocte
2217 3179 2430 3232 decano
2455 3178 2806 3232 claustrensi.

522 3267 770 3337 amplius
807 3273 921 3319 non
970 3271 1056 3318 est
1104 3265 1354 3318 facienda
1383 3264 1494 3317 alia
1544 3283 1557 3316 :-
1609 3281 1898 3334 nunquam
1926 3265 1986 3317 in
2011 3278 2128 3317 uno
2285 3268 2350 3321 In
2379 3269 2575 3322 diebus
2603 3269 2757 3322 festis
2788 3284 2927 3338 puer
2956 3266 3100 3320 ferat
3137 3271 3354 3321 textum
3389 3265 3656 3322 omnibus
3702 3267 3810 3323 fra-

517 3341 617 3409 Edie
647 3355 863 3408 dua‘bus
904 3354 1114 3408 vicibus
1144 3353 1460 3425 pulsabitur
1491 3353 1812 3424 cymbalum
1842 3353 1908 3406 ad
1941 3353 2128 3405 obari-
2210 3358 2390 3412 tribus
2416 3376 2516 3429 per
2546 3359 2800 3424 chorum,
2825 3372 3065 3426 cumque
3095 3355 3451 3425 deportatum
3483 3355 3580 3421 sit,
3601 3373 3810 3426 praepa-

525 3447 719 3498 t'atem.
2209 3454 2366 3500 ratus
2384 3464 2527 3500 unus
2545 3464 2844 3501 conversus
2873 3446 3106 3499 indutus
3123 3444 3251 3498 alba
3268 3445 3550 3515 suscipiat,
3575 3451 3636 3498 et
3663 3445 3806 3498 ferat

567 3519 570 3522 1
595 3533 653 3587 Si
675 3533 889 3604 aliquid
907 3532 1211 3603 apponitur
1229 3531 1302 3585 ad
1325 3548 1576 3585 mensam
1600 3531 1670 3582 de
1696 3530 1850 3583 novis
1870 3530 2125 3599 frugibus

513 3624 592 3678 ad
648 3613 1106 3684 benedicendum,
1165 3621 1412 3692 primum
1471 3620 1740 3674 recitetur
1777 3620 1846 3672 de
1885 3619 2120 3674 lectione

512 3725 665 3766 unus
698 3717 908 3779 Versus,
925 3711 1140 3764 deinde
1169 3699 1393 3763 dicatur
1415 3707 1746 3761 benedictio.

589 3802 647 3856 Si
665 3801 842 3855 frater
863 3801 1184 3871 generalem
1205 3799 1542 3867 scripturam
1566 3797 1700 3849 facit
1717 3812 1818 3866 per
1835 3796 2116 3850 licentiam

511 3890 704 3945 damni
723 3891 960 3954 abbatis,
981 3891 1100 3959 ipso
1119 3887 1352 3958 jubente
1372 3892 1558 3956 potest
1572 3886 1858 3940 dimittere
1874 3887 2118 3956 psalmos

505 3981 839 4046 familiares,
877 3979 1047 4033 etiam
1097 3979 1325 4030 missam
1375 3975 1762 4028 matuti-nalem
1811 3981 1866 4027 et
1908 3975 2114 4046 princi-

509 4071 734 4140 palem;
756 4069 888 4122 Haec
918 4067 1028 4120 tria
1063 4081 1175 4119 non
1215 4067 1348 4119 sunt
1385 4063 1471 4116 illi
1499 4063 1852 4125 dimittenda,
1895 4065 2115 4132 litania,

513 4158 800 4212 offerenda
826 4163 880 4210 et
911 4155 1094 4226 vigilia
1129 4153 1497 4208 mortuorum.

582 4247 932 4302 Fa‘sciolatbs
966 4244 1074 4313 (53)
1103 4259 1214 4297 non
1251 4242 1486 4297 intrabit
1510 4243 1626 4297 ullo
1658 4243 1822 4297 modo
1855 4243 2030 4306 frater
2055 4242 2112 4298 in

511 4339 841 4391 claustrum.
865 4334 1030 4389 Pueri
1052 4333 1146 4404 qui
1170 4349 1281 4386 non
1310 4333 1498 4386 valent
1516 4339 1742 4403 portare
1761 4333 2110 4394 charitatem,

2209 3537 2468 3590 omnibus
2499 3537 2780 3590 stantibus
2806 3537 2876 3589 de
2907 3535 3042 3588 foris
3071 3533 3360 3588 fratribus.

2276 3627 2476 3681 Frater
2503 3627 2692 3680 exiens
2735 3627 2804 3689 de
2845 3626 3012 3690 domo
3037 3623 3396 3678 inﬁrmorum
3424 3628 3549 3693 post
3576 3623 3800 3680 satiata-

2203 3718 2445 3770 ctionem
2477 3719 2680 3770 factam
2722 3716 2781 3768 in
2812 3714 3077 3785 capitulo,
3107 3718 3293 3784 potest
3329 3712 3452 3782 ipso
3479 3712 3570 3767 die
3601 3730 3798 3770 canere

2203 3807 2454 3871 missam,
2488 3807 2535 3859 si
2564 3805 2730 3867 velit;
2766 3805 2897 3874 quia
2928 3802 3182 3874 quandiu
3206 3801 3390 3862 fuerat
3417 3801 3475 3855 in
3498 3802 3704 3858 cellula
3724 3803 3797 3856 in-

2201 3898 2514 3960 ﬁrmorum,
2544 3895 2622 3949 ibi
2653 3911 2764 3947 non
2797 3893 3174 3964 permittimus
3194 3907 3395 3946 canere
3425 3891 3677 3948 missam.

2271 3987 2498 4048 Novitii,
2531 3985 2665 4038 dum
2695 3984 2896 4044 fratres
2931 3981 3147 4036 fuerint
3167 3981 3225 4034 in
3249 3981 3514 4051 capitulo,
3548 3980 3659 4049 ipsi
3689 3980 3793 4036 sint

2198 4073 2256 4128 i'n
2295 4075 2552 4145 coquina.
2584 4075 2632 4127 A
2679 4073 3004 4126 Pentecoste
3039 4079 3220 4140 usque
3271 4069 3338 4122 ad
3385 4069 3706 4134 adventum,
3747 4069 3789 4123 si

2197 4165 2492 4218 duodecim
2525 4163 2793 4216 lectiones
2822 4159 3112 4214 evenerint
3139 4159 3208 4211 in
3225 4157 3478 4223 sabbato,
3507 4164 3565 4212 et
3592 4159 3654 4213 in
3681 4167 3790 4213 cra-

2196 4254 2344 4306 stino
2375 4255 2452 4307 sit
2478 4253 2751 4306 mutanda
2782 4249 3035 4315 historia,
3067 4248 3127 4302 in
3156 4247 3392 4314 sabbato
3415 4246 3638 4314 dicatur
3674 4253 3784 4302 tota

2197 4359 2427 4412 vespera
2458 4344 2527 4395 de
2555 4347 2766 4395 sancto.

619 4433 705 4480 est
759 4426 916 4479 fialas
963 4420 1250 4494 [phialas],
1297 4422 1366 4475 ad
1419 4439 1690 4485 mensam,
1733 4439 1844 4476 non
1890 4418 2176 4490 tergantD
2266 4434 2462 4486 Frater
2489 4439 2721 4484 cantans
2748 4441 2913 4484 suum
2942 4426 3381 4500 responsorium,
3625 4442 3779 4483 versu

509 4531 712 4570 manus
756 4531 887 4569 suas
934 4514 1002 4568 ad
1042 4514 1235 4567 zallam
1272 4511 1378 4578 (54)
1425 4512 1483 4565 in
1523 4511 1612 4565 die
1650 4511 2009 4565 sabbatorum
2051 4510 2108 4562 in
2193 4522 2424 4576 inclinet
2452 4539 2511 4574 se
2535 4520 2770 4574 cameris,
2803 4521 3026 4573 Fratres
3056 4517 3153 4588 qui
3181 4518 3346 4586 longe
3383 4521 3516 4570 sum
3541 4515 3775 4571 ordinati

505 4605 773 4680 εδβίίυίο·
2192 4619 2322 4665 ante
2365 4620 2423 4665 et
2459 4618 2611 4665 retro
2659 4611 2896 4666 faciant;
2920 4609 3088 4663 Pueri
3114 4623 3244 4661 vero
3272 4607 3333 4660 in
3369 4605 3639 4660 sedilibus
3666 4605 3773 4660 suis

577 4695 952 4766 Ρσίρεινυθι*
997 4693 1195 4746 radere
1245 4706 1409 4744 suum
1459 4689 1794 4759 πιδείεινυπη
1843 4689 1890 4742 εί
1938 4689 2101 4742 "alet
2189 4701 2392 4755 debent
2413 4701 2682 4754 inclinare
2701 4717 2760 4754 se
2782 4695 3771 4770 perunumquemqueﬂuandovem

499 4785 747 4842 Puerum
799 4785 895 4854 qui
944 4787 1074 4837 ante
1133 4781 1392 4835 abbatem
1446 4779 1696 4832 comedit
1746 4795 1856 4832 non
1884 4793 1888 4796 '
1917 4779 2105 4833 mittat
2187 4791 2291 4864 ipsi
2322 4791 2524 4845 dicturi
2555 4797 2692 4844 sum;
2719 4790 3106 4860 γεροηεοινίυω
3135 4803 3359 4857 semper
3384 4791 3590 4856 Syram;
3616 4801 3770 4840 versu

501 4876 777 4956 magister
797 4873 853 4928 in
871 4873 1168 4944 judicium,
1194 4871 1242 4924 si
1273 4871 1394 4941 ipse
1424 4869 1600 4921 adest.

2245 4887 2332 4934 cto
2359 4899 2372 4932 :-
2403 4889 2436 4933 a‘
2463 4881 2702 4934 lectione
2731 4887 2918 4934 autem
2946 4878 3130 4932 eundo
3158 4882 3215 4930 et
3239 4875 3526 4929 redeundo
3557 4890 3769 4944 semper

541 4965 738 5020 'Pueri
765 4963 1005 5018 habeant
1025 4963 1090 5015 in
1122 4960 1315 5014 schola
1337 4958 1536 5021 libros,
1567 4956 1782 5009 rasoria
1813 4973 1940 5010 cum
1969 4974 2100 5011 scu-

2245 4971 2449 5024 clinent
2485 4987 2544 5023 se
2575 4969 2836 5033 infantes,
2871 4969 3042 5021 etiam
3073 4982 3270 5021 omnes
3287 4965 3510 5030 fratres,
3535 4964 3764 5017 maxime

497 5055 648 5110 tellis
667 5061 722 5108 et
751 5055 890 5108 ollas
915 5052 984 5106 ad
1006 5051 1190 5120 capita
1213 5049 1436 5101 illorum
1459 5045 1714 5098 lavanda.
1735 5043 1878 5108 Quid
1900 5047 2060 5116 plura
2073 5047 2096 5099 Τ
2178 5059 2278 5122 ίῃί,
2298 5060 2393 5130 qui
2410 5075 2580 5129 super
2602 5059 2812 5113 formas
2831 5057 3098 5112 sederim,
3114 5055 3198 5109 Ad
3220 5055 3491 5118 domuum
3514 5053 3761 5116 abbatem

573 5199 675 5261 (5,2)
709 5198 1048 5270 Charitelen:
1075 5192 1432 5270 appellarunt
1460 5188 1723 5270 haustum
1752 5188 2096 5270 viniﬁprzct-er
2177 5209 2224 5256 et
2257 5206 2498 5270 fasriolis
2527 5205 2600 5255 ad
2637 5205 2961 5266 monasterii
2993 5203 3287 5255 introitum
3325 5203 3470 5266 petat
3505 5201 3753 5270 ironiam,

493 5259 717 5344 Sﬁllium
738 5259 1026 5344 Πῖοιξξιέιῖξδ
1043 5259 1460 5344 E30l_lé(‘ssu,"l~d,e
1478 5277 1586 5334 (1υο
1605 5259 1766 5330 Plura
1782 5259 1837 5312 ίη
1853 5259 2086 5314 ΟοΠδῙίΐ-
2176 5259 2321 5344 quod
2358 5275 2593 5327 fasciolre
2623 5263 2803 5343 genus.
2834 5274 3122 5328 llmftenus
3151 5287 3277 5324 cum
3313 5259 3603 5339 pedulibus
3633 5285 3755 5322 con—

491 5336 836 5418 Ηίνδτιυερυι
857 5336 1488 5418 υὶδοίιῆ..[λυ-χοξίρῃςὶζ.
1717 5401 1772 5418 m
1882 5401 1892 5410 .
1942 5407 1954 5418 Δ

2245 5346 2374 5410 adit,
2410 5354 2471 5399 ut
2509 5336 2749 5399 advortit
2773 5346 2840 5398 Υ.
2877 5347 2936 5398 C.
2970 5345 3044 5397 du
3073 5345 3283 5412 Gange,
3313 5336 3496 5395 Gloss.
3526 5341 3671 5395 med.
3707 5343 3755 5391 et

557 5361 694 5410 ll'SBU
715 5361 754 5392 J.
780 5361 836 5393 et
858 5361 1078 5408 υιδυψι.
1111 5361 1288 5388 humu
1306 5361 1488 5412 Icum.”
1882 5401 1892 5410 .
2171 5361 2374 5410 tuna",
2410 5363 2423 5398 ι

557 5413 666 5483 (53ν
688 5361 1018 5483 Ιὲληεσίοιαεχιβ
1045 5428 1058 5460 :
1084 5406 1150 5483 id‘
1169 5406 1237 5458 de
1261 5404 1522 5483 fasciolas
1550 5401 1860 5483 cruralibus
1880 5402 2086 5482 intelli-
2170 5418 2268 5470 ίηῇ
2303 5419 2423 5470 Lat.

483 5476 752 5555 gendum.
786 5499 856 5535 ne
885 5476 1454 5556 scilicetfraterdum
1481 5476 1880 5556 nioptisteriuin
1906 5476 2087 5542 ingre-

2245 5489 2353 5556 (54).
2380 5492 2538 5543 Zalla
2588 5494 2730 5544 torte
2769 5504 2802 5542 a
2832 5486 3002 5546 veteri
3047 5486 3325 5552 Theodico
3357 5487 3582 5550 swa-l-a,
3629 5483 3752 5542 Ger-

484 5545 639 5630 ξῐίωπ
662 5555 834 5625 pedes.
857 5552 1042 5630 fascis
1073 5551 1283 5615 cinctos
1311 5549 1530 5630 habet
1563 5545 1717 5630 1-11.99!
1742 5552 2085 5630 οίιυὲυιυηθδί

2245 5545 2384 5628 inice
2405 5562 2625 5623 :lL‘elen,
2663 5545 3118 5630 manutmgium;
3148 5549 3155 5552 .
3181 5545 3187 5551 .
3217 5547 3240 5552 ,,
3274 5545 3284 5552 _
3311 5546 3320 5552 _

484 5626 541 5680 in
573 5617 835 5679 Consuct.
866 5617 1138 5688 Cluniae,
1170 5638 1289 5694 cap.
1328 5618 1412 5675 6'2.
1441 5620 1515 5673 Ut
1541 5617 1741 5670 ablatis
1772 5619 2080 5672 calcaribus
2277 5623 2282 5628 ’
2496 5617 2500 5620 ⁷
2609 5617 2621 5623 ⁷
2692 5617 2718 5622 ”
2859 5617 2878 5620 ”
2921 5617 2961 5638 ν’
