3914 6356
120 365 245 427 1265

1301 371 1715 433 DISCIPLINA
1752 376 2171 444 FARFENSIS.

3237 397 3376 459 1266

111 495 172 549 de
195 492 592 595 fratribusncui
619 493 792 595 abbas
817 495 1054 568 jusserit
1090 499 1241 570 legat
1274 501 1421 557 hanc
1461 503 1947 577 schedu—Aquam
1978 508 2130 564 soliti
2160 511 2386 568 fuerant
2412 513 2536 569 aliis
2573 514 2790 585 diebus,
2819 522 2878 573 et
2905 521 3089 591 portio
3133 530 3375 595 ponetur

109 584 211 637 lam
241 602 254 638 :
291 602 314 636 ι
340 584 459 654 Ego
484 583 658 639 frater
685 585 785 640 Ille
820 586 990 641 oll'ero
1026 588 1175 643 hunc
1203 607 1438 661 puerum
1466 592 1692 648 nomine

113 692 132 722 ι
169 673 319 728 Illius
346 688 476 728 cum
500 673 781 729 oblatione
808 675 868 729 in
898 693 1088 742 manu,
1113 685 1284 750 atque
1304 680 1692 751 petitione,al-

109 779 132 812 ι
168 762 299 816 taris
325 762 479 833 palla
503 765 626 834 ejus
656 780 885 819 manum
902 765 1211 823 involutam
1239 769 1311 823 ad
1336 786 1541 825 nomen
1562 788 1688 825 san-

109 868 133 902 ε
168 856 399 918 ctorum,
432 868 670 923 quorum
724 853 815 908 hic
894 856 1146 927 reliquiae
1209 859 1585 925 continentur,
1637 865 1693 915 et

110 959 131 990 ι
167 939 351 994 domni
381 941 601 996 abbatis
645 944 972 1013 praesentis:
1004 945 1167 1001 trado
1214 963 1402 1001 coram
1453 948 1692 1004 testibus

109 1046 130 1079 ι
161 1029 492 1099 regulariter
517 1046 975 1102 permansurum;
1007 1033 1085 1088 ita
1116 1039 1181 1088 ut
1208 1034 1279 1089 ab
1316 1036 1422 1089 hac
1458 1036 1549 1090 die
1578 1053 1691 1090 non

109 1136 128 1167 ι
164 1116 324 1171 liceat
340 1118 425 1172 illi
457 1119 662 1174 collum
687 1121 756 1175 de
786 1121 890 1176 sub
913 1123 1050 1193 jugo
1077 1124 1284 1193 regulas
1298 1125 1693 1179 excutere.Sed

111 1222 138 1257 ι
167 1207 342 1278 magis
370 1208 624 1279 ejusdem
650 1211 857 1280 regulae
874 1211 1116 1265 fideliter
1135 1229 1194 1266 se
1217 1219 1517 1283 cognoscat
1536 1212 1694 1268 insti-

109 1314 129 1345 ι
166 1300 283 1349 tuta
309 1313 555 1365 servare,
603 1303 661 1353 et
712 1299 951 1354 Domino
999 1316 1126 1355 cum
1172 1303 1387 1356 caeteris
1439 1303 1692 1373 gratanti

108 1403 128 1433 ι
164 1383 346 1438 animo
377 1386 640 1442 militare.
662 1404 688 1440 ν
704 1388 826 1452 Qua
855 1389 1100 1459 perlecta
1126 1390 1293 1445 detur
1310 1391 1369 1445 in
1386 1392 1544 1463 pueri
1566 1408 1690 1447 ma-

103 1488 196 1527 nus
221 1473 360 1544 ipsa,
384 1481 443 1528 et
472 1475 671 1531 offerat
691 1493 819 1531 cum
848 1477 1149 1543 oblatione,
1172 1485 1229 1533 et
1249 1485 1383 1534 tunc
1396 1480 1568 1536 abbas
1597 1498 1687 1535 ac-

102 1561 255 1633 cipiat
282 1565 708 1620 custodiendam
735 1582 882 1623 eam.
911 1567 970 1622 Si
990 1568 1335 1624 laiciadsunt
1358 1575 1679 1641 praesentes,

101 1651 445 1719 advocentur,
480 1659 545 1708 ut
581 1654 808 1710 videant
847 1661 901 1711 et
933 1657 1182 1723 audiant,
1225 1663 1291 1713 ut
1333 1659 1448 1714 sint
1484 1665 1677 1714 testes.

99 1740 239 1794 Tunc
257 1740 433 1796 abbas
473 1743 640 1797 debet
682 1744 1015 1800 benedicere
1052 1749 1327 1802 cucullam
1380 1753 1436 1803 et
1479 1749 1685 1804 vestire

1774 612 1875 664 per
1893 605 2121 653 cunctos
2148 599 2353 657 fratres
2379 603 2501 658 sine
2530 605 2720 660 sonitu
2749 607 3069 665 scillm.Alio
3094 611 3185 668 die
3204 615 3372 670 satis-

1772 683 2071 743 factionem
2101 689 2270 745 faciat
2294 691 2352 745 in
2378 693 2621 764 capitulo
2635 702 2689 750 et
2705 695 2957 754 absolvat
2983 718 3109 756 eum
3133 704 3373 760 domnus

1773 773 1980 830 abbas:
2015 784 2073 831 et
2089 778 2136 833 si
2171 778 2343 835 abbas
2362 798 2476 837 non
2506 788 2611 850 est,
2644 784 2813 841 faciat
2836 788 2952 853 ille,
2982 791 3078 860 qui
3116 792 3372 850 ordinem

1772 867 1945 919 tenet.
1974 866 2109 921 Post
2134 868 2442 939 capitulum
2471 877 2703 928 cantent
2720 876 2967 947 quinque
2995 880 3241 950 psalmos
3269 899 3370 954 pro

1773 951 2050 1009 defunctis
2073 974 2086 1010 :
2109 955 2313 1012 deinde
2339 975 2440 1030 pro
2476 960 2600 1031 ipso
2627 961 2802 1017 fratre
2833 965 2929 1035 qui
2960 966 3252 1024 absolutus
3269 951 3372 1026 est

1774 1042 2055 1111 psalmum
2099 1046 2373 1110 Miserere,
2416 1049 2586 1116 Kyrie
2614 1053 2831 1115 eleison,
2863 1055 3029 1109 Pater
3060 1062 3260 1113 noster.
3300 1060 3371 1113 Et

1776 1146 1844 1183 ne
1871 1146 1987 1187 nos.
2021 1134 2364 1205 Capitulum.
2397 1136 2629 1193 Salvum
2647 1140 2738 1207 fac
2757 1157 2997 1198 servum.
3018 1146 3175 1199 Mitte
3192 1149 3369 1216 εἰβο-

1774 1221 1945 1275 mine.
1980 1222 2251 1278 Dominus
2301 1227 2599 1281 vobiscum.
2648 1228 2997 1299 Omnipotens
3037 1237 3366 1302 sempiterno

1774 1307 1930 1370 Deus,
1965 1313 2222 1365 miserere
2237 1314 2455 1380 famulo
2486 1320 2597 1373 tuo.
2617 1317 2744 1388 Ipso
2773 1318 2863 1374 die
2892 1322 3248 1391 praestantius
3273 1324 3366 1380 de-

1772 1395 1906 1452 bent
1933 1398 2139 1454 habere
2162 1399 2366 1456 fratres
2390 1404 2446 1457 in
2478 1406 2793 1461 refectorio.

2357 1491 2591 1549 CAPUT
2627 1495 2776 1551 XIX.

1766 1574 1910 1642 Quid
1936 1592 2096 1645 agere
2118 1578 2303 1633 debeat
2322 1582 2717 1656 refectorarius
2745 1589 2828 1641 vel
2850 1591 3019 1656 pueri
3032 1589 3169 1644 dum
3195 1595 3367 1647 servi-

2360 1657 2498 1707 tores
2520 1655 2756 1722 fuerint.

1839 1735 1898 1790 Si
1929 1736 2226 1792 servitores
2256 1745 2390 1795 sunt
2430 1743 2611 1813 pueri,
2658 1743 2766 1816 ipsi
2802 1745 3009 1803 debent
3045 1749 3233 1807 lavare
3269 1768 3367 1808 co-

98 1841 340 1894 puerum,
365 1831 424 1881 et
443 1827 595 1882 illico
615 1828 884 1900 incipiant
913 1831 1257 1887 offerendam
1286 1833 1491 1899 misse,
1510 1839 1566 1888 et
1595 1834 1672 1888 in-

1765 1824 2017 1880 chleares
2064 1832 2122 1880 et
2150 1844 2416 1900 scopare:
2450 1832 2845 1889 refectorarius
2882 1853 3010 1892 vero
3041 1853 3244 1909 panem
3280 1858 3366 1897 re-

98 1913 206 1967 fans
234 1915 543 1970 collocetur
570 1934 697 1971 cum
728 1919 872 1974 aliis,
899 1921 1039 1975 Cum
1056 1922 1237 1976 aetatis
1258 1927 1480 1994 tempus
1496 1939 1685 1977 ροηδε·
1703 1913 1745 1923 "
1770 1913 1975 1984 cipere.
2009 1916 2066 1970 Si
2086 1916 2245 1987 pueri
2267 1918 2489 1985 desunt,
2524 1937 2670 1976 unus
2696 1923 2766 1977 de
2787 1925 3152 1982 servitoribus
3198 1929 3368 1986 debet

98 2001 346 2056 arationis
375 2005 626 2072 venerit;
648 2008 925 2061 cucullam
956 2026 1068 2063 non
1096 2016 1265 2064 exuat
1293 2010 1344 2063 ei
1365 2009 1557 2075 abbas,
1584 2011 1685 2065 sed
1769 2004 2024 2059 COChleaS
2048 2006 2253 2072 lavare.
2285 2013 2454 2079 atque
2499 2009 2815 2081 fragmenta
2860 2030 2890 2067 θ
2946 2016 3158 2070 meDSiS
3203 2035 3366 2075 resu-i

97 2090 482 2159 professionem
510 2094 661 2165 legat
690 2112 816 2150 cum
839 2098 1052 2152 caeteris
1081 2104 1249 2169 atque
1293 2099 1684 2154 benedictione
1768 2108 1940 2147 mere-
1986 2094 2054 2148 Et
2094 2099 2283 2150 tamen
2328 2097 2398 2151 de
2446 2098 2706 2155 omnibus
2753 2100 2919 2156 debet
2953 2104 3366 2174 providentiam

97 2177 229 2253 data,
252 2181 400 2240 sicut
427 2199 551 2239 mos
580 2190 667 2241 est
691 2185 939 2241 mittatei
956 2188 1233 2259 capellum
1254 2188 1313 2241 in
1326 2193 1495 2259 caput
1514 2194 1685 2259 atque
1768 2180 1975 2236 habere
2005 2184 2418 2249 refectorarius.
2448 2203 2521 2241 ne
2538 2187 2967 2260 sitnegligentia
2988 2192 3208 2264 aliqua;
3232 2196 3366 2267 quia

96 2274 380 2328 osculetur.
414 2275 499 2329 De
524 2275 741 2347 reliquo
763 2276 931 2332 faciat
963 2278 1110 2331 sicut
1128 2276 1223 2331 alii
1243 2278 1466 2335 fratres.

639 2366 873 2421 CAPUT
909 2364 1116 2422 XVIII.

95 2453 157 2505 De
195 2455 483 2507 cellerario
528 2453 969 2518 hebdomadario,
1022 2457 1286 2525 quomodo
1325 2456 1681 2510 administret

522 2543 799 2610 fratribus
830 2545 893 2596 in
920 2544 1225 2609 refectorio.

152 2628 212 2684 In
236 2631 498 2686 omnibus
526 2631 818 2686 duodecim
846 2632 1177 2688 lectionibus
1199 2637 1255 2687 et
1274 2632 1416 2687 feria
1437 2633 1608 2688 tertia
1622 2639 1680 2688 et

95 2721 274 2791 quinta
297 2728 355 2777 et
379 2720 614 2777 sabbato
643 2721 700 2775 in
725 2721 921 2792 primis
954 2728 1198 2793 ponatur
1246 2739 1281 2776 a
1328 2721 1672 2776 senioribus:

94 2810 379 2866 secundam
428 2810 976 2865 administrationem
1031 2811 1126 2865 det
1175 2811 1499 2866 cellerarius
1547 2828 1676 2865 cum

94 2897 552 2967 hebdomadariis,
619 2899 921 2971 incipiatur
982 2916 1017 2954 a
1063 2900 1398 2955 novissimis.
1429 2900 1677 2954 Tertiam

93 2987 276 3044 fratres
313 2988 653 3061 coquinarii,
698 2988 1065 3059 similiterque
1107 3005 1141 3043 a
1174 2989 1495 3059 junioribus
1542 2989 1678 3042 inci-

92 3076 249 3147 piant.
259 3078 325 3133 Et
344 3079 393 3132 si
407 3078 732 3132 cellerarius
744 3077 992 3148 aliquam
1010 3078 1340 3150 pietantiam
1353 3077 1468 3149 (61)
1482 3079 1678 3133 fecerit

1765 2270 1813 2323 si
1834 2270 2023 2337 fuerit,
2048 2274 2412 2345 superipsum
2430 2275 2671 2331 venient.
2696 2276 2760 2331 1n
2774 2277 2882 2333 XII
2902 2280 3234 2338 lectionibus
3252 2301 3369 2339 ser-

1764 2358 1969 2413 vitores
1997 2377 2128 2415 mox
2158 2369 2223 2416 ut
2243 2364 2551 2419 secundum
2576 2382 2791 2421 morem
2810 2368 3016 2438 squilla
3028 2369 3362 2441 insonuerit,

1764 2450 2073 2504 secundum
2089 2452 2441 2522 pulmentum
2468 2454 2737 2526 [portent]
2762 2474 2774 2509 :
2808 2456 2903 2511 ille
2927 2458 3364 2534 [refectorarius]

1763 2537 1969 2604 veniat,
2004 2544 2061 2593 et
2089 2539 2201 2594 ictu
2229 2541 2511 2611 percutiat
2540 2543 2773 2598 scillam.
2811 2545 3001 2601 Infans
3037 2547 3085 2602 si
3120 2566 3366 2620 pmsens

1761 2625 1931 2680 fuerit
1959 2628 2054 2698 qui
2074 2645 2200 2683 cum
2224 2629 2335 2684 alio
2347 2630 2499 2684 venit
2519 2632 2590 2685 ad
2612 2632 2933 2703 legendum,
2950 2636 3193 2708 accipiat
3209 2639 3367 2710 phia-

1760 2715 1873 2768 lam
1904 2720 1961 2769 et
1985 2722 2181 2787 potum
2215 2719 2492 2790 propinet.
2516 2720 2580 2774 In
2620 2720 2820 2790 primis
2869 2724 3230 2780 refectorario
3270 2744 3362 2783 so-

1759 2810 1932 2859 nante
1960 2806 2242 2876 squillam,
2275 2807 2323 2860 si
2348 2824 2489 2878 puer
2519 2809 2780 2873 defuerit,
2811 2811 2981 2867 faciat
3007 2813 3128 2884 ipse
3154 2816 3241 2870 vel
3270 2817 3363 2872 cui

1760 2892 2026 2947 annuerit
2035 2894 2103 2947 de
2123 2894 2507 2949 servitoribus.
2529 2896 2855 2973 Meridianis
2876 2901 3221 2971 temporibus
3238 2902 3362 2975 ipse

1759 2983 1993 3037 misceat
2018 2999 2257 3054 aquam:
2287 2984 2359 3038 ad
2391 3000 2600 3039 nonam
2629 3002 2755 3040 cum
2785 2987 3220 3059 septimanariis,
3261 2994 3359 3064 qui

1759 3087 1825 3125 ex
1850 3071 1962 3125 alia
1988 3072 2343 3127 hebdomada
2371 3073 2618 3128 fuerunt.
2653 3075 2940 3131 Justitiam
2969 3077 3162 3133 domni
3189 3079 3359 3137 abba-

92 3145 270 3236 postea
293 3167 595 3222 inchoetur
624 3184 659 3221 a
684 3145 876 3221 tabula
907 3145 1100 3222 domni
1128 3145 1374 3222 abbatis.
1413 3145 1671 3222 Secunda
1692 3145 1736 3205 ο
1754 3160 1827 3215 tis
1852 3161 2102 3232 quotidie
2116 3160 2329 3229 abluat,
2353 3168 2411 3216 et
2424 3168 2722 3234 postquam
2744 3164 3060 3236 cymbalum
3081 3170 3353 3241 sonuerit,

90 3253 231 3321 feria,
261 3271 315 3310 1v
341 3256 503 3319 feria,
533 3270 590 3310 v1
618 3256 758 3310 feria
797 3256 856 3310 in
901 3256 1098 3327 primis
1133 3256 1556 3311 hebdomadarii
1600 3258 1671 3311 ad

92 3345 288 3400 scillam
312 3346 560 3405 veniant.
598 3350 655 3399 et
673 3345 996 3399 cellerarius
1015 3363 1143 3400 cum
1176 3362 1298 3413 sua,
1340 3363 1510 3415 quam
1532 3362 1673 3401 nun-

90 3448 344 3504 cupamus
411 3434 762 3505 pietantiam,
815 3450 849 3487 a
922 3433 1200 3505 prioribus
1255 3434 1505 3506 incipiat,
1550 3436 1671 3490 sine

88 3523 256 3577 sonitu
286 3524 481 3588 scillae,
510 3529 566 3577 et
598 3524 801 3578 fratres
838 3523 1227 3595 septimanarii
1261 3540 1424 3579 suum
1463 3524 1599 3579 dent
1633 3542 1669 3579 a

87 3610 387 3666 novissimis
419 3612 767 3677 inchoantes,
802 3621 858 3668 et
900 3615 1259 3685 postmodum
1295 3613 1517 3683 signum
1547 3614 1665 3684 pul-

86 3704 197 3752 sent
213 3716 337 3755 cum
367 3700 596 3756 licentia
642 3702 712 3756 ad
750 3719 1065 3774 vesperum.
1099 3702 1333 3767 Quando
1372 3718 1541 3769 poma
1578 3702 1665 3756 vel

84 3786 253 3845 herba:
285 3790 676 3862 imponuntur,
707 3797 1004 3863 postquam
1048 3807 1246 3846 mensa
1287 3791 1457 3845 fuerit
1492 3790 1664 3845 bene-

84 3875 229 3943 dicta,
247 3885 301 3934 et
321 3895 520 3933 omnes
540 3879 742 3934 fratres
760 3880 1029 3944 sederint,
1044 3880 1372 3952 deportetur
1387 3896 1418 3933 a
1438 3880 1665 3934 cellera-

81 3965 155 4019 rio
172 3983 297 4022 cum
326 3985 431 4024 suo
456 3968 602 4023 socio
625 3968 682 4023 in
703 3969 899 4040 primis
918 3969 1253 4034 senioribus,
1278 3974 1337 4023 et
1356 3985 1579 4039 semper
1603 3969 1662 4023 in

83 4058 372 4112 scutellulis
402 4058 744 4128 deportetur.
772 4058 1007 4122 Quando
1039 4063 1172 4112 sunt
1199 4074 1371 4128 parva
1400 4074 1585 4128 poma,
1603 4058 1664 4112 in

81 4146 306 4201 canistro
348 4147 583 4212 deferat,
636 4152 692 4201 et
740 4147 1125 4218 unusquisque
1164 4147 1468 4201 secundum
1515 4147 1665 4217 quod

80 4232 279 4299 viderit,
304 4235 385 4291 sic
404 4235 658 4307 accipiat.
691 4235 775 4290 Ad
815 4236 1058 4291 infantes
1114 4242 1302 4291 autem
1359 4241 1552 4307 postea
1604 4236 1663 4290 in

81 4325 297 4379 scutella
327 4325 563 4390 deferat,
596 4330 654 4379 et
679 4325 775 4380 det
793 4325 912 4397 ipse
932 4325 1229 4396 unicuique
1251 4331 1419 4396 prout
1441 4324 1657 4389 viderit,

79 4409 313 4485 Denique
342 4415 464 4486 ipse
479 4414 801 4469 cellerarius
832 4414 1000 4470 debet
1018 4414 1315 4485 deportare
1332 4414 1661 4485 pietantiam

1754 3250 1841 3303 vel
1858 3250 1978 3321 ipse
2007 3250 2280 3305 assederit
2306 3268 2533 3320 mensae,
2565 3253 2755 3307 omnia
2782 3253 3352 3327 deportet.Fratrum,

1756 3339 1852 3410 qui
1874 3356 1940 3393 ex
1969 3340 2172 3395 itinere
2192 3340 2447 3408 redeunt,
2472 3341 2640 3396 debet
2657 3342 2846 3397 lavare
2874 3345 2994 3416 ipse
3034 3346 3351 3417 justitiam;

1753 3428 1963 3483 Zallam
2005 3429 2120 3499 (63)
2162 3434 2332 3500 atque
2365 3429 2570 3485 baciles
2618 3431 2733 3501 (64)
2776 3432 2969 3487 domni
2994 3433 3232 3502 abbatis,
3269 3438 3354 3491 vel

1749 3517 1928 3581 illam,
1958 3534 2081 3588 quae
2110 3518 2381 3589 deputata
2409 3525 2495 3574 est
2517 3525 2750 3591 propter
2776 3538 3055 3593 pauperes
3078 3524 3167 3579 vel
3188 3541 3355 3596 pere-

1746 3605 1940 3675 grinos
1956 3606 2178 3671 fratres,
2204 3606 2323 3677 ipse
2352 3606 2558 3662 habeat
2581 3609 2684 3663 sub
2705 3625 2808 3664 sua
2835 3610 3109 3667 custodia.
3131 3612 3349 3670 Panum

1748 3694 2016 3748 librarum
2051 3694 2391 3768 [al.libram]
2422 3697 2542 3767 ipse
2562 3704 2765 3769 purget
2791 3698 3027 3754 abomni
3040 3700 3346 3759 fuscedine.

1746 3783 2007 3838 Linteum
2044 3789 2235 3838 tamen
2264 3784 2335 3838 ad
2363 3785 2548 3856 ipsum
2579 3802 2721 3856 Opus
2749 3786 3082 3857 deputatum
3120 3790 3192 3843 ad
3233 3792 3348 3846 col-

1746 3870 1862 3926 lum
1893 3887 2117 3943 semper
2144 3872 2349 3928 habeat
2377 3890 2555 3945 usque
2584 3875 2719 3929 dum
2739 3875 2997 3947 inspiciat
3021 3883 3272 3934 cunctos.

2339 3980 2581 4036 CAPUT
2625 3981 2744 4035 XX.

1745 4069 1994 4135 Qualiter
2012 4069 2161 4122 debet
2186 4071 2314 4136 ﬁeri
2337 4070 2559 4195 quggzddo
2584 4074 2913 4125 conventuri
2964 4076 3099 4126 sunt
3126 4074 3201 4127 ad
3252 4090 3344 4129 ra-

2550 4158 2665 4195 um.

2550 4158 2665 4196 um.

1815 4228 1995 4284 Debet
2018 4245 2164 4284 unus
2194 4229 2370 4285 frater
2396 4229 2484 4283 vel
2504 4230 2616 4285 duo
2644 4229 2853 4286 habere
2876 4232 3193 4304 injunctum
3217 4238 3343 4293 offi-

1745 4318 1891 4373 cium
1923 4317 2266 4371 rasoriorum
2292 4318 2695 4386 acuendorum,
2711 4325 2881 4391 atque
2900 4322 3343 4393 colligendorum

1744 4408 1815 4461 ad
1844 4406 2109 4461 scrinium
2140 4405 2237 4460 ubi
2264 4413 2651 4477 reponuntur;
2685 4413 2744 4462 et
2781 4408 2902 4479 ipse
2942 4409 3110 4465 debet
3138 4429 3343 4483 procu-

78 4514 138 4555 ex
162 4503 436 4573 pisciculis
456 4519 584 4560 cim
611 4504 777 4558 socio.
803 4505 861 4558 Si
884 4520 1067 4575 poma,
1092 4520 1219 4558 cum
1243 4504 1653 4558 refectoriario:

1758 4513 1875 4551 rare
1902 4495 2153 4549 tonsoria
2183 4495 2255 4549 ad
2284 4495 2421 4549 illud
2450 4512 2589 4567 opus
2619 4496 2907 4568 deputata,
2940 4505 2998 4553 et
3033 4500 3184 4556 intra
3209 4502 3344 4558 dor-

78 4592 283 4659 quando
312 4594 486 4656 olera,
536 4593 703 4647 faciat
730 4594 1064 4648 hortulanus
1093 4609 1218 4647 cum
1251 4609 1335 4647 eo.
1366 4593 1435 4647 Et
1453 4593 1498 4647 si
1528 4610 1663 4647 neu-

75 4692 157 4733 ma
187 4682 291 4749 (6'2)
322 4683 547 4745 efficiat,
581 4699 708 4737 cum
735 4683 912 4737 fratre
950 4682 1046 4753 qui
1083 4699 1253 4753 super
1280 4682 1545 4737 horreum
1576 4688 1660 4736 est

75 4772 416 4825 constitutus.
440 4772 509 4826 Et
543 4772 766 4843 quando
805 4771 1097 4826 cellerario
1129 4772 1306 4826 visum
1343 4771 1528 4838 fuerit,
1556 4788 1657 4843 po-

75 4859 174 4911 test
209 4876 371 4930 quem
400 4860 519 4931 ipse
550 4861 683 4915 velit
710 4861 779 4915 de
807 4861 1075 4915 fratribus
1100 4877 1328 4915 evocare
1373 4866 1430 4914 et
1475 4862 1659 4915 facere

74 4958 188 4999 cum
210 4963 301 5005 eo.
339 4946 483 5003 Item
514 4949 738 5019 quando
768 4949 1075 5020 capitulum
1103 4965 1265 5003 suum
1297 4949 1466 5004 fuerit
1506 4966 1658 5021 prae-

74 5035 399 5103 nuntiatum,
421 5037 542 5108 ipso
571 5037 662 5092 die
690 5037 856 5092 debet
883 5038 1090 5092 habere
1104 5038 1445 5108 generaliter
1464 5055 1533 5093 ex
1554 5056 1659 5093 sua

75 5128 240 5189 parte,
272 5131 330 5179 et
355 5125 508 5180 aliud
542 5143 879 5197 pmparare,
914 5132 1083 5198 prout
1101 5127 1303 5181 melius
1329 5127 1660 5199 potuerit,et

75 5209 386 5269 charitatem
416 5214 619 5269 faciant
651 5215 773 5269 sine
803 5216 990 5270 sonitu
1013 5216 1229 5287 squillae
1248 5216 1318 5270 de
1334 5216 1654 5287 pigmentis;

76 5303 127 5352 et
150 5300 194 5355 si
220 5303 423 5358 lectum
443 5303 611 5358 fuerit
639 5318 700 5370 η,
732 5318 788 5359 Iv
819 5305 902 5359 vel
932 5321 983 5360 γι
1017 5305 1175 5368 feria,
1212 5305 1361 5359 inter
1379 5306 1518 5360 duos
1545 5307 1659 5360 fra-

74 5392 178 5444 tres
211 5392 486 5447 condonet
540 5393 833 5447 scutellam
887 5394 957 5447 de
1002 5394 1247 5465 piscibus
1298 5395 1658 5466 praestantius

140 5512 240 5588 (fil)
269 5517 563 5581 Pietantia,
597 5516 860 5587 pitantia,
909 5516 1203 5584 ferculum,
1256 5516 1412 5571 cibus
1453 5522 1658 5588 praeter

79 5585 316 5640 ordinem
341 5585 656 5641 concessus.

139 5655 253 5729 (62)
278 5659 491 5714 Neuma
518 5661 727 5735 efﬁcere
754 5675 882 5715 cum
908 5661 1102 5733 fratre,
1129 5659 1187 5716 id
1211 5666 1314 5728 est,
1337 5676 1465 5715 cum
1480 5661 1658 5715 altero

1742 4585 2029 4639 mitorium
2047 4584 2370 4655 reponenda
2393 4603 2406 4651 ;
2425 4584 2684 4639 similiter
2702 4588 3118 4644 novaculorum.
3144 4590 3223 4645 Ea
3250 4592 3343 4647 die

1742 4691 1854 4747 qua
1880 4673 2113 4728 radendi
2133 4679 2283 4735 sunt,
2315 4690 2442 4726 mox
2480 4680 2543 4728 ut
2562 4673 2621 4728 in
2641 4675 2951 4746 capitulum
2981 4679 3337 4747 conveniunt,

1740 4770 1797 4819 et
1825 4764 1894 4818 de
1907 4764 2088 4818 salute
2114 4763 2434 4817 animarum
2456 4763 2892 4819 sermocinatum
2917 4765 3233 4835 habuerint,
3252 4770 3341 4840 ju-

1741 4854 1907 4908 bente
1935 4852 2155 4916 abbate,
2187 4852 2273 4906 vel
2300 4852 2395 4906 ille
2422 4851 2517 4922 qui
2534 4852 2786 4907 ordinem
2808 4855 3074 4922 tenuerit,
3097 4855 3144 4909 si
3166 4855 3340 4910 abbas

1739 4960 1853 4998 non
1878 4943 2039 4997 adest
2065 4947 2300 5011 surgant
2329 4940 2409 4994 illi
2436 4940 2657 5007 fratres,
2694 4943 2791 5013 qui
2812 4960 2879 4997 ex
2894 4944 3006 4998 alia
3022 4945 3342 5016 septimana

1739 5032 2038 5104 coquinam
2064 5030 2318 5086 fecerunt
2344 5035 2402 5085 et
2429 5036 2562 5084 eant
2580 5046 2895 5102 praeparare
2922 5049 3129 5104 aquam
3158 5034 3229 5088 ad
3262 5035 3344 5090 lo-

1740 5139 1866 5176 cum
1897 5121 2291 5177 constitutum.
2324 5118 2694 5190 Surgentibus
2724 5136 2755 5173 e
2792 5120 3038 5191 capitulo
3086 5128 3337 5192 sonatur,

1741 5218 1797 5267 et
1816 5212 2041 5267 veniant
2063 5211 2314 5282 accipere
2351 5209 2739 5281 unusquisque
2786 5211 3003 5265 rasoria
3048 5212 3118 5267 de
3166 5230 3342 5270 manu

1742 5300 2137 5372 procuratoris.
2167 5300 2324 5354 Tunc
2354 5297 2829 5369 eleemosynarius
2859 5298 3063 5355 habeat
3079 5303 3344 5372 praeordi-

1742 5396 1877 5445 nata
1904 5390 2130 5444 vascula
2167 5389 2225 5443 in
2254 5389 2375 5443 loco
2395 5387 2491 5442 ubi
2516 5387 2842 5442 conventuri
2870 5394 3004 5444 sunt
3048 5390 3298 5446 seniores
3321 5409 3334 5445 :

1739 5532 2130 5648 ωῗὲἕῗὶαηα,
2166 5584 2605 5657 manutergium,
2637 5589 2702 5639 ut
2732 5601 2904 5657 supra
2929 5585 3264 5641 notavimus.

1819 5656 1925 5727 (64)
1952 5660 2149 5724 Bacile,
2183 5655 2327 5711 Itala
2349 5655 2448 5711 vox
2474 5658 2687 5724 bacino,
2718 5655 2908 5728 pelvis.
