3914 6366
514 293 646 353 1271
1578 293 1928 350 GUIDONIS
1965 288 2268 346 ABBATIS
2305 285 2703 343 FARFENSIS
3640 286 3780 346 1‘272

513 419 812 476 lectionem
841 418 1070 476 inchoet
1093 440 1105 476 :
1131 422 1354 491 legente
1376 420 1516 475 duos
1537 436 1727 474 versus
1739 420 1823 473 vel
1844 423 2108 491 praestan-
2125 420 2173 478 A
2193 415 2461 487 posuerit,
2483 414 2613 468 talis
2631 414 2899 483 legatura
2929 415 3137 470 lectore
3162 434 3174 483 ;
3206 415 3395 471 nullus
3424 431 3490 470 ex
3517 413 3788 470 fratribus

512 510 653 580 tius,
673 515 809 564 tunc
833 509 1068 581 jubente
1095 509 1295 564 abbate
1319 515 1513 579 surgat
1555 509 1648 563 ille
1679 509 1767 562 cui
1798 509 2013 572 annuit,
2055 513 2112 560 et
2192 505 2678 578 praesumatalium
2703 503 2902 559 librum
2944 505 3249 577 imponere.
3284 506 3428 560 Nam
3451 511 3508 560 et
3532 505 3788 559 omnium

514 605 679 653 sonet
710 599 1050 670 cymbalum.
1084 601 1161 654 Ex
1217 599 1348 653 hinc
1387 604 1624 669 surgant
1650 615 1866 662 omnes,
1905 597 2113 651 faciant
2191 595 2427 649 fratrum
2446 593 2724 648 obscultet
2737 594 3023 661 lectiones,
3051 595 3490 666 responsoria,et
3511 594 3790 666 quidquid

515 693 650 742 ante
679 693 735 741 et
763 695 935 751 retro,
957 694 1012 742 et
1029 694 1158 742 eant
1183 689 1317 742 dum
1331 693 1522 759 potum
1543 687 1712 742 fuerit
1729 686 2105 740 benedictum:
2192 683 2346 738 intus
2379 689 2434 736 et
2463 682 2600 736 foris
2628 683 2994 747 cantaverint,
3020 684 3105 738 vel
3132 683 3392 754 legerint.
3417 684 3628 738 Omnes
3659 701 3790 738 vero

515 782 757 846 pergant
771 775 1196 830 hebdomadarii
1215 776 1465 846 coquinae
1493 781 1550 829 et
1567 776 1757 846 ignem
1785 777 2110 844 cooperiant
2193 771 2365 826 libros
2396 772 2574 842 ligare
2602 778 2772 843 atque
2816 772 3100 838 investire,
3132 790 3231 828 seu
3278 774 3581 828 emendare
3620 773 3794 829 debet

517 869 577 918 et
595 865 762 918 simul
784 865 1026 932 veniant;
1059 865 1135 918 ibi
1163 865 1370 918 faciant
1389 870 1519 919 ante
1548 871 1606 918 et
1632 870 1782 918 retro
1810 865 2106 934 imponen-
2188 878 2291 933 per
2317 879 2392 918 se.
2427 863 2512 916 vel
2538 879 2638 933 per
2664 863 2805 917 alios
2832 864 3035 918 fratres
3063 865 3334 930 eruditos,
3369 869 3426 919 et
3444 881 3584 935 quos
3615 863 3792 918 libros

515 958 602 1007 tes
619 954 768 1008 hunc
789 970 1030 1020 versum,
1062 956 1379 1008 Benedictus
1410 971 1482 1018 es,
1504 957 1734 1008 Domine
1760 955 1899 1007 Deus
1928 969 2098 1011 meus,
2186 951 2479 1020 generales
2506 951 2711 1005 debent
2763 953 3008 1006 scribere
3063 953 3288 1013 fratres.
3323 953 3514 1008 omnia
3558 953 3793 1008 studeat

515 1042 698 1096 tribus
719 1042 949 1107 vicibus,
969 1045 1138 1112 Kyrie
1158 1046 1374 1097 eleison.
1398 1045 1558 1097 Pater
1580 1049 1779 1096 noster.
1801 1043 1865 1096 Et
1888 1058 1955 1095 ne
1985 1058 2100 1095 nos.
2190 1039 2310 1110 ipse
2340 1041 2562 1104 radere,
2593 1047 2763 1111 atque
2791 1042 3116 1112 perducere,
3143 1048 3199 1096 et
3223 1043 3535 1114 cuicunque
3565 1060 3632 1097 ex
3679 1043 3790 1096 fra-

511 1132 877 1200 Adjutorium
893 1139 1054 1195 nost.,
1091 1138 1293 1198 etc.,ct
1308 1133 1387 1187 sic
1417 1132 1763 1186 recedant.Si
1793 1131 1966 1185 abbas
1995 1146 2107 1184 non
2189 1129 2370 1183 tribus
2397 1131 2648 1199 jusserit.
2687 1138 2751 1184 ut
2770 1148 2898 1184 eum
2930 1132 3216 1202 adjuvent,
3241 1131 3504 1186 obediant
3532 1132 3584 1187 ei
3618 1151 3630 1186 :
3667 1138 3725 1186 et
3739 1133 3787 1186 si

515 1226 620 1287 est,
653 1222 847 1276 eadem
865 1222 1073 1276 faciant
1090 1223 1144 1276 in
1164 1223 1287 1277 loco
1305 1225 1444 1292 ejus,
1477 1222 1573 1292 qui
1589 1222 1842 1276 ordinem
1872 1226 2102 1286 tenent;
2190 1219 2393 1290 aliquis
2418 1236 2483 1272 ex
2513 1220 2593 1273 eis
2622 1221 2892 1282 renuerit,
2918 1221 2975 1274 in
2996 1222 3240 1276 crastino
3266 1221 3792 1293 querelabitur.An-

515 1309 859 1380 quotidianis
873 1309 1069 1364 diebus
1086 1311 1344 1381 cymbalo
1361 1316 1595 1364 sonante
1610 1310 1970 1364 faciant.lllis
1993 1309 2106 1363 die-
2191 1309 2454 1378 tiphonas
2483 1325 2606 1379 quae
2635 1313 2768 1363 sunt
2798 1327 2863 1362 ex
2893 1311 3187 1379 evangelio
3217 1311 3490 1382 imponat,
3531 1311 3583 1365 si
3613 1310 3788 1365 abbas

511 1397 638 1464 bus,
663 1398 867 1469 quibus
892 1415 1005 1453 non
1026 1399 1284 1470 pulsatur
1298 1399 1786 1470 cymbalum,dum
1807 1398 2108 1452 habuerint
2189 1413 2302 1450 non
2319 1397 2498 1451 adest.
2536 1398 2617 1452 De
2649 1398 2841 1463 missa,
2861 1399 3067 1463 ofﬁcio,
3097 1417 3198 1454 nec
3227 1417 3339 1454 non
3368 1401 3437 1455 de
3467 1400 3786 1470 evangelio,

513 1487 704 1542 omnia
723 1488 960 1558 expleta,
977 1505 1099 1558 qua:
1119 1487 1196 1541 ibi
1225 1505 1366 1559 opus
1394 1494 1480 1543 est
1500 1488 1757 1554 faciendi,
1789 1488 1870 1541 ita
1894 1487 2103 1546 dicant.
2189 1492 2246 1539 et
2271 1491 2472 1548 caetera
2501 1486 2633 1551 alia,
2654 1504 2777 1557 quae
2806 1489 2877 1542 ad
2907 1488 3196 1542 ecclesiam
3226 1489 3524 1559 pertinent,
3561 1491 3790 1544 studeat

510 1581 568 1630 et
595 1577 880 1630 recedant.
905 1577 1008 1631 Die
1032 1576 1324 1631 Dominico
1353 1577 1594 1632 reddant
1623 1593 1756 1631 vasa
1784 1577 1993 1630 munda
2049 1580 2106 1629 et
2188 1575 2307 1645 ipse
2337 1576 2657 1641 emendare,
2702 1577 2749 1630 si
2793 1578 3112 1647 neglectum
3167 1578 3354 1632 fuerit.
3399 1578 3596 1633 Libros
3635 1579 3788 1632 foras

511 1680 652 1718 sana
678 1664 969 1719 cellerario
995 1682 1096 1736 per
1122 1682 1421 1720 numerum
1451 1671 1577 1738 post
1604 1666 1995 1738 capitulum,et
2022 1665 2106 1719 in-
2123 1735 2154 1739 _
2187 1665 2494 1735 producere
2517 1665 2604 1718 vel
2649 1666 2978 1736 recolligere
3029 1667 3149 1739 ipse
3177 1667 3344 1722 debet
3394 1684 3522 1722 cum
3555 1675 3787 1722 cantore

509 1752 797 1808 trantibus
817 1735 1042 1809 dentur.
1452 1735 1468 1738 Ἴ
1672 1735 1686 1738 ⁷
2118 1735 2166 1796 Β
2189 1753 2470 1824 quotidie:
2507 1758 2564 1806 et
2592 1755 2772 1808 multa
2791 1735 2906 1808 alia
2929 1735 3094 1811 debet
3129 1755 3335 1810 habere
3355 1755 3460 1810 sub
3490 1773 3595 1810 sua
3626 1773 3783 1822 cura,

1079 1845 1312 1901 CAPUT
1340 1843 1564 1900 XXVII.
2188 1858 2311 1912 quae
2332 1842 2569 1914 sparsim
2589 1842 2862 1900 habemus
2879 1846 2999 1915 jam
3012 1845 3346 1917 conscripta,
3379 1847 3527 1918 quod
3555 1845 3650 1900 hic
3671 1861 3785 1900 non

932 1937 1005 1990 De
1033 1937 1364 2004 confessione
1385 1951 1710 2004 puerorum.

579 2026 720 2080 Cum
749 2024 819 2078 ad
845 2023 1248 2079 confessionem
1279 2025 1564 2079 ducuntur
1591 2024 1854 2089 infantes,
1875 2024 1920 2080 si
1948 2023 2104 2078 dom-

505 2130 613 2169 nus
643 2113 815 2168 abbas
847 2130 1094 2185 praasens
1119 2119 1221 2180 est,
1243 2113 1512 2185 magister
1533 2130 1628 2168 eos
1648 2114 1719 2168 ad
1736 2113 1894 2167 illum
1921 2129 2101 2184 usque

503 2203 811 2274 perducat;
842 2203 963 2273 ipso
992 2208 1259 2273 surgente
1288 2203 1557 2272 magister
1603 2208 1734 2256 ante
1764 2202 1994 2273 capituli
2020 2219 2103 2256 se-

2189 1937 2277 1986 est
2303 1947 2444 2003 opus
2469 1932 2736 1988 inserere.

2752 2024 2986 2079 CAPUT
3003 2024 3203 2080 XXIX.

2702 2114 2775 2166 De
2794 2117 3256 2181 processionibus.

2257 2200 2716 2271 Quandocunque
2730 2201 2932 2256 fratres
2952 2204 3366 2273 processionem
3395 2219 3452 2258 Iv
3469 2211 3526 2260 et
3552 2223 3611 2260 γι
3641 2207 3784 2261 feria

504 2292 638 2346 dere
668 2290 836 2345 debet
859 2291 1171 2346 introitum.
1218 2293 1284 2346 1n
1341 2292 1462 2346 loco
1507 2308 1658 2356 vero,
1701 2291 1793 2362 qui
1822 2291 2102 2345 infantum
2185 2288 2558 2354 faciunt,mox
2592 2295 2655 2344 ut
2684 2291 2835 2345 dicta
2862 2292 3033 2345 fuerit
3064 2309 3179 2347 una
3210 2311 3274 2347 ex
3303 2295 3627 2365 antiphonis
3655 2313 3784 2367 pro-

502 2381 649 2434 solet
674 2396 814 2442 esse,
838 2380 1148 2451 capitulum
1198 2380 1311 2434 illic
1370 2386 1427 2434 et
1455 2380 1858 2434 confessionem
1892 2379 2104 2434 debent
2181 2378 2720 2439 cessionariis,illico
2733 2379 2843 2433 duo
2864 2381 3024 2450 pueri
3045 2381 3231 2436 dicent
3262 2383 3536 2449 litaniam,
3568 2390 3690 2438 tam
3721 2386 3782 2438 in

503 2484 692 2539 agere.
723 2468 881 2524 Prior
909 2467 1094 2523 infans
1130 2469 1288 2539 prius
1316 2470 1579 2535 accedat;
1612 2475 1767 2523 stans
1797 2469 2098 2523 confessio-
2182 2465 2304 2537 ipso
2335 2467 2560 2527 itinere.
2584 2485 2751 2538 quam
2785 2469 2843 2522 in
2873 2470 3108 2524 ecclesia
3162 2488 3289 2526 cum
3339 2478 3697 2528 revertentur
3719 2475 3778 2529 in

502 2574 634 2612 nem
667 2558 851 2625 faciat,
885 2558 1029 2612 alter
1056 2558 1114 2611 in
1147 2563 1308 2629 parte
1363 2559 1675 2612 meridiana
1712 2558 1906 2612 sedeat
1930 2575 2100 2629 super
2181 2555 2643 2610 chorum.Nullus
2661 2562 2963 2628 antequam
2980 2558 3177 2613 litania
3190 2561 3356 2614 fuerit
3374 2562 3594 2632 expleta
3609 2562 3783 2616 debet

501 2663 678 2701 unum
700 2647 916 2701 sedium
935 2663 1150 2704 eorum.
1183 2647 1317 2701 Post
1343 2647 1744 2701 confessionem
1767 2647 1970 2700 iterum
2002 2663 2097 2701 eos
2181 2644 2350 2708 exire,
2377 2646 2631 2714 quamvis
2671 2646 2954 2700 licentiam
2986 2647 3221 2703 habeat:
3249 2650 3356 2703 nisi
3380 2650 3510 2704 talis
3535 2651 3782 2706 necessi-

499 2736 772 2807 magister
803 2737 1060 2808 accipiat.
1083 2737 1223 2790 Cum
1251 2753 1379 2790 vero
1407 2737 1578 2807 priori
1604 2737 1689 2790 vel
1718 2737 2098 2790 decanoclau-
2179 2737 2267 2784 tas
2293 2732 2541 2786 evenerit
2593 2750 2760 2804 quam
2791 2736 3112 2790 nullatenus
3169 2739 3454 2808 praeterire
3491 2741 3770 2810 potuerit.

499 2824 600 2879 stri
630 2825 908 2878 voluerint
926 2842 1047 2878 esse
1073 2824 1311 2879 confessi
1339 2842 1465 2879 cum
1514 2825 1785 2895 magister
1811 2825 1882 2879 ad
1911 2826 2094 2896 ipsum

498 2931 594 2968 eos
625 2913 966 2985 perduxerit,
989 2915 1181 2968 statim
1199 2915 1319 2985 ipse
1348 2915 1590 2979 recedat;
1615 2915 1770 2986 prior
1798 2916 1854 2968 in
1883 2916 2097 2986 capitu-

2179 2819 2322 2873 Nam
2355 2821 2591 2891 expleta,
2615 2822 2660 2875 si
2691 2822 2855 2876 alicui
2885 2830 2971 2878 est
3016 2825 3172 2879 valde
3197 2843 3336 2896 opus
3382 2827 3572 2898 aliqua
3603 2846 3780 2884 causa

2179 2924 2364 2978 agere,
2415 2915 2571 2980 petat
2626 2910 2909 2964 licentiam
2956 2912 3028 2970 D.
3069 2912 3307 2977 abbatis,
3341 2915 3428 2968 vel
3461 2915 3632 2981 illius,
3677 2918 3776 2988 qui

499 3003 618 3056 lum
647 3003 772 3057 illos
802 3003 990 3069 ducat,
1021 3008 1077 3056 et
1122 3009 1250 3074 post
1299 3003 1703 3058 confessionem
1737 3005 1807 3058 ad
1847 3005 2094 3058 scholam
2113 3055 2153 3074 η
2181 2997 2437 3050 ordinem
2470 3003 2644 3064 tenet,
2677 2999 2723 3053 si
2756 2999 2926 3054 abbas
2956 3017 3069 3055 non
3097 3007 3201 3067 est,
3234 3008 3292 3056 et
3310 3009 3526 3073 pergat;
3562 3005 3664 3059 sed
3694 3012 3779 3060 ta-

500 3092 754 3146 reducat.
791 3092 933 3146 Cum
954 3092 1197 3146 infantes
1216 3092 1433 3163 aliquot
1447 3093 1515 3146 de
1532 3093 1724 3146 schola
1738 3100 1872 3147 sunt
1890 3093 2094 3148 exituri
2111 3091 2154 3114 υ
2180 3105 2309 3142 men
2339 3094 2471 3142 ante
2499 3091 2667 3144 faciat
2692 3093 3083 3158 reverentiam,
3118 3099 3174 3148 et
3201 3093 3395 3149 abluat
3423 3096 3593 3166 pedes
3617 3113 3773 3164 suos,

501 3181 574 3235 ad
602 3181 911 3252 capitulum
941 3181 1241 3246 infantum,
1275 3181 1516 3235 domnus
1547 3181 1717 3235 abbas
1743 3182 1909 3236 debet
1938 3183 2092 3236 veni-

495 3285 580 3336 re,
614 3274 671 3323 et
699 3269 837 3323 alios
865 3270 1106 3324 infantes
1135 3271 1290 3324 exire
1324 3271 1511 3335 faciat;
1541 3271 1658 3341 ipse
1679 3277 1866 3326 autem
1890 3277 1948 3325 et
1973 3289 2094 3326 ma-

497 3358 676 3429 gister
705 3374 831 3412 cum
859 3358 1063 3428 iis.qui
1086 3359 1289 3412 exituri
1317 3365 1466 3426 sunt,
1491 3366 1838 3425 remaneant,
1874 3368 1930 3414 et
1959 3379 2092 3416 con-

496 3449 798 3502 fessionem
827 3465 1020 3502 eorum
1053 3448 1261 3502 audiat.
1295 3447 1430 3502 Post
1464 3449 1865 3504 confessionem
1912 3453 2092 3522 magi-

499 3541 618 3590 ster
644 3537 772 3590 illos
802 3542 860 3591 et
886 3537 1026 3590 alios
1055 3537 1304 3597 reducat,
1337 3554 1516 3608 usque
1542 3539 1676 3592 dum
1705 3540 1776 3592 ad
1809 3556 2094 3596 consecra-

497 3626 710 3680 tionem
739 3626 971 3680 veniunt
999 3642 1301 3696 procurare
1339 3625 1505 3681 debet
1528 3627 1648 3698 ipse
1680 3643 1692 3677 :
1735 3630 2090 3699 postmodum

499 3713 706 3768 faciant
729 3713 844 3780 alii,
878 3713 1082 3785 quibus
1105 3713 1357 3784 jubetur.

1029 3803 1263 3858 CAPUT
1289 3805 1541 3859 XXVIII.

496 3892 748 3958 Qualiter
764 3898 936 3960 agant
962 3895 1253 3946 armarius
1279 3897 1359 3948 vel
1388 3899 1582 3947 cantor
1607 3897 1695 3948 die
1723 3897 2090 3952 Sabbatorum

673 3967 754 4016 vel
790 3966 959 4031 festis,
984 3969 1085 4017 aut
1111 3966 1255 4032 quod
1273 3967 1511 4018 exerceri
1534 3972 1775 4034 oporteat
1797 3971 1921 4035 ipsi.

566 4049 669 4105 Die
699 4051 1062 4106 sabbatorum
1089 4051 1296 4106 debent
1323 4069 1444 4106 esse
1472 4059 1730 4124 quatuor,
1753 4055 1848 4125 qui
1868 4054 2090 4111 brevem

494 4139 722 4206 faciant,
748 4156 988 4210 quorum
1019 4141 1203 4194 infans
1243 4141 1338 4211 qui
1364 4141 1572 4196 scribat
1593 4143 1779 4214 capita
1805 4160 2094 4215 responso-

495 4228 734 4294 riorum,
761 4235 977 4295 cantor,
1012 4230 1106 4300 qui
1139 4229 1348 4284 indicet
1374 4231 1604 4285 nomina
1635 4233 1873 4286 fratrum
1891 4250 2094 4289 canen-

2178 3183 2233 3231 et
2253 3185 2513 3248 procuret
2535 3180 2682 3250 quod
2703 3183 3118 3252 procurandum
3129 3184 3378 3237 estNam
3402 3185 3523 3238 sine
3544 3185 3775 3240 licentia

2178 3267 2328 3320 ullus
2350 3284 2628 3338 nusquam
2651 3270 3020 3342 faciat,usque
3037 3272 3168 3326 dum
3191 3273 3363 3326 missa
3382 3273 3549 3327 fuerit
3576 3275 3768 3330 finita:

2175 3355 2434 3410 similiter
2461 3357 2520 3410 in
2551 3359 2936 3428 rogationibus
2958 3361 3041 3414 vel
3064 3361 3189 3415 aliis
3217 3363 3685 3432 processionibus.

2246 3445 2387 3499 Item
2421 3463 2433 3498 :
2467 3445 2612 3500 Nam
2642 3447 2700 3500 in
2730 3447 2839 3501 illis
2869 3449 3237 3520 temporibus,
3273 3451 3496 3520 quando
3525 3460 3774 3524 pergunt

2175 3532 2245 3586 ad
2264 3540 2421 3588 extra
2450 3536 2875 3603 monasterium,
2909 3545 3042 3592 eant
3071 3538 3304 3593 dicendo
3337 3543 3696 3611 responsoria
3717 3551 3775 3598 et

2175 3623 2516 3694 antiphonas
2547 3641 2647 3694 pro
2661 3626 2920 3695 peccatis,
2945 3635 3002 3681 et
3015 3644 3081 3681 ex
3102 3627 3282 3682 beatae
3300 3629 3550 3699 Virginis
3578 3631 3772 3687 Maria:

2175 3709 2385 3783 [supp.]
2400 3712 2580 3766 officio
2597 3730 2719 3784 quas
2735 3715 2927 3768 velint.
2946 3717 3071 3770 Jam
3097 3734 3271 3788 prope
3292 3715 3366 3770 ibi
3389 3719 3775 3788 proximantes

2172 3798 2445 3870 incipiant
2474 3803 2892 3873 responsorium
2922 3821 2988 3858 ex
3017 3805 3126 3859 illis
3149 3806 3401 3877 reliquiis
3419 3814 3768 3876 sanctorum,

2173 3890 2414 3956 quorum
2432 3889 2700 3944 vocabula
2726 3892 2802 3946 ibi
2833 3899 3158 3948 consecrata
3188 3893 3557 3969 [conscripta]
3609 3903 3767 3952 sunt.

2173 3976 2438 4032 Protinus
2470 3985 2534 4032 ut
2565 3981 2786 4034 finitum
2823 3982 3010 4047 fuerit,
3039 3983 3190 4037 dicat
3213 3985 3491 4050 sacerdos,
3525 4002 3765 4041 oremus.

2175 4064 2499 4120 Orationem
2531 4076 2852 4124 sanctorum
2883 4071 3127 4139 illorum;
3161 4077 3297 4126 tunc
3318 4079 3680 4144 prosternant
3708 4093 3771 4130 se

2174 4169 2368 4208 omnes
2419 4160 2477 4208 et
2523 4157 2730 4212 faciant
2760 4175 2969 4228 preces.
2998 4163 3161 4215 Pater
3192 4167 3392 4227 noster,
3424 4162 3483 4216 in
3513 4163 3617 4217 hoc
3645 4163 3768 4220 loco

2175 4257 2288 4296 non
2319 4250 2406 4297 est
2434 4244 2731 4299 dicendum
2765 4263 2798 4300 a
2819 4247 3106 4302 sacerdote
3134 4249 3378 4304 clamosa
3406 4267 3678 4316 voce,nec
3700 4255 3768 4308 Et

494 4315 636 4369 tium
672 4334 684 4368 :
719 4317 999 4370 armarius
1030 4317 1235 4389 quippe
1264 4319 1496 4372 nomina
1523 4320 1828 4390 legentium
1863 4328 1997 4376 nota
2013 4324 2157 4429 fa-D
2179 4346 2244 4384 ne
2269 4348 2381 4385 nos.
2405 4332 2512 4386 Sed
2533 4334 2724 4388 statim
2753 4342 2974 4406 promat
3000 4337 3301 4408 psalmum,
3334 4356 3436 4410 pro
3465 4340 3763 4411 defunctis,

497 4403 569 4429 Αζδ.
627 4405 765 4429 Ϊιιιμ
805 4406 1490 4429 -.ι-ι-..ι.-ι..ι----ᾼ.ι,-ξ---
1557 4408 1610 4429 ,1-
1671 4411 1833 4429 -m,--
1887 4417 1922 4429 ,4
1963 4419 1972 4429 ι
2017 4414 2052 4429 ιι
2257 4421 2268 4429 .
2305 4420 2373 4429 ..ι
2549 4423 2559 4429 .
2825 4427 2841 4429 _
2952 4428 2962 4429 γ

493 4403 590 4459 cit.
627 4405 770 4458 Item
800 4411 996 4460 cantor
1021 4406 1493 4462 hebdomadarius
1549 4408 1618 4463 de
1661 4411 1843 4464 officio
1874 4417 1930 4465 et
1956 4414 2088 4468 talis
2108 4403 2157 4429 υ
2177 4421 2272 4492 qui
2301 4420 2376 4475 ibi
2404 4423 2781 4493 requiescunt,
2813 4427 3020 4492 Lauda,
3047 4431 3243 4482 anima
3273 4445 3411 4491 mea,
3439 4432 3763 4488 Dominum.

493 4509 623 4547 cum
653 4493 752 4546 tali
784 4501 950 4549 canat
976 4497 1414 4565 responsorium,
1447 4497 1578 4551 talis
1614 4505 1671 4552 et
1699 4499 1828 4553 talis
1859 4501 2088 4558 alleluia

490 4591 828 4653 personent:
856 4589 914 4637 et
927 4584 1212 4650 lectorem,
1233 4585 1302 4639 ad
1325 4586 1788 4642 servitores.Item
1806 4591 2086 4645 armarius

490 4670 703 4724 indicet
721 4671 848 4726 talis
881 4672 1086 4726 habeat
1104 4674 1351 4740 missam,
1383 4682 1440 4730 et
1457 4676 1552 4730 ille
1577 4677 1760 4732 infans
1789 4678 2080 4748 epistolam

494 4763 554 4812 et
580 4758 675 4812 ille
705 4759 1077 4830 evangelium,
1111 4767 1282 4832 atque
1311 4763 1438 4817 talis
1467 4764 1536 4818 ad
1585 4782 1834 4820 mensam
1894 4767 2084 4822 lectio-

488 4863 618 4902 nem
651 4848 819 4918 legat.
855 4850 1192 4905 Cellerarius
1221 4868 1422 4924 nempe
1447 4854 1560 4917 ille,
1595 4861 1763 4926 atque
1783 4856 1876 4910 ille
1895 4858 2084 4928 coqui-

487 4953 622 4990 nam
650 4937 951 4993 faciant.In
981 4938 1102 4993 XII
1120 4940 1449 4996 lectionibus
1467 4943 1581 4997 sint
1599 4950 1713 4998 tres
1737 4963 1748 4997 :
1783 4946 2078 5014 armarius,

487 5031 702 5088 cantor,
735 5026 938 5095 infans;
969 5044 1101 5082 nam
1131 5029 1249 5100 ipse
1279 5032 1556 5085 armarius
1599 5031 1765 5086 debet
1789 5035 2080 5103 providere

482 5115 597 5170 illis
616 5114 1032 5180 festivitatibus,
1057 5117 1256 5189 quibus
1285 5120 1345 5173 in
1374 5121 1565 5191 cappis
1591 5121 1891 5188 celebrant,
1929 5124 1975 5177 si
1989 5125 2080 5179 ille

483 5204 580 5276 qui
608 5204 1081 5262 hebdomadarius
1111 5207 1180 5262 de
1210 5209 1390 5262 officio
1418 5215 1583 5279 aptus
1612 5225 1725 5263 non
1756 5217 1858 5275 est,
1891 5219 1954 5266 ut
1988 5214 2079 5282 ju-

480 5291 614 5348 beat
640 5295 766 5349 aliis
793 5312 861 5350 ex
905 5295 1193 5362 fratribus,
1227 5303 1291 5350 ut
1330 5303 1559 5351 cantent
1585 5298 1990 5367 invitatorium,
2023 5309 2080 5357 et

478 5384 838 5454 postmodum
868 5401 998 5440 cum
1031 5385 1155 5458 ipso
1196 5387 1293 5458 qui
1352 5387 1599 5441 ofﬁcium
1655 5395 1957 5458 procurent
2003 5392 2073 5446 ad

479 5487 709 5526 missam
723 5513 735 5526 .

2169 4509 2351 4580 Capit.
2382 4513 2422 4564 A
2472 4518 2635 4580 porta
2687 4516 2882 4581 inferi.
2919 4517 3188 4570 Dominus
3215 4519 3510 4572 vobiscum.
3541 4520 3761 4587 Oratio,

2173 4599 2308 4653 Deus
2337 4605 2496 4669 cujus
2528 4606 2904 4657 miseratione.
2937 4605 3094 4659 Tunc
3121 4605 3232 4659 duo
3279 4608 3440 4677 pueri
3485 4608 3765 4682 incipiant

2164 4686 2418 4742 litaniam
2465 4691 2632 4759 Kyrie
2664 4706 2796 4746 ante
2825 4693 3002 4747 altare
3054 4700 3111 4748 et
3152 4697 3480 4765 perveniant
3507 4700 3578 4753 ad
3607 4700 3760 4771 ipsos

2164 4780 2654 4844 sanctos,dicendo
2679 4781 2755 4835 ibi
2783 4799 2961 4854 usque
2987 4785 3057 4838 ad
3089 4802 3293 4840 nomen
3321 4786 3472 4842 beati
3500 4789 3754 4846 Joannis:

2168 4872 2224 4920 et
2249 4874 2385 4922 tunc
2413 4869 2604 4923 dicant
2634 4870 2814 4924 tribus
2855 4872 3084 4938 vicibus,
3117 4875 3320 4929 deinde
3350 4876 3488 4930 alios
3529 4879 3624 4948 qui
3666 4898 3759 4935 se-

2166 4963 2436 5026 quuntur;
2463 4963 2520 5012 et
2551 4959 2760 5013 faciant
2787 4967 2917 5015 ante
2950 4968 3008 5016 et
3044 4967 3198 5017 retro
3229 4970 3296 5020 'et
3322 4965 3402 5020 sic
3427 4968 3756 5036 procedant,

2165 5047 2637 5115 quemadmodum
2666 5057 2958 5105 venerunt.

2778 5155 3012 5212 CAPUT
3041 5158 3210 5212 XXX.

2157 5249 2232 5302 De
2243 5255 2563 5324 sanctorum
2578 5255 2851 5320 reliquiis,
2875 5257 3118 5322 qualiter
3137 5257 3466 5324 deferantur
3484 5261 3558 5313 ad
3578 5263 3758 5316 locum

2231 5321 2327 5372 ubi
2353 5336 2552 5395 necesse
2589 5329 2721 5376 sunt
2749 5321 3095 5392 deportanda;
3119 5321 3618 5395 processionaliter,
3655 5340 3755 5387 aut

2229 5394 2472 5458 qualiter
2501 5397 2849 5462 recipiantur
2876 5413 3003 5450 cum
3033 5399 3215 5452 laude.

2229 5485 2462 5551 Quando
2493 5491 2744 5562 reliquiae
2785 5491 3146 5563 deportanda;
3203 5503 3338 5552 sunt
3385 5497 3608 5565 alicubi,
3651 5501 3752 5557 hoc

549 5561 635 5616 Ad
651 5579 902 5620 mensam
919 5569 1088 5636 atque
1103 5565 1458 5622 collationem
1477 5567 1704 5637 qualem
1723 5566 1928 5624 librum
1947 5571 2070 5642 ipse
2151 5576 2318 5631 modo
2341 5577 2554 5634 faciunt
2583 5600 2597 5636 :
2626 5561 2914 5636 annuente
2943 5584 3207 5653 armario,
3253 5587 3337 5641 vel
3375 5586 3662 5659 loquente,
3701 5591 3749 5644 si
