3914 6358
140 322 287 382 1273

1338 327 1757 386 DISGIPLINA
1796 323 2213 383 FARFENSIS.

3278 322 3410 382 1274

141 453 371 522 tempus
394 449 568 506 fuerit
586 448 870 523 loquendi,
894 451 980 505 vel
1008 450 1105 506 illo
1136 452 1234 524 qui
1261 452 1514 508 ordinem
1538 458 1738 508 tenue-
1757 451 1957 514 Astris
1983 465 1995 500 :
2028 449 2229 505 deinde
2258 451 2325 505 D.
2357 449 2547 516 abbas,
2581 454 2638 505 et
2666 454 2801 505 tunc
2838 450 2932 504 alii
2972 450 3176 506 fratres
3201 450 3313 506 duo
3351 469 3416 507 ac

141 539 238 607 rit,
277 540 657 595 revestiantur
701 540 887 594 cuncti
934 540 993 594 in
1043 542 1251 613 cappis,
1292 542 1452 614 pueri
1487 542 1545 596 in
1576 542 1737 597 albis.

142 628 417 701 Reliquim
444 630 560 685 sint
585 646 828 701 congrue
838 628 1148 698 collocatae;
1182 631 1468 686 secretarii
1497 631 1742 687 ecclesize

139 719 369 791 pulsent
396 719 576 791 signa,
599 720 937 775 candelabra
957 721 1069 776 duo
1081 721 1449 793 deportentur
1468 738 1502 776 a
1520 738 1745 777 conver—

138 808 235 872 sis,
265 823 416 880 aqua
455 814 669 875 sancta,
710 826 864 877 crux,
895 810 1190 865 incensum
1218 825 1228 858 :
1260 812 1550 883 phonones
1576 810 1687 882 (65)
1710 829 1746 866 a

137 894 367 950 famulis
386 896 772 968 deportentur,
797 903 855 952 et
872 915 1050 954 unum
1075 899 1298 970 signum
1337 916 1466 954 cum
1499 900 1579 954 eis
1610 900 1744 954 mit-

136 988 281 1040 tant.
300 985 513 1040 Cantor
527 985 758 1058 incipiat
775 990 1214 1059 responsorium,
1246 987 1441 1043 Sancte
1470 990 1740 1055 Marcelle,

137 1074 225 1127 vel
253 1074 562 1129 secundum
605 1076 798 1147 quales
834 1077 1083 1147 reliquiae
1124 1076 1361 1144 fuerint;
1401 1078 1740 1144 incensetur,

139 1167 454 1235 exeantque
497 1180 693 1218 omnes
735 1165 950 1236 pariter
993 1171 1151 1220 extra
1190 1172 1383 1238 portas
1428 1183 1742 1233 murorum,

140 1251 348 1325 quibus
386 1252 791 1308 circumdatum
830 1260 917 1310 est
960 1256 1386 1310 monasterium.
1425 1257 1582 1311 Tunc
1634 1256 1748 1311 sint

140 1345 446 1413 praesentes
488 1342 585 1397 alii
636 1343 859 1410 fratres,
907 1344 1004 1415 qui
1050 1344 1361 1416 suscipiant
1420 1350 1745 1399 sanctorum

139 1429 433 1501 reliquias.
456 1435 514 1485 et
535 1432 764 1486 famulis
792 1433 985 1488 dicant
1024 1438 1091 1488 ut
1130 1434 1500 1506 deportentur
1524 1435 1622 1490 ubi
1648 1450 1747 1489 ne-

140 1534 297 1574 cesse
326 1518 517 1584 fuerit,
561 1525 619 1575 et
656 1520 859 1576 fratres
889 1522 1154 1577 inchoent
1178 1524 1443 1594 psalmos,
1469 1526 1549 1578 Ad
1568 1526 1751 1578 Domi-

142 1624 284 1663 num
314 1625 443 1663 cum
470 1611 802 1668 tribularer.
840 1612 909 1666 Et
936 1619 1290 1667 revertantur
1318 1613 1375 1667 in
1401 1615 1653 1674 chorum,
1692 1617 1751 1666 et

142 1703 354 1753 exuant
371 1715 433 1753 se
452 1704 508 1754 et
521 1706 777 1771 pergant,
801 1704 1190 1774 unusquisque
1209 1703 1279 1757 ad
1299 1702 1482 1757 ofﬁcia
1502 1720 1629 1761 sua.
1644 1704 1746 1758 Illo

141 1791 400 1858 tempore
446 1789 671 1860 quando
715 1791 992 1845 reversuri
1047 1796 1180 1846 sunt
1227 1798 1528 1863 procurent
1572 1798 1741 1847 antea
1763 1771 1807 1830 Β

143 1876 408 1932 nuntiare
426 1877 486 1932 in
505 1878 845 1945 cmnobium,
867 1883 934 1934 ut
960 1880 1074 1935 sint
1101 1897 1294 1935 omnes
1312 1881 1516 1937 fratres
1532 1882 1589 1937 in
1612 1899 1744 1954 cap-

142 1963 249 2036 pis,
272 1964 521 2020 infantes
540 1965 601 2020 in
631 1965 793 2022 albis.
825 1966 989 2022 Prior
1024 1968 1258 2040 incipiat
1286 1964 1550 2041 psalmos,
1585 1972 1745 2025 Mise-

1823 542 1955 605 duo,
1978 540 2123 595 sicut
2140 540 2458 612 superiores
2469 544 2626 607 sunt;
2651 545 2840 595 tamen
2860 557 2985 595 cum
3007 540 3228 596 silentio
3260 548 3410 596 eant.

1824 629 2286 687 Pervenientibus
2315 630 2383 683 ad
2405 646 2555 694 eum,
2588 628 2776 684 tradet
2794 629 2845 683 ei
2862 646 3065 701 aquam
3092 635 3341 684 sanctam
3362 634 3419 685 et

1826 720 2110 774 osculetur
2148 722 2384 785 textum,
2415 724 2473 772 et
2500 718 2840 772 incensetur.
2873 718 3087 772 Deinde
3126 717 3421 773 inchoetur

1825 826 1972 880 resp.
2009 811 2134 863 Ecce
2164 811 2321 861 mitto
2353 810 2618 875 angelum
2646 824 2850 874 meum,
2891 812 2949 860 et
2971 808 3196 878 pulsent
3224 808 3420 863 famuli

1824 900 2017 954 omnia
2043 897 2223 973 signa;
2255 897 2319 952 In
2345 896 2579 951 ecclesia
2606 895 2819 967 tapetia
2857 896 2973 951 sint
2999 897 3111 951 duo
3138 897 3416 962 ordinata,

1826 1003 2063 1058 quorum
2095 1002 2269 1041 unum
2298 985 2373 1040 sit
2396 990 2527 1039 ante
2561 985 2737 1039 altare
2757 989 2961 1039 sanctae
2983 985 3181 1049 crucis,
3211 992 3268 1040 et
3286 987 3423 1041 alte-

1827 1093 1951 1131 rum
1990 1081 2121 1130 ante
2172 1076 2375 1145 majus.
2423 1076 2580 1130 Tunc
2614 1074 2786 1129 abbas
2822 1074 3047 1130 inchoet
3088 1075 3302 1146 antiph.
3338 1075 3423 1130 vel

1825 1183 1973 1236 resp.
1998 1165 2148 1235 quod
2187 1165 2336 1231 velit,
2369 1165 2518 1235 quod
2538 1164 2848 1219 conveniat.
2891 1165 3012 1230 Quo
3042 1165 3259 1236 expleto
3289 1164 3426 1220 dicit

1827 1254 2132 1326 capitulum
2171 1258 2228 1307 et
2254 1253 2355 1307 has
2386 1253 2685 1316 orationes,
2720 1253 3071 1322 Omnipotens
3099 1254 3422 1320 sempiterne

1831 1345 2330 1412 Deus,quicwlestia
2340 1345 2511 1396 simul
2524 1348 2573 1396 et
2589 1348 2809 1396 terrena
2828 1341 3418 1396 moderaris.Alleluia.

1834 1434 2183 1500 Omnipotens
2222 1434 2546 1499 sempiterne
2578 1433 2730 1495 Deus,
2765 1432 3023 1484 miserere
3051 1431 3266 1497 famulo
3288 1435 3420 1483 tuo:

1829 1526 1889 1576 et
1912 1521 2148 1575 redeant
2173 1520 2230 1573 in
2260 1520 2588 1574 claustrum.
2610 1519 2695 1574 Ad
2716 1519 2967 1591 reginam
2981 1519 3177 1574 eadem
3192 1518 3418 1586 faciant;

1830 1610 1928 1665 sed
1957 1615 2147 1663 tamen
2175 1608 2625 1679 ingredientibus
2644 1609 2705 1663 in
2725 1609 3017 1663 ecclesiam
3033 1608 3179 1664 hanc
3205 1607 3420 1680 antiph.

1828 1700 2145 1766 decantent,
2178 1699 2316 1753 Cum
2335 1699 2531 1752 sederit
2552 1701 2705 1766 ﬁlius
2735 1699 2997 1753 hominis.

2356 1788 2588 1844 CAPUT
2633 1787 2888 1844 XXXIII.

2197 1877 2281 1931 Ad
2309 1880 2616 1946 episcopum
2645 1877 3069 1932 deducendum.’

1897 1965 2056 2022 Illico
2075 1971 2140 2022 ut
2162 1967 2453 2021 nuntiatus
2476 1966 2649 2021 fuerit
2685 1967 2745 2021 in
2772 1967 3022 2022 coenobio
3052 1967 3297 2040 episcopi
3324 1969 3427 2023 ad-

142 2068 266 2108 rere
281 2056 412 2117 mei,
428 2055 764 2123 Deus.Deus,
796 2059 860 2110 in
888 2060 1109 2111 nomine
1131 2062 1240 2112 tuo.
1277 2060 1435 2121 Deus,
1454 2062 1517 2113 in
1532 2060 1747 2128 adjuto«
1827 2063 2047 2122 ventus,
2073 2062 2288 2111 annuat
2314 2058 2470 2128 prior
2496 2057 2581 2110 vel
2614 2056 2726 2122 ille,
2759 2056 2858 2127 qui
2896 2056 3147 2111 ordinem
3178 2056 3429 2112 tenuerit

142 2145 324 2202 rium.
355 2144 497 2197 Deus
525 2146 873 2207 misereatur,
915 2150 972 2200 et
999 2152 1132 2201 eant
1174 2147 1233 2201 in
1280 2147 1497 2202 obviam
1539 2148 1746 2203 sanctis
1824 2145 2111 2210 fratribus,
2137 2144 2183 2199 si
2211 2144 2269 2199 in
2289 2145 2534 2198 claustra
2565 2160 2677 2198 non
2703 2145 3028 2215 loquuntur,
3070 2150 3135 2199 ut
3179 2145 3428 2200 adunen-

143 2232 423 2303 reliquiis.
453 2233 751 2289 Secretarii
784 2235 1010 2306 pulsent
1033 2236 1195 2307 signa
1221 2237 1303 2291 vel
1331 2236 1545 2303 famuli,
1568 2254 1746 2309 usque
1826 2242 1922 2290 tur
1949 2234 2136 2290 cuncti
2167 2234 2226 2288 in
2254 2234 2487 2289 ecclesia
2513 2238 2571 2287 et
2593 2234 2969 2288 revestiantur
2996 2233 3054 2287 in
3081 2234 3272 2305 cappis
3300 2250 3427 2289 om-

144 2322 282 2377 dum
313 2321 432 2376 sint
459 2322 649 2377 omnia
683 2329 937 2395 peracta.
965 2326 1120 2380 Tunc
1146 2326 1429 2393 inchoent,
1461 2343 1608 2399 resp.
1645 2329 1747 2382 Iste

144 2420 389 2468 sanctus.
408 2414 568 2469 Dicat
586 2417 845 2471 sacerdos
855 2434 1069 2484 versus,
1085 2420 1289 2487 Magna
1308 2424 1384 2473 est
1401 2423 1586 2485 gloria
1608 2424 1744 2489 ejus.

147 2500 250 2556 Vel
277 2503 587 2557 secundum
600 2505 793 2575 quales
813 2505 1064 2577 reliquiae
1084 2507 1293 2561 fuerint
1322 2512 1378 2562 et
1405 2509 1749 2579 pertinentes

150 2593 432 2657 collectas,
470 2598 528 2647 et
553 2610 765 2665 preces,
797 2594 999 2649 deinde
1020 2596 1359 2652 incensetur.
1385 2597 1633 2652 Rursum
1660 2597 1749 2652 in-

149 2683 355 2737 choent
382 2682 535 2737 aliud
566 2699 708 2754 resp.
732 2700 1041 2755 congruum
1055 2686 1263 2739 sanctis
1286 2686 1557 2757 reliquiis,
1589 2691 1647 2740 et
1671 2686 1751 2741 ita

149 2770 395 2842 peractis
420 2776 553 2825 eant
573 2771 630 2825 in
652 2772 1077 2840 monasterium,
1110 2778 1167 2827 et
1186 2780 1470 2845 ponantur
1498 2773 1749 2844 reliquiae

148 2858 244 2914 ubi
267 2860 543 2930 ponendae
569 2865 729 2928 sunt;
778 2861 963 2916 denuo
1013 2862 1377 2917 incensentur
1407 2882 1419 2917 :
1460 2868 1519 2918 et
1553 2867 1752 2934 pergat

148 2948 538 3022 unusquisque
564 2948 636 3002 ad
664 2965 805 3021 opus
833 2965 1020 3003 suum.

718 3038 952 3093 CAPUT
990 3037 1189 3095 XXXI.

737 3129 873 3182 Item
893 3128 956 3181 de
972 3129 1172 3182 eodem.

219 3216 460 3281 Quando
484 3231 687 3285 corpus
718 3221 973 3270 sanctum
1003 3215 1137 3270 foris
1165 3217 1506 3288 portandum
1555 3222 1659 3285 est,
1689 3217 1749 3272 in

150 3305 295 3361 albis
323 3304 532 3360 debent
551 3321 672 3359 esse
693 3305 875 3359 vestiti
905 3310 963 3359 et
978 3305 1048 3360 de
1080 3306 1201 3377 ipso
1223 3312 1414 3361 sancto
1434 3309 1593 3376 cujus
1618 3325 1750 3379 por-

149 3399 348 3450 tantur
375 3392 626 3464 reliquize
654 3393 740 3447 vel
768 3409 914 3464 resp.
944 3394 1029 3447 vel
1057 3394 1275 3466 antiph.
1308 3401 1554 3462 cantent,
1575 3396 1752 3452 donec

148 3483 469 3539 revertendi
494 3483 718 3553 signum
747 3483 903 3553 prior
928 3483 1120 3537 faciat.
1151 3482 1219 3538 In
1247 3486 1577 3540 revertendo
1606 3487 1752 3558 psal-

148 3588 273 3626 mos
294 3571 504 3626 dicant.
528 3571 668 3625 Cum
698 3587 829 3627 vero
866 3572 1113 3643 reliquiae
1144 3579 1505 3644 reportentur
1532 3574 1591 3629 in
1618 3591 1751 3646 cap-

148 3661 236 3733 pis
261 3658 451 3714 vestiti
481 3658 687 3713 debent
729 3659 932 3714 fratres
970 3677 1282 3727 occurrere,
1308 3667 1366 3715 et
1392 3679 1520 3716 cum
1550 3663 1753 3720 exituri

146 3755 283 3805 sunt
298 3764 330 3802 e
344 3748 518 3803 choro
535 3747 703 3802 debet
720 3748 874 3819 prior
891 3749 1154 3820 incipere,
1170 3751 1423 3805 Miserere
1444 3755 1570 3813 mei,
1588 3754 1748 3807 Deus.

148 3840 382 3909 Deus,in
398 3839 621 3891 nomine
634 3839 1007 3892 tuo.Miserere
1017 3841 1143 3905 mei,
1168 3841 1323 3902 Deus,
1341 3843 1598 3895 miserere
1618 3845 1745 3895 mei.

146 3929 293 3983 Deus
321 3929 675 3992 misereatur,
717 3931 823 3981 etc.
830 3967 848 3994 ,
879 3927 1056 3981 donec
1084 3927 1155 3982 ad
1185 3928 1454 3999 reliquias
1482 3946 1750 4001 pervene-

148 4018 267 4072 rint
300 4034 313 4069 :
346 4019 477 4087 post
496 4013 729 4069 missum
751 4014 1045 4070 incensum
1071 4016 1142 4071 de
1160 4016 1281 4088 ipso
1316 4024 1510 4073 sancto
1530 4018 1752 4074 dicatur

149 4104 335 4161 oratio
360 4122 373 4158 :
398 4103 600 4157 deinde
631 4103 701 4158 de
741 4104 862 4176 ipso
892 4110 1086 4159 sancto
1109 4112 1337 4161 cantum
1362 4108 1641 4162 armarius
1666 4107 1755 4162 in-

153 4194 346 4267 cipiat,
380 4198 439 4247 et
465 4192 547 4247 sic
570 4191 632 4247 in
658 4194 1064 4248 monasterium
1094 4199 1350 4265 pergant.

693 4280 937 4338 CAPUT
992 4281 1219 4338 XXXII.

580 4370 668 4428 Ad
703 4387 885 4439 regem
931 4373 1329 4427 deducendum.

1828 2341 1927 2380 nes
1952 2330 2010 2378 et
2036 2323 2280 2378 infantes
2308 2323 2367 2377 in
2396 2321 2554 2377 albis.
2593 2322 2805 2377 Deinde
2847 2323 3125 2394 accipiant
3171 2323 3426 2378 conversi

1831 2430 2036 2484 aquam
2067 2417 2340 2476 sanctam,
2370 2428 2614 2478 crucem,
2636 2411 2747 2467 duo
2777 2411 3132 2478 candelabra,
3159 2418 3216 2467 et
3241 2417 3427 2467 textus

1831 2503 2133 2575 Evangelii,
2184 2508 2241 2558 et
2277 2508 2410 2557 eant
2458 2518 2584 2556 cum
2651 2501 2894 2556 silentio.
2940 2503 3085 2557 Dent
3129 2503 3181 2557 ei
3222 2519 3427 2574 aquam

1830 2598 2083 2646 sanctam
2113 2596 2169 2646 et
2209 2591 2492 2646 osculetur
2518 2596 2729 2645 textum
2758 2596 2815 2644 et
2841 2591 3180 2646 incensetur.
3213 2591 3429 2647 Deinde

1829 2681 2056 2735 inchoet
2083 2680 2663 2750 responsorium,Ecce
2682 2696 2803 2734 rere
2831 2682 3107 2743 Israelita,
3142 2681 3225 2733 vel
3253 2679 3422 2744 Audi,

1830 2772 2022 2825 Israel.
2056 2768 2131 2824 Et
2158 2770 2451 2840 pulsentur
2480 2768 2738 2823 universa
2779 2768 2942 2839 signa
2977 2775 3219 2840 eantque
3248 2770 3307 2823 in
3336 2787 3428 2825 ec-

1830 2859 2077 2913 clesiam.
2109 2859 2232 2913 Duo
2261 2858 2474 2929 tapetia
2517 2857 2632 2911 sint
2668 2857 2945 2924 ordinata,
2982 2873 3218 2928 quorum
3248 2874 3426 2914 unum

1830 2953 1962 3002 ante
1981 2948 2159 3002 altare
2173 2946 2497 3019 principale,
2514 2946 2755 3001 alterum
2781 2962 2910 3000 vero
2932 2946 3004 3000 ad
3022 2945 3200 3001 altare
3218 2953 3427 3002 sanctae

1830 3038 2012 3092 crucis
2040 3042 2099 3091 et
2125 3036 2360 3091 redeant
2387 3036 2445 3090 in
2475 3035 2808 3091 claustrum.

2360 3124 2592 3179 CAPUT
2642 3124 2891 3180 XXXIV.

2159 3216 2295 3268 Item
2323 3214 2397 3268 ad
2423 3215 2671 3267 abbatem
2709 3215 3103 3270 deducendum.

1902 3302 1986 3357 Ad
2018 3302 2276 3357 abbatem
2294 3319 2553 3379 namque
2582 3318 2693 3357 non
2720 3308 2995 3358 sonantur
3012 3304 3192 3375 signa,
3214 3320 3319 3360 nec
3340 3322 3429 3361 ve-

1832 3394 2083 3449 stiuntur
2109 3409 2303 3447 omnes
2328 3412 2340 3460 ;
2372 3392 2470 3447 sed
2499 3397 2721 3447 tantum
2751 3392 2852 3460 illi,
2881 3394 2976 3464 qui
3015 3395 3429 3465 processionem

1832 3488 2093 3555 portant;
2125 3499 2402 3553 nusquam
2446 3493 2711 3537 canentes
2743 3498 2846 3537 nec
2874 3484 3079 3550 eundo,
3114 3500 3217 3539 nec
3244 3501 3430 3539 rever-

1831 3573 2029 3629 tendo.
2064 3572 2124 3626 Si
2150 3578 2341 3626 tamen
2368 3572 2499 3626 talis
2520 3571 2813 3642 dignitatis
2842 3572 3028 3632 fuerit,
3055 3579 3291 3644 possunt
3308 3590 3431 3629 om-

1836 3678 1935 3716 nes
1964 3662 2166 3715 fratres
2190 3677 2313 3715 esse
2340 3660 2399 3715 in
2424 3661 2635 3732 cappis,
2664 3660 2826 3731 pueri
2854 3661 2911 3715 in
2936 3662 3099 3716 albis.

2141 3748 2155 3759 ’
2514 3750 2742 3805 XXXV.

2184 3840 2270 3893 Ad
2288 3842 2634 3893 serenitatem
2662 3842 3072 3908 postulandam.

1901 3928 2137 3992 Quando
2167 3928 2408 3982 multum
2435 3926 2600 3999 pluit,
2630 3928 3098 3983 convenientesin
3121 3930 3430 4001 capitulum

1835 4016 2186 4071 concorditer
2213 4015 2383 4069 simul
2411 4014 2757 4070 constituant
2777 4015 2923 4070 hunc
2940 4017 3220 4087 psalmum
3248 4017 3435 4073 dicen-

1836 4105 1970 4160 dum
1993 4105 2061 4159 ad
2084 4104 2360 4171 litaniam,
2376 4105 2727 4167 Benedixisti,
2752 4106 2997 4170 Domine,
3026 4111 3235 4160 terram
3253 4110 3427 4161 tuam.

1837 4194 2000 4250 Feria
2017 4209 2070 4248 Iv
2087 4199 2144 4248 et
2166 4208 2221 4248 γι
2242 4193 2309 4247 ad
2336 4192 2746 4264 processionem
2766 4193 2982 4265 antiph.
3007 4195 3433 4250 Inundaverunt

1837 4299 2010 4352 aqua,
2044 4288 2101 4337 et
2127 4282 2356 4337 missam
2387 4282 2776 4337 matutinalem
2802 4300 2868 4337 ex
2892 4299 2977 4338 ea.
3012 4283 3295 4351 Officium,
3317 4301 3433 4339 om-

1840 4375 1942 4425 nia
1972 4388 2088 4440 quae
2115 4373 2294 4440 fecisti
2322 4371 2830 4436 nobis.Collectam,
2851 4374 2933 4427 Ad
2958 4378 3005 4426 te
3035 4390 3151 4438 nos,
3184 4375 3434 4442 Domine,

218 4465 365 4519 Cum
377 4459 607 4516 auditus
623 4436 794 4515 fuerit
805 4460 1077 4515 adventus
1091 4460 1240 4531 regis
1259 4461 1316 4515 in
1329 4462 1750 4526 monasterium,
1774 4436 1825 4495 D
1842 4436 2142 4515 clariiantes
2162 4478 2179 4523 ;
2212 4464 2270 4513 et
2294 4459 2432 4514 alias
2471 4461 2633 4530 juxta
2668 4477 2881 4515 morem
2920 4436 3185 4518 dicendas
3212 4481 3313 4535 pro
3343 4436 3437 4520 de;

159 4557 297 4608 tunc
308 4550 516 4606 abbate
549 4549 634 4603 vel
656 4549 840 4621 priore
852 4554 1157 4617 (annuente
1180 4549 1448 4605 fratribus
1465 4551 1511 4605 si
1532 4556 1753 4623 tempus

161 4658 273 4697 non
296 4640 473 4696 fuerit
491 4638 754 4710 loquendi
780 4638 839 4692 in
867 4638 1152 4706 claustro),
1194 4640 1529 4694 conveniant
1560 4656 1752 4694 omnes

160 4731 215 4786 in
245 4728 565 4793 ecclesiam,
587 4726 961 4782 etvestiantse
972 4727 1031 4780 in
1054 4728 1263 4798 cappis,
1286 4728 1455 4782 etiam
1477 4730 1747 4795 conversi,

162 4826 216 4874 et
236 4819 488 4874 infantes
512 4815 751 4871 induant
776 4833 838 4870 se
862 4816 1087 4870 tunicis.
1122 4817 1419 4872 Secretarii
1448 4824 1764 4889 praeparent

162 4907 596 4979 processionem,
624 4911 681 4959 et
709 4910 847 4959 tunc
872 4911 1077 4960 sonent
1096 4905 1207 4960 duo
1236 4908 1456 4977 majora
1469 4907 1650 4977 signa,
1673 4907 1762 4962 in-

162 4995 517 5069 cipientibus,
544 4994 626 5048 ita
649 4993 906 5048 ordinate
936 5010 1189 5064 pergere,
1227 4995 1373 5049 sicut
1398 4994 1456 5048 in
1494 4995 1582 5049 his
1628 4997 1762 5050 cha-

163 5084 476 5140 racteribus
505 5083 945 5137 demonstratur.

230 5175 402 5241 Crux,
479 5170 710 5227 Thurib.
771 5170 1074 5227 Candelab.
1114 5171 1341 5226 Candel.
1421 5171 1652 5227 Candel.

227 5265 410 5335 Aqua,
478 5261 643 5326 Crux,
760 5260 993 5327 Textus,
1106 5260 1330 5324 Textus,
1423 5262 1650 5315 Textus.

228 5352 397 5417 Crux,
473 5349 705 5406 Thurib.
745 5347 1047 5404 Candelab.
1110 5348 1341 5404 Candel.
1419 5350 1649 5404 Candel.

165 5439 424 5496 Conversi
461 5438 576 5493 bini
596 5444 654 5494 et
671 5438 788 5494 bini
806 5438 921 5493 sint
950 5456 963 5492 :
986 5443 1122 5493 tunc
1150 5438 1392 5493 infantes
1420 5455 1549 5493 cum
1581 5439 1764 5511 magi-

230 5597 346 5673 (65)
373 5600 677 5669 Phanones,
703 5599 1028 5672 Phanones,
1066 5600 1324 5670 fanones,
1357 5599 1499 5669 vela,
1538 5599 1757 5656 vexilla.

1837 4548 2064 4615 functis,
2084 4554 2141 4602 et
2159 4548 2456 4602 lectionem
2486 4550 2741 4604 Ieremia:
2770 4550 2968 4621 proph.
3001 4553 3122 4607 Hac
3160 4556 3294 4608 dicit
3336 4556 3437 4609 Do~

1837 4640 2032 4690 minus
2064 4655 2080 4690 :
2110 4638 2383 4705 Nunquid
2405 4640 2705 4706 projiciens
2733 4640 2981 4707 abjecisti
3004 4643 3231 4696 Judam.
3265 4643 3435 4715 Resp.

1836 4728 2112 4780 Protector
2130 4731 2312 4779 noster
2339 4730 2532 4795 aspice,
2558 4728 2713 4784 Deus.
2732 4727 2991 4783 Alleluia.
3014 4730 3237 4785 Ostende
3260 4734 3437 4801 nobis,

1844 4816 2088 4869 Domine.
2112 4814 2471 4883 Evangelium
2502 4816 2808 4870 secundum
2837 4818 3064 4885 Lucam,
3094 4821 3157 4874 In
3180 4822 3277 4873 illo
3309 4824 3441 4874 tem-

1838 4918 1988 4971 pore,
2031 4904 2175 4956 dixit
2218 4905 2373 4956 Jesus
2418 4904 2707 4972 discipulis
2736 4908 2854 4959 suis
2886 4924 2902 4959 :
2940 4908 3200 4961 Misereor
3230 4909 3438 4977 turba;

1844 4993 1979 5061 quia
2000 4992 2187 5045 triduo
2202 4994 2329 5059 jam
2353 4995 2633 5046 sustinent
2663 5010 2767 5047 me.
2791 4994 2985 5049 Oﬂ'ert.
3004 4995 3161 5050 Sicut
3189 4999 3253 5050 in
3283 4997 3435 5051 holo-

1842 5084 2116 5135 caustum.
2138 5080 2353 5134 Comm.
2388 5081 2609 5134 Inclina
2628 5098 2824 5136 aurem
2844 5088 3019 5144 tuam,
3039 5083 3126 5137 vel
3145 5101 3272 5138 cum
3288 5101 3440 5140 voca-

1842 5184 1963 5222 rem
1992 5173 2054 5222 te.
2081 5168 2165 5222 Ad
2197 5169 2468 5239 majorem
2500 5168 2729 5223 missam
2757 5175 2885 5241 post
2911 5171 3274 5239 offerendam,
3309 5190 3437 5229 cum

1845 5256 2105 5311 sacerdOs
2132 5256 2474 5312 inchoaverit
2498 5257 2759 5312 ordinare
2786 5259 3014 5314 calicem
3045 5277 3173 5315 cum
3204 5262 3438 5317 diacono

1840 5362 2012 5417 super
2024 5346 2223 5413 altare,
2245 5353 2380 5401 tunc
2401 5353 2596 5401 cantor
2618 5344 2889 5420 [inchoet]
2919 5347 2977 5401 in
3002 5348 3173 5404 choro
3202 5365 3438 5421 respon-

1844 5438 2077 5504 sorium,
2110 5436 2250 5490 Deus
2278 5438 2378 5505 qui
2403 5437 2549 5491 sedes
2577 5455 2594 5491 :
2630 5437 2750 5491 Tibi
2784 5438 3074 5493 derelictus
3101 5443 3177 5493 est
3199 5454 3435 5508 pauper.
