3914 6366
127 359 276 436 1-27'7‘

1329 369 1741 438 DlSCIPL'INA
1779 367 2196 436 FA‘RFENSIS.

3269 357 3406 433 li78

119 505 231 578 ipsi
265 507 584 577 reservetur
606 487 900 575 judicium;
935 495 1076 558 Cuni
1099 510 1287 560 autem
1318 524 1572 560 reversus
1603 505 1726 561 fue—
1746 511 1788 566 A
1808 502 2029 559 dilectio
2066 511 2185 572 tua,
2230 503 2361 577 quia
2389 507 2669 579 suggessit
2710 509 2813 562 iste
2860 493 3034 560 frater
3076 487 3176 558 ille
3218 497 3399 556 nobis,

115 594 219 659 rit,
259 593 377 664 ipse
409 593 587 646 frater
611 594 887 647 subducat
907 611 966 648 se
994 612 1028 648 a
1055 601 1355 665 conSpectu
1387 597 1527 663 ejus,
1554 597 1728 649 donec

115 683 219 735 tali
255 683 316 735 in
346 683 466 736 loco
496 683 700 746 veniat,
732 683 825 736 ubi
855 690 1012 754 petat
1053 684 1270 737 veniam
1304 693 1465 738 suam
1506 682 1729 738 satisfa-

125 772 352 836 ciendo,
383 778 438 824 et
465 773 613 842 quod
643 772 692 825 ei
725 772 1068 842 praeceperit,
1108 773 1160 825 id
1197 773 1382 826 faciat.
1416 771 1541 827 Una
1570 780 1730 827 nocte

122 862 320 936 jaceat
341 861 400 913 in
430 860 696 948 h.ospit'ali
728 868 1029 932 antequam
1082 862 1404 932 recipiatur.
1442 862 1498 916 Si
1529 859 1731 932 fugerit

130 950 200 1003 de
229 950 424 1019 aliqua
451 950 592 1003 cella
622 961 677 1003 et
705 949 778 1003 ibi
809 967 1064 1004 reversus
1093 949 1282 1008 fuerit.
1316 951 1636 1021 recipiatur,
1670 957 1733 1005 ut

128 1044 219 1092 est
245 1055 419 1109 supra
447 1037 655 1092 dictum
684 1056 694 1091 :
720 1045 776 1092 et
792 1040 1013 1110 quando
1033 1039 1249 1093 venerit
1267 1040 1337 1093 ad
1357 1045 1525 1110 caput
1544 1055 1733 1093 mona-

131 1129 315 1204 sterii,
349 1129 612 1183 similiter
638 1129 696 1182 id
726 1130 908 1184 faciat.
945 1131 1003 1184 Si
1032 1130 1240 1200 fugerit
1262 1131 1330 1184 de
1355 1119 1543 1201 aliqua
1571 1132 1727 1191 cella,

123 1225 180 1272 et
210 1217 291 1296 ibi
313 1235 425 1271 non
458 1234 714 1272 reversus
742 1219 1002 1284 fuerit,et
1015 1220 1231 1272 'venerit
1254 1219 1320 1272 ad
1345 1225 1514 1289 caput
1535 1237 1730 1272 mona-

125 1307 308 1365 sterii.
341 1307 736 1377 recipiatur.ut
762 1313 847 1362 est
870 1308 1128 1378 superius
1156 1306 1731 1378 przenotatum,donec

127 1403 363 1449 vocetur
397 1396 553 1466 prior
589 1396 658 1450 de
701 1397 822 1466 ipsa
869 1399 1026 1461 cella,
1070 1404 1126 1450 et
1158 1397 1462 1451 audiantur
1491 1398 1731 1466 querelae

126 1467 455 1548 amborum,
490 1490 546 1536 et
575 1479 893 1553 ubicunque
919 1483 1086 1537 fuerit
1106 1483 1268 1554 culpa
1296 1485 1520 1538 inventa
1547 1501 1733 1537 emen-

131 1571 322 1624 detur.
359 1571 494 1646 Post
525 1571 641 1624 haec
688 1571 734 1626 si
786 1571 961 1643 priori
999 1571 1220 1626 videtur
1260 1576 1576 1627 revertatur
1612 1573 1733 1644 ipse

132 1661 314 1713 frater
343 1660 415 1713 ad
444 1660 622 1731 ipsam
653 1657 872 1714 cellam.

719 1737 953 1803 CAPUT
989 1739 1130 1802 XLI.

402 1907 407 1912 Ξ
666 1840 739 1891 [)e
763 1839 834 1906 ph
847 1835 1197 1892 Iebotomaiis.

202 1913 260 1979 Si
298 1926 426 1997 quis
453 1926 627 1979 frater
641 1925 876 1980 voluerit
903 1928 1231 1998 sanguinem
1264 1927 1515 1980 minuere
1532 1944 1733 1998 procu-

127 2021 217 2067 ret
245 1999 499 2068 i‘ndicare
539 2013 746 2077 abbati,
782 2015 864 2069 vel
893 2016 1092 2087 priori,
1123 2016 1169 2069 si
1198 2015 1370 2069 abbas
1401 2034 1511 2070 non
1535 2017 1728 2084 adest,

132 2104 359 2164 licentia
390 2103 632 2175 denique
663 2109 908 2175 accepta,
942 2109 1033 2158 eat
1062 2105 1308 2158 indicare
1331 2105 1636 2168 cellerario,
1671 2111 1736 2160 ut

132 2194 341 2247 habere
371 2194 538 2246 faciat
566 2194 898 2247 arcedonem
952 2191 1075 2261 {67),
1129 2195 1211 2247 vel
1236 2195 1283 2247 si
1313 2201 1536 2265 tempus
1566 2195 1735 2249 fuerit

141 2283 382 2351 hyemis,
446 2283 630 2351 ignem
685 2283 986 2335 accendere
1033 2281 1200 2336 faciat
1237 2283 1294 2336 in
1357 2283 1729 2337 calefactorio.

133 2370 286 2423 Tunc
312 2376 512 2443 pergat
540 2370 608 2424 ad
624 2372 856 2440 januam
888 2370 1265 2441 Eleemosynae
1288 2377 1344 2423 et
1359 2371 1595 2440 accipiat
1618 2389 1728 2425 vas.

138 2457 259 2512 Mox
297 2463 360 2510 ut
386 2457 746 2530 Evangelium
766 2458 1061 2511 recitatum
1086 2459 1255 2512 fuerit
1287 2465 1376 2512 eat
1403 2476 1530 2513 cum
1560 2460 1730 2513 silen-

137 2547 212 2599 tio
246 2553 419 2618 atque
446 2547 513 2600 d'e
547 2562 699 2600 more
729 2547 916 2606 faciat.
938 2553 1137 2600 ett'unc
1160 2547 1307 2601 dicat
1324 2547 1502 2602 tribus
1520 2548 1732 2603 vicibus

139 2636 273 2686 Deus
298 2639 358 2687 in
389 2628 758 2704 adjutoriam,
793 2635 1106 2708 adjungens
1136 2637 1322 2691 Gloria
1355 2639 1527 2689 Patri.
1563 2638 1735 2705 Kyrie

134 2725 525 2776 eleison.Pater
547 2730 742 2778 noster.
772 2725 832 2777 Et
857 2741 922 2777 ne
954 2726 1435 2792 7108.A(ijut‘o-rium
1457 2731 1728 2778 nostrum.

134 2812 458 2865 Benediciie.
505 2800 836 2883 Perpetrata
875 2829 1000 2866 vero
1048 2817 1310 2884 peragret
1354 2811 1728 2867 refectorium.

134 2889 188 2953 Si
213 2905 342 2970 post
376 2900 676 2970 pranditim
701 2901 925 2953 visitare
941 2900 1198 2962 voluerit,
1219 2901 1364 2954 sicut
1385 2902 1732 2971 praetulimus

130 2988 320 3042 omnia
341 2987 548 3042 habeat
565 2989 1046 3060 praeparata.CUm
1065 2989 1516 3060 phlebotomatus
1538 2991 1728 3059 fuerit,

135 3077 327 3130 statim
361 3093 600 3146 pergens
621 3077 679 3130 in
707 3078 1060 3131 refectorium
1093 3071 1229 3131 offas
1255 3079 1443 3133 faciat.
1478 3079 1534 3132 Si
1567 3080 1735 3133 servi-

135 3171 288 3218 tores
319 3165 569 3220 sederint
599 3167 667 3219 ad
701 3174 973 3231 mensam,
1000 3166 1117 3237 ipse
1157 3172 1312 3237 petat
1353 3167 1636 3221 licentiam
1661 3167 1730 3221 ab

131 3255 225 3307 illo
257 3254 355 3328 qui
388 3254 598 3308 sederit
625 3254 693 3308 ad
734 3255 1014 3324 sQuillam.
1070 3255 1127 3310 Si
1174 3256 1414 3309 domnus
1446 3256 1616 3310 abbas
1649 3261 1735 3311 est

137 3343 391 3396 minutus
416 3344 778 3413 sanguine,in
802 3344 1044 3397 crastino
1065 3344 1342 3414 accipiant
1373 3346 1604 3398 mixtum
1633 3365 1642 3397 :
1679 3350 1737 3400 et

137 3429 202 3484 ad
236 3437 460 3484 versum
493 3431 538 3485 si
576 3432 780 3502 aliquis
814 3429 1056 3486 defuerit
1085 3445 1150 3487 ex
1177 3433 1450 3503 sanguine
1479 3435 1733 3501 minutis,

137 3521 362 3590 quando
392 3520 624 3586 venerit,
651 3521 1129 3595 petatlicentiam,
1164 3528 1218 3574 et
1251 3522 1398 3574 dicat
1427 3530 1735 3585 versum,et

136 3610 366 3662 accedat
412 3609 481 3661 ad
531 3617 780 3662 mensam
817 3628 828 3661 :
864 3609 1126 3663 similiter
1173 3608 1341 3663 faciat
1382 3611 1428 3663 si
1469 3611 1623 3681 prior
1650 3617 1736 3666 est

139 3699 393 3750 minutus
425 3698 717 3766 sanguine.
743 3697 1007 3752 Infirmus
1039 3704 1226 3751 autem
1259 3699 1354 3767 qui
1386 3711 1486 3768 pr‘o
1517 3711 1619 3752 sua
1647 3700 1735 3753 in-

137 3787 405 3839 firmitate
441 3785 640 3856 accipit
684 3786 939 3848 mixtum,
975 3795 1087 3839 non
1114 3792 1270 3857 petat
1298 3779 1602 3851 licentiam,
1634 3802 1736 3842 nec

135 3876 283 3928 dicat
324 3883 567 3928 versum.
612 3874 864 3928 Domnus
908 3873 1078 3928 abbas
1130 3872 1296 3928 debet
1324 3875 1572 3946 accipere
1602 3877 1738 3929 mix-

135 3971 250 4016 tum
300 3962 370 4016 ad
419 3963 652 4015 scillam.
699 3961 860 4015 Prior
915 3969 1125 4025 autem,
1179 3963 1226 4014 si
1277 3961 1519 4016 domnus
1565 3963 1736 4018 abbas

136 4049 307 4105 fuerit
351 4051 406 4103 in
458 4051 822 4115 monasterio,
855 4051 913 4103 in
954 4065 1055 4103 suo
1098 4051 1260 4103 stallo
1303 4051 1576 4120 accipiat;
1611 4058 1668 4106 et
1690 4051 1737 4108 si

136 4153 244 4193 non
268 4140 429 4193 adest
463 4136 653 4200 abbas,
689 4139 758 4192 ad
789 4138 1048 4209 squillam
1083 4139 1278 4192 sedeat
1314 4158 1325 4192 :
1358 4140 1619 4194 similiter
1647 4141 1739 4194 de-

137 4245 328 4291 canus,
365 4228 412 4281 si
457 4230 610 4298 prior
638 4228 812 4282 deest.
847 4225 1083 4290 Quando
1123 4223 1353 4281 insimul
1397 4230 1737 4283 conveniunt

141 4315 544 4388 phlebotomati
566 4328 691 4370 cum
717 4317 927 4386 pueris,
959 4321 1093 4368 tunc
1118 4315 1308 4369 dicant
1335 4333 1558 4370 versum
1592 4316 1738 4387 pari-

140 4412 248 4460 ter:
285 4403 469 4458 lnfans
498 4405 650 4475 legat
677 4405 971 4458 lectionem
1003 4419 1068 4457 ex
1096 4405 1280 4469 corde,
1312 4405 1512 4459 deinde
1533 4400 1734 4462 edant:

1813 601 1874 648 ut
1900 595 1978 648 illi
2010 589 2295 649 lieentiam
2328 593 2590 651 daremus
2639 597 2920 652 vobiscum
2948 587 3255 648 habitandi.
3289 585 3403 644 Nos

1812 692 2000 737 autem
2033 684 2164 754 quia
2194 691 2248 737 te
2279 687 2640 756 cognovimus
2685 687 3000 756 regularem
3037 681 3287 737 ordinem
3316 685 3404 732 te-

1813 789 1966 836 nere,
2000 771 2340 842 praebuimus
2364 791 2694 827 consensum
2715 774 2763 827 ei
2784 773 3066 826 vobiscum
3090 761 3403 824 habitandi.

1813 862 1973 914 Nunc
2014 866 2201 913 autem
2253 861 2408 915 illum
2450 863 2551 916 tibi
2601 861 2950 924 commendo,
3004 866 3067 912 ut
3118 857 3277 910 illum
3318 855 3404 908 ita

1813 953 2017 1002 tractes
2046 948 2210 1002 sicuti
2237 965 2358 1020 ego,
2389 953 2446 1003 et
2469 968 2568 1021 pro
2588 950 2686 1004 illo
2709 952 2982 1004 rationem
3001 945 3241 1002 Domino
3262 941 3406 998 sicut

1815 1055 1916 1107 ego
1946 1037 2164 1091 reddas.

2369 1125 2601 1183 CAPUT
2630 1125 2837 1182 XLIII.

2240 1216 2311 1267 De
2334 1220 2599 1283 portariis
2621 1215 2963 1269 monasterii.

1883 1302 2173 1356 Portarius
2220 1303 2395 1356 frater
2444 1320 2721 1374 nusquam
2760 1301 2923 1357 debet
2971 1290 3242 1372 equitare,
3297 1296 3401 1351 nisi

1812 1387 1953 1443 forte
1983 1392 2405 1461 supervenerint
2433 1393 2721 1462 praedones
2748 1391 2891 1445 infra
2909 1389 3176 1445 terminos
3207 1401 3404 1440 mona-

1815 1477 1970 1531 sterii
1998 1497 2008 1540 ;
2043 1496 2142 1548 pro
2173 1479 2277 1532 hoc
2306 1481 2510 1551 poterit
2540 1499 2790 1554 pergere.
2825 1480 3112 1550 Equorum
3149 1492 3280 1530 vero
3310 1490 3402 1528 as-

1815 1575 2072 1620 ce'nso'res
2099 1569 2156 1621 in
2178 1587 2336 1622 suam
2372 1565 2566 1624 cellam
2597 1571 2956 1624 advenientes
2985 1568 3052 1622 ab
3079 1566 3200 1638 ipso
3225 1564 3406 1618 hono-

1816 1657 1967 1709 rifice
1998 1657 2365 1728 excipiantur,
2403 1663 2460 1712 et
2488 1677 2520 1713 a
2562 1657 2785 1714 famulis
2813 1659 3072 1721 servisve,
3099 1661 3155 1709 et
3174 1651 3407 1725 jubente

1815 1745 2002 1816 priore
2041 1747 2343 1800 secundum
2394 1744 2619 1803 illorum
2651 1763 3016 1820 personarum
3050 1744 3402 1817 qualitatem.

1743 1817 1791 1878 Β
1814 1831 1942 1902 Ipse
1967 1835 2232 1905 praefatus
2261 1836 2437 1889 frater
2466 1837 2581 1890 suis
2602 1817 2977 1909 subjectaneis
2999 1831 3103 1902 (69)
3129 1849 3329 1906 panem
3350 1842 3409 1886 et

1815 1921 2004 1974 vinum
2037 1920 2285 1992 quotidie
2315 1924 2528 1978 deferat
2553 1925 2650 1983 ibi.
2685 1927 2829 1979 Dum
2861 1923 3010 1978 domi
3053 1939 3164 1976 non
3195 1919 3407 1974 fuerint

1815 2010 2081 2080 hospites,
2113 2012 2170 2064 in
2201 2013 2495 2081 coquinam
2528 2019 2659 2067 eant
2686 2011 2754 2067 ad
2787 2013 3101 2075 edendum;
3137 2009 3269 2080 quia
3298 2005 3408 2078 ipsi

1815 2099 2021 2152 debent
2047 2095 2246 2164 facere,
2281 2099 2503 2170 quando
2535 2108 2750 2165 vacant,
2775 2117 2978 2172 cappas
2999 2103 3256 2154 fratrum.
3279 2087 3407 2150 Cal-

1815 2202 1971 2240 cares
2017 2204 2310 2258 equorum,
2345 2189 2428 2242 vel
2467 2189 2664 2243 fascias
2698 2189 2816 2260 ipse
2854 2192 3134 2260 procuret.
3185 2179 3406 2239 Famuli

1815 2284 2205 2345 procuratores
2257 2278 2637 2348 equitatorum
2693 2276 2768 2331 ibi
2818 2275 3160 2341 comedunt;
3210 2271 3404 2326 famuli

1815 2353 2072 2434 discipuli
2102 2366 2336 2435 portarii
2368 2368 2448 2420 eis
2479 2368 2743 2429 serviant,
2776 2372 2970 2438 postea
2998 2363 3106 2435 ipsi
3144 2377 3270 2417 cum
3310 2376 3406 2414 co-

1817 2452 1941 2522 quis
1970 2455 2157 2507 edant.
2191 2455 2318 2525 Ipse
2349 2455 2524 2508 frater
2549 2473 2674 2509 cum
2705 2456 2825 2509 "suis
2855 2451 3112 2508 omnibus
3141 2463 3406 2522 superve-

1814 2541 2096 2595 nientibus
2125 2535 2269 2596 lecta
2299 2549 2515 2598 sternat
2539 2565 2550 2610 ;
2583 2545 2688 2615 ipsi
2717 2545 2792 2598 ibi
2802 2546 3043 2615 jaceant.
3077 2530 3139 2595 in
3162 2540 3404 2593 crastino

1816 2631 2092 2684 maturius
2142 2632 2237 2701 qui
2288 2633 2405 2685 vult
2452 2634 2508 2687 in
2555 2635 2842 2687 ecclesiam
2885 2632 3090 2692 venire,
3143 2644 3271 2682 cum
3303 2644 3408 2681 sua

1817 2718 2072 2771 lanterna
2103 2715 2384 2774 illuminet
2415 2729 2469 2774 et
2491 2722 2825 2777 introduc-at.
2850 2722 2893 2774 si
2923 2720 3054 2774 talis
3081 2707 3252 2772 fuerit
3277 2731 3407 2786 per-

1815 2822 1992 2872 sona;
2025 2807 2110 2860 sin
2141 2821 2269 2861 vero
2323 2809 2441 2879 ipse
2493 2823 2603 2862 non
2651 2797 2769 2863 vult
2815 2808 3092 2878 occupari,
3134 2804 3404 2859 familiam

1812 2901 2055 2958 moneat,
2075 2901 2140 2949 ut
2166 2886 2353 2950 faciat.
2385 2893 2610 2951 OStium
2641 2915 2768 2951 vero
2799 2895 2946 2968 quod
2978 2901 3062 2949 est
3090 2895 3237 2948 inter
3261 2891 3404 2963 gali-

1813 2984 1956 3037 leam
1979 2981 2081 3050 (70)
2101 2987 2157 3038 et
2185 2986 2428 3039 claustra
2455 3003 2488 3038 a
2518 2987 2746 3056 praefato
2771 2985 2943 3039 fratre
2967 2973 3216 3055 quotidie
3239 2997 3401 3036 mane

1814 3072 2120 3143 aperiatur,
2151 3079 2206 3126 et
2235 3089 2359 3127 sero
2382 3080 2511 3127 ante
2541 3069 2894 3128 collationem
2925 3071 3235 3127 claudatur.

2381 3152 2614 3217 CAPUT
2640 3162 2830 3217 XLIV.

2043 3246 2294 3318 Qualiter
2321 3256 2449 3319 agat
2470 3251 2822 3305 constabulus
2849 3250 2957 3321 (71)
2979 3252 3173 3319 frater.

1885 3336 2262 3393 Con‘siabulus
2293 3341 2497 3410 quippe
2521 3331 2696 3394 frater
2721 3335 2926 3394 habeat
2952 3340 3055 3394 sub
3087 3353 3191 3393 sua
3217 3341 3406 3391 custo-

1818 3427 1911 3480 dia
1936 3444 2127 3497 equos,
2163 3428 2460 3500 omniaque
2491 3430 2844 3499 equitatuum
2871 3431 3181 3483 stramenta
3211 3432 3268 3480 et
3294 3425 3406 3479 fre-

1819 3529 1890 3568 na
1908 3516 2181 3585 ipsorum;
2217 3517 2613 3572 annonamwel
2634 3519 2820 3588 paleas
2839 3518 2897 3571 in
2919 3506 3054 3572 locis
3065 3513 3404 3571 constitutis.

1820 3605 2124 3657 Extrane‘os
2153 3606 2440 3658 venientes
2466 3612 2634 3676 atque
2664 3616 2960 3676 pergentes
2989 3605 3108 3677 ipse
3146 3607 3411 3676 procuret

1819 3707 1943 3745 cum
1959 3693 2075 3746 suis
2094 3687 2462 3747 familiaribus
2481 3695 2722 3750 famulis.
2742 3695 2852 3764 Ipsi
2872 3711 3002 3765 ergo
3015 3711 3086 3747 ne
3103 3693 3410 3764 quidquam

1818 3780 2042 3837 faciant.
2074 3781 2181 3834 nisi
2223 3781 2368 3851 quod
2418 3782 2498 3834 eis
2535 3782 2768 3850 jusserit
2809 3781 3075 3851 praefatus
3111 3781 3321 3846 frater;
3354 3781 3411 3834 et

1819 3869 1938 3922 sine
1969 3869 2400 3938 reprehensione
2427 3872 2635 3940 poterit
2663 3868 2732 3923 ad
2763 3884 2857 3923 eos
2898 3867 3109 3939 aliquid
3140 3868 3207 3922 ad
3236 3867 3408 3922 ed‘en-'

1819 3957 1952 4010 duim
1979 3957 2149 4023 dare;
2184 3964 2374 4012 tamen
2415 3975 2448 4012 a
2487 3957 2776 4012 cell‘erario
2806 3957 3117 4028 quaeritari.
3159 3953 3239 4010 De
3268 3955 3405 4010 refe-

1819 4047 1994 4099 ctorio
2015 4063 2146 4100 vero
2163 4061 2519 4117 nequaquam
2545 4045 2714 4100 debet
2732 4052 3022 4116 asportare
3042 4061 3144 4100 nec
3171 4043 3288 4116 ipse
3305 4060 3409 4099 nec

1819 4135 2162 4206 [quisquam]
2194 4132 2262 4190 de
2283 4136 2406 4188 aliis
2436 4135 2720 4200 fratribus,
2744 4135 2851 4188 nisi
2873 4135 2960 4188 cui
2977 4137 3198 4205 jussum
3216 4134 3407 4188 fuerit.

2405 4225 2637 4278 CAPUT
2663 4224 2823 4278 XLV.

2033 4315 2103 4366 [)e
2145 4315 2464 4380 hospitibus,
2511 4313 2752 4380 qualiter
2795 4316 3191 4380 suscipiantur.

1891 4399 2014 4454 Hoc
2043 4413 2398 4471 summopere
2423 4417 2569 4455 unus
2597 4401 2772 4455 frater
2791 4401 2877 4454 vel
2905 4398 3015 4454 duo
3047 4413 3171 4454 cum
3203 4398 3319 4454 suis
3335 4397 3414 4453 fa-

138 4495 382 4548 habeant
423 4494 536 4547 tria
579 4491 956 4565 pulmentaria
1004 4499 1275 4563 apparata
1331 4509 1363 4546 a
1410 4485 1988 4556 cellerario;Dmulis
2018 4497 2337 4560 procurent,
2372 4485 2434 4543 ut
2465 4505 2590 4543 cum
2630 4489 2876 4560 hospites
2904 4490 3325 4544 adventaverint
3352 4491 3412 4544 in

139 4583 296 4653 pueri
333 4599 461 4636 vero
493 4592 690 4636 unum.
725 4583 998 4636 Levantes
1024 4599 1243 4638 versum
1279 4578 1469 4636 dicant
1493 4601 1738 4638 commu-

139 4673 302 4725 niter.
337 4671 396 4726 Si
427 4670 503 4724 ibi
530 4665 860 4737 comeditur,
888 4669 982 4742 qui
1012 4669 1130 4724 vult
1153 4676 1385 4725 mixtum
1421 4672 1738 4736 sumere,de

138 4777 238 4815 sua
265 4757 491 4830 justitla
520 4767 689 4831 atque
734 4759 877 4814 libra
917 4766 1041 4830 post
1091 4760 1319 4813 missam
1355 4757 1485 4814 edat
1531 4761 1739 4833 absque

146 4867 324 4904 versu.
373 4849 456 4902 Ad
507 4865 767 4920 vesperas
819 4847 914 4903 det
953 4849 1004 4903 ei
1043 4845 1364 4902 cellerarius
1406 4844 1619 4920 aliquid
1668 4851 1734 4904 ad

145 4938 576 4992 comedendum.

721 5021 958 5078 CAPUT
985 5021 1155 5078 XLII.

139 5117 390 5183 Qualiter
411 5113 869 5166 commendauit}:
896 5115 1088 5166 littera:
1107 5113 1302 5167 danda:
1320 5117 1430 5166 sint
1454 5115 1734 5167 monachis

205 5199 321 5274 Ego
371 5199 482 5273 (68)
535 5200 640 5254 Ille
700 5194 932 5255 humilis
987 5200 1178 5263 abbas,
1212 5202 1470 5255 salutem.
1504 5203 1736 5257 Noverit

209 5354 320 5420 (67)
356 5355 562 5407 Arcedo
585 5353 622 5404 f.
673 5352 940 5422 ligamen.
989 5369 1100 5422 qua
1130 5359 1354 5406 arcetur
1384 5355 1629 5422 sanguis,
1666 5354 1735 5406 ab

141 5426 378 5479 arcendo
405 5425 638 5486 dictum,
665 5440 986 5496 quanquam
1017 5431 1074 5480 et
1101 5425 1205 5496 hoc
1230 5425 1473 5496 ligamen
1499 5425 1735 5496 alieno-

139 5498 295 5563 mine
321 5499 495 5560 (venda
525 5501 738 5555 veteres
768 5495 1197 5556 nominaverint.
1216 5496 1383 5554 ΒΕιιΝ.
1408 5495 1541 5549 0rd.
1569 5495 1730 5550 Clun.

143 5580 484 5706 Ρεὲὲῖὶίωο
513 5638 757 5690 formula
778 5638 1098 5691 litterarum
1128 5654 1192 5690 ex
1220 5637 1522 5691 traditione
1553 5627 1739 5690 Hilde-

149 5711 286 5763 mari
324 5709 625 5778 desumpta
654 5717 756 5763 est.

1818 4579 1939 4648 ipsa
1972 4578 2282 4641 mansione,
2311 4595 2431 4648 quae
2457 4573 2666 4632 talibus
2689 4573 2957 4650 deputata
2987 4583 3088 4643 est,
3115 4592 3308 4634 omnes
3329 4579 3410 4633 in-

1820 4667 2046 4730 ducant,
2070 4672 2122 4720 et
2153 4684 2276 4720 cum
2311 4668 2464 4720 omni
2492 4668 2843 4721 humanitate
2863 4660 3187 4739 suscipiant,
3214 4674 3271 4722 et
3290 4673 3416 4739 post

1821 4769 2036 4809 coenam
2069 4753 2372 4809 abluantur
2401 4755 2482 4809 eis
2511 4771 2545 4808 a
2572 4750 2798 4809 famulis
2828 4754 3018 4827 pedes,
3060 4761 3116 4811 et
3142 4766 3413 4828 parentur

1822 4843 2183 4908 lectisternia,
2227 4845 2283 4898 et
2319 4845 2365 4898 si
2401 4845 2482 4897 eis
2527 4845 2819 4915 placuerit,
2871 4849 2988 4899 tres
3039 4837 3158 4899 dies
3200 4842 3412 4916 absque

1819 4929 2258 4987 contradictione
2289 4926 2599 4999 morentur;
2623 4935 2822 4986 etcum
2849 4945 3081 5003 pergere
3111 4929 3407 4999 voluerint,

1818 5021 2108 5075 denarium
2143 5019 2379 5094 singulis
2404 5021 2663 5075 donetur.
2689 5018 2746 5076 Si
2779 5021 2982 5090 aliquis
3008 5026 3071 5075 ex
3101 5019 3235 5092 ipsis
3260 5021 3415 5077 infir-

1819 5121 1946 5165 mus
1979 5111 2284 5172 advenerit,
2316 5109 2680 5180 quoadusque
2701 5110 3043 5172 melioretur,
3077 5111 3123 5163 si
3152 5105 3408 5180 voluerit,

1818 5206 1972 5255 extra
2003 5197 2201 5254 cellam
2235 5211 2346 5254 non
2394 5202 2556 5252 exeat
2600 5215 2612 5252 :
2646 5193 2752 5252 hoc
2771 5193 2962 5253 tamen
2987 5190 3326 5270 pauperibus
3357 5202 3415 5255 et

1879 5351 2000 5433 ,(6ῼ)
2059 5353 2422 5418 Subjectanei,
2473 5349 2700 5416 subditi,
2748 5349 3001 5420 subjecti,
3063 5368 3209 5406 cura:
3267 5369 3414 5406 com-

1817 5440 1997 5565 mlfié.)
2045 5493 2274 5556 Galilea,
2321 5483 2591 5557 Gallilaea,
2641 5491 2906 5546 Galleria.
2963 5493 3105 5548 Vide
3150 5495 3411 5565 superius

1818 5571 2389 5702 ηοῗξξῗϐοηηςιαὸαῑαε
2423 5653 2436 5689 ε
2477 5649 2667 5699 comes
2703 5618 2932 5701 stabuli,
2961 5636 3058 5705 qui
3104 5635 3309 5692 mu
3351 5643 3413 5692 ,ι

1820 5722 2095 5776 equorum
2123 5721 2316 5759 curam
2340 5705 2590 5774 gerebat.
