3914 6362
461 326 600 385 12⁸79

1525 328 1874 386 GUIDONIS
1911 326 2216 385 ABBATIS
2252 319 2647 382 FARFENSIS

3594 309 3737 371 1280

456 453 770 525 peregrinis
790 454 1185 510 tantummodo
1206 459 1292 510 est
1310 454 1706 511 exhibendum.
1728 457 1872 511 Nam
1887 454 2054 510 debet
2069 456 2121 517 Α
2136 453 2223 508 dis
2254 449 2533 506 manibus.
2562 443 2736 501 Bacili
2753 446 2923 515 atque
2950 440 3157 513 squilla
3182 439 3261 495 ibi
3288 439 3610 494 habeantur
3632 454 3740 510 pro

456 542 635 599 frater
661 551 996 616 procurator
1024 546 1273 616 ejusdem
1300 546 1405 600 loci
1437 546 1686 617 quotidie
1716 546 1967 617 accipere
1992 563 2058 599 ex

458 634 847 705 promptuario
878 651 1051 705 panes
1077 635 1266 689 decem
1294 641 1351 689 et
1378 641 1614 706 septem.
1661 642 1718 689 et
1746 634 1918 688 libras
1945 640 2057 688 tres

460 737 527 775 ex
556 722 653 776 illo
684 740 848 794 pane,
870 741 1036 794 quem
1058 724 1306 779 seniores
1338 724 1633 779 habuerint
1662 725 1717 778 in
1741 723 2052 791 refectorio;

459 815 518 865 et
548 818 823 883 quotquot
852 829 952 884 per
987 813 1237 883 singulos
1276 814 1396 868 dies
1426 814 1671 868 defuncti
1704 814 2056 885 pronuntiati

460 899 688 967 fuerint,
705 907 790 956 tot
816 902 1096 974 stipendia
1114 902 1368 973 accipiat,
1389 907 1503 956 tam
1528 904 1596 956 de
1623 902 2056 973 panibus,quam

460 990 531 1045 de
559 990 684 1048 aliis
713 990 958 1057 cibariis,
989 992 1132 1045 sicut
1153 992 1254 1055 eis,
1278 993 1326 1046 si
1349 993 1614 1056 viverent,
1630 992 1878 1047 daretur.
1896 992 2057 1047 Simi-

457 1079 589 1133 liter
612 1097 713 1151 pro
744 1080 873 1146 illis,
906 1081 965 1134 in
996 1097 1235 1152 quorum
1265 1082 1651 1136 anniversario
1682 1083 1910 1153 plenum
1941 1082 2057 1135 offi-

462 1167 609 1223 cium
640 1169 724 1227 fit,
772 1174 855 1223 tot
891 1169 1207 1240 dispensas,
1245 1171 1332 1223 vel
1356 1170 1607 1240 justitias
1648 1172 1898 1242 recipiet,
1934 1188 2056 1242 qua;

462 1257 780 1315 constituta:
808 1258 1020 1312 fuerint
1047 1258 1106 1312 in
1127 1258 1266 1312 loco.
1290 1259 1675 1315 Pulmentaria
1702 1277 1831 1315 vero
1863 1277 1928 1314 ex
1970 1277 2058 1314 co-

462 1346 634 1417 quina
662 1347 961 1401 tradentur
983 1363 1015 1401 a
1041 1347 1454 1419 septimanariis
1475 1348 1762 1414 fratribus,
1790 1350 1876 1403 vel
1904 1350 2059 1403 acel-

461 1434 704 1501 lerariis,
730 1436 890 1507 quasi
921 1436 991 1489 ad
1017 1452 1266 1489 mensam
1294 1436 1620 1491 debuissent
1645 1438 1769 1491 dari
1796 1455 1862 1492 ex
1882 1439 2059 1493 omni-

459 1524 586 1590 bus,
620 1541 743 1598 qua:
782 1524 859 1579 ibi
889 1532 1281 1597 praeparantur
1326 1527 1395 1580 ad
1443 1543 1578 1581 usus
1623 1526 1862 1581 fratrum
1896 1532 1953 1581 et
1998 1527 2057 1581 in

467 1613 695 1673 situlam
729 1610 833 1685 (7'2)
864 1614 1111 1679 mittant,
1146 1631 1312 1685 quam
1347 1615 1425 1669 ibi
1456 1623 1826 1687 praeparatam
1856 1615 2063 1671 habeat

466 1706 796 1773 procurator
824 1702 1014 1756 frater.
1049 1703 1320 1757 Similiter
1346 1710 1662 1775 przeparent
1691 1704 1832 1758 duas
1862 1704 2058 1757 situlas

2140 542 2334 597 eadem
2364 554 2534 593 causa
2561 532 2937 606 adimplenda.
2964 530 3145 602 Igitur
3163 535 3467 601 antequam
3496 533 3743 599 surgant

2138 631 2387 687 seniores
2417 645 2482 683 ex
2511 624 2766 699 prandio,
2792 621 3015 694 quando
3036 621 3205 675 simul
3229 626 3362 675 sunt
3387 617 3739 679 concessuri,

2138 722 2225 776 vel
2249 718 2471 792 quando
2502 720 2659 770 sexta
2685 714 2824 767 hora
2853 716 2910 765 et
2948 726 3075 764 sero
3105 708 3372 763 caanaturi
3402 713 3556 772 sunt,
3599 712 3744 760 tunc

2136 810 2343 865 habeat
2382 805 2625 861 famulus
2655 801 2847 857 omnia
2887 805 3220 871 praeparata.
3266 814 3388 869 quae
3416 796 3492 849 ibi
3522 811 3734 849 conve-

2136 900 2321 965 niunt,
2362 902 2427 951 ut
2468 894 2679 964 absque
2717 907 2877 944 mora
2904 888 3295 943 convenientes
3320 886 3523 940 fratres
3552 884 3740 938 trium

2137 1003 2447 1062 pauperum
2480 981 2762 1052 obsequiis
2810 979 3094 1039 insudent,
3125 976 3487 1030 lavandorum
3516 973 3739 1027 scilicet

2137 1061 2365 1150 pedum.
2410 1073 2515 1130 Die
2553 1068 2842 1126 Dominico
2884 1068 3123 1121 domnus
3160 1065 3331 1119 abbas
3354 1081 3479 1118 cum
3509 1061 3737 1117 duobus

2139 1165 2448 1221 infantibus
2478 1167 2535 1217 et
2564 1176 2757 1215 eorum
2792 1157 3060 1228 magistro
3090 1161 3183 1209 eat
3210 1154 3279 1207 ad
3311 1168 3505 1207 eorum
3537 1156 3739 1204 custo-

2137 1259 2287 1312 diam
2325 1274 2337 1309 :
2371 1253 2416 1308 si
2447 1251 2620 1306 abbas
2639 1265 2750 1303 non
2780 1247 2970 1309 fuerit,
2996 1245 3151 1317 prior
3170 1242 3335 1297 faciat
3360 1243 3418 1295 in
3443 1242 3566 1311 ejus
3585 1238 3729 1293 vice.

2136 1345 2349 1401 Deinde
2374 1342 2469 1397 alii
2498 1339 2661 1395 sicuti
2685 1336 2939 1391 annotati
2957 1340 3089 1389 sunt
3107 1334 3254 1387 infra
3277 1331 3444 1385 ferias
3461 1330 3517 1384 in
3535 1329 3731 1383 breve.

2139 1434 2382 1490 Sabbato
2419 1435 2642 1485 tantum
2685 1425 2941 1496 magistri
2983 1441 3109 1478 cum
3152 1420 3462 1476 infantibus
3497 1418 3732 1472 faciant.

2138 1526 2284 1579 Nam
2312 1524 2578 1579 continuo
2619 1525 2680 1575 ut
2727 1514 3072 1574 surrexerint
3107 1528 3142 1566 a
3167 1527 3325 1566 caena
3352 1515 3521 1579 atque
3549 1507 3609 1560 in
3641 1523 3737 1559 ec-

2143 1613 2313 1667 clesia
2333 1614 2512 1667 oratio
2541 1613 2931 1667 consummata
2952 1603 3139 1667 fuerit,
3169 1607 3305 1655 tunc
3328 1597 3575 1653 famulus
3601 1600 3739 1649 ante

2141 1703 2288 1757 fores
2310 1703 2553 1757 ecclesiae
2594 1700 2841 1756 tabulam
2889 1696 3092 1768 pulset,
3123 1697 3180 1746 et
3207 1690 3289 1744 illi
3309 1695 3444 1748 tres.
3469 1686 3566 1758 qui
3594 1684 3737 1738 ituri

463 1790 524 1849 in
590 1790 901 1846 refectorio.
948 1792 1238 1863 Praepositi
1287 1792 1421 1862 ipsis
1479 1793 1634 1858 locis,
1686 1793 2120 1863 undecunque];
2140 1797 2290 1855 sunt,
2325 1797 2543 1856 exeant,
2568 1797 2626 1846 et
2648 1790 2865 1862 primus
2892 1787 3115 1840 illorum
3136 1782 3193 1835 in
3225 1778 3410 1833 medio
3432 1775 3644 1839 veniat,
3678 1778 3739 1827 et

468 1880 860 1946 remeaverint,
898 1880 1049 1935 istud
1076 1881 1317 1935 ofﬁcium
1349 1881 1657 1953 adimplere
1685 1883 1981 1937 studeant:
2012 1882 2058 1937 si

461 1968 545 2026 illi
571 1986 682 2025 non
708 1969 932 2036 fuerint,
956 1971 1278 2025 cellerarius
1298 1970 1483 2037 faciat,
1504 1976 1732 2043 propter
1759 1971 2060 2027 adunanda

466 2059 745 2131 stipendia
765 2059 1007 2114 famulis.
1032 2060 1271 2130 Jejuniis
1300 2060 1553 2124 Quatuor
1570 2061 1907 2131 Temporum
1938 2060 2058 2114 uni-

461 2148 640 2203 versis
672 2164 794 2219 quae
823 2147 1029 2203 circulo
1059 2149 1194 2203 anni
1224 2160 1375 2215 sunt,
1396 2166 1741 2220 quaecunque
1772 2165 2058 2204 remanse-

459 2238 581 2293 rint
610 2253 675 2292 ex
704 2237 1019 2306 refectorio,
1064 2238 1122 2292 in
1162 2238 1267 2293 hoc
1302 2255 1442 2309 opus
1487 2246 1857 2309 censeantur;
1897 2244 1955 2292 et
1990 2239 2060 2291 de

462 2327 819 2381 inﬁrmorum
836 2326 1003 2380 domo
1025 2326 1220 2381 eadem
1244 2329 1401 2381 ﬁant.
1424 2327 1699 2382 Similiter
1717 2328 1785 2382 de
1797 2327 2057 2381 omnibus

458 2415 668 2486 vigiliis
699 2431 838 2485 quas
866 2415 1169 2481 celebrant,
1199 2417 1323 2470 fieri
1346 2416 1531 2471 debet.
1556 2416 1639 2471 Ex
1661 2416 1884 2471 Domini
1903 2433 2058 2470 nam-

462 2520 573 2576 que
599 2503 856 2559 Adventu
879 2520 1056 2574 usque
1083 2505 1340 2559 Natalem
1362 2506 1481 2574 ejus
1507 2506 1612 2559 hoc
1625 2506 1910 2560 decretum
1933 2511 2051 2559 est:

462 2610 497 2647 a
526 2593 711 2664 capite
731 2592 936 2662 jejunii
965 2609 1143 2662 usque
1171 2594 1239 2646 ad
1274 2594 1593 2664 paschalem
1641 2594 2057 2649 solemnitatem

462 2681 731 2752 quotidie,
766 2681 1007 2751 exceptis
1025 2682 1327 2737 Dominicis
1357 2682 1574 2751 diebus,
1597 2683 2058 2737 omniasimiliter

460 2771 667 2825 dentur
697 2770 755 2824 in
780 2770 1223 2843 eleemosynam.
1263 2773 1406 2825 Nam
1436 2772 1556 2843 ipse
1584 2772 1760 2826 frater
1787 2789 1913 2826 cum
1942 2772 2060 2826 suis

459 2859 813 2931 adjutoribus
844 2864 902 2914 et
931 2860 1036 2914 hoc
1072 2859 1238 2914 debet
1265 2860 1593 2932 adimplere,
1625 2861 1884 2915 videlicet
1913 2862 2060 2932 prati

463 2949 708 3014 secandi,
743 2950 892 3020 quod
922 2966 986 3003 ex
1014 2949 1136 3021 ipso
1164 2950 1451 3005 meliorem
1482 2951 1706 3018 viderit,
1737 2956 1793 3005 et
1817 2952 1886 3005 ad
1909 2952 2061 3005 latri-

458 3053 592 3092 nam
620 3038 861 3093 fratrum
884 3038 1169 3109 deportari
1195 3055 1385 3094 curam
1408 3040 1694 3111 suscipiat.
1730 3039 2061 3095 Luminaria

2141 1881 2222 1934 illi
2243 1882 2353 1936 duo
2374 1881 2503 1936 hinc
2544 1886 2601 1935 et
2636 1879 2767 1933 inde
2799 1882 2931 1931 eant
2960 1873 3289 1946 incipientes
3312 1867 3592 1940 psalmum
3621 1864 3736 1917 Mi-

2140 1986 2315 2025 serere
2346 1973 2471 2036 mei,
2505 1971 2663 2026 Deus.
2690 1970 2829 2023 Cum
2860 1971 2992 2020 ante
3020 1965 3170 2036 ipsos
3198 1959 3425 2023 fuerint,
3456 1958 3609 2010 stent
3632 1965 3740 2024 per

2141 2061 2417 2126 ordinem,
2438 2057 2908 2131 quemadmodum
2936 2054 3151 2127 priores
3172 2055 3325 2115 sunt,
3357 2054 3524 2119 atque
3546 2056 3736 2118 genua

2144 2151 2374 2204 flectant
2419 2154 2550 2203 ante
2592 2165 2707 2216 eos,
2756 2145 2958 2199 deinde
3003 2141 3273 2213 incipiant
3318 2137 3732 2208 antiphonam:

2142 2241 2472 2294 Mandatum
2502 2254 2705 2292 novum
2754 2241 2810 2289 et
2841 2235 2953 2288 alia
2981 2250 3103 2305 quae
3131 2228 3487 2292 conveniunt,
3518 2231 3576 2279 et
3604 2225 3735 2278 illo-

2138 2344 2263 2382 rum
2286 2327 2456 2399 pedes
2480 2326 2753 2397 incipiant
2779 2326 2985 2379 lavare.

2210 2416 2488 2471 Continuo
2514 2422 2578 2469 ut
2596 2414 2850 2469 ablutum
2872 2413 3117 2484 primum
3137 2406 3418 2470 habuerit,
3448 2405 3597 2460 illico
3637 2404 3739 2458 det

2139 2506 2206 2560 ad
2230 2506 2402 2559 alium
2428 2505 2755 2569 linteamen,
2777 2508 2838 2557 ut
2869 2503 3037 2563 lavet,
3066 2503 3268 2570 tergat,
3315 2495 3617 2559 osculetur,
3650 2498 3737 2546 at-

2143 2612 2252 2666 que
2280 2594 2497 2665 capillis
2542 2593 2741 2664 capitis
2778 2590 3133 2663 permundet.
3176 2590 3302 2659 lpse
3343 2601 3473 2639 vero
3510 2589 3604 2637 eat
3634 2581 3733 2635 ubi

2137 2684 2382 2738 famulus
2409 2699 2536 2737 cum
2565 2698 2713 2753 aqua
2740 2686 2797 2735 et
2825 2681 2997 2734 linteo
3022 2693 3265 2751 praesens
3292 2675 3497 2738 adstat,
3531 2679 3589 2726 et
3606 2688 3733 2724 ma-

2142 2789 2249 2827 nus
2278 2789 2407 2827 suas
2436 2771 2629 2827 abluat
2659 2790 2671 2825 :
2703 2770 2962 2825 similiter
2988 2767 3171 2823 caeteri
3211 2764 3437 2820 faciant.
3468 2761 3610 2816 Dein
3639 2760 3737 2813 ille

2144 2863 2241 2933 qui
2282 2879 2348 2916 ex
2390 2860 2525 2933 ipsis
2564 2861 2799 2931 primus,
2846 2858 3081 2929 accipiat
3116 2870 3341 2927 aquam,
3374 2857 3431 2907 et
3456 2851 3599 2904 alius
3627 2849 3739 2902 lin-

2142 2956 2452 3019 teamen,et
2469 2958 2556 3007 ter
2577 2950 2827 3006 effundat
2845 2948 3135 3020 lympham
3149 2946 3207 2999 in
3224 2958 3423 2997 manus
3444 2938 3733 3012 pauperis.

2143 3039 2415 3095 Similiter
2435 3039 2817 3111 unusquisque
2846 3034 3013 3090 faciat
3040 3028 3581 3088 osculandointerim
3612 3042 3739 3080 ma-

458 3126 518 3181 in
539 3127 896 3193 dormitorio,
915 3133 1084 3198 atque
1108 3129 1459 3182 inﬁrmorum
1476 3128 1641 3182 domo
1661 3129 1779 3200 ipse
1797 3122 2116 3199 procuretC
2139 3144 2264 3182 nus.
2294 3129 2449 3183 Tunc
2474 3126 2907 3198 sonetsquillam
2931 3130 2988 3178 et
3016 3122 3309 3176 benedicat
3335 3118 3520 3173 cibum
3551 3121 3610 3170 et
3638 3132 3739 3186 po-

459 3216 655 3270 ordine
686 3232 812 3270 cum
845 3217 982 3271 suis.
1013 3217 1253 3271 Vascula
1289 3217 1361 3271 ad
1397 3217 1765 3272 minuendum
1795 3235 2047 3272 cruorem

459 3304 579 3375 ipse
625 3304 731 3357 sibi
768 3305 1057 3374 assignata
1098 3305 1323 3371 habeat,
1369 3321 1440 3360 ne
1480 3305 1669 3376 aliqua
1706 3306 2049 3376 negligentia

455 3391 726 3463 patiatur.
762 3391 1021 3447 Ecclesiae
1046 3393 1311 3459 oratoria,
1328 3394 1870 3461 claustrum,domus
1898 3396 2052 3450 infir-

457 3496 705 3547 morum,
740 3480 1094 3535 refectorium
1144 3488 1315 3552 atque
1343 3484 1647 3553 capitulum
1681 3484 1799 3554 ipse
1828 3485 2054 3540 studeat

459 3568 791 3637 emundare,
816 3574 870 3622 et
890 3586 992 3639 per
1007 3569 1197 3623 omnia
1213 3571 1444 3640 juncum
1467 3571 1776 3641 imponere.
1800 3573 2047 3641 Catinos,

455 3657 556 3728 qui
582 3656 847 3711 fratribus
888 3658 1151 3712 radendis
1197 3659 1450 3730 deputati
1487 3666 1637 3724 sunt,
1666 3661 1787 3731 ipse
1815 3662 1918 3715 sub
1946 3679 2049 3717 sua

454 3762 593 3801 cura
635 3745 855 3811 habeat,
922 3752 979 3801 et
1035 3748 1378 3819 temporibus
1428 3749 1756 3820 opportunis
1810 3750 2043 3815 tribuat,

452 3840 627 3906 atque
674 3836 1028 3907 postmodum
1080 3836 1287 3891 nitidos
1330 3842 1387 3891 et
1414 3838 1655 3892 mundos
1683 3846 1937 3910 reponat.
1984 3841 2050 3895 In

451 3924 578 3996 ipsa
604 3925 745 3979 cella
765 3926 855 3979 cui
874 3942 986 3980 non
1006 3926 1373 3997 permittitur,
1402 3943 1505 3981 nec
1523 3927 2050 3997 ingrediatur.Man-

453 4014 649 4068 datum
686 4031 997 4086 pauperum
1030 4015 1108 4069 ibi
1152 4021 1402 4085 geratur.
1449 4014 1775 4070 Pomerium
1811 4016 1916 4083 (73)
1946 4019 2049 4073 sub

449 4118 556 4157 sua
584 4104 838 4157 custodia
866 4102 1073 4158 habeat
1094 4120 1222 4158 cum
1244 4104 1533 4158 cellerario
1562 4104 1731 4160 simul
1755 4106 2046 4177 plantandi

452 4198 625 4263 atque
654 4192 1023 4246 custodiendi.

1022 4281 1256 4336 CAPUT
1284 4282 1474 4337 XLVI.

454 4370 704 4436 Qualiter
721 4373 797 4422 est
826 4370 1102 4436 agendum
1147 4372 1473 4424 mandatum
1495 4373 1568 4425 ad
1590 4388 1877 4441 pauperes,
1902 4374 2046 4441 quod

984 4460 1223 4525 quotidie
1252 4460 1514 4526 efﬁcitur.

519 4547 665 4600 Nam
705 4545 879 4599 frater
904 4546 1013 4612 ille,
1048 4546 1143 4616 qui
1174 4547 1277 4601 hoc
1302 4548 1547 4602 officium
1579 4565 1749 4621 super
1772 4568 1832 4605 se
1862 4568 2047 4607 susce-

448 4640 608 4707 ptum
659 4633 844 4699 habet,
890 4651 1016 4689 cum
1067 4651 1168 4689 suo
1213 4635 1470 4690 ministro
1502 4637 1707 4692 habeat
1743 4639 1820 4693 ibi
1857 4642 2046 4695 omnia

449 4740 574 4795 quae
604 4722 719 4777 illic
747 4729 880 4777 sunt
907 4724 1223 4778 necessaria
1251 4734 1583 4797 praeparata,
1614 4728 1871 4783 videlicet
1893 4730 2045 4785 lebe-

445 4817 562 4867 tem
594 4811 687 4866 ubi
714 4827 919 4883 aquam
949 4813 1237 4869 calefaciat
1265 4819 1321 4868 et
1339 4816 1607 4869 concham
1640 4818 1709 4871 ad
1742 4818 2044 4873 lavandum

443 4901 615 4974 pedes
644 4918 859 4968 eorum,
891 4908 949 4955 et
966 4901 1077 4955 tria
1105 4902 1450 4968 linteamina,
1484 4921 1724 4975 quorum
1766 4923 1939 4961 unum
1971 4907 2046 4962 sit

443 4990 776 5062 deputatum
804 4997 1030 5062 propter
1058 4992 1425 5063 seniores,qui
1449 4994 1586 5047 ituri
1614 5001 1749 5048 sunt
1768 4996 1840 5049 ad
1859 4996 2043 5065 ipsum

442 5079 691 5133 officium
713 5079 1083 5151 implendum.
1118 5080 1276 5134 Illico
1305 5089 1371 5135 ut
1395 5082 1562 5152 pedes
1582 5082 1803 5137 ablutos
1830 5084 2044 5138 habue-

438 5169 577 5235 rint,
610 5185 812 5224 n.anus
847 5186 978 5224 suas
1008 5169 1080 5223 ad
1118 5169 1302 5240 ipsum
1332 5176 1561 5240 tergant
1593 5190 1604 5224 :
1636 5172 1943 5225 secundum
1969 5174 2045 5228 sit

439 5275 543 5330 pro
572 5274 883 5329 pauperum
912 5257 1180 5328 pedibus;
1210 5259 1443 5313 tertium
1469 5260 1793 5313 earumdem
1810 5260 2040 5316 abluen-

514 5424 620 5500 (72)
642 5423 849 5500 Situm,
878 5425 1149 5492 sacculus,
1179 5425 1265 5479 vel
1284 5426 1516 5495 cistella,
1542 5444 1653 5499 qua
1672 5429 1833 5500 panis
1852 5426 2037 5486 cibus-

440 5511 567 5565 (1υεῖ
578 5495 843 5549 defertur.

518 5562 634 5633 (73)
669 5568 1008 5642 Pomerium,
1042 5567 1196 5622 locus
1235 5568 1332 5642 ubi
1370 5587 1539 5641 poma
1574 5577 1905 5642 nascuntur,
1938 5580 2039 5630 aut

443 5641 802 5690 asservantur
828 5653 929 5708 pro
946 5643 1272 5707 pomarium
1295 5640 1506 5697 hortus.

2135 3222 2276 3279 tum,
2309 3217 2404 3288 qui
2452 3217 2532 3272 eis
2581 3217 2705 3271 dari
2743 3214 2928 3269 debet.
2978 3212 3230 3267 Primum
3266 3208 3505 3279 accipiat
3544 3222 3729 3260 unus-

2134 3307 2370 3378 quisque
2400 3306 2456 3360 in
2494 3305 2751 3360 manibus
2799 3304 2916 3358 suis
2943 3301 3220 3373 justitiam
3266 3298 3402 3363 vini,
3435 3301 3493 3351 et
3519 3295 3730 3354 libram

2132 3396 2315 3467 panis,
2343 3401 2401 3449 et
2418 3412 2545 3450 cum
2573 3395 2884 3465 gratiarum
2914 3392 3134 3446 actione
3164 3389 3245 3443 eis
3269 3387 3498 3451 tribuat,
3526 3401 3727 3439 eorum

2132 3500 2335 3538 manus
2375 3484 2696 3538 osculando.
2747 3484 2905 3537 Tunc
2954 3480 3152 3535 exinde
3198 3477 3437 3547 accipiat
3477 3490 3627 3529 unus
3654 3473 3729 3528 de

2132 3574 2266 3644 ipsis
2293 3572 2562 3639 libellum,
2586 3573 2683 3642 qui
2707 3572 2910 3626 ibidem
2942 3586 3164 3641 semper
3189 3567 3383 3621 adesse
3421 3563 3589 3619 debet
3620 3582 3634 3631 ;
3670 3569 3731 3618 et

2132 3663 2249 3716 haec
2273 3662 2519 3733 capitula
2565 3666 2734 3732 atque
2778 3660 3060 3714 orationes
3096 3658 3371 3721 dicentur,
3418 3671 3541 3725 quae
3567 3654 3629 3706 in
3657 3670 3727 3707 eo

2133 3758 2267 3807 sunt
2284 3751 2611 3821 conscriptae
2640 3769 2651 3804 :
2686 3756 2743 3804 et
2767 3755 2902 3804 tunc
2920 3748 3190 3803 inclinent
3213 3762 3273 3799 se
3286 3750 3417 3798 ante
3432 3759 3549 3810 eos,
3576 3747 3637 3796 et
3658 3759 3727 3796 ex

2134 3841 2219 3894 his
2243 3857 2388 3895 unus
2425 3840 2577 3895 dicat
2603 3856 2845 3906 versum,
2881 3838 3105 3893 Ostende
3136 3837 3306 3896 nobis,
3338 3836 3588 3894 Domine,
3622 3834 3731 3885 mi-

2130 3931 2491 3984 sericordiam
2523 3935 2695 3983 tuam.
2735 3929 2776 3981 Κ
2780 3931 2898 3998 yrie
2917 3930 3137 3981 eleison.
3159 3927 3317 3979 Pater
3332 3927 3531 3976 noster.
3564 3922 3635 3974 Et
3659 3938 3727 3974 ne

2132 4036 2245 4073 nos.
2270 4020 2636 4086 Suscepimus,
2672 4020 2827 4072 Deus.
2854 4018 2932 4070 Tu
2954 4014 3528 4069 mandasti.Dominus
3546 4011 3727 4067 vobis-

2128 4107 2474 4163 cum.0ratio
2501 4108 2709 4167 Adesto,
2735 4105 3305 4171 Dominaobsequium
3324 4101 3608 4153 servitutis
3632 4114 3729 4151 no-

2128 4204 2271 4252 straz.
2294 4197 2361 4250 Et
2379 4201 2513 4250 tunc
2537 4211 2664 4248 cum
2705 4193 3019 4248 reverentia
3038 4195 3239 4247 exeant
3261 4191 3410 4243 hunc
3441 4188 3725 4259 psalmum

2128 4285 2758 4349 decantando,Miserere
2780 4286 2905 4345 mei,
2930 4278 3401 4336 Deus.Ecclesiam
3419 4293 3727 4349 peragran-

2126 4375 2277 4429 tibus
2300 4374 2371 4428 ad
2391 4374 2601 4444 gradus
2630 4388 2817 4443 genua
2845 4372 3093 4435 ﬂectant,
3117 4371 3285 4438 Kyrie
3316 4370 3515 4422 eteison
3535 4383 3724 4437 perso-

2060 4442 2108 4501 D
2130 4442 2419 4528 nantibus,
2449 4468 2507 4517 et
2535 4442 2858 4533 hasipreces
2896 4461 3012 4515 Deo
3045 4460 3301 4523 offerant,
3334 4458 3495 4511 Pater
3516 4462 3721 4510 noster.

2129 4555 2351 4609 Ostende
2378 4555 2550 4617 nobis,
2582 4552 2669 4605 vel
2695 4556 2743 4604 et
2776 4553 2958 4604 reniat
2987 4564 3152 4617 super
3181 4564 3295 4602 nos.
3331 4548 3600 4601 Dominus
3630 4562 3723 4599 vo-

2128 4644 2353 4696 biscum.
2407 4642 2671 4706 Collecta,
2705 4642 2952 4694 Actiones
2983 4642 3218 4701 nostras,
3253 4636 3337 4690 vel
3368 4636 3720 4704 Omnipotens

2126 4734 2451 4799 sempiterne
2479 4733 2638 4796 Deus,
2672 4730 2853 4796 dirige
2900 4733 3056 4782 actus
3087 4733 3319 4789 nostros,
3354 4731 3490 4780 tunc
3520 4731 3721 4779 exeant

2129 4824 2187 4873 et
2212 4819 2357 4873 sicut
2386 4818 2483 4872 alii
2516 4820 2789 4883 fecerunt,
2830 4818 2912 4871 ita
2931 4823 2989 4870 et
3016 4816 3244 4870 faciant.

2684 4908 2916 4962 CAPUT
2939 4906 3159 4960 XLVII.

2127 5000 2196 5052 De
2225 4998 2501 5064 fratribus
2528 5000 2625 5065 qui
2653 4999 2886 5064 suscepti
2903 4998 3111 5049 suntin
3128 4998 3331 5048 nostris
3350 4996 3714 5049 societatibus.

2197 5086 2312 5139 Hos
2335 5102 2528 5139 versus
2548 5085 2889 5157 conscriptos
2911 5083 3115 5138 habeat
3128 5083 3471 5137 camerarius
3491 5083 3548 5137 in
3570 5084 3717 5138 fuste

2124 5175 2399 5229 lectorum
2424 5173 2558 5243 (74),
2581 5174 2697 5229 sive
2725 5175 2785 5228 in
2806 5174 3075 5245 plumatis
3091 5174 3209 5245 (75)
3236 5173 3486 5244 ipsorum
3514 5173 3570 5227 in
3595 5174 3718 5227 dor-

2124 5264 2353 5318 mitorio
2382 5264 2620 5318 fratrum
2655 5282 2666 5318 :

2194 5432 2295 5500 (74)
2329 5436 2509 5489 Fastis
2541 5438 2822 5496 lectorum,
2855 5431 2986 5486 lecti
3013 5448 3311 5504 compages
3340 5432 3548 5502 lignea.

2193 5504 2301 5587 (75)
2332 5508 2619 5572 Ptumatae,
2647 5504 2923 5577 pulvinar,
2958 5506 3196 5560 cervical
3230 5523 3241 5558 :
3286 5519 3417 5578 pars
3452 5504 3586 5559 lecti
3614 5520 3708 5559 su-

2118 5592 2323 5647 perior.
