3914 6358
162 342 304 402 1281

236 558 461 614 Sternia
490 559 757 611 lectorum
782 557 1090 608 cernantur
1114 553 1316 622 ﬂorida
1344 553 1615 629 fratrum.

164 648 312 702 Nam
342 650 399 700 et
422 645 547 716 ipse
576 643 920 698 camerarius
949 640 1115 695 debet
1149 656 1276 695 cum
1307 640 1418 693 alio
1447 639 1621 693 fratre
1651 656 1767 693 om-

1371 334 1788 393 DISGIPLINA
1825 333 2244 390 FARFENSIS.

238 471 489 524 Lectulus
516 482 589 521 en
617 468 868 535 fratrum
898 464 1243 518 venientium
1273 464 1525 516 cernitur
1552 462 1712 514 isthic
1743 462 1833 521 :A

3297 337 3435 397 1282

2383 457 2618 513 CAPUT
2645 457 2890 513 XLVIII.

2130 547 2204 601 De
2220 547 2401 615 fratre
2417 562 2581 616 super
2609 547 2807 601 horrea
2828 549 3137 601 constituto.

1918 633 2118 688 Frater
2138 634 2233 705 qui
2251 652 2423 706 super
2436 635 2639 689 horrea
2653 635 2990 689 constitutus
3001 640 3088 689 est
3101 635 3172 689 ad
3188 637 3439 691 solamen

163 737 321 790 nium
351 735 686 789 vestimenta
712 732 950 786 fratrum
1007 746 1193 784 emere
1224 735 1392 800 atque
1420 728 1670 782 invenire
1710 734 1769 783 et
1848 723 2142 789 cellerarii,
2169 724 2275 778 hoc
2303 726 2554 796 quotidie
2600 742 2857 797 exercere
2902 724 3099 793 debet;
3146 726 3294 796 quod
3321 725 3441 796 ipse

163 824 504 879 distribuere
525 824 597 877 ad
632 836 1106 891 unumquemque.
1138 823 1308 890 prout
1322 818 1587 872 concedet
1620 824 1677 872 et
1707 818 1765 872 in

162 915 285 968 loco
314 919 403 968 est
430 912 797 967 constitutum
833 928 844 963 :
878 909 1136 963 videlicet
1175 912 1239 961 ut
1288 907 1546 962 omnibus
1574 907 1765 961 fratri-

165 1003 271 1058 bus
291 1004 389 1057 det
404 1020 507 1074 per
536 1001 789 1071 singulos
812 999 953 1053 duas
981 997 1294 1060 staminias,
1313 996 1575 1051 similiter
1595 998 1766 1051 femo-

163 1093 309 1147 ralia
343 1110 355 1145 :
389 1093 530 1147 duas
560 1090 806 1145 cucullas
834 1094 891 1142 et
919 1088 1058 1142 duas
1086 1085 1306 1140 tunicas
1335 1102 1461 1138 cum
1490 1085 1618 1140 latis
1641 1102 1764 1140 ma-

1848 827 2048 883 nempe
2066 815 2349 867 frumenta
2377 813 2547 867 dandi
2576 819 2747 884 atque
2765 814 3125 883 recolligendi
3148 814 3250 869 sub
3271 831 3443 869 manu

1848 917 1951 954 sua
1993 900 2221 966 habeat,
2263 908 2320 956 et
2363 903 2432 957 de
2485 903 2607 974 ipso
2642 904 2842 957 horreo
2889 903 3097 957 clavem
3136 909 3346 970 teneat,
3388 909 3445 958 et

1849 990 2120 1061 quidquid
2152 992 2221 1045 ad
2253 997 2430 1046 artem
2472 992 2762 1063 pistoriam
2810 992 3071 1064 pertinet.
3102 993 3293 1047 omnia
3321 1011 3446 1065 pro-

1847 1079 2034 1133 curari
2091 1080 2334 1135 studeat.
2380 1082 2444 1135 In
2511 1081 2896 1152 promptuario
2947 1098 3193 1153 namque
3239 1083 3446 1137 habeat

164 1184 327 1249 nicis;
352 1183 492 1236 duas
508 1179 796 1252 pelliculas
816 1194 941 1232 cum
973 1176 1183 1230 strictis
1202 1174 1518 1235 manicis,et
1533 1176 1761 1230 tertiam
1845 1168 2027 1222 locum
2042 1169 2409 1224 constitutum
2436 1169 2529 1224 ubi
2547 1187 2719 1242 panes
2752 1171 3029 1226 coadunet
3043 1171 3148 1225 sub
3164 1172 3439 1240 seracula,

161 1290 291 1328 cum
322 1270 495 1342 largis
523 1288 536 1337 ;
566 1268 774 1339 caligas
794 1266 1112 1331 distribuat,
1138 1265 1495 1319 nocturnales
1528 1270 1585 1319 et
1612 1265 1763 1320 diur-
1844 1255 1904 1310 in
1954 1256 2308 1312 refectorillm
2365 1259 2702 1329 POPtnndum
2733 1276 2833 1330 per
2868 1277 2929 1314 SC
2980 1261 3067 1314 vel
3105 1259 3443 1315 submissam

163 1362 340 1428 nales;
372 1358 603 1431 pedules
622 1356 693 1410 ad
727 1354 1029 1410 arcendum
1054 1353 1253 1424 frigus,
1286 1354 1396 1407 duo
1426 1353 1587 1424 paria
1624 1354 1762 1407 den-
1843 1360 2140 1414 personam
2197 1346 2436 1400 decretis
2481 1347 2635 1400 horis
2672 1347 2833 1417 juxta
2901 1364 3242 1415 mensuram.
3304 1354 3442 1421 quot

162 1455 257 1504 tur
282 1465 349 1503 ex
378 1453 541 1502 nocte
570 1452 628 1500 et
654 1445 764 1499 duo
815 1460 881 1497 ex
931 1442 1056 1510 die;
1089 1448 1147 1496 et
1203 1442 1274 1495 ad
1302 1458 1762 1513 unumquemque
1844 1433 2048 1488 fratres
2075 1440 2224 1489 sunt.
2251 1436 2325 1489 Ex
2346 1435 2441 1489 illo
2478 1436 2627 1506 quod
2665 1436 3001 1491 remanserit
3029 1453 3093 1490 ex
3117 1437 3436 1505 refectione,

163 1537 388 1608 singula
417 1534 617 1606 vagina
645 1549 771 1588 cum
810 1532 1054 1597 cultello,
1086 1535 1290 1602 praeter
1326 1530 1624 1601 scriptores
1664 1531 1760 1603 qui
1847 1528 2052 1594 praeter
2076 1523 2171 1577 illa
2200 1530 2419 1579 tantum
2433 1529 2690 1596 tempora
2714 1525 2937 1596 quando
2965 1526 3442 1598 eleemosynarius

164 1627 306 1681 duos
328 1624 592 1687 habeant,
627 1627 684 1677 et
701 1619 947 1690 corrigia
993 1620 1064 1673 ad
1111 1619 1469 1690 cingendum.
1510 1620 1754 1687 Tabulae,
1844 1612 2096 1683 recipere
2149 1612 2332 1679 debet.
2394 1613 2583 1667 omnia
2637 1614 2748 1668 alia
2790 1614 2894 1668 sub
2955 1631 3059 1669 sua
3096 1615 3445 1685 providentia

164 1733 296 1770 acus
316 1720 549 1786 pectene
590 1710 695 1777 (i6)
726 1728 850 1765 cum
901 1710 1170 1764 dumento
1223 1709 1354 1777 (77),
1395 1712 1670 1782 capellum
1702 1711 1759 1766 in
1843 1703 2002 1757 flant.
2043 1703 2342 1757 Pulmenta
2372 1720 2494 1774 qure
2546 1721 2582 1758 a
2629 1703 2995 1758 servitoribus
3046 1707 3438 1771 remanserint,

163 1804 346 1876 capite
366 1802 515 1875 quod
534 1801 644 1856 alio
662 1801 885 1854 nomine
900 1798 1166 1870 capitium
1194 1805 1435 1854 vocatur.
1464 1800 1529 1854 In
1558 1801 1761 1855 lectulo
1784 1791 2093 1886 BreCiPi_3t;
2117 1797 2330 1886 limite?
2359 1790 2516 1886 ἷεὶὶξξὶε
2534 1791 2593 1845 in
2618 1791 2801 1886 feriis:
2831 1808 2954 1862 (ιιιεθ
2982 1792 3053 1846 ad
3084 1810 3144 1847 δε
3160 1794 3445 1886 Ρθηίῐιεξιῐ

166 1894 232 1948 ad
252 1907 717 1963 unumquemque
737 1890 1039 1960 deputetur
1066 1888 1191 1942 lena
1219 1905 1343 1942 cum
1375 1890 1637 1960 pellicula
1672 1891 1760 1944 in-
1784 1879 2160 1935 ’constitutis
2202 1880 2571 1951 temporibus.
2614 1879 2741 1951 Ipse
2791 1898 2921 1935 vero
2969 1888 3299 1937 cunctorum
3341 1882 3444 1937 ad-

164 1982 385 2046 vestita,
429 1997 625 2051 sagum
678 1979 924 2045 laneum,
964 1978 1220 2048 capitale.
1263 1979 1612 2035 Vestimenta
1649 1980 1763 2035 sive
1844 1971 2216 2033 Ventantium,
2251 1969 2367 2023 sive
2410 1969 2465 2022 in
2497 1969 2634 2040 ipsis
2662 1970 2798 2024 locis
2827 1971 3168 2025 morantium
3204 1971 3445 2026 familia-

165 2071 536 2125 calciamenta
571 2069 705 2123 dum
760 2073 1100 2139 rumpuntur
1136 2085 1234 2122 seu
1290 2076 1534 2123 suuntur
1587 2086 1762 2124 unus-
1844 2058 2003 2111 ribus
2032 2059 2360 2129 dispensare
2387 2057 2553 2112 debet
2599 2075 2698 2129 per
2732 2059 3095 2130 semetipsum
3125 2065 3348 2115 tantum
3378 2078 3445 2116 ex

168 2159 406 2231 quisque
438 2159 612 2211 frater
640 2157 789 2210 lavet
815 2155 1113 2227 imprimis,
1147 2155 1349 2210 deinde
1397 2163 1527 2211 ante
1556 2159 1763 2213 ostium
1846 2147 2102 2218 panibus.
2138 2149 2218 2202 De
2246 2148 2572 2202 stramentis
2617 2147 2868 2218 ipsorum
2923 2147 3273 2218 animalium,
3313 2166 3442 2205 cum

166 2247 434 2302 auditorii
459 2247 695 2306 deferat.
716 2251 773 2300 et
800 2245 1142 2300 camerarius
1166 2246 1425 2315 accipiat,
1456 2252 1512 2302 et
1562 2249 1763 2319 depor-

1850 2235 2053 2305 quibus
2104 2236 2377 2290 alimenta
2434 2236 2840 2294 coadunantur.
2873 2236 2993 2308 ipse
3021 2253 3212 2291 curam
3252 2238 3439 2306 faciat,

164 2342 247 2392 tet
275 2337 348 2391 ad
379 2343 644 2397 sartores,
675 2341 738 2390 ut
783 2334 1109 2392 emendent.
1149 2335 1229 2389 De
1279 2336 1547 2391 fratribus
1576 2339 1764 2392 nullus
1848 2340 1919 2377 ne
1947 2325 2310 2396 negligantur
2357 2341 2391 2379 ⁸
2414 2324 2658 2379 famuus-
2703 2324 2785 2379 De
2823 2325 3172 2380 νθειίωθηίίδ
3200 2330 3443 2381 mumm‘

165 2427 333 2482 debet
365 2443 599 2498 Pergam
661 2425 731 2478 ad
772 2425 940 2496 ipsos,
978 2441 1082 2479 nec
1138 2425 1385 2496 aliquam
1419 2428 1763 2483 emendatio-
1846 2412 1947 2467 riis
1994 2415 2255 2480 fratrum,
2290 2413 2620 2468 adveniente
2666 2413 2806 2468 feria
2856 2414 3047 2478 tertia,
3086 2414 3294 2470 habeat
3330 2415 3441 2471 duo

162 2533 293 2570 nem
320 2516 505 2570 facere
524 2515 593 2569 de
614 2512 959 2568 vestimentis
986 2514 1294 2568 secundum
1317 2532 1482 2569 suum
1517 2516 1759 2585 libitum,
1848 2502 2137 2573 mamqu
2199 2502 2529 2564 (senioribus
2578 2503 2860 2558 sumtibus
2922 2503 2995 2558 ad
3048 2504 3444 2559 matminalem

162 2606 270 2660 nisi
285 2606 437 2677 quod
458 2609 787 2660 consuetum
808 2603 978 2658 fuerit
994 2606 1401 2669 monasterii,et
1421 2609 1763 2664 camerarius

1850 2591 2119 2658 missam),
2153 2592 2342 2646 veniat
2373 2592 2493 2663 ipse
2525 2609 2652 2646 cum
2683 2592 3023 2647 ablutatorio
3063 2591 3169 2662 (79)
3201 2594 3444 2648 famulo-

164 2695 531 2751 ordinaverit.
564 2694 671 2758 Qui
719 2693 870 2747 aliud
911 2694 1108 2748 fecerit
1135 2695 1388 2750 districte
1420 2696 1764 2766 dijudicetur
1845 2695 1970 2733 rum
1995 2680 2065 2734 ad
2081 2681 2430 2751 ἀθροιτειηάει
2452 2681 2568 2746 illa.
2600 2680 2802 2753 quibus
2823 2698 3016 2736 omnes
3036 2685 3240 2737 fratres
3264 2683 3447 2754 prius‘

162 2785 233 2840 ab
264 2784 528 2839 omnibus
554 2782 845 2847 fratribus,
876 2788 941 2837 ut
987 2783 1172 2837 caeteri
1220 2790 1492 2839 metuant.
1540 2787 1685 2841 Nam
1707 2793 1764 2842 et
1848 2785 2017 2839 quam
2048 2769 2272 2839 Signum
2302 2771 2454 2824 Ῑὶοηθ
2473 2770 2667 2840 Primae
2696 2771 2784 2824 "el
2813 2771 2994 2825 tertiae
3032 2770 3142 2825 illis
3170 2773 3443 2843 tempori”

162 2877 283 2947 ipse
314 2876 495 2930 frater
524 2890 747 2945 semper
770 2873 1042 2928 sollicitus
1068 2874 1161 2941 sit,
1213 2874 1530 2947 ubicunque
1565 2878 1762 2934 viderit
1846 2856 1970 2924 bus,
1997 2874 2118 2929 qua3
2134 2859 2469 2913 conveniunt
2481 2875 2657 2930 usque
2681 2859 2816 2912 dum
2851 2859 3181 2915 leCﬁ‘mibus
3220 2865 3441 2927 vacant,

165 2966 584 3028 vestimentum,
620 2968 677 3017 et
705 2979 770 3016 ex
804 2961 1070 3017 fratribus
1118 2963 1265 3033 quod
1295 2965 1543 3035 aliquam
1568 2983 1761 3038 repre-
1845 2954 2146 3038 eruentur,
2183 2952 2246 3002 Ut
2275 2963 2401 3038 Cum
2431 2947 2937 3038 Signum_-PP138V31'
2938 2949 2984 3002 it
3000 2948 3180 3019 P0Sita
3199 2948 3444 3005 habeant

164 3054 494 3108 hensione",
542 3051 765 3118 habeat,
809 3056 873 3105 ut
918 3052 1266 3119 emendetur,
1307 3054 1393 3107 vel
1431 3035 1906 3119 δηίθτθίυνεηίη
1962 3037 2147 3090 locum
2209 3036 2600 3090 constitutum.
2641 3035 2893 3091 Infantes
2931 3044 3122 3091 autem
3179 3038 3443 3093 similiter

164 3143 300 3215 quia
329 3142 402 3197 ad
428 3142 615 3213 ipsum
672 3140 917 3211 respicit,
965 3141 1014 3194 si
1068 3142 1392 3212 neglexerit.
1434 3143 1602 3199 Lecta
1638 3106 1823 3200 cumC
1846 3123 2057 3178 faCiant
2085 3125 2154 3178 de
2183 3124 2530 3215 νεειίωεειηίε
2558 3124 2768 3215 suis,“
2795 3124 3017 3215 (ιιιδηάρ
3048 3130 3180 3180 ante
3201 3126 3442 3197 Primam

162 3233 353 3303 priore
382 3230 707 3301 frequenter
760 3229 1063 3300 pervideat,
1114 3246 1185 3283 ne
1231 3231 1397 3285 alicui
1440 3232 1649 3304 aliquid
1681 3251 1766 3287 ve-
1848 3220 2061 3268 exuunt
2089 3214 2465 3304 ηξθωνηθῖθδθ
2498 3219 2634 3268 tunc
2660 3214 2915 3304 défemm
2940 3214 3056 3280 illa!
3078 3221 3136 3269 et
3172 3215 3232 3270 in
3250 3232 3442 3271 arcam

163 3301 301 3376 niat.
334 3320 503 3374 Palea
532 3319 615 3373 vel
646 3319 838 3372 fenum
872 3318 992 3389 ipse
1042 3335 1168 3373 cum
1213 3301 1763 3378 sartoribus—habere
1846 3303 2092 3357 mittant-
2123 3301 2242 3356 mis
2270 3319 2399 3357 vero
2450 3302 2798 3374 temporibus
2828 3304 3051 3374 quando
3111 3305 3182 3359 ad
3210 3306 3438 3361 tertiam

163 3409 336 3463 faciat
359 3414 483 3463 octo
514 3408 631 3462 dies
661 3413 791 3461 ante
837 3407 1042 3461 festum
1085 3407 1348 3479 principis
1379 3412 1759 3481 apostolorum
1843 3392 2161 3481 ίηεοηυθνίί
2179 3391 2403 3462 δΨΙῘῙῙθν
2425 3398 2623 3481 euntes
2637 3392 2852 3463 Pariter
2874 3392 3112 3447 induant
3131 3411 3191 3449 se
3219 3395 3436 3465 οειῑείε,

163 3499 223 3552 in
244 3498 499 3569 singulos
528 3498 721 3551 lectos.
757 3496 837 3550 De
869 3495 1213 3551 vestimentis
1242 3514 1372 3552 vero
1396 3499 1530 3553 dum
1565 3500 1764 3555 tribuit
1844 3485 1902 3535 et
1944 3480 2022 3534 δίο
2070 3481 2298 3534 demum
2363 3480 2699 3536 VeStimenm
2747 3482 3045 3553 deponent
3082 3485 3151 3538 ad
3188 3484 3436 3556 δι’δάυεί

164 3604 329 3652 nova,
369 3585 603 3657 recipiat
647 3590 888 3639 vetusta.
917 3585 1238 3640 Lintamina
1284 3594 1600 3658 opportuna
1650 3607 1765 3645 ma-

166 3677 333 3732 nibus
355 3676 470 3730 sive
499 3674 730 3746 pedibus
753 3674 873 3745 ipse
895 3674 1199 3744 provideat,
1221 3675 1479 3730 similiter
1501 3680 1762 3735 mantiles

165 3765 679 3820 refectorii.Videat
699 3768 762 3817 ut
795 3779 1017 3833 semper
1030 3770 1308 3835 praecepta
1339 3765 1558 3821 abbatis
1581 3774 1762 3823 custo-

166 3855 318 3921 diat;
342 3853 601 3907 similiter
628 3852 796 3907 faciat
823 3852 1043 3923 prioris,
1087 3854 1172 3907 vel
1220 3854 1434 3922 decani,
1482 3873 1581 3910 seu
1609 3857 1760 3913 illius

166 3943 263 4014 qui
285 3942 539 3998 ordinem
563 3942 829 4009 tenuerit,
863 3943 1086 4012 quando
1133 3942 1304 3998 abbas
1335 3943 1537 3999 absens
1566 3946 1755 4015 fuerit,

166 4038 223 4087 et
250 4032 409 4087 nulla
433 4031 640 4085 habeat
666 4030 769 4085 sub
818 4048 923 4085 sua
951 4048 1087 4086 cura
1145 4032 1417 4088 absconsa
1441 4035 1583 4101 (tam
1630 4035 1758 4101 iste,

165 4138 336 4194 quam
367 4120 652 4176 secretarii
680 4121 763 4174 vel
792 4121 1108 4187 cellerarii),
1160 4139 1283 4193 quae
1330 4140 1442 4178 non
1469 4124 1584 4179 sint
1612 4142 1754 4196 prae-

164 4211 392 4283 cognita
419 4209 612 4281 priori,
636 4210 722 4263 vel
780 4211 1033 4264 decano:
1076 4211 1337 4266 similiter
1383 4214 1452 4268 de
1501 4214 1762 4271 omnibus

164 4299 676 4363 obedientiis.Quia
697 4298 743 4352 si
767 4299 837 4353 ad
869 4298 1145 4369 judicium
1174 4301 1409 4371 venerit,
1445 4308 1503 4357 et
1548 4304 1761 4375 aliquid

162 4391 456 4445 inventum
480 4387 650 4442 fuerit
667 4388 736 4441 ab
766 4387 1047 4459 aliquibus
1075 4406 1140 4442 ex
1175 4389 1313 4461 ipsis
1373 4391 1660 4461 fratribus,
1699 4397 1821 4482 inD

1843 3574 2090 3640 tuncque
2105 3574 2343 3640 pergant
2363 3586 2665 3636 secessum,
2699 3577 2756 3625 et
2800 3572 2859 3626 in
2892 3573 3178 3628 redeundo
3216 3574 3316 3628 illa
3352 3589 3443 3629 su-

1846 3663 2005 3712 mant
2025 3664 2198 3729 atque
2226 3658 2283 3712 in
2311 3675 2470 3712 arcas
2505 3659 2956 3731 effundantOperi
2974 3662 3435 3722 huicinstitutas.

1845 3748 1989 3800 Nam
2012 3747 2058 3800 si
2077 3747 2201 3817 quis
2227 3763 2372 3801 unus
2388 3747 2925 3809 fratrum,oblivioni
2956 3755 3055 3804 aut
3090 3750 3446 3821 negligentia;

1844 3835 2087 3900 deditus,
2111 3852 2216 3889 sua
2242 3835 2524 3889 distulerit
2552 3835 2686 3889 inibi
2719 3854 2926 3907 ponere
2968 3839 3300 3894 vestimenta
3329 3846 3444 3895 sta-

1842 3928 1964 3977 tuto
1994 3929 2264 3995 tempore,
2299 3924 2621 3978 nullatenus
2668 3925 2833 3979 aliter
2862 3925 3225 3982 lavabuntur:
3248 3934 3304 3982 et
3332 3929 3443 3985 nisi

1842 4012 1995 4083 prius
2025 4018 2293 4083 suggerat
2309 4013 2657 4082 granatario,
2701 4031 2811 4068 non
2842 4020 3028 4086 potest
3054 4017 3338 4086 perﬁcere.
3374 4019 3435 4074 Si

1842 4099 2076 4170 quissua
2105 4101 2333 4156 abluere
2360 4102 2601 4157 voluerit
2630 4103 2980 4166 vestimenta,
3010 4103 3219 4176 absque
3247 4122 3442 4177 repre-

1844 4190 2114 4244 hensione
2144 4191 2313 4244 faciat
2346 4191 2452 4245 hoc
2478 4191 2684 4259 modo;
2728 4193 2950 4263 quando
3000 4194 3134 4248 velit
3177 4194 3446 4251 feriarum

1844 4277 1953 4343 die,
1986 4294 2113 4332 mox
2134 4283 2198 4332 ut
2251 4278 2593 4334 offerendam
2643 4280 2712 4334 ad
2770 4280 2999 4336 missam
3046 4283 3443 4340 matutinalem

1843 4366 2048 4420 factam
2079 4367 2360 4430 habuerit,
2381 4377 2472 4423 eat
2491 4375 2547 4423 et
2566 4369 2781 4424 deferat
2803 4371 2861 4424 in
2890 4371 3010 4426 loco
3053 4372 3355 4428 constituto
3377 4373 3439 4428 in

162 4477 455 4552 proprium
478 4455 878 4548 deputabitur;
891 4483 948 4531 et
971 4477 1028 4531 in
1059 4455 1282 4549 ptenam
1306 4481 1596 4551 mergitur,
1614 4455 1760 4538 sicut
1778 4455 1821 4482 υ
1844 4455 2090 4552 0193’s”?
2118 4462 2176 4552 ξι
2203 4456 2280 4511 ibi
2310 4464 2550 4552 c9399”,
2582 4464 2638 4513 et
2664 4460 3014 4552 hi‘ncipﬂgat
3052 4462 3109 4552 ίη
3137 4463 3437 4534 coquinam

162 4585 233 4623 ex
246 4567 589 4622 monasterio
617 4564 766 4620 beati
781 4566 1036 4637 Gregorii
1065 4584 1221 4639 papae
1254 4569 1489 4641 contigit
1508 4571 1579 4625 de
1602 4574 1627 4627 J
1636 4578 1761 4627 usto

163 4657 441 4712 monacho
469 4654 596 4726 (78),
647 4661 704 4710 et
732 4673 798 4711 ex
823 4656 1018 4710 multis
1055 4657 1180 4712 aliis
1232 4658 1501 4714 coenobiis
1515 4660 1635 4730 jam
1667 4678 1762 4715 ex-

164 4745 311 4818 perti
329 4762 541 4801 sumus.
586 4746 651 4800 In
671 4745 912 4816 coquina
954 4747 1200 4817 regulari
1220 4747 1334 4802 sive
1362 4747 1627 4803 familiari
1647 4767 1764 4804 om-

164 4837 261 4891 nia
282 4834 580 4891 ustensilia
591 4835 706 4890 sive
718 4834 907 4889 cacabi
922 4842 1310 4905 praeparentur
1328 4837 1763 4911 ab;ipso,prmter

162 4926 372 4980 bancos
391 4929 450 4978 et
464 4924 804 4992 scutellulas,
825 4940 948 4995 quae
963 4923 1169 4979 dentur
1188 4942 1222 4980 a
1242 4927 1529 4982 cellerario
1551 4932 1609 4982 et
1617 4945 1761 5000 prae-

163 5015 367 5087 posito.

232 5266 348 5340 (76)
372 5266 521 5337 Lege
543 5267 777 5335 pectines
798 5284 899 5340 pro
922 5272 1156 5339 pectene.

1847 4549 1903 4599 et
1931 4545 2220 4599 hauriat...
2255 4547 2495 4617 capitelli
2538 4554 2596 4602 et
2658 4549 2965 4614 calefaciat,
3008 4551 3104 4622 qui
3144 4552 3334 4607 statim
3376 4557 3442 4609 ut

1846 4634 2152 4689 surrexerit
2177 4635 2247 4689 de
2273 4635 2516 4706 capitulo
2562 4644 2777 4709 peigat,
2813 4644 2981 4710 atque
3021 4642 3171 4712 quod
3220 4641 3271 4697 ei
3300 4658 3441 4714 Opus

1846 4727 1948 4784 est,
1983 4728 2264 4794 operetur.
2322 4724 2413 4778 Sic
2458 4741 2591 4795 ergo
2637 4732 2723 4780 est
2776 4728 3093 4799 agendum;
3136 4736 3201 4784 ut
3237 4730 3441 4802 quibus

1844 4811 1997 4866 horis
2052 4811 2253 4867 fratres
2306 4818 2507 4868 vacant
2556 4815 2890 4872 lectionibus
2954 4820 3041 4873 vel
3095 4819 3157 4874 in
3192 4821 3438 4875 claustro

1844 4907 2069 4971 tempus
2085 4901 2350 4972 loquendi
2393 4919 2506 4956 non
2521 4902 2771 4970 fuerit,id
2793 4923 2960 4977 agere
2979 4924 3089 4961 non
3113 4914 3436 4980 praesumat.

1843 4990 2082 5045 Pedules
2101 4996 2290 5045 autem
2318 4992 2704 5063 unusquisque
2727 4994 2956 5050 sibimet
2976 4996 3127 5051 lavet
3153 5018 3166 5054 :
3196 4998 3438 5069 cuculla,

1843 5084 2013 5151 atque
2042 5079 2238 5135 tunica
2269 5080 2453 5135 rarius
2474 5086 2561 5135 est
2586 5082 2846 5151 lavanda;
2870 5090 3062 5140 tamen
3082 5102 3183 5157 per
3208 5103 3269 5142 se
3280 5104 3438 5144 occu-

1839 5276 1976 5356 fuit;
2024 5275 2297 5354 siquidem
2333 5278 2580 5339 defuncti
2633 5298 2855 5356 coerS,
2898 5301 3011 5341 non
3049 5283 3109 5342 in
3146 5287 3437 5344 communi

370 5338 860 5430 {iegeLinduhm‘en'to
888 5338 990 5412 pro
1019 5344 1300 5411 damento,
1334 5348 1435 5399 aut
1478 5350 1630 5403 certe
1673 5355 1758 5405 tu-
1836 5338 2765 5430 fratrum‘conditoriohumatum,
2778 5338 3011 5412 sed—in—
3028 5338 3427 5430 Sterquilinium

160 5410 358 5471 mento,
383 5410 439 5464 id
463 5415 566 5470 est,
600 5414 849 5466 matelas.

228 5481 344 5553 (78)
364 5480 900 5561 Hic_pr0prieta_rius
955 5488 1092 5548 erat,
1126 5491 1195 5561 et
1223 5487 1347 5561 ideo
1404 5503 1438 5541 a
1476 5488 1746 5561 Gregorio

1833 5426 2145 5496 projectum
2173 5427 2299 5482 fuit.

1906 5496 2013 5565 (79)
2038 5499 2460 5553 Ablutatorium
2479 5498 2549 5553 ab
2576 5500 2846 5554 abluendo
2874 5500 3105 5569 dictum.
3123 5516 3219 5555 vas
3244 5506 3348 5570 est,
3364 5502 3423 5558 in

159 5551 386 5638 Magia),
404 5553 718 5638 quituncin
752 5554 1004 5638 Romano
1023 5557 1453 5638 sann‘ctiAndreze
1471 5551 1749 5638 mon‘aste-
1831 5551 1941 5638 quo
1967 5551 2150 5624 vestes
2179 5551 2698 5627 sordidm’eelile—etai

159 5624 240 5680 rio
255 5623 433 5681 abbas
454 5630 595 5692 erat,
633 5640 782 5681 anno
801 5626 1011 5682 scilicet
1033 5626 1136 5684 589
1162 5630 1490 5700 gravissime
1516 5634 1748 5704 punitus
