3914 6368
507 280 642 348 1283

1563 278 1911 346 GUIDONIS
1949 275 2254 347 ABBAIIS
2277 276 2689 348 .FAREENSIS

3647 274 3784 332 1‘284

508 413 731 478 pentur.
766 403 1021 469 Quivero
1046 409 1163 466 tam
1213 401 1412 470 debilis
1459 406 1565 464 est,
1596 400 1690 470 qui
1719 401 1825 454 hoc
1858 400 2103 476 officium
2121 403 2170 459 A
2262 399 2315 470 ᾖν.
2344 399 2742 468 Pontificisque
2771 398 2938 452 simul
2961 400 3188 453 Martini
3212 402 3340 474 jure
3369 401 3599 476 verendi

511 512 676 565 agere
706 509 819 547 non
865 493 1032 556 valet,
1065 490 1227 543 fratri
1260 496 1567 560 praanotato
1598 494 1879 558 suggerat.
1904 495 1969 542 ut
1997 487 2100 541 sibi

510 587 729 643 efficere
750 583 952 642 valeat,
981 586 1211 658 prOptcr
1240 579 1387 649 quod
1419 579 1652 655 singulis
1681 595 1988 648 congruum
2020 583 2105 630 est

508 671 588 724 de
607 671 711 732 hac
741 686 801 722 re
831 667 936 722 sibi
960 668 1280 737 exirnplcre.
1307 667 1448 720 Nam
1474 666 1593 736 ipsa
1619 667 1849 736 lympha
1886 666 1954 718 de
1995 682 2103 735 qua

511 761 700 813 lavare
727 774 921 812 omnes
941 756 1162 818 debent,
1195 755 1369 808 ullum
1414 761 1638 824 tempus
1672 770 1779 806 non
1808 759 2107 828 prmtereat

514 865 624 919 quo
649 847 783 900 satis
810 862 919 899 non
951 845 1038 909 sit,
1071 860 1243 914 quam
1261 844 1354 896 ille
1379 843 1552 896 frater
1580 842 1682 895 sub
1707 859 1820 896 una
1850 859 1985 895 cura
2011 844 2106 894 ha-

511 936 662 1000 beat,
696 935 780 988 cui
805 933 1116 1002 injunctum
1151 937 1236 985 est
1253 932 1551 992 horreum;
1588 937 1643 983 et
1667 930 1997 983 linteamina
2019 946 2104 981 co-

515 1023 826 1096 quinaeipse
849 1037 1072 1090 semper
1100 1020 1352 1090 accipiat,
1386 1026 1555 1089 atque
1586 1036 1685 1090 per
1708 1037 1766 1072 se
1821 1019 2098 1072 restituat.

514 1110 808 1166 Refecton’i
839 1110 1045 1180 quippe
1077 1109 1350 1161 mensales
1379 1115 1435 1161 et
1483 1108 1672 1168 zallas,
1705 1113 1874 1177 atque
1904 1107 2104 1159 lintea-

513 1201 684 1260 mina,
719 1199 919 1269 quibus
944 1198 1191 1251 seniores
1219 1213 1418 1249 man—us
1445 1201 1693 1266 tergunt,
1729 1213 1792 1248 ex
1819 1196 2108 1248 refcctorio

513 1290 750 1360 accipiat
779 1295 835 1341 et
854 1289 1042 1341 lavare
1071 1287 1254 1348 faciat,
1275 1294 1330 1339 et
1347 1287 1416 1338 ad
1439 1286 1620 1356 ipsum
1643 1285 1880 1339 fratrem
1910 1301 2107 1338 recon-

512 1380 713 1449 signet.
743 1378 818 1430 Ex
838 1376 1188 1428 inﬁrmorum
1215 1375 1379 1426 domo
1429 1379 1618 1426 sumat
1659 1374 1753 1426 ille
1781 1373 1975 1436 ﬁ'ater,
2017 1373 2106 1442 cui

509 1471 697 1540 ipsum
743 1465 1071 1535 obsequium
1130 1465 1444 1533 injunctum
1495 1469 1597 1526 est,
1642 1463 1896 1516 mantilia
1937 1470 2105 1532 atque

514 1558 702 1623 zallas,
728 1564 784 1610 et
816 1555 1014 1608 reddat
1035 1553 1082 1606 ei
1114 1553 1435 1623 supradicto
1467 1552 1734 1605 of'ﬂciario
1769 1553 1838 1604 ad
1871 1552 2106 1618 abluen—

509 1647 669 1710 dum,
691 1651 753 1698 ut
769 1660 893 1697 cum
926 1643 1037 1696 lota
1061 1641 1272 1694 fuerint
1299 1640 1402 1694 sibi
1439 1640 1826 1694 restituantur.
1863 1639 2104 1693 Sabbato

2260 489 2320 550 it.
2355 491 2466 541 Ara
2501 488 2687 552 micat,
2712 488 2860 540 claro
2903 489 3137 541 nimium
3168 488 3521 542 decoramina
3544 492 3805 558 compta.

2261 578 2324 642 il.
2357 577 2430 630 Et
2456 577 2609 629 vobis
2637 593 2895 646 proceres
2927 577 3080 630 rutili
3100 578 3206 630 hoc
3234 561 3410 630 altare
3436 561 3726 630 sacratum

2259 666 2314 738 ir.
2343 666 2558 719 Summi
2587 673 2797 737 mystes
2839 665 3059 718 Domini
3105 667 3370 732 Joannes,
3395 666 3619 728 Jacobs,
3653 666 3808 719 Tho-

3537 754 3683 830 ima»

2261 850 2315 911 tr.
2343 844 2730 914 Gregoriique,
2759 842 3060 914 Augustini
3091 842 3194 896 sub
3223 850 3483 897 onomats
3505 843 3675 897 sacri.

2259 932 2314 1006 ᾧ.
2345 934 2575 987 Taurini
2604 951 2707 986 nec
2738 949 2847 985 non
2878 932 3210 985 confessoris
3239 933 3561 986 venerandi.

2259 1021 2314 1092 Vir.
2351 1024 2465 1075 Hoc
2494 1024 2670 1076 altare
2691 1022 2834 1074 nitet
2855 1021 3078 1074 Domini
3101 1021 3307 1092 pietate
3333 1023 3600 1076 dicatum.

2262 1112 2317 1185 ῇι.
2343 1112 2390 1166 Ο
2419 1112 2729 1179 benedicite
2756 1110 2924 1164 Pater
2959 1111 3215 1164 columen
3259 1112 3369 1184 dux
3399 1117 3455 1166 et
3494 1113 3808 1165 monacho-

2189 1217 2333 1253 PUDL

2262 1289 2316 1361 ᾖν.
2347 1287 2694 1342 Columbane
2733 1289 2946 1360 micans
2977 1289 3149 1360 sidus,
3179 1289 3356 1343 dulcis
3381 1291 3648 1344 Fiiiberte
3674 1289 3764 1361 [al
3783 1336 3794 1346 .

2187 1378 2380 1432 lberize
2391 1377 2427 1446 .]

2258 1465 2319 1538 ᾖ.
2355 1465 2597 1520 Nomine
2625 1466 2891 1518 mellifluo
2917 1472 3107 1520 nostro
3129 1467 3326 1520 domus
3348 1466 3457 1519 ista
3476 1467 3744 1535 refulget.

2439 1559 2502 1610 In
2524 1559 2831 1623 posteriora
2863 1561 3044 1608 crucis
3068 1559 3172 1608 ista.
3195 1559 3535 1610 scribantur.

2259 1646 2404 1699 Crux
2436 1645 2794 1715 parvulorum
2853 1650 3058 1698 custos.
3111 1645 3258 1698 Crux
3319 1645 3563 1698 virorum
3593 1651 3796 1714 caput.

517 1735 607 1788 die
654 1732 1006 1791 adveniente,
1051 1732 1097 1784 Si
1149 1730 1321 1782 semel
1365 1729 1728 1791 come-derint.
1771 1745 1898 1780 mox
1937 1736 2001 1781 ut
2029 1727 2333 1811 'deBCrux
2367 1749 2565 1786 senum
2595 1732 2738 1785 ﬁnis.
2773 1734 2921 1803 Crux
2966 1733 3154 1786 lumen
3197 1733 3252 1785 in
3309 1732 3556 1786 tenebris
3587 1732 3801 1785 seden-

516 1822 811 1878 refectorio
845 1820 1098 1881 exierint,
1134 1819 1321 1871 veniat
1379 1819 1640 1888 praefatus
1678 1817 1850 1870 frater
1898 1823 1954 1869 et
1968 1831 2108 1874 'cum

515 1929 755 1967 numero
784 1909 1020 1979 recipiat
1039 1909 1107 1961 de
1127 1924 1297 1960 manu
1319 1907 1512 1959 famuli
1560 1907 1770 1959 Deinde
1794 1906 2110 1976 praecedant

515 2002 784 2065 seniores,
811 2005 868 2052 et
887 1998 1273 2067 unusquisque
1304 2012 1406 2048 sua
1454 1995 1706 2066 accipiat.
1763 1995 1821 2048 Si
1855 1994 1940 2046 bis
1978 1995 2108 2047 ede-

514 2091 650 2156 rint,
685 2087 897 2158 vesperi
918 2086 1124 2140 faciant
1150 2085 1622 2155 quemadmodum
1647 2089 1712 2136 ut
1740 2100 1928 2153 supra.
1965 2085 2108 2136 Nam

512 2179 848 2234 vestimenta
879 2176 1155 2228 infantum
1211 2175 1479 2243 magister
1538 2173 1761 2226 illorum
1821 2173 2111 2242 acquirere

515 2269 682 2324 debet
710 2273 767 2320 et
792 2265 1086 2319 restituere
1107 2263 1174 2316 ad
1216 2279 1311 2316 eos
1339 2263 1395 2315 in
1435 2262 1643 2327 schola,
1667 2261 1752 2313 vel
1778 2263 1845 2314 ad
1881 2261 2111 2314 lectu-los

517 2360 816 2428 deportare
846 2370 970 2407 cum
1003 2353 1306 2422 aliquantis
1345 2351 1414 2404 de
1441 2351 1602 2420 ipsis.
1645 2350 1701 2404 Si
1753 2367 1892 2420 opus
1922 2349 2107 2415 fuerit,

515 2452 703 2518 potest
721 2441 1040 2497 cellerarius
1071 2440 1363 2494 sustollere
1394 2439 1715 2491 malleolum
1739 2439 1807 2491 de
1836 2437 2108 2508 cymbalo.

517 2541 708 2590 tamen
731 2531 778 2584 si
809 2530 1020 2598 aliquid
1051 2527 1250 2582 melius
1282 2544 1450 2598 quam
1481 2527 1632 2580 soliti
1664 2533 1795 2579 sunt
1839 2543 2113 2596 prmpara-

518 2623 722 2678 verint.
743 2621 884 2674 Nam
903 2619 996 2672 ille
1013 2619 1206 2678 frater,
1247 2616 1341 2686 qui
1371 2632 1541 2686 super
1572 2616 1772 2668 horrea
1801 2621 1885 2668 est
1915 2615 2115 2668 consti-

518 2718 695 2776 tutus,
729 2709 908 2779 signa,
945 2724 1068 2779 quia
1117 2705 1303 2759 danda
1347 2711 1481 2757 sunt
1532 2721 1629 2774 per
1682 2704 1954 2761 officinas.
1996 2704 2114 2773 ipse

519 2797 809 2873 procurari
837 2796 1022 2854 faciat,
1083 2795 1230 2864 quod
1270 2800 1384 2847 tam
1443 2792 1684 2858 abunde,
1717 2799 1780 2846 ut
1829 2809 1940 2845 non
1966 2791 2113 2844 indi-

520 2895 691 2962 geant
720 2885 961 2954 moneri;
1004 2891 1059 2937 et
1089 2884 1205 2954 ipse
1247 2881 1458 2936 dividat
1496 2899 1595 2952 per
1631 2898 2110 2952 unumquemque,

518 2976 1093 3051 praterinﬁrmorum
1112 2974 1362 3037 domum,
1401 2973 1458 3025 in
1487 2989 1655 3042 quam
1686 2972 1900 3036 famuli,
1934 2969 2028 3041 qui
2051 2971 2115 3040 in

517 3068 639 3140 ipso
660 3066 885 3122 servitio
903 3064 1154 3136 deputati
1189 3069 1337 3127 sunt,
1364 3067 1665 3132 procurent
1683 3061 1977 3130 acquirere
1991 3077 2116 3130 quae

521 3157 602 3211 eis
631 3155 916 3210 sufﬁciant

1083 3239 1318 3293 CAPUT
1346 3236 1533 3290 XLIX.

1095 3330 1169 3381 De
1189 3329 1517 3380 secretariis.

556 3434 662 3492 Seu
688 3430 949 3484 versiculi
985 3427 1227 3494 qualiter
1256 3428 1384 3476 sunt
1415 3423 1795 3476 conscribendi
1824 3427 1885 3476 in
1915 3425 2080 3486 calice

1114 3519 1275 3580 atque
1302 3517 1525 3580 patrna.

595 3615 896 3674 Secretarii
927 3629 1169 3683 namque
1190 3612 1379 3664 lavent
1412 3609 1562 3662 omni
1589 3614 1791 3677 quarta
1820 3609 1958 3666 feria
1987 3609 2116 3662 cali-

521 3727 634 3777 ces,
666 3714 722 3762 et
750 3706 840 3760 die
866 3703 1225 3759 sabbatorum
1258 3700 1435 3763 valde,
1488 3699 1752 3776 omnique
1781 3705 2031 3769 tempm.e
2063 3704 2118 3751 et

520 3797 766 3872 quotidie
791 3793 1130 3866 perfundant
1161 3796 1290 3842 ante
1338 3788 1562 3841 missam
1604 3804 1719 3840 una
1767 3789 1904 3841 hora
1933 3806 1946 3840 ί
1979 3794 2033 3840 et
2059 3788 2114 3840 hi

518 3885 775 3941 versiculi
806 3880 1103 3958 conscripti
1126 3879 1240 3934 sint
1266 3879 1322 3931 in
1351 3877 1506 3950 ipsis,
1534 3893 1634 3947 per
1657 3893 2116 3953 unumquemque

521 3977 632 4038 duo
663 3982 718 4028 et
740 3977 825 4045 pp.

597 4065 655 4138 ᾖν.
686 4061 927 4133 Mystica
950 4057 1094 4132 [hinc
1132 4053 1354 4112 Domini
1392 4059 1692 4115 sumuntur
1750 4054 1878 4112 hinc
1929 4071 2116 4107 sacra-

1801 4143 2029 4212 [menta

593 4239 654 4311 ᾖ.
689 4240 734 4294 Ο
764 4236 923 4292 Filii!
949 4234 1096 4310 quod
1127 4232 1348 4294 sumitis
1378 4231 1779 4304 amplectimini
1813 4250 1920 4287 me.
1947 4237 2027 4308 ᾧ.

595 4327 654 4404 ᾖ.
685 4325 940 4391 Sumitur
981 4322 1109 4386 hinc
1147 4321 1378 4392 sanguis
1402 4320 1630 4382 Domini
1660 4319 1729 4372 de
1759 4336 1991 4398 corpore
2036 4320 2118 4377 fu-

1882 4426 1996 4462 SUS.

1882 4426 1996 4462 sus.

598 4504 658 4577 ᾖ.
691 4503 798 4574 Qui
825 4500 970 4554 bibis
993 4500 1143 4559 hunc
1189 4504 1383 4574 potum
1415 4513 1542 4558 cum
1589 4514 1793 4572 magno
1823 4408 1981 4552 slume
2012 4505 2119 4565 tre.

1693 4585 1893 4664 [more
1911 4666 1914 4667 ν
1931 4591 1992 4660 >14

601 4683 660 4749 3'.
693 4679 888 4734 Vodilo
945 4693 1149 4739 nomen
1213 4674 1425 4728 habens
1472 4674 1588 4732 haec
1639 4691 1768 4728 vasa
1805 4680 2121 4752 patraverat

1826 4763 2043 4836 [abbas

594 4860 653 4938 Ῡ.
690 4856 916 4912 Henrici
944 4854 1111 4931 regis,
1149 4857 1202 4906 et
1239 4869 1473 4918 munere
1501 4852 1736 4912 contulit
1764 4853 1893 4908 aris.
1925 4857 1985 4926 »ᾖ

522 4953 594 5016 De
623 4950 824 5002 tabulis
854 4962 970 5013 qua!
998 4945 1183 5016 (lcbent
1215 4944 1341 5016 ﬁeri
1357 4957 1455 5009 per
1477 4944 1906 5016 unumquodque
1939 4945 2121 5002 altare

727 5021 842 5072 suis
864 5015 1185 5069 nominibus
1205 5014 1464 5065 dedicatis
1488 5016 1548 5088 in
1573 5015 1896 5080 parietibus.

591 5111 649 5183 Ῠί.
684 5105 910 5163 Eximiae
937 5101 1084 5154 vocis
1113 5100 1422 5170 praecinctis
1459 5100 1723 5170 dogmata
1746 5101 1894 5154 verbi

593 5199 649 5272 ᾗ.
678 5196 914 5252 Mirifica
942 5191 1084 5245 serie
1117 5188 1412 5244 residentis
1442 5190 1852 5254 Bartholomwi,

593 5335 1033 5413 (80)Brev_e_hoo
1083 5334 1204 5396 loco
1249 5338 1338 5413 est.
1386 5331 1596 5413 ψιελδ,
1652 5332 2112 5413 iaqpanqmina

518 5404 755 5468 fratrum
784 5414 841 5463 et
859 5407 1149 5461 librorum.
1177 5404 1272 5473 qui
1303 5410 1433 5457 ante
1464 5421 1675 5463 annum
1704 5406 1902 5474 cuique
1917 5421 2110 5470 eorum

521 5482 769 5544 concessi
797 5483 979 5551 erant,
1005 5475 1365 5551 notabantur.
1411 5476 1544 5536 Haec
1572 5475 1794 5551 scheda.
1829 5482 1892 5540 ut
1917 5477 2110 5551 ῌίιςίφ-

521 5571 712 5609 marus
759 5552 818 5604 in
864 5545 979 5604 sua
1009 5547 1399 5616 traditionem
1447 5547 1706 5621 regulam
1727 5545 1909 5618 docet,
1950 5547 2110 5616 initio

2189 1824 2352 1876 tium.
2394 1823 2542 1875 Crux
2560 1838 2754 1890 regum
2794 1822 3234 1891 magnificentia.
3255 1821 3399 1874 Crux.
3421 1828 3639 1874 scutum
3673 1838 3806 1894 per-

2193 1925 2422 1982 petuum
2463 1912 2610 1964 Crux
2633 1911 3045 1965 insensatorum
3069 1912 3364 1982 sapientia.
3393 1913 3535 1964 Crux
3558 1910 3804 1964 libertas

2193 2001 2560 2055 servulorum.
2596 2000 2740 2053 Crux
2785 2000 3189 2070 imperatorum
3237 1999 3608 2070 philosophia.
3645 2001 3804 2052 Crux

2191 2091 2530 2159 templorum
2562 2088 2894 2144 destructio.
2945 2090 3091 2142 Crux
3141 2089 3226 2142 lex
3280 2088 3602 2160 impiorum.
3646 2090 3806 2142 Crux

2192 2180 2472 2232 idolorum
2517 2178 2775 2248 repulsio.
2814 2179 2957 2232 Crux
3001 2179 3399 2248 prophetarum
3433 2179 3801 2248 praeconatio.

2193 2269 2339 2322 Crux
2371 2267 2697 2320 scandalum
2720 2267 3062 2320 Judaeorum.
3099 2267 3245 2320 Crux
3269 2267 3535 2320 adunatio
3565 2272 3805 2336 aposto-

2193 2355 2395 2408 lorum.
2430 2357 2574 2409 Crux
2625 2355 2864 2424 perditio
2907 2355 3228 2424 impiorum.
3281 2356 3427 2408 Crux
3477 2363 3806 2425 martyrum

2195 2443 2474 2513 gloriatio.
2513 2443 2664 2497 Crux
2691 2443 3014 2497 claudorum
3063 2443 3258 2497 virtus.
3290 2444 3436 2498 Crux
3487 2446 3806 2498 monacho-

2196 2551 2321 2586 rum
2357 2533 2716 2587 abstinentia.
2753 2533 2900 2587 Crux
2930 2534 3320 2602 zegrotantium
3344 2533 3611 2587 medicus.
3647 2535 3804 2588 Crux

2198 2622 2473 2692 virginum
2492 2623 2743 2676 castitas.
2764 2622 2912 2675 Crux
2935 2622 3225 2676 mundatio
3242 2624 3610 2691 leprosorum.
3637 2623 3804 2676 Crux

2195 2711 2463 2779 gaudium
2498 2711 2868 2765 sacerdotum.
2905 2712 3050 2765 Crux
3081 2712 3498 2781 paraliticorum
3543 2712 3800 2781 requies.

2195 2801 2345 2854 Crux
2360 2801 2618 2854 Ecclesiae
2632 2801 3088 2855 ﬁmdamentum.
3134 2802 3283 2854 Crux
3306 2800 3454 2854 orbis
3482 2805 3649 2854 terra:
3673 2818 3806 2854 cau-

2199 2889 2326 2942 tela.
3740 2875 3744 2877 λ

2837 2977 3073 3032 CAPUT
3091 2978 3149 3031 L.

2625 3067 2699 3119 De
2721 3068 2974 3133 reliquiis
3001 3074 3340 3120 sanctorum.

2270 3156 2333 3208 In
2354 3153 2599 3223 imagine
2614 3155 2790 3207 sancti
2808 3155 2959 3207 Petri
2990 3155 3351 3208 continentur
3377 3155 3461 3209 hm
3491 3155 3753 3225 reliquiae
3791 3173 3802 3208 :

2200 3242 2381 3312 portio
2407 3243 2475 3295 de
2504 3259 2674 3295 cruce-
2696 3243 2938 3307 Domini,
2973 3248 3029 3295 et
3059 3243 3126 3296 de
3175 3248 3326 3296 veste
3357 3250 3562 3296 sanctae
3607 3245 3805 3296 Mar-im

2198 3331 2400 3384 matris
2424 3330 2668 3393 Domini,
2700 3337 2757 3383 et
2783 3332 2851 3384 de
2883 3331 3108 3400 proprio
3147 3347 3378 3401 corpore
3433 3332 3616 3384 sancti
3641 3332 3802 3385 Petri

2198 3419 2454 3488 apostoli,
2479 3424 2536 3474 et
2550 3419 2619 3472 de
2641 3435 2807 3472 carne
2828 3419 3003 3472 sancti
3025 3419 3217 3472 Jacobi
3261 3420 3495 3489 apostoli
3511 3432 3525 3466 ξ
3540 3421 3800 3490 reliquiae

2201 3525 2427 3578 quoque
2459 3507 2639 3559 sancti
2673 3507 2940 3576 Stephani
2973 3509 3424 3579 protomartyris,
3457 3515 3515 3561 et
3563 3509 3634 3561 de
3664 3509 3803 3562 ossi-

2201 3594 2303 3648 bus
2334 3595 2514 3648 saneti
2547 3594 2862 3651 Sebastiani
2895 3602 2951 3648 et
2980 3583 3186 3650 Sanctae
3216 3598 3451 3660 Ceciliae,
3494 3603 3549 3650 et
3578 3605 3805 3652 sancto-

2197 3701 2323 3738 rum
2376 3684 2612 3736 aliorum
2667 3690 3000 3754 martyrum,
3057 3692 3112 3739 et
3178 3687 3356 3739 sancti
3420 3686 3704 3755 Gregorii,
3750 3693 3804 3739 et

2199 3773 2375 3825 sancti
2400 3772 2710 3826 Innocentii
2747 3780 2803 3826 et
2821 3775 2888 3827 de
2919 3774 3244 3844 corporibus
3265 3775 3514 3845 Dionysii
3539 3779 3597 3827 et
3616 3775 3801 3828 socio-

2198 3879 2323 3914 rum
2355 3863 2492 3930 ejus,
2529 3867 2586 3914 et
2625 3862 2693 3914 de
2722 3862 2968 3916 vestibus
3011 3880 3226 3926 eorum,
3260 3865 3328 3916 de
3364 3870 3519 3933 petra
3549 3865 3797 3932 sepulcri

2198 3951 2439 4014 Domini,
2475 3951 2627 4003 et‘de
2677 3951 2860 4020 lapide
2903 3951 2996 4006 ubi
3045 3953 3318 4006 Dominus
3355 3952 3525 4016 stetit,
3569 3953 3799 4022 quando

2199 4040 2452 4093 ascendit
2482 4040 2538 4093 in
2577 4040 2798 4102 coelum,
2841 4046 2897 4093 et
2942 4042 3011 4095 de
3067 4042 3332 4112 praesepio
3371 4042 3593 4096 Domini
3631 4047 3692 4095 et
3732 4043 3798 4095 de

2197 4129 2452 4198 sepulcro
2483 4129 2659 4181 sancti
2691 4129 2924 4194 Lazarii,
2960 4146 3122 4199 quem
3156 4131 3428 4183 Dominus
3482 4131 3792 4189 suscitavit.

2199 4218 2350 4270 etde
2369 4217 2524 4286 virga
2558 4218 2754 4288 Moysi.
2788 4218 2862 4271 Os
2912 4219 3199 4272 Saturnini
3228 4220 3492 4290 episcopi.
3525 4220 3796 4290 Reliquit!)

2197 4306 2377 4370 sancti
2407 4307 2662 4360 Marcelli.
2684 4308 2952 4378 martyris
2981 4307 3382 4372 Cabilonensis,
3434 4315 3489 4362 et
3513 4326 3640 4362 ossa
3669 4326 3795 4362 san-

2133 4387 2187 4445 D
2201 4401 2421 4449 ctorum
2450 4396 2830 4454 confessorum
2855 4397 3022 4451 Siluri
3039 4403 3097 4452 et
3113 4397 3382 4466 Agricolae
3402 4398 3790 4467 episcoporum

2201 4483 2586 4544 Cabilonensis
2605 4485 2861 4551 civitatis,
2886 4486 3236 4554 aliorumque
3269 4486 3642 4556 plurimorum
3671 4505 3795 4541 san-

2197 4579 2436 4627 ctorum.
2452 4573 2516 4626 In
2529 4589 2707 4644 cappa
2721 4581 2991 4643 argentea
3009 4574 3368 4629 continentur
3382 4592 3582 4646 corpus
3614 4577 3792 4629 sancti

2199 4661 2448 4721 Mamelli
2468 4669 2718 4733 papaa,et
2734 4663 2982 4734 reliquiae
3000 4663 3069 4716 de
3101 4664 3325 4733 proprio
3345 4681 3574 4734 corpore
3615 4665 3792 4719 sancti

2203 4750 2460 4819 Gregorii
2487 4768 2664 4822 papae,
2689 4758 2752 4806 et
2768 4753 2949 4823 portio
2974 4751 3302 4822 capillorum
3331 4753 3509 4807 sancti
3523 4755 3719 4824 ΜειῘοιί
3739 4753 3792 4807 in

2200 4855 2330 4892 vase
2363 4840 2556 4894 vitreo.

2823 4930 3056 4985 CAPUT
3085 4930 3176 4985 LI.

2371 5029 2446 5081 De
2484 5030 2633 5080 brevi
2665 5029 2938 5080 librorum
2969 5027 3076 5096 (80)
3115 5031 3259 5097 quod
3277 5033 3338 5096 ﬁt
3359 5032 3421 5082 in
3450 5033 3626 5097 capite

2760 5102 3206 5166 quadragesima:-

2265 5196 2595 5249 Warnerius
2619 5196 2943 5250 collationes
2965 5198 3330 5267 psalmorum.
3363 5197 3661 5274 Udalricus
3687 5200 3789 5252 col-

2195 5337 2634 5408 quadragesimae
2662 5338 2720 5393 in
2740 5339 2982 5409 capitulo
3009 5340 3255 5410 perlecta
3283 5339 3368 5392 ab.
3385 5341 3650 5395 Armario
3665 5342 3782 5396 fuit.

2194 5414 2252 5490 et
2272 5415 2409 5490 tunc
2428 5411 2588 5490 juxta
2612 5416 2948 5490 praeceptum
3043 5411 3273 5490 Regulae
3299 5411 3530 5482 cap.48,
3551 5413 3784 5490 singulis

2192 5483 2629 5549 meuiicodioes
2658 5481 2727 5535 de
2743 5498 2890 5536 novo
2914 5481 3036 5536 dati
3063 5482 3215 5536 sunt.
