3914 6364
149 305 288 374 12.35
1346 293 1758 366 msciPLINA
1795 293 2210 366 mammis.
3258 292 3404 368 1226

144 431 383 484 lationes
414 425 684 486 Cassiani.
711 423 1148 503 Christophorus
1182 421 1538 494 pastoralem.
1574 419 1996 483 Adal-Aetiam
2026 418 2083 479 in
2132 418 2253 490 ipsa
2283 417 2514 477 ecclesia
2551 419 2811 480 exhalare
2852 419 3131 490 spiritum.
3176 419 3312 484 Quis
3348 417 3418 478 de

141 519 296 590 gisus
323 517 487 588 psalt.
506 512 1091 582 Andreas'Remigium
1113 528 1284 582 super
1309 507 1745 582 psalmos,Com-
1827 507 2032 562 talibus
2063 505 2298 566 dubitet,
2335 506 2480 576 quod
2504 523 2613 562 non
2639 507 2826 560 statim
2859 507 2930 559 ad
2961 525 3135 585 regna,
3162 508 3416 578 polorum

142 615 321 663 ment.
362 605 618 677 ()rigenis
660 603 716 656 in
757 602 1088 663 JesuNave.
1134 601 1499 656 Bauzmarus.
1543 595 1744 649 Isidori
1828 598 2172 666 penetrent?
2213 595 2415 648 Divina
2457 612 2626 672 opera
2674 596 2858 649 dulcia
2907 603 3040 654 sunt
3087 594 3416 660 volentibus,

142 695 595 760 testimoniorum
655 693 722 745 de
783 689 918 744 Deo.
974 690 1322 754 Fredericus,
1376 686 1742 758 Cyprianum.

143 783 783 848 Gerardus,'Exameron
803 779 1104 833 Ambrosii.
1136 778 1334 840 Gaulo,
1360 778 1503 844 Aug.
1531 775 1598 827 de
1617 773 1741 828 Tri-

140 875 338 929 nitate.
379 871 662 927 Gerardus
695 869 803 924 XII
839 867 1236 928 Homiliarum.
1265 867 1480 924 Petrus,
1509 863 1742 916 moralia

141 964 198 1017 in
225 963 348 1018 Jeb.
372 960 674 1016 Tlieobald.
702 958 901 1012 Johan.
949 957 1414 1027 Chrysostomum
1474 954 1527 1005 in
1564 951 1738 1004 Matii.

143 1053 416 1122 Stephan.
443 1050 613 1112 Psalt.
648 1048 838 1117 Steph.
875 1045 1258 1108 Ambrosium,
1289 1049 1386 1096 aut
1414 1043 1642 1095 Petrum
1684 1040 1740 1092 in

143 1138 555 1212 Apocalypsim.
578 1135 894 1206 Raymund.
916 1137 1058 1211 Aug.
1090 1150 1262 1202 super
1285 1131 1546 1202 psalmos.
1573 1127 1741 1181 Tedri

141 1247 258 1292 cos,
305 1229 710 1298 Hieronymum
774 1224 842 1276 de
896 1221 1248 1293 philosophia
1289 1221 1418 1275 Joh.
1475 1225 1530 1271 et
1574 1233 1743 1286 super

143 1319 464 1398 prophetas.
512 1316 642 1370 Joh.
711 1312 860 1365 dicta
907 1311 1082 1363 sancti
1132 1308 1346 1362 Basilii.
1405 1306 1737 1375 AldulphUs,

142 1393 555 1478 Hieronymum
588 1402 899 1462 in'Isaiam.
937 1399 1224 1460 Arnulfus,
1257 1395 1632 1467 Augustinum
1672 1393 1741 1446 de

143 1502 259 1549 nat.
305 1500 362 1549 et
387 1500 530 1569 grat.
568 1490 912 1545 Humbertus
943 1488 1113 1540 vitam
1143 1489 1198 1540 S.
1234 1485 1420 1540 Siluri.
1450 1483 1738 1552 Leodega-

143 1586 280 1643 lius,
312 1581 712 1654 expositionem
742 1579 800 1631 in
823 1576 1290 1632 Pentateuchum.
1323 1573 1609 1638 Ledricus,
1643 1571 1740 1624 Ai-

1828 701 2022 737 amara
2050 685 2310 740 videntur
2338 683 2673 738 nolentibus.
2697 683 2780 738 Ita
2803 683 3009 738 debent
3033 701 3172 754 opus
3200 683 3302 743 Dei
3323 698 3422 758 per

1829 774 2020 826 omnia
2050 789 2235 842 agere,
2273 773 2418 826 sicut
2443 772 2520 824 illi
2545 772 2714 844 [sani]
2743 772 2798 824 in
2829 772 3168 825 monasterio
3191 777 3424 842 ;praater

1826 862 1973 932 quod
1997 862 2198 916 leniter
2215 868 2384 930 atque
2411 861 2616 914 cursim
2640 860 2829 913 dicant
2864 861 3267 920 :.intervallum
3299 876 3411 913 non

1823 956 1994 1020 agant
2025 968 2034 1001 :
2073 952 2210 1002 Deus
2235 951 2469 1002 auribus
2501 949 2830 1002 dimittant:
2861 949 3078 1022 expleto
3117 965 3283 1024 opere
3321 947 3422 1008 Dei

1824 1044 2178 1092 revertantur
2202 1038 2258 1090 in
2290 1037 2701 1091 dormitorium.
2730 1038 2815 1091 Illi
2836 1054 2982 1110 vero,
3003 1038 3098 1112 qui
3121 1037 3197 1090 ita
3228 1035 3424 1090 nimie-

1823 1133 1939 1181 tate
1955 1127 2300 1182 inﬁrmitatis
2327 1127 2809 1196 detinenturquod
2827 1127 2980 1180 nullo
2999 1129 3161 1182 modo
3183 1143 3420 1186 consur-

1822 1233 1954 1285 gere
1967 1215 2340 1272 valeantmox
2369 1220 2431 1268 ut
2457 1215 2515 1272 in
2538 1215 2878 1275 monasterio
2903 1215 3112 1272 fuerint
3139 1213 3421 1267 celebrata

1823 1304 2174 1364 nocturnalia
2193 1303 2700 1374 obsequia,annuat
2725 1303 2938 1374 ille,qui
2961 1304 3214 1356 ordinem
3239 1307 3414 1367 tenet,

1825 1392 2040 1446 duobus
2071 1391 2336 1446 fratribus
2373 1392 2467 1464 qui
2506 1391 2616 1444 illis
2647 1377 2893 1446 divinum
2925 1409 3064 1462 opus
3097 1391 3398 1445 decantent

1826 1479 2195 1550 Surgentibus
2223 1496 2351 1532 vero
2373 1480 2482 1532 illis
2517 1486 2579 1532 ut
2617 1497 2787 1549 supra
2809 1479 3118 1540 ex'lectulis
3136 1479 3271 1542 suis,
3295 1479 3418 1531 luce

1823 1569 1930 1623 diei
1949 1569 2539 1650 appparente,velorto
2553 1570 2671 1638 jam
2693 1569 2809 1624 sole
2832 1569 3015 1621 lavent
3036 1584 3234 1622 manus
3251 1571 3419 1636 atque

141 1689 368 1728 monem
398 1688 567 1749 super
593 1668 874 1724 Genesim.
909 1666 1207 1726 Martinus,
1238 1665 1532 1724 Aimonem
1573 1677 1740 1730 super
1824 1658 1990 1710 facies
2020 1675 2167 1716 suas,
2193 1663 2250 1710 et
2278 1657 2611 1710 conveniant
2636 1658 2689 1710 in
2724 1657 3030 1712 oratorium
3059 1657 3277 1711 Sanctae
3297 1654 3420 1710 Ma-

141 1762 368 1823 lsaiam.
402 1741 714 1813 Ambal'dus
729 1755 1043 1825 Remigium
1081 1769 1250 1823 super
1277 1749 1732 1806 ecclesiasticum.
1753 1761 1802 1834 Β
1825 1747 1936 1806 riae,
1958 1753 2013 1799 et
2042 1746 2276 1803 audiant
2307 1746 2535 1798 missam
2567 1745 2634 1798 ab
2663 1745 2776 1802 illis
2799 1744 3202 1806 sacerdotibus,
3236 1743 3329 1814 qui
3349 1741 3418 1795 il-

145 1851 421 1905 Robertus
442 1848 613 1901 vitam
647 1846 823 1900 sancti
847 1843 1089 1899 'I‘heutii.
1127 1841 1420 1898 Girbertus
1445 1839 1736 1892 Rabanum
1773 1832 1776 1834 ’
1823 1835 1892 1888 lic
1918 1835 2159 1905 Primum
2186 1851 2348 1888 mane
2367 1833 2444 1885 ibi
2475 1834 2813 1886 conveniunt
2837 1851 2846 1884 :
2869 1839 2926 1886 at
2945 1832 3037 1885 ubi
3056 1849 3172 1890 non
3191 1833 3416 1897 adsunt,

142 1957 314 2010 super
342 1937 649 1997 ecclesiast,
696 1933 977 1986 Valterius
1026 1930 1423 1984 Passionalem.
1469 1927 1596 1980 Aito
1627 1927 1740 1997 epi-
1823 1923 2006 1976 veniat
2031 1924 2220 1986 frater,
2247 1922 2339 1991 qui
2362 1921 2634 1980 sollicitus
2648 1928 2732 1974 est
2763 1938 2932 1994 super
2960 1937 3054 1974 eos
3074 1921 3416 1988 inclaustro,

144 2009 319 2082 stolas
353 2026 533 2081 Pauli.
571 2023 905 2082 Benedictus
937 2021 1176 2092 Ephrem
1195 2019 1266 2071 'de
1287 2017 1734 2089 compunctione.
1823 2019 1878 2066 et
1899 2017 2110 2065 annuat
2141 2011 2301 2069 fratri
2349 2027 2516 2080 quem
2569 2010 2686 2087 ipse
2736 2010 2885 2073 velit,
2920 2016 3137 2069 exeant.
3173 2016 3229 2062 et
3266 2009 3418 2065 dicat

142 2117 436 2172 Joliannes
463 2116 635 2176 vitam
685 2113 872 2170 Marize
915 2109 1273 2180 .iEgyptiacaz.
1309 2106 1609 2160 Saturnius
1633 2105 1741 2158 En-
1822 2101 1938 2169 [ille
1971 2099 2237 2168 missam],
2262 2104 2317 2150 et
2334 2097 2427 2166 qui
2455 2085 2869 2150 communicare
2887 2097 3022 2159 vult,
3055 2096 3416 2156 faciat,Nulio

147 2207 443 2267 chiridion.
480 2207 716 2274 August.
749 2202 809 2255 F.
847 2200 1144 2253 VVirardus
1165 2196 1456 2250 historiam
1485 2193 1736 2264 Josephi.
1823 2188 2028 2268 quippe
2056 2193 2310 2256 tempore
2338 2185 2624 2256 praeterire
2662 2185 2869 2244 debth
2896 2186 3042 2264 quod
3070 2185 3175 2262 ipSi
3203 2185 3416 2246 inﬁrmi

143 2297 206 2352 F.
236 2296 432 2372 Steph.
465 2293 666 2347 Isidor.
701 2289 1073 2363 etymoligiar.
1107 2287 1184 2340 F.’
1205 2284 1502 2338 Heinricus
1522 2283 1616 2335 lib.
1650 2300 1738 2336 re-
1824 2263 2044 2329 sacrum
2079 2292 2178 2354 per
2208 2275 2459 2343 singulos
2482 2274 2608 2327 dies
2637 2291 2750 2335 non
2791 2259 3023 2328 audiant
3078 2259 3288 2343 Legere
3315 2289 3417 2332 au-

142 2403 279 2456 gum
437 2383 743 2437 Gerbertus
772 2379 1119 2434 'Aurelianus
1162 2378 1304 2444 Aug.
1357 2375 1417 2429 F.
1461 2373 1740 2432 Rainerus
1820 2372 1934 2426 toni
1969 2372 2069 2418 aut
2103 2364 2301 2416 missas
2333 2379 2534 2415 canere
2564 2362 2700 2422 nulli
2741 2379 2804 2415 ex
2844 2361 2980 2432 ipsis
3010 2362 3173 2415 liceat
3208 2361 3409 2426 facere,

143 2449 540 2530 Dassiodorum
572 2488 741 2540 super
761 2469 1023 2540 psalmos.
1058 2466 1122 2520 F.
1161 2449 1406 2518 Ubertus
1431 2462 1736 2519 Historiam
1823 2454 2068 2523 quandiu
2125 2452 2238 2505 illic
2292 2452 2540 2516 fuerint,
2563 2456 2765 2520 praeter
2798 2450 3044 2522 psalmos
3089 2449 3414 2510 memoriter

146 2562 578 2622 ecclesiasticam
612 2558 833 2612 Eusebii
856 2553 1232 2614 Cmsariensis.
1249 2554 1566 2606 Almannus
1591 2554 1732 2621 Aug.

145 2653 211 2706 de
251 2653 400 2707 doct.
444 2649 745 2704 Christian.
790 2645 979 2700 Laudo
1008 2643 1262 2697 'Ysilium
1311 2642 1370 2704 in
1409 2627 1734 2695 Leviticum.

145 2743 308 2811 Hugo
340 2737 824 2810 Hypognosticon.
853 2736 1208 2811 Petrus'Aug.
1234 2732 1302 2785 de
1334 2729 1740 2805 symbolo.Lze-

142 2807 526 2884 tusv'Amb.vde
547 2826 808 2881 conﬂictu
839 2823 1118 2881 vitiorum.
1144 2807 1432 2874 Auribnus
1447 2819 1742 2872 Rabanum

145 2920 201 2973 in
230 2920 438 2972 Thren.
463 2916 735 2973 Jeremiae.
757 2913 1041 2967 Ebrardus
1064 2911 1229 2964 vitam
1243 2909 1520 2968 Johannis
1545 2909 1744 2962 Helee—

1823 2551 1921 2596 aut
1956 2541 2285 2612 psalterium
2316 2540 2361 2593 si
2391 2541 2686 2593 voluerint.

1891 2681 2038 2739 Ante
2061 2676 2283 2738 tertiam
2318 2674 2524 2737 habeat
2553 2675 2739 2736 omnia
2771 2679 3084 2744 praeparata
3112 2678 3300 2732 castas
3339 2673 3419 2742 ip-

1826 2783 2035 2830 sorum,
2068 2782 2195 2822 cum
2223 2765 2339 2825 suis
2367 2764 2611 2826 famulis,
2629 2763 2937 2832 unicuique
2960 2760 3419 2823 mensulam'lenv

1825 2855 2079 2925 gitudine
2125 2854 2298 2913 trium
2343 2853 2568 2922 pedum.
2603 2851 2900 2913 latitudine
2935 2851 3124 2911 unius.
3151 2855 3210 2910 et
3234 2847 3412 2915 sciui;

1826 2959 2037 3013 pone-re
2084 2941 2292 3011 quippe
2329 2939 2497 3002 debet
2538 2955 2637 3008 per
2679 2954 3140 3008 unumquemque
3168 2937 3420 3006 desuper

146 3007 351 3100 monis.
386 3005 599 3100 Edrard
619 3007 772 3100 Aug.
806 3019 983 3100 super
1003 3001 1178 3100 Epist.
1201 2999 1529 3100 canonicas.
1551 2997 2448 3100 che'll'ciin.teo]ﬁrri,.j‘dstitiilm
2481 2997 3106 3097 vini,etipa‘nis-libruiii.
3143 3027 3206 3087 In
3229 2997 3421 3086 uio-nar

145 3114 249 3151 nus
285 3094 618 3165 Gregorium
644 3093 698 3146 in
722 3092 976 3148 ultimam
997 3098 1212 3166 partem
1236 3087 1743 3142 Ezechielis.Girbi-

146 3204 251 3240 nus
281 3185 557 3238 Libellum
582 3184 649 3236 de
671 3181 965 3254 disciplina
985 3178 1322 3240 Christiana.
1341 3177 1624 3231 Gcrardus
1647 3177 1742 3228 Be-

145 3277 274 3330 dam
290 3274 579 3343 detemplo
609 3257 944 3334 Salomonis.
972 3270 1121 3345 Popo
1150 3267 1459 3338 Eugepium
1492 3267 1559 3319 de
1580 3282 1741 3343 opus-

144 3365 447 3432 culisjAag.
485 3362 724 3416 Silvinus
757 3358 966 3420 Raban.
1004 3375 1124 3428 sup.
1165 3375 1281 3432 reg.
1307 3355 1608 3432 Signaldus
1637 3355 1742 3407 Ra-

145 3454 272 3508 ban.
320 3431 490 3522 super
524 3451 627 3503 XII
661 3449 865 3520 Proph.
899 3447 1100 3500 Petrus
1127 3431 1415 3498 historiam
1443 3443 1552 3500 Titi
1577 3441 1736 3495 Livii.

146 3543 466 3622 Stephanus
502 3538 829 3614 exposition.
872 3535 1088 3588 Rabani
1128 3534 1184 3586 in
1217 3532 1466 3592 Machab.
1501 3531 1596 3584 lib.
1630 3531 1738 3583 Pe-

143 3620 266 3688 trus
301 3635 446 3700 Aug.
477 3646 646 3700 super
674 3627 935 3698 psalmos.
970 3623 1303 3679 Benedictus
1335 3621 1631 3676 Alcuinuin
1672 3620 1740 3673 de

144 3722 438 3777 Trinitate.
467 3717 760 3778 Girbertus
793 3713 1082 3774 historiam
1124 3713 1473 3782 angelorum.
1505 3710 1568 3762 F.
1605 3709 1738 3761 Ber-

145 3810 295 3864 nard-
322 3806 612 3863 Orosium.'
634 3806 696 3858 1“.
729 3803 971 3858 chrtus
1017 3804 1158 3870 Aug.
1211 3802 1280 3855 de
1310 3799 1470 3853 Civit.
1511 3797 1629 3850 Dei.
1665 3797 1730 3862 Ε,

144 3899 422 3954 Martinus
470 3896 785 3972 Aymonem
819 3909 987 3962 super
1015 3892 1177 3968 epist.
1212 3889 1393 3951 Pauli.
1440 3889 1500 3940 1“.
1545 3887 1736 3956 Steph.

149 3991 467 4060 Aymonem
497 4001 667 4056 supra
698 3982 1000 4064 Apocalyp.
1031 3981 1088 4034 F.
1123 3982 1395 4052 Arpertus
1428 3977 1632 4030 Berlam
1653 3993 1742 4029 su-

146 4095 247 4151 per
282 4074 480 4148 parab,
516 4071 832 4132 Salomonis
877 4071 935 4124 Ρ.
971 4070 1234 4124 Otmarus
1264 4066 1620 4126 concordiam
1659 4082 1742 4118 re-

143 4168 428 4244 gularum.

171 4243 177 4248 ’
751 4250 983 4305 CAPUT
1017 4249 1137 4304 LII.

154 4348 223 4400 De
258 4345 505 4412 inﬁrmis
535 4343 827 4410 fratribus,
874 4342 1116 4408 qualiter
1144 4340 1210 4400 ab
1243 4339 1372 4408 ipsis
1403 4339 1481 4390 rel
1511 4352 1544 4396 α
1580 4335 1744 4386 mini-

622 4414 928 4465 strantibus
956 4414 1032 4464 eis
1060 4414 1282 4476 agatur.

220 4503 442 4562 Inﬁrmi
471 4503 693 4563 fratres,
725 4507 790 4555 ut
818 4499 974 4553 missi
1003 4499 1210 4553 fuerint
1236 4497 1292 4550 in
1324 4498 1554 4550 domum
1585 4495 1747 4548 inﬁr-

153 4609 404 4650 morum:
433 4608 532 4663 pro
573 4608 678 4645 sua
722 4589 1073 4660 aegritudine,
1119 4587 1191 4640 ad
1237 4585 1568 4640 nocturnale
1593 4582 1748 4636 obse-

153 4686 371 4757 quium,
404 4697 529 4735 mox
543 4687 607 4736 ut-
631 4681 860 4750 signum
889 4678 1159 4736 senuerit,
1189 4681 1424 4745 surgant
1442 4672 1638 4743 etipsi,
1657 4688 1747 4725 ve-

149 4756 430 4841 niamque
459 4769 516 4821 in
538 4756 847 4821 oratorium
879 4766 1094 4819 Sanctae
1124 4763 1332 4827 Mariae,
1379 4761 1591 4814 faciant
1619 4775 1742 4812 ora-

149 4862 384 4923 tionem,
416 4862 583 4928 prout
600 4856 874 4909 Dominus
888 4854 1089 4907 melius
1110 4852 1343 4909 dederit.
1371 4848 1744 4904 residentibus

148 4952 375 5005 demum
407 4949 464 5001 in
497 4947 615 4999 loco
649 4962 767 4999 suo.
813 4945 1069 5013 Dumque
1107 4942 1311 4995 iterum
1339 4941 1596 5011 pulsatur
1627 4938 1742 5007 sig-

149 5055 304 5102 num,
356 5035 617 5088 muniant
646 5052 706 5088 se
742 5033 900 5103 signo
931 5020 1135 5085 sanctae
1164 5029 1361 5091 crucis,
1389 5034 1445 5081 et
1472 5026 1746 5096 incipiant

148 5127 432 5182 canticum
463 5125 761 5194 graduum.
798 5123 884 5177 Illi
913 5123 1137 5183 fratres,
1162 5119 1256 5190 qui
1286 5135 1397 5171 non
1421 5118 1605 5171 valent
1627 5132 1746 5168 sur-

149 5238 301 5293 gere,
333 5224 464 5271 eant
492 5218 686 5270 famuli
709 5216 1012 5268 servientes
1038 5215 1118 5268 eis
1151 5198 1206 5267 et
1225 5214 1465 5266 educant
1483 5212 1606 5265 illos
1626 5227 1745 5263 sus-

150 5315 437 5366 tentantes
463 5307 609 5360 ulnis
641 5306 755 5359 suis
792 5305 1128 5367 in'ecclesia,
1165 5308 1335 5372 atque
1361 5301 1648 5363 collucent,
1683 5306 1747 5352 ut

150 5399 368 5452 melius
402 5396 705 5466 potuerint.
751 5396 1041 5464 Ingratum
1093 5393 1231 5446 nulli
1284 5407 1554 5462 apparere
1584 5389 1750 5443 debet

153 5489 261 5552 hoc
289 5487 498 5557 factum
524 5504 538 5549 ;
570 5485 704 5556 quia
729 5501 878 5554 saepe
911 5483 1154 5542 vidimus
1198 5482 1256 5544 in
1287 5481 1481 5542 eodem
1513 5480 1608 5542 die
1642 5481 1749 5541 ira-

153 5584 300 5631 trem
351 5575 514 5629 ﬁnire
553 5591 619 5628 ex
647 5575 753 5628 hac
781 5574 1010 5640 luce,.et
1053 5571 1134 5626 ad
1170 5571 1455 5635 Christum
1484 5569 1744 5639 transire,

1764 4410 1814 4478 ι)

1825 3121 2152 3183 steriodum
2184 3119 2410 3188 signum,
2429 3116 2876 3187 pulsanturhora
2895 3114 3420 3176 tertia.conveniant

1823 3209 1882 3270 in
1913 3209 2144 3272 basilica.
2168 3207 2425 3277 gloriosae
2456 3205 2936 3275 Vil‘giuis'MariaB.
2958 3211 3013 3267 et
3041 3204 3294 3266 debitum
3314 3203 3416 3262 im,

1822 3315 2061 3368 pensum.
2089 3299 2320 3359 solvant
2355 3297 2632 3356 Exeuntes
2672 3294 2809 3356 inde
2837 3293 2932 3363 qui
2979 3294 3098 3355 vult
3125 3293 3418 3355 comedere

1823 3387 2035 3458 aliquid
2059 3387 2219 3456 quasi
2240 3387 2362 3439 loco
2384 3385 2560 3450 mixti,
2575 3383 2765 3447 iaciat.
2795 3389 2852 3445 et
2884 3383 2940 3438 si
2963 3383 3139 3445 velint,
3163 3387 3419 3452 possunt,

1825 3493 1932 3545 que
1963 3493 2130 3545 agere
2160 3481 2370 3538 sextam
2400 3474 2629 3537 insimul
2652 3478 2708 3531 et
2727 3473 2895 3535 edere
2920 3471 3248 3543 priusquam
3259 3487 3419 3530 soner

1820 3570 1931 3626 tur.
1961 3566 2028 3627 Et
2047 3565 2271 3634 quando
2298 3568 2624 3633 exspectant
2641 3563 2711 3621 ad
2737 3568 2972 3624 sextam.
2998 3567 3215 3621 moxvut
3231 3560 3420 3629 pulsau-

1821 3655 1961 3715 verit
1982 3655 2226 3723 signum,
2259 3653 2530 3708 accedant
2559 3659 2616 3708 et
2637 3652 2742 3721 ipsi
2779 3651 2853 3711 ad
2881 3651 3098 3711 horam.
3140 3650 3419 3709 Exeuntes

1824 3744 2050 3800 veniant
2091 3749 2259 3811 atque
2295 3758 2504 3800 manus
2534 3758 2663 3798 suas
2691 3740 2897 3801 lavent,
2940 3743 2996 3798 et
3021 3743 3154 3798 eant
3181 3739 3419 3807 epulari.

1823 3833 2062 3896 Versum
2090 3831 2159 3884 ad
2186 3846 2436 3889 mensam
2482 3829 2670 3890 dicere,
2698 3827 2907 3886 debent
2931 3825 3075 3880 sicut
3100 3826 3166 3886 .in
3193 3827 3420 3886 refecto-.-

1822 3923 1907 3976 rio
1934 3938 2032 3991 per
2059 3935 2517 3988 unamquamque
2545 3916 3038 3977 ministratiouem.
3068 3921 3134 3974 ut.
3168 3915 3303 3970 data
3339 3915 3420 3975 eis

1827 4010 2015 4074 fuerit.
2037 4024 2260 4078 semper
2280 4007 2627 4069 benedieant
2654 4007 2908 4075 Ipsorum
2931 4009 3262 4074 procurator
3280 4008 3418 4072 quot

1822 4101 2034 4162 vicibus
2063 4116 2188 4156 cum
2219 4096 2531 4159 scutellul-is
2559 4093 2850 4154 intraverit
2875 4093 3138 4161 ianuam;
3166 4095 3251 4154 tot
3282 4089 3418 4152 vici.

1824 4191 1929 4252 bus
1957 4208 1959 4210 ·
1983 4190 2285 4251 Benedicito
2323 4202 2547 4254 semper
2581 4183 2750 4246 dicat.
2782 4183 2906 4245 aliis
2951 4178 3420 4251 respondentibus

1830 4282 2126 4341 Dominus;
2159 4292 2291 4338 cum,
2309 4273 2464 4336 omni
2493 4272 2873 4342 gratulatione
2901 4276 3069 4341 atque
3097 4269 3416 4331 dilectione-

1831 4369 2069 4430 ‘Iersuni
2093 4370 2217 4434 post
2237 4363 2417 4426 cibum
2439 4361 2514 4423 ibi
2537 4361 2740 4425 dicant.
2765 4361 2978 4423 Omnes
2995 4375 3238 4429 namque
3251 4358 3420 4421 horas

1834 4458 1892 4510 in
1932 4454 2166 4510 ecclesia
2209 4469 2407 4506 canere
2463 4450 2682 4504 debent.
2739 4449 3022 4519 Quidquid
3064 4447 3419 4510 remanserit,

1830 4547 1901 4602 ad
1943 4543 2297 4605 cellerarium
2335 4541 2624 4605 reddatur,
2668 4545 2872 4609 praeter
2900 4538 3019 4602 illa,
3051 4554 3177 4608 quae
3198 4536 3422 4600 famulis

1829 4635 1937 4698 sibi
1971 4631 2349 4697 seruantibus
2384 4648 2449 4692 ex
2486 4628 2750 4691 carnibus.
2783 4629 2872 4692 vel.
2897 4627 3206 4697 pulmentis
3239 4626 3425 4686 danda

1827 4729 1961 4788 sunt
2003 4721 2075 4775 ab
2119 4721 2215 4785 illo
2262 4720 2436 4781 fratre
2479 4717 2578 4787 qui.
2621 4716 2754 4780 huic
2789 4715 2974 4778 officio.
3001 4720 3217 4784 praeest
3257 4714 3424 4776 Inﬁr—

1828 4812 1937 4877 mis.
1988 4810 2259 4874 fratribus
2293 4823 2418 4870 non
2468 4805 2714 4876 Pertinet
2767 4804 2849 4866 eis.
2904 4804 3212 4874 quidquam
3266 4802 3420 4864 dare.

1827 4899 2315 4970 Ekemosynarius
2335 4912 2464 4958 vero
2490 4895 2606 4958 illis
2631 4892 3076 4963 die.bus..qui.bus
3104 4909 3170 4953 ex
3194 4891 3425 4954 refecto,

1828 4992 1912 5045 rio
1945 4989 2143 5059 recipit,
2166 5002 2372 5058 panem.
2392 4991 2458 5044 "et
2485 4984 2701 5046 vinum.
2725 4983 2808 5049 ita
2825 4987 2890 5036 'et
2916 4997 2989 5044 ex
3001 4981 3105 5044 hac
3129 4979 3421 5043 mansione

1827 5078 2082 5148 accipiat.

1894 5209 2179 5281 Quidquid
2194 5207 2403 5261 inﬁrmi
2417 5202 2786 5276 petierint,eis
2807 5201 3054 5256 dandum
3069 5206 3152 5255 est
3171 5220 3182 5267 ;
3200 5200 3422 5255 etiamsi

1829 5318 2014 5357 emere
2061 5316 2199 5370 opus
2237 5297 2324 5351 sit.
2366 5294 2582 5364 Regula
2609 5307 2853 5361 namque
2884 5290 3302 5361 praecipit-(cap.
3331 5287 3423 5361 36)

1831 5396 1960 5445 ante
1978 5389 2165 5443 omnia
2182 5394 2241 5441 et
2254 5401 2423 5456 super
2434 5383 2622 5437 omnia
2642 5379 3016 5434 adhibendam
3039 5379 3278 5433 infirmis
3301 5396 3422 5434 esse

1830 5496 2032 5541 cur-am.
2065 5495 2134 5539 ac
2169 5473 2628 5539 sollicitudinem.
2655 5504 2657 5506 -
2685 5469 2755 5534 In.
2784 5469 2935 5540 ipsis
2973 5468 3178 5539 quippe
3202 5468 3419 5531 cellulis

1831 5568 2044 5630 haheat
2074 5571 2424 5638 procurator.
2453 5562 2633 5616 frater
2682 5558 2894 5626 omnia,
2930 5573 3282 5629 quaecunque
3311 5557 3423 5616 illis
