3914 6358
488 320 625 383 1287

1547 321 1898 379 GUIDONIS
1938 320 2243 376 ABBATIS
2280 320 2680 378 FARFENSIS

3610 322 3749 384 1288

481 450 798 507 necessaria
826 448 1352 515 fuerintzvidelicet,
1377 448 1660 514 utensilia,
1685 447 1921 503 bacciles
1953 464 2069 502 ma-
2087 444 2293 514 Agunt
2339 444 2615 500 laternam
2664 461 2854 500 secum
2900 445 3173 514 ferentes;
3213 450 3511 518 postquam
3553 462 3752 502 omnes

482 541 697 606 nuales,
740 540 921 595 situlae
967 538 1194 593 vinariae
1237 543 1405 608 atque
1464 538 1733 609 aquariae,
1792 538 2068 592 caldariae.
2147 534 2269 604 jam
2315 535 2673 605 requiescunt
2714 535 3030 606 perspicere
3068 534 3276 591 debent
3300 536 3545 608 qualiter
3572 552 3751 591 unus-

482 630 752 684 cremium
776 630 892 699 (8|)
922 630 993 683 ad
1025 629 1241 682 minora
1269 628 1510 698 agenda.
1549 627 1886 691 Scutellulaa,
1904 627 2073 697 justi-

482 719 575 773 tiae
622 720 844 773 illorum
883 719 999 773 suis
1038 717 1346 789 scyphulis.
1383 717 1617 780 Quando
1650 716 1854 770 fratres
1897 734 1956 770 se
1990 734 2076 770 ra-

486 808 645 871 dunt,
680 808 786 878 ipsi
832 824 945 862 uno
974 807 1063 861 die
1092 812 1221 860 ante
1248 823 1307 859 se
1336 805 1540 859 radant
1588 806 1646 859 Si
1676 804 1880 876 aliquis
1909 820 1974 858 ex
1994 804 2075 876 ip-

486 897 564 950 sis
595 897 843 951 exiturus
873 902 959 951 est
987 896 1044 950 in
1070 895 1312 950 crastino
1350 911 1477 948 cum
1518 893 1851 957 senioribus,
1883 893 2071 948 faciat.

488 985 859 1041 Sabbatorum
892 1002 1022 1040 vero
1061 984 1258 1039 diebus
1286 1001 1576 1055 vesperam
1604 983 1850 1038 habeant
1877 983 2076 1037 famuli

488 1092 690 1146 aquam
722 1073 1199 1145 calidam,utipsis
1227 1072 1463 1127 infirmis
1483 1073 1651 1144 pedes
1671 1073 1872 1126 lavent.
1900 1072 2077 1135 Quot-

489 1170 673 1235 quote
700 1163 968 1217 fratribus
987 1162 1188 1217 exituri
1211 1160 1318 1229 (8‘2;
1340 1161 1565 1223 fuerint,
1588 1160 1663 1215 ibi
1692 1160 1899 1214 faciant
1917 1176 2078 1214 suam

487 1252 896 1307 necessitatem.
927 1251 1144 1306 Famuli
1175 1251 1351 1322 ipsius
1375 1250 1481 1304 loci
1501 1249 1634 1304 folia
1661 1254 2083 1321 praeparent,ta—

489 1358 619 1395 men
648 1342 707 1395 in
736 1358 848 1396 uno
878 1341 1088 1410 angulo
1119 1357 1247 1394 cum
1278 1356 1485 1410 magna
1513 1340 1752 1404 cautela,
1784 1344 1840 1392 et
1856 1338 2080 1409 quando

489 1430 848 1485 calefactoria
870 1430 976 1499 (83)
1004 1429 1207 1483 facturi
1234 1434 1386 1496 sunt,
1418 1428 1615 1482 famuli
1635 1426 1908 1482 cellerarii
1938 1443 2082 1497 prae-

490 1526 691 1591 parata
710 1519 842 1573 folia
871 1518 1133 1573 habeant.

562 1608 963 1679 Undecumque
997 1606 1296 1662 revertitur
1323 1606 1565 1661 domnus
1594 1605 1765 1660 abbas
1790 1604 1955 1659 debet
1981 1604 2085 1659 ibi-

493 1697 619 1752 dem
653 1699 860 1761 venire,
907 1702 963 1751 et
992 1697 1274 1768 inquirere
1299 1712 1777 1767 unumquemque,
1807 1700 1941 1766 quot
1984 1695 2082 1748 ha-

2155 622 2391 694 quisque
2419 629 2567 693 agat.
2590 624 2836 679 Candela
2859 624 3032 695 igitur
3070 641 3171 696 per
3196 642 3657 697 unamquamque
3688 642 3757 679 ex

2155 711 2291 782 ipsis
2320 713 2533 766 cellulis
2553 713 2749 768 ardeat
2778 730 2958 784 usque
2978 730 3171 781 mane;
3205 716 3290 768 vel
3317 715 3398 769 sic
3420 720 3759 787 coaptentur

2155 800 2214 853 in
2242 800 2355 854 illis
2383 801 2595 856 cellulis
2628 819 2751 873 quae
2782 802 3074 857 viciniores
3105 809 3255 860 sunt.
3278 810 3341 858 ut
3360 804 3545 875 posita
3582 803 3759 858 lumi-

2156 889 2319 943 naria
2339 890 2397 943 in
2426 890 2750 945 fenestrulis
2781 892 3011 963 parietis
3031 892 3209 946 ambae
3237 892 3669 960 illuminentur;
3712 892 3762 947 si

2158 978 2345 1033 minus
2368 980 2515 1034 unde
2544 980 2736 1034 lumen
2756 982 3111 1047 accendatur,
3136 981 3457 1049 habuerint,
3487 987 3589 1037 aut
3608 982 3764 1036 inve-

2158 1068 2268 1122 niri
2302 1064 2532 1124 minime
2562 1070 2757 1141 possit,
2788 1076 2851 1125 ut
2874 1088 2974 1142 per
3002 1071 3226 1141 singula
3253 1071 3467 1126 ardeat.

2749 1159 2984 1215 CAPUT
3014 1161 3158 1217 LIlI.

2233 1247 2491 1313 Inﬁrmus
2511 1248 2715 1315 fratres
2735 1251 2814 1302 sic
2833 1250 3023 1303 debent
3042 1251 3211 1303 visere
3234 1251 3382 1304 sodes
3402 1247 3682 1322 [sodales].

2233 1335 2440 1390 Multas
2459 1336 2719 1407 superius
2737 1354 2934 1397 causas
2956 1338 3588 1411 prastermisimus,quas
3610 1355 3761 1394 nunc

2162 1421 2409 1477 inserere
2438 1424 2671 1495 dignum
2701 1425 2976 1480 ducimus.
2996 1426 3054 1481 Si
3085 1427 3290 1498 aliquis
3315 1428 3491 1482 frater
3519 1430 3591 1483 de
3611 1429 3765 1483 clau-

2163 1516 2280 1565 stro
2298 1512 2536 1567 voluerit
2564 1513 2851 1569 infirmum
2882 1515 3127 1586 aliquem
3158 1516 3403 1579 visitare,
3443 1517 3703 1589 requirat
3732 1535 3769 1571 a

2164 1600 2349 1672 priore
2374 1601 2681 1669 licentiam,
2708 1603 2827 1658 sine
2843 1621 2954 1675 qua
2974 1605 3293 1660 nullatenus
3322 1605 3488 1661 debet
3506 1606 3727 1661 intrare
3751 1626 3766 1661 :

2164 1706 2405 1761 cumque
2444 1691 2727 1746 licentiam
2764 1693 3026 1748 habuerit
3061 1693 3295 1766 incipiat
3322 1696 3628 1766 psalmum,
3662 1699 3772 1751 Do-

494 1786 625 1841 beat
650 1786 765 1841 sive
796 1803 1014 1841 morum
1045 1786 1247 1840 animae
1279 1785 1395 1839 sive
1423 1786 1672 1855 corporis
1702 1784 2078 1852 valetudines;
2104 1772 2150 1833 B
2170 1781 2334 1844 mine,
2369 1796 2436 1834 ηε
2468 1783 2529 1835 in
2558 1783 2752 1849 furore
2787 1787 2878 1836 ιῑιο
2907 1782 3173 1853 primum,
3198 1784 3496 1855 ipsumque
3526 1784 3683 1839 dicat
3711 1785 3772 1839 in

495 1876 581 1930 vel
611 1875 657 1928 si
685 1875 891 1946 aliquid
916 1874 1263 1929 necessitatis
1286 1878 1386 1927 aut
1408 1874 1760 1944 negligentiae
1791 1890 1825 1926 a
1853 1872 2086 1927 servito-

495 1963 649 2020 ribus
687 1965 771 2019 vel
812 1981 848 2018 a
875 1963 1179 2019 cellerariis
1209 1963 1513 2034 patiantur.
1554 1963 1622 2017 Et
1650 1967 1714 2017 ut
1740 1962 2003 2033 inspiciat
2038 1961 2087 2017 si

494 2052 697 2124 aliquis
712 2071 777 2107 ex
804 2053 873 2108 iis
905 2054 1046 2108 bene
1075 2052 1417 2107 convaluerit
1454 2051 1543 2106 cui
1571 2051 1853 2106 licentiam
1881 2052 1978 2105 det
2004 2068 2089 2105 re-

494 2142 701 2197 deundi
724 2142 782 2196 in
811 2143 1154 2210 claustrum;
1179 2141 1311 2213 quia
1333 2141 1455 2195 sine
1480 2140 1735 2211 jussione
1765 2141 1953 2194 nullus
1988 2157 2088 2194 nec

495 2231 803 2301 egreditur,
835 2249 937 2286 nec
956 2230 1286 2303 ingreditur.
1322 2230 1595 2285 Similiter
1614 2229 1782 2283 faciat
1808 2229 1979 2300 prior,
2002 2230 2088 2283 vel

492 2319 587 2373 ille
616 2323 712 2392 qui
746 2321 997 2375 ordinem
1018 2326 1191 2375 tenet.
1219 2320 1319 2374 Ille
1348 2319 1497 2373 enim
1529 2318 1836 2389 frater,qui
1851 2318 1909 2371 in
1936 2319 2089 2372 clauA

495 2414 677 2463 strum
709 2410 1010 2464 revertitur
1037 2414 1171 2480 agat
1200 2408 1282 2462 ita
1315 2425 1327 2461 :
1356 2424 1484 2462 mox
1522 2413 1588 2462 ut
1632 2408 1855 2479 signum
1892 2407 2088 2478 primae

493 2498 581 2552 vel
611 2498 867 2553 secundae
913 2498 1064 2552 horae
1095 2497 1419 2569 pulsaverit,
1456 2496 1763 2551 infantibus
1802 2496 1861 2550 in
1892 2496 2087 2567 primis

493 2586 918 2641 transeuntibus
961 2592 1097 2641 tunc
1124 2586 1310 2640 veniat
1345 2585 1439 2640 ille
1474 2591 1599 2656 post
1621 2602 1715 2639 eos
1747 2584 1805 2639 in
1830 2586 1999 2639 choro
2028 2585 2088 2639 in

494 2675 614 2730 loco
635 2693 759 2743 suo,
782 2682 839 2730 et
860 2676 1030 2730 faciat
1053 2674 1243 2729 omnia
1262 2680 1327 2729 ut
1352 2674 1473 2731 alii.
1510 2675 1574 2728 In
1594 2674 1837 2745 capitulo
1870 2691 1994 2728 mox
2024 2680 2089 2729 ut

495 2763 696 2818 dixerit
723 2781 787 2817 ex
814 2769 1007 2818 nostro
1037 2764 1231 2818 ordine
1252 2765 1720 2827 Reminiscimini,
1747 2768 1944 2833 surgat
1970 2763 2083 2825 ille,

495 2851 667 2906 faciat
691 2852 1124 2907 satisfactionem
1157 2858 1214 2907 et
1231 2857 1454 2907 accuset
1482 2868 1542 2905 se
1562 2851 1631 2905 de
1655 2851 1771 2905 suis
1805 2852 2089 2922 negligen-

495 2941 606 2996 tiis.
640 2942 795 2996 Tunc
822 2942 1074 2997 absolvat
1102 2958 1230 2997 eum
1260 2941 1501 2995 domnus
1530 2939 1701 2994 abbas
1732 2946 1787 2994 et
1810 2940 2009 3011 jubeat
2035 2940 2087 2995 ei

495 3030 792 3086 decantare
815 3038 1032 3103 septem
1060 3031 1323 3102 psalmos,
1355 3031 1440 3084 vel
1469 3030 1819 3084 solummodo
1834 3031 2086 3084 Miserere

2169 1867 2407 1936 itinere;
2438 1876 2566 1941 post
2592 1871 2871 1941 psalmum
2902 1871 3070 1935 dicat,
3102 1875 3266 1927 Pater
3295 1879 3494 1929 noster.
3531 1874 3772 1930 Salvum

2169 1957 2258 2023 fac
2285 1974 2504 2012 servum
2526 1963 2663 2013 tum.
2688 1962 2841 2014 Mitte
2860 1965 2927 2023 ei,
2964 1962 3432 2021 Domine._0ratio
3466 1981 3477 2017 :
3508 1963 3774 2032 Omnipo-

2172 2049 2287 2099 tens
2325 2050 2653 2115 sempiterna
2699 2049 2857 2111 Deus,
2898 2052 3052 2104 salus
3079 2055 3305 2105 .eterna.
3336 2052 3478 2106 Cum
3512 2053 3775 2123 pervenit

2169 2132 2241 2186 ad
2279 2132 2564 2188 infirmum
2613 2135 2783 2201 dicat,
2830 2139 3147 2207 Benedicite.
3197 2137 3407 2194 Deinde
3452 2139 3775 2212 interroget

2170 2238 2299 2275 eum
2332 2222 2401 2276 de
2424 2223 2753 2280 infirmitate
2784 2242 2888 2280 sua
2910 2227 3154 2297 qualiter
3179 2227 3415 2291 laboret,
3455 2233 3514 2283 et
3541 2230 3774 2300 qualem

2169 2310 2500 2381 patientiam
2538 2313 2762 2378 habeat,
2796 2321 2852 2369 et
2876 2313 3081 2370 bonam
3116 2317 3573 2372 exercitationem
3602 2318 3773 2372 adhi-

2169 2399 2314 2454 beat.
2345 2399 2425 2456 De
2453 2403 2836 2475 corporalibus
2861 2422 2988 2459 vero
3009 2405 3149 2460 nihil
3167 2406 3561 2478 interroget.Si
3576 2413 3775 2463 autem

2170 2489 2346 2544 frater
2368 2490 2626 2547 infirmus
2653 2492 2723 2548 de
2752 2493 2942 2565 aliqua
2973 2496 3307 2551 necessitate
3335 2496 3769 2568 complanxerit,

2170 2578 2239 2632 ad
2258 2580 2503 2651 priorem
2533 2582 2757 2637 veniens
2776 2583 2925 2638 dicat
2948 2602 2959 2636 :
2993 2585 3100 2639 Per
3116 2590 3354 2640 vestram
3385 2586 3675 2641 licentiam
3698 2587 3774 2641 ad

2168 2666 2454 2722 inﬁrmum
2480 2669 2638 2724 illum
2668 2671 2814 2736 veni,
2839 2672 2937 2726 sed
2958 2673 3028 2727 de
3048 2673 3256 2728 talibus
3288 2673 3457 2729 rebus
3485 2675 3776 2745 querimo-

2170 2755 2321 2811 niam
2351 2758 2557 2812 audivi-
2586 2760 2672 2814 Ad
2693 2760 2936 2831 priorem
2964 2768 3154 2816 autem
3184 2764 3427 2834 pertinet
3454 2764 3525 2819 de
3558 2764 3773 2819 talibus

2169 2846 2217 2900 si
2246 2846 2424 2901 visum
2449 2848 2619 2902 fuerit
2640 2849 3043 2919 providentiam
3072 2850 3295 2906 habere.

2240 2936 2400 2991 Item.
2432 2936 2629 2991 Frater
2650 2955 2778 2993 vero
2791 2939 2887 3009 qui
2909 2956 3009 3011 pro
3038 2957 3142 2994 sua
3165 2940 3493 2996 infirmitate
3514 2941 3770 2997 mittitur

2168 3023 2227 3077 in
2254 3024 2607 3081 infirmorum
2636 3027 2803 3082 domo
2834 3034 2890 3082 et
2909 3028 2985 3083 ibi
3007 3029 3299 3085 dormierit
3322 3036 3492 3102 atque
3508 3032 3773 3087 comede-

498 3124 623 3181 mei,
650 3123 807 3183 Deus,
834 3121 953 3175 loco
986 3120 1346 3192 pcenitentiae,
1384 3118 1637 3189 procidat
1658 3118 1862 3190 quippe
1886 3118 1980 3173 ille
2017 3118 2089 3173 ad
2109 3132 2152 3193 ρ
2170 3112 2262 3177 rit,
2293 3130 2519 3169 carnem
2547 3121 2739 3171 tamen
2758 3133 2871 3172 non
2892 3118 3088 3185 ederit,
3116 3119 3164 3173 si
3187 3120 3425 3174 voluerit
3449 3138 3690 3193 pergere
3708 3121 3770 3177 in

495 3209 617 3279 ejus
649 3210 899 3281 vestigia,
933 3209 1062 3264 dein
1083 3209 1268 3263 veniat
1288 3208 1346 3261 in
1375 3208 1517 3274 loco,
1548 3208 1640 3262 ubi
1665 3209 1818 3279 prius
1846 3208 2085 3274 steterit,

496 3303 553 3351 et
582 3298 815 3352 inclinet
842 3316 902 3353 se
921 3298 1130 3352 iterum
1167 3297 1357 3351 abbati
1383 3314 1394 3348 :
1428 3314 1493 3350 ex
1531 3302 1666 3351 tunc
1699 3297 1932 3350 inclinet
1959 3297 2090 3351 hinc

495 3391 555 3440 et
578 3385 708 3440 inde
726 3393 923 3440 contra
946 3386 1213 3450 seniores,
1246 3385 1523 3456 imprimis
1543 3386 1714 3440 choro
1743 3385 1979 3451 abbatis,
2000 3402 2089 3440 ea-

496 3473 740 3548 demque
770 3481 824 3528 et
853 3474 962 3546 ipsi
989 3475 1216 3528 faciant.
1260 3473 1504 3528 Jubente
1545 3473 1745 3528 abbate
1776 3480 1869 3528 eat
1894 3475 2090 3529 sedere

497 3562 558 3617 in
582 3563 703 3617 loco
726 3579 847 3617 suo.
884 3563 1029 3619 Cum
1056 3563 1213 3633 pueri
1250 3562 1309 3616 in
1347 3564 1468 3634 ipsa
1496 3563 1664 3618 domo
1686 3563 1947 3618 conducti
1976 3564 2092 3618 fue-

497 3652 631 3713 rint,
666 3657 801 3706 tunc
829 3651 1096 3724 suscipiat
1118 3667 1266 3706 unus
1294 3668 1358 3705 ex
1389 3651 1524 3723 ipsis
1544 3652 1857 3708 senioribus
1887 3652 1983 3722 qui
2012 3652 2090 3707 ibi

496 3748 632 3795 sunt
658 3741 883 3796 illorum
913 3741 1246 3808 custodiam,
1278 3741 1375 3811 qui
1414 3757 1519 3794 sua
1547 3741 1837 3812 providere
1866 3742 2007 3796 sciat
2034 3748 2093 3797 et

497 3830 684 3885 aliena
702 3848 814 3886 non
842 3830 1145 3901 negligere.
1180 3830 1346 3885 Horis
1374 3847 1619 3901 namque
1645 3832 2091 3902 competentibus

498 3919 701 3989 quibus
730 3920 857 3974 aliis
886 3936 1013 3974 cum
1037 3919 1255 3973 laterna
1284 3918 1584 3989 procedere
1605 3936 1726 3973 mos
1755 3924 1857 3985 est,
1890 3920 2089 3974 simili-

498 4017 586 4067 ter
607 4016 665 4064 et
682 4009 787 4081 ipsi
800 4008 1007 4063 faciant
1029 4027 1040 4061 :
1056 4024 1227 4079 prope
1243 4006 1547 4061 luminaria
1560 4008 1921 4078 jaceant,non
1928 4010 2092 4079 juxta

498 4118 574 4155 se.
610 4099 823 4154 Exinde
852 4104 1117 4153 exeuntes
1146 4113 1247 4168 pro
1278 4097 1383 4151 hoc
1407 4096 1845 4151 satisfactionem
1874 4114 1986 4152 non
2005 4098 2090 4152 fa-

496 4190 654 4245 ciunt
682 4190 755 4243 ad
789 4189 973 4259 majus
1017 4186 1324 4258 capitulum
1371 4202 1474 4240 nec
1520 4187 1591 4241 ad
1621 4204 1804 4241 suum.
1846 4186 2090 4258 Majores

495 4279 700 4333 fratres
721 4278 817 4349 qui
845 4293 1070 4331 carnem
1102 4275 1179 4329 ibi
1208 4292 1321 4329 non
1351 4276 1545 4338 edunt,
1577 4275 1838 4330 baculum
1866 4283 2090 4346 gestare

495 4366 758 4421 manibus
786 4365 1019 4419 minime
1039 4364 1246 4419 debent
1270 4381 1281 4417 :
1317 4364 1623 4419 satisfactio
1654 4364 1715 4419 in
1743 4365 1988 4437 capitulo
2018 4366 2090 4420 il-

498 4455 568 4510 lis
599 4471 712 4510 non
732 4455 1073 4511 conceditur.

570 4544 909 4598 Procurator
940 4544 1114 4597 frater
1144 4560 1272 4599 cum
1304 4542 1429 4597 aliis
1453 4543 1512 4596 in
1542 4542 1873 4598 dormitorio
1900 4544 2090 4615 quies-

499 4650 626 4689 cere
645 4632 812 4688 debet
838 4633 1259 4698 famulis.Quiin
1273 4632 1377 4687 hoc
1404 4630 1671 4703 obsequio
1692 4633 1944 4704 deputati
1958 4639 2092 4689 sunt

498 4723 611 4778 illis
629 4722 1012 4795 horis,quibus
1027 4722 1276 4777 seniores
1287 4721 1344 4775 in
1356 4722 1601 4775 claustro
1614 4722 1812 4776 sedent
1829 4723 1949 4778 sine
1965 4740 2091 4778 con-

499 4813 731 4868 ductore
758 4830 823 4868 ex
848 4813 1132 4868 monachis
1160 4811 1403 4866 transire
1422 4826 1781 4883 nequaquam
1811 4813 2091 4883 permitti-

496 4909 608 4958 tur.
649 4902 978 4958 Discalceati
1027 4901 1198 4956 nullis
1226 4900 1381 4954 horis
1416 4900 1673 4955 incedere
1702 4901 1925 4957 debent.
1945 4904 2092 4958 Ante

496 4992 803 5047 luminaria
825 4994 1054 5064 jaceant
1081 4990 1138 5045 in
1169 4990 1360 5055 humo,
1386 4989 1483 5061 qui
1512 4989 1696 5061 ipsum
1726 4991 1918 5046 lumen
1938 5009 2090 5047 sem-

493 5097 596 5153 per
649 5086 953 5153 procurent
998 5079 1344 5134 reviviscere.
1399 5079 1677 5134 Exeuntes
1725 5081 2089 5152 completorio

492 5187 698 5242 aquam
713 5170 1064 5226 benedictum
1076 5169 1183 5241 ipsi
1202 5168 1334 5241 aegri
1348 5167 1595 5240 quotidie
1616 5168 2089 5241 accipiant,quam

490 5259 568 5315 ibi
597 5265 731 5315 ante
752 5262 987 5332 januam
1012 5266 1385 5332 praeparatam
1415 5257 1720 5313 inveniant.
1756 5260 1822 5313 Et
1857 5259 2079 5314 illorum

490 5349 751 5405 custodes
766 5351 1117 5422 singulorum
1137 5349 1297 5405 lectis
1311 5364 1515 5419 aquam
1527 5346 1878 5403 benedictam
1899 5364 2085 5419 asper-

558 5474 672 5546 (81)
700 5477 982 5532 Uremium
1011 5493 1046 5531 a
1069 5491 1332 5538 cremare,
1355 5472 2080 5546 siccamentumllgnorum.

2105 4415 2155 4475 D

2170 3202 2482 3271 ecclesiam,
2507 3211 2692 3277 potest
2726 3206 2970 3261 transire
3001 3225 3100 3279 per
3135 3214 3469 3264 conventum
3498 3210 3769 3279 fratrum,

2170 3290 2217 3344 si
2244 3296 2467 3364 tempus
2514 3294 2778 3366 loquendi
2808 3296 2980 3351 fuerit
3006 3296 3064 3351 in
3098 3297 3340 3353 claustro
3367 3318 3381 3367 ;
3418 3298 3541 3371 ipse
3573 3304 3773 3354 tamen

2169 3379 2304 3435 dum
2357 3383 2582 3436 veniens
2628 3386 2928 3439 Benedicile
2973 3385 3141 3453 dicat,
3183 3393 3241 3441 et
3286 3393 3463 3442 exeat.
3515 3388 3774 3446 Sedendi

2172 3474 2272 3524 aut
2308 3470 2660 3542 colloquendi
2689 3490 2803 3527 non
2826 3479 2912 3529 est
2939 3474 2990 3529 ei
3018 3474 3235 3531 licitum
3259 3495 3271 3544 ;
3307 3494 3409 3532 nec
3426 3494 3541 3532 non
3570 3478 3644 3533 ad
3672 3495 3773 3534 ca-

2170 3559 2411 3629 pitulum
2425 3561 2507 3614 vel
2517 3562 2869 3617 collationem
2883 3563 3225 3619 introeundi.
3241 3566 3472 3621 Interim
3487 3566 3582 3621 ille
3591 3567 3774 3623 frater

2173 3646 2267 3717 qui
2288 3664 2465 3719 usque
2494 3650 2564 3703 ad
2594 3649 2740 3704 diem
2770 3651 2858 3706 sui
2884 3652 3063 3707 exitus
3087 3654 3356 3708 manserit
3388 3654 3485 3722 ibi,
3525 3660 3583 3709 et
3610 3656 3773 3728 quid-

2174 3736 2308 3806 quid
2348 3738 2686 3808 regulariter
2711 3747 2914 3811 potest,
2949 3743 3133 3813 explet
3168 3743 3307 3798 illud
3344 3762 3357 3797 :
3396 3744 3442 3798 si
3469 3746 3522 3799 ei
3566 3751 3771 3817 aptum

2173 3824 2351 3880 visum
2384 3826 2555 3882 fuerit
2582 3829 2775 3884 sedere
2819 3830 2874 3885 in
2903 3832 3168 3899 claustro,
3197 3833 3365 3887 liceat
3391 3832 3464 3899 ei,
3496 3834 3671 3906 etiam
3710 3844 3772 3890 et

2173 3914 2241 3968 ad
2282 3915 2587 3986 capitulum
2634 3924 2804 3990 atque
2834 3920 3190 3975 collationem
3219 3922 3437 3989 venire;
3469 3940 3571 3995 per
3596 3940 3767 3979 usum

2171 4009 2362 4058 tamen
2390 4022 2502 4060 non
2518 4008 2833 4078 exquiritur
2851 4008 2921 4063 ab
2941 4008 3055 4072 illo,
3075 4010 3121 4064 si
3141 4010 3396 4066 defuerit.
3416 4012 3625 4067 Verum
3647 4013 3769 4085 ipse

2172 4092 2220 4146 si
2242 4094 2541 4165 perspiciat
2559 4097 2840 4169 undique;
2873 4098 3009 4169 quia
3036 4100 3105 4153 de
3135 4100 3395 4156 omnibus
3422 4101 3607 4168 bonis,
3641 4120 3769 4174 quae

2170 4198 2467 4253 possumus
2486 4186 2812 4258 adimplere,
2833 4193 2890 4242 et
2915 4205 3028 4243 non
3052 4189 3307 4255 facimus,
3340 4192 3453 4245 Deo
3482 4191 3768 4246 rationem

2172 4272 2448 4328 reddituri
2489 4292 2703 4342 sumus,
2748 4277 2918 4332 etiam
2958 4295 3023 4332 ex
3068 4279 3517 4350 cogitationibus,
3552 4287 3770 4353 quanto

2173 4361 2353 4432 magis
2373 4363 2554 4419 factis.
2584 4367 2782 4421 Claudi
2803 4368 2885 4422 vel
2905 4385 3084 4435 senes,
3120 4369 3216 4441 qui
3245 4370 3611 4425 inhonestant
3630 4387 3767 4426 con-

2172 4457 2399 4506 ventum
2430 4460 2530 4508 aut
2557 4454 2768 4510 debiles
2794 4461 2945 4524 sunt,
2968 4458 3026 4511 in
3054 4458 3192 4529 ipsis
3228 4459 3443 4514 cellulis
3473 4467 3764 4526 maneant,

2171 4540 2472 4609 dormiant,
2498 4543 2684 4609 edant,
2711 4543 2876 4617 afque
2904 4563 3043 4616 opus
3072 4547 3173 4602 Dei
3202 4549 3454 4615 audiant,
3504 4554 3564 4604 et
3599 4550 3770 4621 quid-

2172 4631 2307 4702 quid
2334 4632 2415 4687 eis
2443 4650 2584 4705 opus
2611 4635 2801 4699 fuerit,
2833 4636 2911 4691 ibi
2939 4643 3129 4708 agant.
3162 4639 3360 4695 Frater
3393 4640 3620 4695 illarum
3651 4641 3770 4696 cel-

2174 4720 2414 4777 lularum
2436 4724 2692 4794 provisor
2709 4742 2834 4780 cum
2864 4727 2983 4781 suis
3010 4728 3239 4783 famulis
3267 4746 3461 4797 curam
3480 4746 3656 4802 super
3671 4748 3771 4786 eos

2173 4809 2243 4864 de
2270 4810 2531 4867 omnibus
2557 4819 2813 4869 exerceat
2842 4815 2991 4886 quod
3018 4815 3130 4871 illis
3151 4832 3290 4888 opus
3320 4823 3425 4887 est,
3457 4825 3522 4874 ut
3547 4835 3661 4873 non
3685 4819 3769 4874 in-

2173 4898 2422 4969 digeant.

2767 4994 3000 5050 CAPUT
3028 4996 3169 5051 LIV.

2172 5084 2422 5151 Qualiter
2440 5083 2715 5151 agendum
2735 5089 2812 5138 est
2839 5087 3058 5153 quando
3078 5088 3397 5154 ingreditur
3415 5091 3766 5157 congregatio

2567 5174 2639 5226 ad
2665 5175 3010 5228 uisitandum
3040 5176 3353 5242 inﬁrmum.

2234 5260 2397 5317 Prior
2424 5278 2668 5332 namque
2697 5266 2829 5316 ante
2856 5262 3165 5335 capitulum
3195 5264 3458 5335 inspiciat
3476 5264 3663 5337 ipsum
3682 5266 3767 5322 in-

2165 5352 2395 5406 firmum
2420 5357 2477 5405 et
2501 5351 2810 5422 interroget
2835 5351 2884 5406 si
2909 5352 3043 5407 velit
3055 5353 3307 5425 accipere
3318 5371 3521 5426 corpus
3533 5354 3763 5411 Domini

2235 5474 2340 5553 (83)
2364 5478 2729 5553 Calefactoria
2747 5476 2947 5553 facere,
2968 5482 3185 5534 certum
3208 5478 3392 5535 balnei
3416 5496 3617 5551 genus,
3643 5498 3756 5553 quo

556 5544 678 5621 (8'2)
712 5546 1034 5619 Legendum
1061 5551 1293 5621 exituri,
1328 5554 1392 5621 ut
1418 5562 1521 5621 nos
1552 5545 1922 5616 restituimus,
1967 5563 2081 5603 non
2162 5544 2348 5605 herbae
2368 5550 2427 5605 in
2448 5544 2596 5621 aqua
2622 5544 3026 5618 coquebantur.

489 5619 688 5685 θωυεεὶ,
712 5623 777 5673 ut
797 5617 1093 5692 perperam
1120 5619 1180 5675 in
1207 5635 1340 5674 mss.
1370 5617 1599 5688 legitur.
