3914 6356
125 313 269 371 1289

127 444 227 492 aut
251 455 318 492 ex
347 441 470 494 oleo
501 447 695 495 sancto
719 443 852 512 ungi
889 462 899 495 :

127 619 206 669 vel
239 619 442 687 priore.
474 621 740 673 Veniente
761 624 1002 692 capitulo
1029 631 1152 692 post
1177 640 1488 674 sermonem
1517 624 1718 673 factum

126 708 353 760 studeat
390 709 631 763 mdicare
665 713 1081 778 eongri-igationi
1118 712 1321 764 infirmi
1357 711 1717 766 (lesiderium,

124 797 410 866 dicetque:
451 800 622 852 Nobis
655 810 864 853 rectum
897 802 1130 855 videtur.
1172 810 1232 854 ut
1269 819 1463 854 eamtis
1495 799 1718 852 insimul

121 887 302 956 gratia
342 887 1012 958 invisendi.Cm’igregatio
1045 891 1230 959 itaque
1267 909 1328 942 ex
1363 908 1486 942 vero
1517 891 1718 941 afiectu

124 983 178 1028 et
233 977 537 1029 dilectione
590 980 955 1047 respondeat:
1022 981 1322 1049 Postquam
1387 989 1566 1030 vestra
1623 995 1716 1028 vo-

123 1064 307 1117 luntas
339 1073 425 1118 est
454 1083 484 1118 a
515 1068 670 1120 nobis
699 1086 821 1120 cum
853 1069 1163 1137 gratiarum
1187 1069 1401 1120 actione
1433 1068 1718 1136 bamjussa

123 1169 183 1206 ex
215 1153 410 1208 fratris
441 1173 632 1209 amore
651 1165 707 1210 et
731 1167 911 1210 vestra
928 1159 1298 1228 praeceptione
1320 1159 1555 1210 libenter
1578 1156 1718 1209 exci-

121 1242 324 1312 pimus.

192 1332 505 1401 Surgentes
521 1353 549 1388 e
566 1337 808 1405 capitulo
828 1343 957 1390 eant
973 1338 1026 1389 in
1047 1337 1575 1390 oratoriumSanctae
1597 1337 1716 1388 Ma-

120 1421 214 1474 ria:
233 1424 488 1476 canendo
516 1425 761 1495 quinque
783 1427 1023 1494 psalmos
1048 1443 1144 1495 pro
1181 1426 1472 1478 defunctis.
1505 1427 1716 1477 Exeun-

119 1515 220 1566 tes.
241 1511 395 1579 prior
410 1522 572 1566 sonet
587 1515 830 1568 tabulam
857 1516 916 1569 (si
943 1524 1162 1584 tempus
1189 1516 1352 1567 fuerit
1379 1515 1641 1583 loquendi
1663 1515 1714 1566 in

118 1600 361 1655 claUstro
393 1603 605 1672 absque
639 1605 830 1657 morali
864 1605 1075 1674 [longo]
1107 1604 1400 1673 colloquio,
1428 1621 1718 1673 quousque

120 1707 179 1744 ex
214 1691 312 1743 illo
346 1693 614 1746 redierint
671 1695 1030 1748 Venientibus
1065 1696 1116 1747 in
1143 1695 1309 1746 ι,1ιι›ι·‹ι
1336 1703 1426 1746 eat
1457 1696 1717 1746 sacerdos

120 1780 352 1833 induere
371 1782 579 1839 albam.
605 1789 660 1835 et
691 1785 888 1836 stolam
923 1791 1201 1854 supponat
1253 1785 1407 1837 Tunc
1439 1784 1550 1835 sint
1576 1801 1714 1852 qua-
1741 1819 1782 1876 Β
1807 1780 2070 1859 “aluums

119 1873 248 1920 tuor
267 1870 724 1938 conversi.qum-u
737 1890 785 1922 ιιι
807 1889 949 1924 unus
963 1873 1073 1923 acci
1087 1873 1198 1940 piat
1211 1889 1352 1940 aqua
1365 1891 1412 1922 ιιι
1437 1880 1686 1923 sanctam
1702 1915 1713 1934 ,

118 1957 260 2010 alius
295 1975 541 2012 crucem.
599 1961 798 2013 tertius
847 1961 1216 2016 thuiibulum.
1253 1970 1487 2029 (plan-tus
1527 1962 1712 2013 oleum

118 2048 563 2101 sacrum.Abbas
583 2049 1091 2120 namqueimponat
1123 2052 1419 2120 psalmum,
1464 2052 1716 2102 Miserere

118 2141 225 2189 mei
249 2139 412 2200 Deus,
436 2139 627 2207 sicque
673 2157 769 2209 per
816 2140 1064 2191 ordinem
1117 2141 1395 2192 incedant.
1429 2141 1485 2192 ln
1523 2139 1714 2208 primis

121 2241 260 2296 aqua
277 2235 472 2279 sancta
492 2237 712 2287 eterux,
735 2237 934 2282 ettune
978 2229 1393 2299 subsequantur
1425 2229 1712 2281 incensum

117 2322 284 2383 atque
310 2333 404 2369 vas
436 2334 559 2370 cum
605 2319 724 2371 oleo
789 2319 996 2372 Deinde
1026 2320 1283 2372 sacerdos
1316 2327 1439 2388 post
1472 2319 1614 2381 illos,
1649 2336 1713 2370 ex

118 2403 242 2457 hinc
274 2405 536 2463 infantes.
573 2414 628 2460 et
657 2416 788 2461 tunc
818 2408 1056 2460 domnus
1086 2409 1291 2460 abbas:
1349 2409 1438 2459 alii
1490 2409 1711 2460 veniant

117 2491 228 2559 bini
260 2513 328 2548 ac
369 2495 479 2548 bini
511 2495 652 2549 sicut
685 2503 815 2550 sunt.
839 2497 1064 2566 priores.
1101 2501 1349 2566 Cumque
1389 2497 1458 2548 ibi
1506 2497 1715 2548 fuerint

115 2584 360 2654 primum
402 2585 554 2639 dicat
585 2587 843 2640 sacerdos
877 2591 992 2640 l’aa:
1014 2590 1142 2639 huic
1172 2589 1378 2639 domui.
1409 2587 1574 2654 ReSp.
1609 2605 1712 2638 cac—

114 2673 212 2726 teri
243 2693 254 2725 :
290 2676 483 2728 Amen.
533 2677 795 2729 Dominus
819 2679 1108 2729 vobiscum.
1137 2677 1196 2728 Et.
1220 2693 1340 2728 cum
1372 2680 1573 2741 spiritu
1599 2682 1704 2727 tuo.

119 2762 274 2816 Tunc
311 2764 474 2816 faciat
508 2764 792 2818 incensum
823 2774 878 2819 et
919 2783 1120 2836 aquam
1155 2773 1423 2817 sanctam.
1459 2765 1653 2817 Oratio
1698 2783 1708 2816 :

125 2854 480 2919 Omnipotens
508 2858 830 2920 sempiterna
862 2857 1019 2919 Deus,
1059 2876 1083 2922 ρ
1098 2859 1158 2907 ui
1180 2871 1280 2922 per
1311 2857 1522 2907 beatum
1556 2870 1712 2920 apos-

126 2943 297 2993 tolum
328 2947 487 3004 tuum
517 2945 726 2996 diaristi.

193 3031 332 3082 Post
353 3031 493 3083 hanc
523 3033 832 3086 orationem
866 3032 1047 3085 omnis
1063 3034 1422 3102 congregatio
1471 3033 1714 3102 psalmos

120 3119 219 3172 hos
239 3120 836 3175 decantent.Videlicet
867 3130 1076 3192 septem
1110 3125 1378 3192 speciales
1434 3140 1556 3174 cum
1605 3124 1713 3173 An-

43 3255 48 3258 .
118 3209 256 3279 tiph.
289 3209 651 3278 sequentibus
687 3229 782 3280 per
809 3211 1438 3281 unumquemquesicuti
1472 3212 1524 3263 in
1553 3212 1713 3262 rolle-

119 3297 296 3351 ctario
317 3309 449 3350 sunt.
478 3300 716 3353 inserta}.
753 3309 809 3352 et
840 3301 1125 3352 moderate
1150 3301 1337 3353 omnia
1361 3319 1479 3367 quae
1509 3301 1713 3353 dicturi

117 3389 268 3438 sunt.
297 3381 505 3445 dicunt,
531 3390 594 3437 ut
639 3386 897 3437 sacerdos
955 3395 1151 3438 cuncta
1204 3402 1324 3454 quae
1356 3385 1520 3437 debet
1550 3402 1716 3454 agere

116 3473 424 3540 tranquille
452 3474 673 3542 eXplere
731 3483 931 3544 queat;
967 3475 1280 3528 astantibus
1314 3492 1410 3543 per
1458 3476 1707 3527 ordinem

117 3561 593 3631 quemadmodum
648 3562 704 3616 in
745 3565 912 3617 cboro
971 3566 1214 3617 infantes
1247 3583 1370 3617 cum
1431 3564 1710 3632 magistris

114 3649 194 3703 ita
229 3657 496 3704 maneant
525 3653 690 3704 veluti
739 3671 854 3706 mos
903 3662 988 3707 est
1045 3656 1111 3706 ad
1171 3655 1575 3724 processionem
1613 3671 1709 3723 pro

115 3755 246 3808 rege
277 3755 337 3792 as
365 3756 480 3792 are.
525 3741 794 3794 Sacerdos
825 3750 1009 3796 autem
1058 3743 1289 3812 incipiat
1319 3761 1526 3809 ungere
1561 3744 1707 3796 infir-

114 3844 268 3882 mum
301 3829 576 3899 imprimis
597 3831 794 3884 visum.
818 3833 932 3886 sive
964 3843 1191 3886 caeteros
1222 3852 1416 3887 sensus
1438 3832 1703 3903 corporis,

115 3923 168 3971 et
193 3919 347 3972 dicat
389 3922 690 3988 repetendo
741 3939 838 3991 per
888 3940 1371 3994 unumquemque,
1415 3926 1514 3975 Per
1544 3928 1707 3975 ist/un

114 4011 428 4062 unctionem
461 4013 507 4062 et
539 4026 698 4062 suam
730 4014 1039 4078 piissimam.
1058 4030 1104 4065 ιιι
1118 4016 1496 4066 iscrirordiain
1526 4014 1710 4064 indul-

112 4102 231 4164 geat
258 4099 360 4150 tibi
387 4099 656 4152 Dominus
689 4102 961 4168 quidquid
983 4107 1214 4169 peccasti
1243 4119 1337 4168 per
1359 4105 1554 4154 ris-mn.
1582 4102 1710 4154 Per-

112 4193 282 4240 uncto
312 4187 552 4256 denique
582 4188 802 4242 infirmo
837 4190 978 4242 lavet
1019 4191 1309 4262 presbyter
1336 4208 1533 4244 manus
1555 4208 1705 4250 suas,

114 4284 325 4330 ettunc
359 4286 683 4346 procurator
717 4281 918 4332 infirmi
965 4282 1197 4352 accipiat
1247 4282 1421 4351 ipsam
1457 4282 1704 4333 ablutio-

113 4381 262 4424 nem,
287 4372 342 4417 et
376 4366 429 4418 in
462 4366 645 4435 ignem
684 4369 957 4438 projii-iat.
987 4380 1043 4423 et
1072 4372 1198 4423 dein
1249 4371 1409 4422 tollat
1434 4387 1526 4421 vas
1549 4379 1602 4422 et
1637 4371 1708 4422 la-

112 4462 203 4507 vet
231 4472 294 4508 os
325 4455 536 4508 infirmi
569 4465 625 4509 et
651 4457 836 4510 mittat
867 4458 919 4510 in
947 4459 1216 4513 inf'usorio
1248 4460 1491 4512 ecclesiae
1523 4467 1620 4511 aut
1652 4459 1706 4510 in

113 4541 326 4599 focum.

187 4634 328 4687 Dum
367 4633 480 4687 haec
513 4641 808 4705 patrantur
838 4639 1097 4690 saCerdos
1147 4654 1268 4692 cum
1304 4645 1545 4706 qnatuor
1574 4655 1704 4690 con-

110 4721 285 4775 versis
318 4732 515 4792 pergat
573 4725 626 4778 in
669 4727 980 4786 ecclesiam,
1041 4736 1097 4780 et
1148 4729 1307 4798 tollat
1349 4729 1473 4781 inde
1508 4747 1708 4797 corpus

112 4808 337 4863 Domini
357 4820 407 4864 et
434 4812 662 4865 calicem
681 4816 1189 4886 desuperiqiertum
1213 4818 1471 4886 mappula
1521 4827 1574 4871 et
1598 4820 1706 4872 duo

110 4899 363 4953 conversi
381 4901 652 4970 accipiant
677 4906 1028 4960 candelabra.
1048 4908 1246 4960 tertius
1276 4908 1619 4960 tburibulum
1654 4916 1709 4961 et

110 4998 349 5059 quartus
380 4992 682 5061 ampullam
712 5011 836 5046 cum
873 4996 994 5048 vino
1068 5009 1122 5048 et
1174 5004 1305 5047 tunc
1361 5013 1460 5048 ven
1486 5006 1580 5048 ant
1608 4999 1708 5052 hos

109 5080 360 5148 psalmos
394 5080 762 5139 decantando.
816 5086 1070 5138 liliserere
1113 5103 1173 5138 in.
1197 5088 1233 5143 ι’,
1287 5086 1444 5138 Παίς.
1484 5092 1533 5139 U-
1560 5103 1622 5138 us
1646 5091 1707 5140 in

112 5172 338 5221 nomine
362 5175 482 5228 tuo;
513 5173 651 5225 Deus
683 5177 1040 5236 misereatur;
1083 5179 1214 5228 lli-us
1249 5179 1305 5227 in
1337 5177 1682 5242 adjutorium

110 5257 493 5312 Cumdomum
532 5260 742 5316 intrare
760 5266 1030 5333 coeperint
1051 5283 1242 5318 (mines
1273 5266 1494 5316 flectant
1525 5285 1710 5336 genua

111 5355 307 5400 contra
343 5348 686 5404 Dominicum
720 5369 939 5422 coers,
966 5355 1133 5407 etiam
1187 5355 1302 5424 ipse
1365 5356 1619 5409 infirmus
1653 5360 1704 5410 in

112 5445 384 5505 quantum
411 5455 469 5490 se
497 5440 638 5494 valet
656 5441 891 5511 erigere.
917 5453 968 5496 et
1003 5452 1134 5497 tunc
1150 5463 1268 5496 com
1311 5446 1522 5497 ‘unieet
1557 5464 1704 5506 eum.

112 5540 175 5578 ac
193 5527 748 5599 protunilitdigitun
799 5550 900 5586 sun
930 5551 958 5585 ιι
994 5551 1118 5588 cum
1148 5535 1286 5587 vino.
1331 5535 1581 5588 Psalinos
1612 5538 1710 5590 de-

113 5614 283 5689 nique
313 5618 579 5688 eiipletos,
633 5621 820 5678 dicant
851 5624 1020 5693 Kyrie
1051 5629 1250 5680 eteison
1268 5641 1285 5689 ;
1311 5627 1475 5680 Pater
1503 5631 1706 5681 noster.

353 5716 617 5783 Ριτιιοι.
662 5723 781 5787 GL.

1327 317 1742 374 DISCIPLINA
1778 317 2196 374 FARFENSIS.

942 450 1077 498 tunc
1125 445 1381 497 inﬁrmus
1425 443 1723 514 patefaciat
1747 446 1786 502 A
1809 443 2096 512 Capitula:
2160 447 2387 499 Ostende
2436 447 2627 507 nobis;
2661 449 2816 504 Mitte
2865 452 2934 506 ei.
2967 455 3080 507 etc.
3119 452 3254 505 Post
3279 452 3398 507 haec

127 544 285 580 suam
309 531 672 583 voluntatem.
696 540 748 585 et
772 535 1171 586 confessionem
1197 542 1325 603 agat
1360 551 1481 585 cutn
1525 532 1724 584 abbate

3259 330 3398 386 1290

1809 534 2091 585 osculetur
2121 535 2293 586 isdem
2339 535 2597 587 infirmus
2634 554 2850 588 crucem
2884 546 3262 608 atqueomnes
3294 543 3398 594 fra-

1807 628 1940 681 tres,
1972 622 2138 673 ctiam
2191 622 2455 678 infantes.
2513 623 2617 676 His
2677 626 2907 694 expletis
2963 627 3188 696 incipiat
3229 628 3400 682 abbas

1807 711 2084 776 psalmum
2114 713 2366 765 Miserum
2391 717 2513 773 mei,
2554 716 2710 779 Deus,
2749 722 2804 768 et
2835 716 2914 768 sic
2942 733 3136 770 omnes
3165 733 3294 769 cum
3324 717 3402 770 si-

1804 797 1975 850 lentio
2009 801 2292 853 recedant.

2404 907 2638 960 CAPUT
2669 908 2778 968 LV,

1962 1016 2093 1066 Item
2123 1018 2269 1066 alius
2296 1016 2427 1067 ordo
2457 1017 2528 1066 ad
2559 1018 2847 1067 infirmum
2875 1020 3214 1084 ungendum.

1875 1102 1927 1154 Si
1957 1103 2264 1171 quisfrater
2289 1102 2626 1155 Constrictus
2650 1103 2818 1155 fuerit
2849 1105 2918 1157 ab
2951 1106 3297 1171 infirmitate,
3335 1113 3400 1163 ut

1802 1207 2025 1243 necesse
2047 1193 2120 1242 sit
2142 1193 2263 1244 oleo
2289 1201 2482 1244 sancto
2529 1192 2784 1260 perungi,
2818 1193 2985 1246 debet
3013 1203 3198 1249 custos
3245 1198 3400 1251 infir-

1803 1296 2020 1332 morum
2049 1282 2148 1332 hoc
2170 1281 2431 1333 intimare
2462 1280 2646 1333 abbati
2683 1283 2762 1333 vel
2798 1283 2984 1351 priori,
3015 1284 3060 1336 si
3083 1285 3254 1338 abbas
3285 1303 3397 1340 non

1802 1369 1981 1420 adest.
2012 1369 2167 1430 Quod
2204 1361 2247 1420 si
2282 1369 2482 1421 viderit
2526 1369 2678 1438 prior
2725 1387 2947 1424 necesse
2987 1389 3108 1425 esse
3148 1374 3299 1426 dicat
3335 1375 3395 1429 in

1801 1464 2072 1509 Conventu
2093 1458 2346 1510 fratrum.
2384 1456 2481 1509 llle
2509 1475 2634 1509 vero
2665 1458 2920 1512 infirmus
2950 1461 2994 1512 si
3051 1467 3264 1515 tantam
3294 1463 3400 1517 vir-

1801 1550 1976 1596 tutem
2002 1544 2254 1596 habuerit
2281 1551 2343 1597 ut
2369 1545 2658 1596 ambulare
2679 1548 2869 1614 possit,
2903 1548 2972 1600 ab
2993 1567 3100 1604 uno
3122 1550 3394 1617 videlicet,

1802 1632 1912 1683 sive
1947 1650 1973 1682 a
2000 1632 2217 1684 duobus
2246 1633 2510 1685 fratribus
2541 1642 2910 1688 sustentatus.
2933 1638 3095 1693 debet
3126 1641 3313 1693 venire
3338 1642 3399 1697 in

1801 1720 2104 1789 capitulum
2136 1729 2192 1772 et
2217 1728 2526 1789 prostratus
2561 1739 2746 1775 coram
2800 1725 3000 1779 abbate
3028 1736 3084 1780 et
3131 1730 3394 1784 omnibus

2096 1817 2248 1878 petat
2291 1810 2502 1861 \eniam
2553 1810 2622 1860 de
2677 1812 2932 1865 omnibus
2961 1817 3316 1884 negligentiis
3344 1823 3402 1872 et

1801 1898 2040 1963 peccatis
2073 1915 2194 1966 qua:
2218 1897 2517 1955 commisit,
2544 1905 2599 1950 et
2621 1898 2749 1950 data
2781 1900 3400 1972 absolutioneproster-

1801 1993 1899 2035 nat
1927 2002 1984 2037 se
2018 1985 2189 2037 abbas
2220 1995 2276 2037 et
2303 2003 2496 2038 omnes
2527 1987 2727 2040 fratres
2756 2005 2940 2041 coram
2970 1991 3062 2044 illo
3094 1992 3264 2044 fratre
3299 2011 3397 2063 pe-

1800 2080 1982 2125 tentes
2003 2075 2237 2128 veniam.
2256 2076 2300 2126 si
2334 2075 2462 2143 quid
2489 2075 2672 2128 delicti
2699 2087 2887 2130 contra
2926 2080 3076 2132 illum
3108 2082 3400 2136 commise-

1801 2167 1948 2216 runt.
1982 2169 2044 2213 ut
2071 2163 2160 2213 ille
2193 2164 2365 2214 frater
2395 2163 2658 2216 similiter
2715 2164 3122 2220 absolutionem
3169 2169 3238 2221 ad
3271 2169 3396 2224 illos

1797 2249 1862 2300 fw
1890 2250 1984 2302 iat.
2007 2251 2267 2313 Quadata
2291 2251 2463 2304 frater
2486 2253 2576 2305 ille
2591 2253 2942 2308 absolutione
2974 2263 3287 2312 revertatur
3324 2260 3396 2313 ad

1800 2338 2000 2390 lectum
2027 2357 2186 2392 suum
2217 2360 2227 2401 ;
2265 2342 2462 2394 fratres
2494 2359 2620 2394 vero
2647 2359 2772 2395 cum
2797 2344 3033 2399 exierint
3061 2347 3129 2399 de
3150 2349 3395 2418 capitulo

1801 2437 2030 2496 pergant
2053 2429 2504 2482 simulomnesin
2541 2432 2807 2499 majorem
2851 2435 3226 2492 ecclesiam.si
3259 2447 3398 2492 tem-

1799 2532 1902 2584 pus
1934 2516 2193 2585 loquendi
2222 2535 2276 2568 ιη
2303 2519 2545 2570 claustro
2579 2533 2686 2571 non
2729 2519 2916 2580 fuerit,
2948 2524 3225 2576 cantando
3256 2525 3400 2594 psal-

1802 2621 1920 2655 mos
1952 2605 2044 2673 qui
2077 2616 2197 2674 post
2219 2606 2525 2673 capitulum
2574 2608 2792 2661 dicendi
2834 2617 3000 2672 sunt;
3036 2611 3398 2668 introducant

1797 2707 1842 2744 ei
1886 2695 2125 2758 psalmos
2154 2696 2206 2746 in
2229 2696 2486 2752 choro.et
2511 2698 2774 2750 revestiat
2810 2716 2870 2751 se
2901 2702 3158 2754 sacerdos
3193 2703 3395 2756 hebdo-

1799 2783 2150 2835 madariusin
2176 2784 2302 2835 alba.
2324 2786 2522 2836 stolam
2558 2785 2767 2838 habens
2790 2786 2858 2838 ad
2875 2788 3079 2840 collum
3109 2808 3122 2852 ;
3157 2798 3395 2844 secreta-

1801 2870 1915 2921 rius
1961 2881 2234 2941 praeparet
2281 2874 2562 2925 urceolum
2607 2891 2730 2927 cum
2779 2891 2923 2943 aqua
2981 2875 3290 2939 benedicta,
3335 2886 3393 2934 et

1797 2975 2038 3014 crucem.
2074 2969 2128 3013 et
2160 2963 2270 3014 duo
2301 2962 2654 3022 candelabra,
2689 2970 2746 3016 et
2773 2966 3078 3033 ampullam
3111 2985 3235 3020 cum
3271 2970 3393 3024 oleo

1797 3059 2008 3104 sancto.
2045 3059 2096 3102 et
2133 3060 2360 3119 pergant
2399 3061 2469 3103 ita
2504 3070 2698 3105 omnes
2753 3053 2962 3121 pariter
3003 3056 3070 3107 ad
3105 3055 3392 3113 infirmum

1800 3138 2135 3190 visitandum
2169 3140 2284 3190 sive
2318 3140 2721 3209 inungendum.
2767 3143 3045 3195 cantando
3087 3147 3387 3214 psalmum,

1799 3227 2052 3280 tilis'rrere
2085 3231 2209 3293 mei,
2249 3233 2405 3291 Deus,
2437 3247 2546 3298 quo
2595 3231 2812 3300 expleto
2851 3231 3018 3298 dicat,
3052 3234 3220 3302 Kyrie
3267 3240 3392 3292 elei-

1796 3332 1912 3381 son,
1939 3323 2042 3370 etc.

2402 3409 2634 3464 CAPUT
2661 3408 2796 3463 LVI.

2033 3478 2292 3562 ‘Qualiler
2321 3501 2392 3550 all
2420 3502 2628 3551 ean'tmn
2660 3503 2863 3553 anzan
2892 3508 3110 3568 agatur.

1866 3583 1994 3636 Mox
2029 3594 2091 3637 ut
2111 3587 2296 3639 anima
2331 3588 2396 3638 ad
2418 3587 2624 3640 exitum
2651 3589 3027 3659 pmpinquare
3050 3592 3166 3646 visa
3194 3593 3384 3661 fuerit,

1795 3674 2294 3728 communicandus
2320 3683 2403 3728 est
2435 3677 2600 3730 homo
2632 3678 2748 3746 ipse
2779 3695 3011 3748 corpore
3033 3688 3090 3734 et
3117 3685 3389 3752 sanguine

1794 3761 2038 3823 Domini,
2065 3764 2284 3816 etiamsi
2305 3766 2337 3829 i,
2363 3783 2425 3818 sa
2455 3766 2542 3817 die
2573 3767 2896 3819 comederit.
2931 3768 3059 3836 quia
3083 3769 3204 3840 ipsa
3232 3790 3387 3826 com-

1796 3850 1983 3902 munio
2005 3858 2090 3904 est
2113 3853 2158 3903 ei
2190 3853 2255 3904 ad
2289 3855 2633 3920 adiutorium
2667 3862 2862 3906 contra
2912 3855 3194 3910 diabolum
3219 3866 3275 3913 et
3306 3860 3387 3914 in-

1794 3939 1967 3991 sidias
1996 3942 2212 4007 ejus.Si
2241 3952 2426 3996 autem
2455 3943 2716 4013 quiddam
2749 3945 3387 4017 supervixeritlegendaa

1794 4037 1924 4080 sunt
1958 4030 2260 4096 passiones.
2292 4042 2493 4100 agatur
2520 4033 2712 4086 litania
2739 4033 2806 4086 ab
2833 4034 3108 4094 omnibus.
3143 4054 3242 4107 pro
3263 4038 3389 4108 ipsa.

1793 4116 1998 4170 anima.
2028 4119 2405 4173 Decantantur
2422 4122 2638 4191 psalmi.
2667 4129 2720 4176 et
2738 4123 3386 4181 celebrenturorationes

1794 4203 2026 4267 intente,
2064 4216 2119 4259 et
2147 4207 2340 4260 famuli
2374 4209 2462 4260 die
2497 4221 2772 4280 noctuque
2803 4212 3122 4267 custodiant
3168 4232 3298 4269 eum
3331 4221 3386 4271 et

1794 4294 2099 4363 aspiciatur
2129 4297 2247 4349 sine
2281 4298 2696 4352 intermissione
2739 4309 2851 4352 tam
2884 4303 2952 4354 ab
2990 4303 3124 4372 ipsis
3163 4322 3328 4375 quam
3353 4323 3389 4360 ει

1794 4385 1957 4436 [νεηγε-
1982 4385 2073 4454 qui
2098 4403 2267 4454 super
2306 4387 2455 4455 ipsos
2479 4397 2805 4457 procurator
2821 4398 2906 4444 est
2975 4393 3115 4445 Dum
3149 4394 3388 4452 viderint

1792 4489 1915 4524 eum
1947 4474 2060 4541 jam
2100 4492 2266 4543 prope
2304 4477 2514 4530 exitum
2550 4496 2690 4533 esse.
2720 4479 2900 4533 levent
2931 4498 3057 4534 eum
3101 4483 3169 4536 de
3205 4489 3388 4539 stratu

1800 4561 1856 4614 in
1894 4579 2002 4630 quo
2028 4564 2196 4631 jacet,
2222 4577 2272 4616 et
2308 4566 2549 4618 habeant
2573 4577 2890 4636 coaptatum
2923 4579 3087 4624 antea
3123 4572 3177 4625 in
3219 4574 3388 4628 humo

1793 4651 1993 4702 let-inm
2021 4661 2070 4702 et
2103 4654 2342 4720 positum
2365 4671 2558 4724 sagum
2591 4657 2870 4711 cilicinum
2905 4668 2960 4712 et
2980 4661 3118 4714 cinis
3149 4663 3390 4733 desuper

1793 4739 1961 4791 missa
1992 4741 2078 4792 sit.
2112 4741 2265 4793 Tunc
2294 4744 2575 4811 accipiant
2629 4764 2838 4815 aegrum
2892 4756 2948 4802 et
2997 4750 3068 4802 ibi
3120 4753 3391 4807 collocent

1795 4839 1954 4896 prout
1977 4829 2174 4880 melius
2207 4832 2494 4899 potuerint
2533 4851 2542 4883 :
2578 4838 2718 4899 Quia
2748 4839 2900 4900 [ilius
2936 4838 3246 4893 Christiani
3276 4858 3388 4896 non

1792 4919 1934 4969 debet
1972 4924 2216 4981 migrare
2249 4922 2358 4971 nisi
2394 4925 2453 4972 in
2487 4924 2669 4975 cinere
2697 4929 2743 4975 et
2791 4927 2990 4988 cilicio,
3017 4928 3162 4981 sicut
3183 4931 3301 4999 jam
3329 4930 3390 4984 in

1793 5006 1987 5059 multis
2019 5009 2284 5074 exemplis
2311 5018 2631 5062 sanctorum
2666 5014 2875 5080 experti
2905 5031 3119 5070 sumus.

1864 5100 1998 5147 Cum
2021 5113 2145 5148 vero
2164 5097 2278 5163 jam
2305 5097 2488 5149 anima
2517 5099 2656 5150 viam
2689 5101 2957 5154 universae
2985 5107 3168 5159 carnis
3199 5108 3390 5178 ingre-

1793 5182 1962 5237 ditur.
1999 5190 2050 5236 et
2086 5184 2136 5234 in
2171 5186 2434 5237 extremis
2460 5187 2621 5238 (sicut
2661 5191 3006 5243 consuetudo
3065 5202 3172 5259 est)
3199 5198 3391 5253 tabula

1795 5273 2065 5325 sonuerit.
2091 5291 2422 5345 quocunque
2451 5276 2694 5330 locorum
2727 5279 2926 5332 fratres
2955 5283 3258 5343 audierint.
3282 5294 3392 5342 sta-

1795 5363 1892 5414 tim
1922 5363 2128 5415 debent
2161 5365 2420 5434 incipere.
2455 5365 2620 5420 Credo
2652 5369 2713 5419 in
2755 5385 2931 5422 unum
2963 5372 3153 5432 Deum,
3186 5376 3393 5432 etilluc

1796 5467 1919 5503 cum
1954 5452 2102 5503 omni
2140 5453 2495 5507 festinatione
2553 5455 2738 5508 venire
2788 5456 2902 5510 sive
2945 5458 2996 5512 in
3039 5460 3388 5530 dormitorio,

1797 5538 1910 5592 sive
1944 5539 1997 5591 in
2033 5542 2322 5594 refl-ctorio
2357 5544 2579 5596 fuerint.
2653 5543 2708 5597 Si
2767 5562 2894 5600 vero
2925 5550 3200 5620 regularis
3256 5554 3396 5609 hora

1792 5629 1912 5698 jam
1943 5637 2202 5686 cantatur
2247 5631 2307 5686 in
2351 5633 2603 5702 ecclesia,
2632 5649 2774 5706 quos
2799 5635 3042 5694 domnus
3078 5639 3273 5710 abbas,
3305 5644 3391 5699 vel

3076 5738 3148 5805 41
