3914 6384
593 335 730 392 1295

1886 329 2237 387 GUIDONIS
2270 329 2581 386 ABBATIS

3703 307 3815 405 12'96.

587 461 734 516 stulo
772 459 978 521 carnis,
1022 473 1199 512 unum
1239 457 1489 511 ofﬁcium
1530 455 1779 510 efﬁciant
1814 471 1916 526 pro
1951 472 2034 515 eo,
2070 455 2247 515 nisiA
2334 456 2397 508 ln
2427 452 2809 508 anniversario
2827 468 3045 516 eorum,
3067 452 3190 522 ipse
3207 451 3398 517 frater,
3421 453 3582 523 cujus
3600 461 3818 526 parentes

587 550 772 605 abbati
800 549 981 603 visum
1014 547 1183 601 fuerit
1211 556 1438 617 prOpter
1470 545 1906 599 misericordiam
1942 546 2063 616 plus
2087 546 2179 614 ju-

587 639 741 693 bere.
776 637 1048 691 Similiter
1073 637 1141 690 dc
1164 637 1452 689 monachis
1471 635 1563 704 qui
1596 635 1663 686 de
1699 634 1835 687 foris
1857 635 2087 687 veniunt
2117 651 2181 687 ex

589 726 702 780 alio
732 725 1073 779 monasterio
1104 742 1201 794 pro
1226 725 1417 794 aliqua
1445 723 1723 793 legatione
1755 724 1833 775 vel
1865 740 1967 777 sua
1988 740 2181 777 neces-

590 814 857 877 situdine,
902 814 1154 885 quamvis
1193 821 1438 867 n0stram
1492 812 1814 887 societatem
1860 811 2179 876 habuerint,

589 903 778 959 nullus
811 903 979 957 debet
1009 903 1242 973 prodere
1271 902 1477 955 dilecta
1524 890 1627 955 sua
1673 901 1755 954 eis
1790 918 1801 953 :
1853 901 1985 971 quia
2037 917 2182 970 saape

588 994 775 1050 evenit
802 999 864 1047 ut
886 992 1131 1065 plurima
1155 991 1461 1045 destructio
1492 991 1589 1043 fiat
1619 989 1675 1043 in
1707 988 1828 1060 ipso
1854 990 2178 1069 loco.Etiatn

586 1084 646 1138 in
675 1082 979 1154 capitulum
1012 1097 1124 1135 non
1155 1086 1286 1134 sunt
1313 1078 1581 1150 pergendi
1625 1075 2035 1150 [admittendi].
2072 1078 2179 1149 nisi

586 1171 759 1229 abbas
782 1171 1036 1243 jusserit,
1071 1169 1158 1223 vel
1208 1168 1380 1240 prior,
1415 1168 1462 1221 si
1509 1166 1682 1221 abbas
1733 1184 1845 1221 non
1887 1168 2063 1221 adest.
2111 1165 2179 1221 In

584 1262 830 1317 claustro
853 1261 1089 1330 juvenes
1130 1258 1225 1329 qui
1255 1257 1360 1311 sub
1406 1256 1658 1311 custodia
1689 1263 1822 1310 sunt
1864 1256 1949 1310 vel
1986 1256 2181 1311 novitii

582 1351 787 1406 fratres
814 1349 1031 1403 nullum
1065 1347 1404 1417 colloquium
1434 1345 1643 1399 habere
1671 1344 1878 1399 debent
1904 1361 2029 1399 cum
2062 1345 2176 1399 illo.

2264 550 2412 607 sunt,
2443 543 2665 613 quando
2697 543 2971 596 mvenerit
3013 542 3331 596 sacerdotes
3360 545 3733 599 tantummodo
3755 562 3819 600 ro-

2262 640 2359 703 get
2388 632 2666 704 privatim,
2693 638 2755 686 ut
2781 638 2944 686 orent.
2973 648 3072 701 pro
3101 632 3201 686 eis.

2866 738 3102 793 CAPUT
3139 739 3275 793 LIX.

2264 830 2337 882 De
2360 831 2522 896 pleno
2555 828 2733 895 ofﬁcio
2763 828 2986 895 quando
3025 828 3360 882 celebraturi
3378 834 3528 891 sunt,
3579 830 3671 883 hoc
3695 832 3820 885 modo

2851 902 3067 965 agen'tu
3076 914 3125 950 m
3167 904 3265 952 est.

2334 986 2415 1040 Ad
2449 985 2665 1057 vigilias
2694 987 2929 1056 pulsatis
2949 986 3162 1040 cunctis
3191 986 3369 1042 simis
3397 987 3508 1040 tria
3529 987 3822 1044 candelabra

2261 1082 2543 1146 ponantur
2572 1084 2704 1129 ante
2720 1076 2899 1129 altare
2924 1081 2982 1130 et
3005 1075 3075 1129 ad
3109 1074 3450 1130 missam.Ad
3467 1077 3819 1132 matutinalem

2262 1163 2492 1217 missam
2514 1164 2698 1218 denuo
2729 1164 3025 1235 pulsentur
3050 1164 3240 1218 omnia
3263 1164 3441 1234 signa.
3477 1164 3600 1218 Sint
3619 1172 3823 1235 quatuor

2264 1251 2505 1307 infantes
2535 1253 2815 1307 revestiti:
2853 1269 2999 1307 unus
3039 1252 3098 1307 in
3124 1253 3295 1307 choro
3321 1268 3450 1307 cum
3492 1269 3679 1324 cappa,
3706 1254 3822 1309 alius

2263 1342 2412 1412 legat
2446 1342 2738 1413 epistolam
2756 1359 2883 1397 cum
2905 1343 3110 1397 casula.
3145 1343 3231 1397 Ad
3262 1343 3432 1410 Kyric
3459 1345 3653 1398 eteison
3684 1360 3822 1398 exua-

2262 1437 2393 1489 tur;
2428 1432 2572 1485 lecta
2591 1432 2830 1503 epistola
2856 1449 3083 1486 rursum
3112 1431 3329 1489 induat.
3365 1436 3427 1485 et
3457 1438 3568 1486 stet
3601 1432 3655 1485 in
3682 1433 3821 1486 choro

2262 1519 2320 1573 in
2344 1520 2462 1573 loco
2484 1537 2585 1573 suo
2617 1537 2796 1591 usque
2818 1521 2951 1574 dum
2986 1520 3218 1575 finiatur
3256 1519 3452 1575 missa.
3507 1521 3620 1575 Duo
3641 1536 3752 1575 vero
3776 1521 3821 1574 in

655 1440 733 1494 Ex
765 1438 877 1492 illis
901 1452 1144 1507 namque
1177 1434 1481 1498 monachis,
1515 1434 1611 1504 qui
1640 1433 1694 1487 in
1717 1434 1923 1488 nostris
1950 1434 2182 1489 societa-

585 1527 740 1583 tibus
772 1532 905 1580 sunt
934 1524 1202 1594 suscepti,
1221 1540 1347 1577 cum
1374 1524 1589 1592 legatus
1618 1522 1904 1576 advenerit
1924 1522 1982 1576 in
2001 1540 2181 1577 como-

581 1616 759 1679 bium,
790 1614 987 1668 tandiu
1016 1614 1325 1683 proteletur
1348 1628 1639 1683 quousque
1665 1612 1721 1665 in
1749 1612 1991 1682 capitulo
2011 1613 2180 1667 fuerit
2262 1608 2405 1661 albis
2441 1617 2503 1662 ut
2522 1615 2751 1662 cantent
2780 1627 2927 1680 resp.
2959 1618 3016 1663 et
3044 1616 3161 1663 tres
3191 1610 3464 1671 conversi,
3504 1611 3613 1664 duo
3639 1610 3700 1662 ad
3720 1625 3823 1663 can-

583 1704 908 1761 nuntiatum
932 1703 1021 1756 die
1051 1702 1387 1761 crastino,et
1409 1707 1544 1754 tunc
1574 1701 1823 1755 absolvat
1854 1717 1980 1754 eum
2013 1702 2176 1755 dom-
2258 1697 2489 1751 delabra
2516 1707 2568 1752 et
2601 1698 2802 1753 tertius
2832 1700 2900 1752 ad
2955 1699 3303 1753 thuribulum
3345 1699 3699 1753 deferendum
3742 1716 3822 1770 per

582 1810 692 1849 nus
722 1792 894 1846 abbas
923 1792 994 1845 ab
1020 1791 1169 1845 omni
1200 1790 1418 1843 vinculo
1449 1790 1802 1852 delictorum,
1834 1791 1914 1843 vel
1939 1791 2105 1861 prior.
2127 1791 2169 1844 si
2195 1788 2509 1868 Bchorum,
2545 1786 2601 1840 in
2631 1788 2827 1858 primis
2864 1788 2930 1841 ad
2967 1788 3238 1845 infantem
3292 1787 3387 1858 qui
3437 1788 3492 1841 in
3525 1788 3685 1842 choro
3732 1794 3823 1841 stat

581 1882 756 1937 abbas
786 1898 895 1934 non
926 1886 1029 1934 est.
1080 1878 1451 1949 Surgentibus
1479 1878 1535 1932 in
1566 1879 1809 1950 capitulo
1841 1886 1973 1933 eant
2002 1879 2057 1932 in
2084 1897 2175 1933 ec-
2260 1878 2770 1948 pmpteroffirium,
2792 1877 2994 1931 deinde
3018 1895 3325 1948 perotnnes
3343 1879 3547 1932 fratres
3586 1877 3822 1931 Diaconus

578 1971 829 2033 clesiam,
850 1986 993 2029 mox,
1017 1976 1078 2023 ut
1106 1968 1317 2022 fuerint
1344 1968 1480 2021 dicti
1514 1968 1710 2038 psalmi
1746 1984 1843 2038 pro
1873 1968 2171 2022 defunctis.
2259 1965 2317 2018 in
2332 1966 2520 2020 casula
2547 1965 2615 2018 ad
2638 1966 2986 2036 evangelium
3012 1967 3307 2037 legendum
3331 1990 3342 2020 ;
3368 1968 3671 2036 perlectum
3689 1981 3823 2019 evan-

579 2060 865 2115 Sonentur
895 2058 1083 2113 omnia
1110 2073 1291 2127 sxgna,
1326 2063 1383 2110 et
1401 2057 1663 2110 dicantur
1693 2073 1791 2126 pro
1820 2073 1885 2109 eo
1927 2057 2175 2127 quinque
2257 2054 2464 2125 gelium
2494 2054 2677 2108 infans
2701 2055 2919 2108 deferat
2938 2072 3038 2124 per
3054 2072 3249 2110 omnes
3269 2056 3361 2126 qui
3392 2057 3454 2110 in
3485 2056 3647 2110 choro
3676 2060 3817 2110 stant.

576 2148 779 2221 psalmi
811 2154 868 2202 et
912 2147 1130 2201 ﬁniant.
1164 2146 1273 2200 Pro
1306 2145 1511 2199 abbate
1555 2162 1683 2200 vero
1711 2151 1893 2199 totum
1946 2147 2174 2217 plenum
2259 2144 2529 2198 Sacerdos
2577 2143 2853 2213 imprimis
2880 2144 3030 2199 dicat
3056 2146 3344 2199 collectam
3389 2145 3563 2207 illius,
3612 2161 3705 2215 pro
3729 2160 3817 2215 quo

576 2238 823 2293 officium
853 2237 1121 2299 efficiant,
2257 2233 2500 2286 ofﬁcium
2534 2233 2739 2287 dicitur
2778 2251 2791 2286 :
2838 2234 3040 2287 deinde
3078 2235 3219 2289 alias
3247 2235 3533 2289 orationes
3566 2250 3682 2305 qua:
3706 2249 3818 2287 con-

646 2325 713 2381 In
743 2325 1126 2380 anniversario
1150 2327 1198 2378 si
1244 2340 1422 2394 cappa
1445 2322 1614 2377 fuerit
1654 2323 1711 2377 in
1755 2325 1943 2386 choro,
1985 2328 2037 2378 et
2065 2324 2175 2378 tria
2256 2329 2428 2376 suetae
2457 2328 2605 2376 sunt.
2635 2321 2701 2376 In
2725 2322 2843 2392 ipso
2863 2322 2953 2376 die
2982 2323 3191 2378 debent
3212 2324 3418 2378 fratres
3447 2323 3650 2377 habere
3677 2322 3726 2376 in
3746 2339 3817 2377 re-

573 2414 914 2468 candelabra
932 2420 1064 2467 ante
1093 2412 1292 2474 altare,
1326 2418 1383 2465 et
1410 2411 1677 2465 diaconus
1707 2418 1761 2465 et
1796 2411 2173 2466 subdiaconus
2256 2410 2482 2465 fectorio
2512 2419 2674 2466 terna
2704 2412 2992 2483 pulmenta
3031 2412 3098 2466 ad
3132 2413 3409 2467 edendum
3452 2412 3819 2484 qualiscunque

573 2503 796 2558 casulas
817 2501 1083 2567 habeant,
1114 2501 1518 2571 qualiscunque
1548 2500 1724 2554 frater
1750 2500 1938 2554 fuerit.
1963 2501 2043 2554 sic
2070 2502 2169 2554 ha-
2253 2499 2374 2554 dies
2403 2501 2591 2561 fuerit,
2626 2509 2683 2555 et
2715 2502 2865 2572 potio
2911 2501 3246 2572 pr0pinetur
3272 2519 3372 2574 per
3421 2518 3615 2557 omnes
3645 2502 3817 2556 fratres

569 2590 784 2646 bebunt
795 2591 1114 2662 generalem
1136 2596 1191 2644 et
1208 2589 1275 2642 ad
1307 2589 1584 2660 potionem
1608 2588 1922 2659 pulsabitur
1945 2590 2164 2659 squilla.
2253 2605 2378 2643 cum
2407 2589 2593 2644 sonitu
2613 2591 2848 2662 squillae.

641 2681 812 2751 Eger
840 2686 999 2734 extra
1031 2678 1432 2732 monasterium
1456 2678 1732 2749 accipiens
1757 2678 2031 2742 habitum,
2047 2685 2103 2733 et
2123 2678 2171 2733 si
2876 2679 3111 2735 CAPUT
3138 2680 3250 2734 LX.

572 2769 650 2824 ibi
692 2769 924 2832 ﬁnierit,
975 2767 1117 2821 nihil
1160 2767 1439 2838 agendum
1471 2773 1558 2821 est
1587 2784 1685 2837 pro
1711 2785 1777 2821 eo
1806 2784 1840 2821 a
1878 2767 2166 2833 fratribus,
2702 2770 2810 2823 Pro
2837 2770 3026 2822 abbate
3051 2772 3228 2837 ipsius
3259 2771 3390 2827 loci.

568 2859 678 2914 nisi
708 2857 1103 2913 tantummodo
1124 2873 1326 2926 corpus
1347 2857 1471 2927 ejus
1499 2855 1557 2909 in
1588 2856 1907 2912 caemeterio
1928 2857 2165 2911 fratrum
2320 2857 2402 2911 Ad
2432 2873 2689 2928 vesperae
2722 2864 2848 2928 post
2884 2858 3497 2913 commemorationem-
3518 2864 3812 2915 sanctorum

567 2947 961 3011 condiendum,
994 2947 1081 3000 vel
1108 2946 1167 3000 in
1188 2946 1286 2999 tali
1315 2946 1434 2999 loco
1460 2945 1893 3016 disponendum,
1919 2946 2010 3000 ubi
2037 2946 2167 3000 talis
2248 2947 2544 3016 pulsentur
2571 2947 2759 3001 omnia
2781 2947 2962 3018 signa,
3003 2953 3061 3001 et
3089 2954 3389 3002 cantentur
3419 2965 3660 3021 vesperae
3688 2965 3813 3003 mor-

567 3037 863 3093 defunctus
894 3037 1173 3095 mittatur,
1199 3036 1352 3089 nullo
1385 3034 1550 3088 modo
1586 3035 1642 3088 in
1675 3035 1930 3105 populari
1961 3052 2168 3089 cmme-
2186 3036 2748 3110 ntuorum,quinque
2775 3036 3109 3090 candelabra
3126 3037 3242 3092 sint
3278 3046 3410 3093 ante
3440 3041 3616 3095 altare
3636 3040 3688 3095 in
3714 3041 3811 3110 ipsa

564 3128 710 3182 terio
740 3133 999 3198 ponatur.
1034 3126 1177 3180 Nam
1214 3124 1261 3177 si
1291 3123 1347 3177 in
1383 3124 1551 3177 domo
1580 3122 1931 3178 infirmorum
1962 3125 2164 3192 depor-
2186 3122 2231 3142 υ
2252 3124 2408 3185 hora.
2433 3134 2489 3178 et
2514 3131 2630 3179 tam
2661 3125 2729 3178 ad
2756 3125 2969 3195 vigilias
3000 3142 3166 3195 quam
3199 3126 3267 3180 ad
3304 3127 3552 3183 missam.
3586 3129 3814 3184 Ofﬁcium

563 3222 718 3273 tatus
749 3216 937 3279 fuerit,
989 3220 1047 3269 et
1093 3213 1169 3267 ibi
1224 3212 1453 3273 finierit,
1487 3218 1620 3266 tunc
1651 3222 1890 3284 agantur
1943 3230 2043 3284 pro
2098 3231 2165 3268 eo
2248 3213 2413 3283 quale
2443 3213 2654 3267 feriatis
2684 3214 2883 3268 diebus
2909 3215 3176 3269 evenerit.
3198 3216 3346 3287 Resp
3390 3218 3457 3273 Si
3476 3221 3759 3273 ambulem.
3787 3230 3814 3267 a

565 3305 759 3360 omnia
779 3303 942 3358 sicuti
963 3303 1032 3356 de
1061 3302 1172 3355 alio
1198 3301 1390 3365 fratre,
1426 3299 1595 3354 etiam
1652 3302 1771 3354 Voce
1803 3318 1922 3355 mea
1958 3318 2059 3372 pro
2097 3298 2162 3356 eo
2246 3302 2463 3357 duobus
2483 3303 2864 3358 infantibusin
2887 3304 3032 3359 albis
3060 3305 3273 3360 vestitis
3294 3306 3814 3362 decantetur.Tract.

565 3400 822 3449 canatur.
2248 3392 2315 3446 De
2332 3393 2653 3459 profundis,
2695 3409 2726 3446 a
2756 3392 2974 3448 duobus
3003 3394 3271 3448 fratribus
3300 3394 3358 3448 in
3384 3396 3531 3450 albis
3565 3414 3577 3426 ·
3624 3395 3813 3466 reliqua

637 3483 777 3539 Item
804 3498 930 3537 cum
952 3479 1183 3536 nuntius
1203 3479 1271 3534 de
1291 3478 1538 3550 quolibet
1558 3478 1819 3532 defuncto
1838 3478 2012 3533 fratre
2029 3496 2158 3549 pro-
2240 3480 2350 3534 alia
2386 3481 2598 3549 omnia,
2636 3493 2700 3536 ut
2725 3500 2895 3553 supra
2926 3483 3166 3553 positum
3201 3489 3306 3543 est.
3349 3484 3430 3539 sic
3460 3485 3806 3539 celebrentur.

561 3572 708 3628 fesso
739 3571 971 3635 venerit,
1013 3569 1202 3624 statim
1234 3569 1489 3640 pulsetur
1515 3567 1725 3631 tabula,
1753 3575 1810 3621 et
1828 3576 1961 3622 eant
1989 3569 2043 3623 in
2074 3586 2158 3623 ec-
2312 3570 2373 3624 In
2407 3571 2788 3625 anniversaria
2819 3571 3224 3643 imperatorum
3253 3573 3526 3635 officium,
3562 3576 3634 3629 Ne
3654 3574 3814 3628 tradas

562 3661 809 3724 clesiam,
837 3661 1133 3732 pulsentur
1163 3663 1367 3712 cuncta
1395 3658 1558 3728 signa
1593 3664 1650 3711 et
1679 3664 1883 3727 agatur
1909 3657 2152 3712 ofﬁcium
2239 3659 2444 3716 bestiis.
2484 3660 2649 3730 Resp.
2680 3660 2744 3715 Si
2770 3663 3047 3715 ambulem
3066 3664 3128 3714 in
3156 3662 3556 3717 medio.Tract.
3594 3664 3813 3719 Commo-

563 3749 1078 3806 mortuorum.Tres
1090 3748 1334 3802 candelae
1364 3748 1477 3800 sint
1504 3754 1635 3800 ante
1662 3746 1839 3800 altare
1872 3747 1991 3817 ipsa
2018 3748 2156 3802 hora
2239 3750 2385 3801 vis-ti.
2415 3748 2609 3804 Oﬂ‘ert.
2633 3749 2796 3815 Erue,
2824 3751 3071 3804 Domine.
3107 3751 3325 3806 Comm.
3366 3752 3479 3819 Ego
3493 3768 3619 3806 sum
3648 3766 3814 3806 resur-

559 3839 631 3895 ad
653 3839 892 3911 primam
918 3838 1167 3901 missam,
1197 3851 1365 3907 quam
1398 3852 1498 3905 pro
1529 3851 1594 3888 eo
1613 3835 1889 3889 cantaturi
1913 3844 2062 3897 sunt,
2082 3836 2157 3891 sit
2244 3841 2409 3891 rectio

555 3945 704 3983 unus
734 3929 921 3982 infans
949 3926 1005 3980 in
1027 3926 1195 3980 choro
1221 3941 1347 3978 cum
1370 3940 1564 3994 cappa.
1601 3922 1776 3977 Dictis
1816 3924 2043 3993 psalmis
2072 3925 2155 3978 fa-
2316 3926 2372 3981 Si
2404 3928 2748 3982 occurrerint
2776 3927 2978 3982 fratres
3026 3929 3194 3982 alicui
3245 3931 3466 4000 corpori
3507 3929 3738 3986 defuncti
3764 3928 3812 3982 in

554 4017 937 4072 miliaribuset
963 4017 1349 4069 Benedicamus
1375 4014 1623 4073 Domino,
1653 4016 1843 4065 statim
1870 4013 2162 4082 pulsentur
2242 4016 2446 4079 eundo,
2481 4017 2581 4071 hos
2612 4018 2855 4088 pSnlmos
2885 4018 3204 4081 decantent,
3247 4020 3521 4082 Miserere,
3565 4023 3715 4081 Deus,
3759 4021 3811 4070 in

556 4109 749 4164 omnia
766 4107 929 4177 signa
949 4104 1073 4158 .alii
1097 4104 1208 4157 duo
1226 4101 1381 4172 pueri
1402 4109 1534 4155 ante
1553 4102 1731 4155 altare
1747 4101 1888 4155 albis
1915 4103 2159 4157 vestibus
2241 4108 2462 4159 nomine
2493 4112 2584 4160 tuo
2627 4108 2882 4161 Miserere
2912 4110 3038 4166 mei,
3071 4109 3230 4168 licus,
3259 4111 3516 4163 miserere
3546 4112 3668 4170 mei,
3700 4114 3809 4172 etc,

551 4196 737 4252 induti
758 4195 949 4250 dicant
966 4209 1110 4262 resp.
1136 4192 1416 4265 Diaconus
1431 4198 1488 4245 et
1507 4190 1885 4245 subdiaconus
1913 4190 1970 4245 in
1992 4209 2155 4247 casu-
2239 4210 2415 4264 usque
2435 4195 2490 4248 in
2508 4196 2675 4249 ﬁnem
2701 4196 2951 4267 psalterii
2977 4214 2989 4263 ;
3010 4196 3058 4250 si
3082 4202 3300 4251 tantum
3328 4198 3690 4268 perstiterint.
3720 4197 3812 4251 Per

548 4285 626 4351 la,
655 4291 712 4339 et
744 4290 860 4338 tres
887 4281 1137 4336 conversi
1168 4297 1407 4352 quorum
1429 4281 1541 4334 duo
1570 4279 1926 4345 candelabra,
1955 4288 2154 4336 tertius
2237 4283 2461 4337 ordines
2481 4292 2630 4343 eant,
2654 4285 2909 4355 juniores
2929 4293 3117 4349 antea,
3139 4285 3353 4356 priores
3382 4287 3674 4356 posterius.
3690 4286 3809 4339 Cum

547 4373 923 4428 thuribulum.
2166 4440 2210 4448 _
2237 4381 2603 4441 pervenerent
2622 4374 2690 4427 ad
2720 4375 2902 4444 ipsum
2924 4375 3478 4446 corpus,incensetur
3501 4383 3559 4431 et
3580 4390 3810 4448 asperga-

622 4461 858 4527 Quando
908 4459 1109 4514 obierit
1145 4459 1351 4531 aliquis
1396 4459 1467 4513 de
1518 4458 1843 4529 parentibus
1894 4440 2218 4515 monac-hiD
2239 4440 2331 4514 tur
2360 4478 2505 4532 aqua
2527 4440 2820 4517 benedicta
2839 4472 2897 4517 et
2916 4440 3243 4534 pronuntiet
3262 4463 3605 4534 prior,Pater
3630 4440 3804 4518 noster.

562 4552 721 4625 psius
740 4550 866 4615 loci,
909 4558 1091 4621 pater,
1128 4557 1228 4603 aut
1257 4554 1457 4610 mater,
1492 4547 1575 4601 vel
1614 4565 1792 4611 soror,
1825 4556 1882 4603 et
1923 4550 1971 4603 ei
2004 4567 2148 4604 nun-
2235 4551 2368 4622 Cap.
2410 4555 2449 4607 A
2478 4560 2641 4621 porta
2670 4555 2865 4620 inferi.
2911 4553 3053 4608 Orat
3112 4556 3353 4608 Absolve.
3390 4553 3623 4623 Expleta
3651 4554 3810 4623 impo-

548 4642 749 4697 tiatum
782 4640 968 4703 fuerit,
1013 4639 1070 4693 in
1104 4637 1351 4692 crastino
1372 4637 1810 4692 satisfactionem
1834 4639 2015 4694 faciat.
2050 4639 2149 4694 In-
2232 4647 2372 4694 nant
2399 4641 2870 4713 rcsp.Subvenite,
2904 4645 3087 4696 sancti
3102 4643 3214 4707 Dei,
3232 4649 3289 4697 et
3314 4642 3393 4697 sic
3421 4643 3739 4714 deportatur
3760 4641 3809 4695 in

543 4736 864 4803 terrogatus
884 4745 1033 4792 vero,
1072 4728 1218 4796 Quid
1243 4730 1429 4796 petitis
1452 4732 1477 4779 ?
1501 4725 1602 4780 Ille
1622 4728 1962 4798 respondeat
1992 4745 2008 4781 :
2044 4731 2147 4784 Do-
2232 4731 2543 4784 ecclesiam.
2586 4730 2768 4785 Finito
2820 4747 2965 4802 resp.
3002 4737 3133 4786 eant
3170 4748 3227 4786 in
3257 4733 3564 4788 claustrum
3593 4733 3662 4787 ad
3692 4730 3809 4785 effe-

540 4823 692 4877 mini
719 4819 1159 4875 misericordiam
1182 4817 1481 4871 mercedem
1511 4822 1752 4871 vestram
1769 4820 2147 4886 precor.Tunc
2229 4820 2465 4874 rendum
2492 4820 2560 4874 ad
2586 4821 2935 4891 sepulturam
2972 4839 2984 4874 :
3016 4821 3148 4875 dum
3180 4821 3385 4877 dixerit
3412 4823 3806 4877 sacerdosorat.

538 4916 737 4983 surgat
763 4916 822 4964 et
835 4908 1085 4963 absolvat
1114 4905 1266 4977 prior
1294 4905 1475 4976 ipsum
1500 4904 1848 4972 defunctum,
1883 4913 1943 4961 et
1968 4908 2147 4963 frater
2227 4908 2351 4963 Non
2381 4911 2553 4964 intres
2582 4912 2957 4979 injudicium,
2998 4909 3113 4964 sint
3141 4927 3337 4966 omnes
3365 4911 3643 4967 inclinati.

535 4999 793 5073 procidat
816 4998 885 5051 ad
909 4995 1139 5066 vestigia
1191 4995 1332 5064 ejus.
1386 4993 1565 5050 Debet
1605 4995 1805 5066 jubere
1837 4996 2011 5051 abbas
2060 5000 2146 5053 vel
2822 4999 3057 5054 CAPUT
3088 4998 3227 5054 LXI.

534 5091 710 5163 prior,
740 5089 788 5143 si
828 5086 1001 5141 abbas
1050 5100 1161 5138 non
1190 5089 1296 5146 est,
1324 5089 1389 5138 ut
1417 5100 1617 5139 omnes
1641 5085 1832 5140 dicant
1872 5086 2146 5158 quinqua-
2226 5088 2302 5142 De
2329 5089 2528 5156 ofﬁciis
2544 5090 2935 5155 defunctorum
2954 5091 3198 5158 qualiter
3217 5091 3520 5157 deﬁniendi
3546 5093 3661 5145 sint
3682 5086 3804 5163 (85).

526 5180 687 5252 ginta
712 5177 959 5251 psalmos
989 5192 1001 5226 :
1026 5174 1122 5246 qui
1152 5190 1263 5227 non
1306 5173 1411 5227 scit
1442 5174 1684 5244 psalmos
1713 5191 1841 5228 cum
1897 5177 2015 5230 solo
2045 5179 2146 5232 .‘lli-
2299 5178 2346 5232 A
2397 5177 2664 5233 Kalendis
2703 5177 3035 5234 Novembris
3067 5194 3244 5250 usque
3263 5180 3739 5251 Septuagesimam
3766 5176 3806 5231 si

521 5285 698 5326 serere
720 5269 846 5327 mei,
885 5267 1047 5326 Deus,
1099 5269 1284 5335 potest
1328 5278 1393 5316 ea
1422 5262 1751 5333 adimplere,
1786 5270 1845 5317 et
1878 5265 1973 5336 qui
2013 5272 2130 5321 tam
2224 5267 2669 5323 anniversarium
2710 5267 2927 5322 abbatis
2959 5267 3061 5322 loci
3092 5268 3268 5338 ipsius
3307 5268 3572 5328 evenerit.
3601 5269 3667 5323 ad
3698 5283 3805 5322 ves-

521 5358 790 5415 insciolus
818 5359 921 5417 est,
957 5353 1124 5408 faciat
1151 5369 1278 5408 cum
1306 5353 1470 5406 Pater
1498 5358 1698 5406 noster.
2214 5373 2378 5428 peras
2424 5363 2549 5429 post
2594 5364 2823 5429 peracta
2845 5357 3112 5428 suifragia
3144 5367 3470 5414 sanctorum
3518 5359 3795 5430 pulsentur

673 5476 777 5551 (85)
800 5476 915 5532 Sub
947 5476 1051 5551 hoc
1077 5476 1242 5551 titulo
1264 5475 1354 5529 hic
1381 5491 1575 5528 versus
1604 5473 1844 5551 habetur
1871 5493 1883 5529 :

1021 5550 1343 5602 Justitiatus
1365 5551 1505 5610 erat,
1542 5562 1669 5601 cum
1699 5550 1993 5615 scripserat
2019 5552 2125 5605 ista
2152 5553 2408 5612 Joannes.

593 5622 794 5676 eadem
828 5634 1029 5677 manu.
