3914 6358
78 358 218 419 ιω

1287 360 1699 419 DISCIPLINA
1733 358 2151 417 FARFENSIS.

3212 360 3347 418 1298

78 490 284 542 cuncta
312 483 497 557 signa.
527 491 650 541 tum
681 503 925 558 vespam
953 493 1304 544 mortuorum
1338 506 1350 542 :
1383 486 1587 541 dehinc
1614 485 1687 540 ad
1710 491 1748 544 Α
1767 486 2022 542 santibus
2063 486 2280 541 cunctis
2323 486 2502 556 signis
2545 501 2725 557 usque
2768 485 2900 540 dum
2929 486 3005 540 sit
3033 487 3091 539 in
3131 486 3368 544 ecclesia

79 576 494 647 processionem
549 584 683 630 eant
719 594 844 631 cum
893 594 1121 648 vespera
1166 577 1416 630 omnium
1466 584 1688 629 saneto-

80 681 227 718 rum.
264 665 326 719 ln
357 665 601 718 crastino
633 672 758 735 post
784 667 1112 720 nocturnale
1142 665 1471 735 obsequium
1500 664 1685 718 denuo

80 754 383 825 pulsentur
399 754 563 824 signa
583 762 641 808 et
654 755 743 808 offl
752 755 896 810 cium
922 763 1271 809 mortuorum
1292 762 1581 824 peragant.
1599 753 1681 806 Ad

79 842 311 897 missam
335 843 531 897 eadem
560 842 786 898 faciant.
813 845 919 898 Pro
941 844 1111 897 nullis
1139 844 1265 898 aliis
1289 851 1551 897 cantatur
1573 849 1687 895 tra-

79 936 201 985 ctus
241 931 394 1002 apud
424 948 546 996 nos,
585 932 693 986 nisi
733 948 834 1005 pro
866 932 1065 987 horum
1098 931 1437 997 nominibus,
1468 947 1592 1002 quae
1625 931 1683 983 in

77 1021 345 1092 presenti
380 1021 756 1092 patescimus;
796 1037 898 1093 pro
942 1021 1144 1075 abbate
1196 1021 1371 1092 ipsius
1416 1019 1541 1085 loci,
1583 1036 1684 1090 pro

79 1125 213 1180 rege
270 1116 444 1182 atque
500 1111 712 1181 regina,
767 1110 1028 1181 episcopo
1084 1111 1207 1181 ipso
1273 1109 1364 1163 die
1428 1126 1460 1163 e
1514 1123 1683 1162 carne

78 1199 291 1264 evulso,
339 1205 397 1253 et
439 1199 542 1253 loci
600 1199 776 1270 ipsius
824 1202 1054 1260 factore,
1102 1204 1159 1253 et
1213 1204 1456 1269 quatuor
1500 1196 1684 1252 officia

78 1287 247 1359 plena
289 1304 415 1359 quae
458 1290 795 1359 prazsignata
841 1288 961 1357 jam
1018 1285 1309 1341 habemus.
1360 1286 1435 1340 Ex
1464 1302 1682 1341 nuncu-

79 1383 213 1448 pato
250 1377 371 1446 jam
420 1375 622 1431 abbate
650 1375 1022 1447 qualicunque
1053 1375 1192 1429 feria
1233 1376 1481 1430 evenerit
1506 1392 1681 1446 gene-

79 1466 255 1519 ralem
298 1473 357 1518 et
402 1464 729 1536 pietantiam
772 1465 1016 1519 habeant
1043 1465 1101 1518 in
1132 1464 1422 1518 refectorio
1451 1465 1674 1529 fratres,

80 1554 247 1608 etiam
297 1560 357 1608 et
402 1553 686 1624 potionem
733 1570 858 1607 cum
918 1554 1105 1607 sonitu
1152 1553 1368 1624 squillae
1412 1572 1423 1606 :
1472 1553 1678 1608 tabulae

78 1659 187 1697 non
215 1643 632 1713 cooperiantur.
662 1646 709 1695 A
740 1643 1168 1713 Septuagesima
1192 1659 1370 1711 usque
1398 1642 1680 1696 Kalendas

79 1731 431 1792 Novembris.
477 1731 524 1786 si
574 1732 677 1785 hoc
720 1732 968 1786 evenerit
1018 1748 1128 1785 non
1163 1731 1458 1802 pulsentur
1496 1732 1675 1801 signa,

77 1821 181 1874 nisi
204 1827 427 1874 tantum
458 1820 525 1874 ad
558 1819 800 1874 officium
826 1797 1177 1874 mortuorum
1222 1820 1369 1890 quod
1394 1820 1458 1873 fit
1479 1820 1531 1873 in
1548 1797 1672 1873 vves-
1694 1797 1742 1857 B

77 1925 227 1979 pere,
254 1915 314 1963 et
341 1909 414 1963 ad
447 1909 674 1962 missam
707 1909 762 1962 in
788 1909 1050 1962 crastino.
1087 1910 1148 1962 ln
1178 1908 1560 1962 anniversario
1586 1909 1680 1962 de-

77 1997 250 2052 functi
280 2014 395 2052 non
429 1998 582 2065 prius
608 2004 692 2051 est
736 1997 1099 2051 celebrandra
1132 1997 1322 2052 missa.
1354 2014 1521 2067 quam
1553 1997 1677 2050 offi-

77 2084 245 2141 cium.
262 2084 313 2139 si
333 2085 664 2139 studeanius
682 2086 827 2139 hunc
847 2085 1072 2139 modum
1092 2085 1170 2138 illi
1187 2085 1494 2154 impertire.
1511 2102 1675 2154 quem

76 2173 193 2227 vult
225 2172 482 2244 adipisci,
522 2173 775 2227 vidi-licet
804 2193 838 2229 a
882 2173 1038 2227 festis
1067 2174 1315 2227 omnium
1351 2184 1674 2228 sanctorum

77 2278 253 2333 usque
304 2263 789 2333 Septuagesimam
840 2262 1062 2333 quando
1091 2262 1282 2332 vigilia
1323 2269 1675 2317 mortuorum

78 2351 333 2406 noctibus
356 2351 564 2422 agitur,
600 2356 786 2423 potest
814 2368 860 2405 v.
900 2368 957 2422 g.
994 2351 1043 2405 si
1071 2352 1239 2405 hodie
1268 2351 1559 2406 duodecim
1594 2351 1675 2405 le-

77 2440 287 2495 ctiones
310 2441 472 2503 ﬁunt,
498 2440 556 2495 in
578 2440 822 2495 crastino
848 2446 972 2510 post
993 2441 1321 2495 nocturnale
1341 2440 1673 2511 obsequium

76 2529 163 2599 agi
191 2536 551 2584 mortuorum
583 2528 789 2599 vigilia.
814 2528 1065 2599 Denique
1095 2535 1151 2582 et
1181 2528 1408 2582 missam
1441 2545 1504 2582 ex
1533 2529 1676 2599 ipso-

74 2635 195 2673 rum
218 2619 608 2674 anniversario
632 2618 917 2673 celebrant
937 2618 1345 2672 matutinalem.
1366 2618 1507 2671 Nam
1542 2618 1673 2688 Sep~

1767 575 2081 646 depositum
2128 576 2419 636 feretrum,
2475 582 2688 646 septem
2734 574 3073 629 candelabra
3123 580 3236 630 tam
3295 576 3368 632 ad

1768 674 1937 735 caput
1980 682 2147 735 quam
2195 666 2261 717 ad
2313 667 2481 732 pedes
2525 670 2822 733 ponantur.
2855 663 3013 718 Tunc
3047 663 3371 720 incensetur

1768 753 1879 807 alia
1911 754 2025 807 vice
2051 772 2063 806 :
2087 752 2291 807 deinde
2312 752 2626 806 celebretur
2656 768 2753 822 pro
2775 767 2840 805 eo
2864 751 3035 805 missa
3052 767 3176 807 cum
3206 753 3370 824 pleno

1767 842 1968 907 ofﬁcio,
1994 841 2356 896 oﬂ'erentibus
2385 840 2667 895 omnibus.
2695 839 2923 911 Expleta
2944 839 3112 895 missa
3134 848 3372 897 sonetur

1766 930 1985 1001 signum
2016 946 2191 984 unum
2228 930 2374 1000 quod
2416 931 2600 997 majus
2629 937 2716 983 est
2743 934 2860 982 tres
2888 929 3055 995 vices,
3078 936 3136 983 et
3162 928 3371 985 dentur

1764 1020 1910 1074 cerei
1943 1036 2044 1091 per
2066 1035 2298 1077 omnes:
2330 1018 2604 1090 incipiant
2630 1018 2741 1072 duo
2770 1017 3009 1072 fratres:
3036 1018 3204 1087 Kyrie
3234 1020 3369 1073 elei-

1762 1124 1881 1163 son.
1906 1108 2071 1162 Dom.
2096 1105 2285 1162 Abbas
2314 1106 2482 1168 dicat,
2509 1107 2757 1161 Oremus.
2783 1105 2903 1160 Non
2920 1100 3126 1159 'intres.
3151 1104 3369 1161 Deinde

1762 1197 2014 1251 incenset
2045 1197 2222 1250 altare
2247 1195 2428 1250 tribus
2456 1193 2687 1255 vicibus,
2711 1211 2914 1265 corpus
2933 1193 3181 1248 defuncti
3204 1194 3365 1249 simi-

1764 1286 1907 1341 liter.
1943 1284 2066 1340 Hoc
2108 1291 2332 1357 peracto
2379 1294 2653 1339 sonentur
2699 1284 2888 1337 omnia
2930 1283 3111 1353 signa.
3145 1282 3360 1339 Deinde

1762 1375 2092 1445 antipliona,
2111 1377 2176 1429 In
2193 1376 2522 1442 paradisum
2535 1416 2544 1426 .
2557 1371 2731 1427 Debet
2752 1389 2873 1427 esse
2886 1373 3068 1426 omnis
3081 1372 3364 1442 processio

1763 1464 1908 1519 sicut
1941 1481 2130 1534 supra,
2177 1467 2405 1533 excepto
2433 1463 2693 1532 phanone
2728 1479 2741 1514 :
2773 1460 2988 1531 reliqua
3019 1461 3210 1514 omnia
3240 1477 3364 1531 quae

1759 1552 2074 1607 faciendum
2104 1560 2255 1612 sunt,
2281 1551 2490 1605 faciant
2514 1550 2659 1605 sicut
2687 1566 2810 1605 mos
2830 1556 2916 1604 est
2934 1549 3006 1604 ad
3031 1549 3361 1606 defunctum

1762 1643 2101 1696 monachum
2135 1641 2473 1695 faciendum.

2329 1729 2563 1783 CAPUT
2600 1727 2802 1783 LXIII.

1997 1820 2068 1872 De
2109 1819 2266 1871 laz'cis
2294 1818 2568 1884 defunctis
2613 1820 2857 1886 qualiter
2889 1823 3116 1884 agatur.

1831 1906 2066 1969 Quando
2096 1906 2302 1976 aliquis
2333 1907 2506 1959 laicus
2534 1905 2737 1959 obierit
2766 1912 2823 1959 et
2850 1905 2917 1959 ad
2953 1906 3363 1960 monasterium

1759 1994 2025 2053 defertur.
2055 2011 2251 2049 omnes
2278 1995 2481 2048 fratres
2507 1994 2559 2048 in
2592 1994 2823 2048 ecclesia
2851 1993 3096 2058 obvient,
3133 2000 3191 2048 et
3211 1994 3360 2048 acci-

1762 2083 1920 2152 piant
1946 2083 2195 2136 conversi
2227 2082 2581 2146 candelabra,
2616 2099 2819 2153 aquam
2869 2090 3142 2146 sanctam,
3174 2082 3363 2137 incen-

1758 2188 1903 2228 sum.
1933 2177 1991 2224 et
2014 2187 2234 2225 crucem
2274 2189 2285 2224 :
2321 2171 2544 2225 inchoet
2574 2170 2727 2242 prior
2756 2170 2812 2224 in
2844 2170 3013 2224 choro
3051 2171 3354 2241 psalmum,

1757 2263 2012 2316 Miserere
2050 2263 2175 2322 mei,
2213 2262 2364 2324 Deus,
2407 2266 2463 2314 et
2490 2260 2651 2324 alios,
2683 2265 2741 2314 et
2768 2265 2903 2313 eant
2942 2266 3138 2313 contra
3164 2261 3360 2316 defun-

1758 2356 1907 2404 ctum
1942 2349 2002 2403 in
2032 2348 2276 2405 obviam.
2327 2349 2493 2404 Dicat
2518 2348 2671 2419 prior
2700 2351 2860 2402 Pater
2896 2353 3097 2411 noster,
3131 2354 3261 2417 etc.,
3294 2354 3360 2405 ut

1757 2455 1948 2510 supra.
1971 2438 2129 2493 Tunc
2152 2444 2424 2492 sonentur
2442 2436 2601 2507 signa
2623 2442 2680 2491 et
2698 2435 3092 2507 ingrediantur
3109 2436 3168 2491 in
3189 2437 3359 2492 eccle-

1756 2528 1896 2581 siam
1928 2546 1941 2582 :
1974 2526 2235 2581 sacerdos
2254 2525 2329 2580 sit
2350 2526 2406 2579 in
2428 2524 2558 2579 alba
2584 2525 2881 2579 revestitus
2899 2512 3026 2579 cuin
3049 2524 3214 2579 stola.
3234 2525 3358 2581 Duo

1755 2616 1957 2670 fratres
2000 2615 2284 2677 inchoent,
2314 2616 2480 2683 Kyrie
2507 2616 2724 2668 eleison.
2749 2613 3018 2668 Sacerdos
3039 2613 3190 2667 dicat
3209 2619 3351 2670 orat.

69 2709 399 2779 tuagesiinre
416 2716 671 2779 tempore
700 2724 880 2778 usque
909 2714 1230 2761 sanctorum
1260 2707 1509 2760 omnium
1534 2705 1673 2760 festa
1751 2705 1908 2760 Tunc
1936 2705 2185 2758 incenset
2212 2704 2391 2757 altare
2417 2708 2622 2756 sancta:
2644 2702 2838 2757 Crucis
2857 2708 2916 2756 et
2939 2718 3141 2773 corpus
3159 2702 3363 2757 defuné

66 2813 175 2868 quo
218 2798 286 2851 ﬁt
314 2797 505 2867 vigilia
554 2803 679 2868 post
730 2796 984 2868 synaxim
1035 2795 1407 2867 vespertinam
1442 2812 1470 2847 v
1520 2812 1560 2865 g
1612 2796 1671 2850 Si
1752 2795 1826 2849 cti
1864 2793 2044 2847 tribus
2073 2791 2284 2846 vicibus
2322 2810 2335 2844 :
2367 2791 2471 2844 hoc
2506 2797 2732 2861 peracto
2764 2790 2996 2861 incipiat
3027 2789 3241 2861 antiph.
3283 2792 3355 2846 In

66 2885 233 2940 hodie
280 2885 578 2940 duodecim
625 2894 873 2958 aguntur
902 2884 1186 2942 lectiones.
1233 2884 1291 2938 in
1331 2882 1576 2937 crastino
1604 2900 1667 2937 ex
1745 2884 2098 2951 paradisum,
2138 2887 2196 2934 et
2238 2887 2372 2934 eant
2413 2879 2484 2932 ad
2526 2878 2908 2932 coemeterium
2947 2879 3029 2933 sic
3070 2896 3171 2950 per
3196 2878 3351 2933 ordi-

62 2975 187 3046 ipso
206 2974 594 3029 anniversario
617 2974 843 3030 missam
862 2972 1144 3028 celebrare
1165 2973 1469 3027 secundum
1496 2972 1666 3026 ritum
1750 2988 1876 3026 nem
1903 2985 1914 3018 :
1951 2987 2096 3039 aqua
2131 2982 2326 3023 sancta
2358 2976 2543 3032 antea,
2569 2967 2770 3021 deinde
2795 2984 2948 3030 crux,
2972 2967 3352 3039 subsequatur

66 3077 178 3116 non
202 3080 503 3134 possumus
547 3064 652 3117 nisi
682 3063 1014 3118 adveniente
1034 3062 1123 3116 die
1143 3061 1396 3132 sequenti
1423 3079 1435 3113 :
1469 3078 1534 3114 ex
1563 3061 1723 3134 hoc“
1752 3061 2037 3115 incensum
2091 3074 2217 3111 cum
2276 3056 2493 3111 duobus
2550 3056 2899 3110 candelabris
2924 3075 2937 3121 ;
2997 3056 3243 3110 infantes
3292 3060 3350 3110 et

65 3167 187 3221 qua
215 3152 496 3223 cupimus.
530 3152 721 3206 omnia
743 3152 989 3207 valemus
1016 3151 1255 3207 efficere.
1280 3149 1663 3220 Similiterque
1682 3144 1725 3173 υ
1745 3149 1995 3205 conversi
2019 3166 2031 3201 :
2057 3147 2239 3202 caeteri
2264 3146 2528 3200 incedant
2544 3145 2689 3199 sicut
2713 3152 2843 3199 sunt
2867 3145 3083 3216 priores
3106 3164 3119 3197 :
3143 3144 3347 3199 deinde

65 3248 419 3295 mortuorum
452 3241 741 3296 matutinae
762 3240 876 3295 sive
904 3240 1182 3297 dicantur.
1217 3238 1399 3295 sive...
1429 3246 1483 3293 et
1505 3240 1583 3293 sic
1603 3239 1661 3292 in
1747 3238 2013 3293 feretrum
2041 3243 2155 3308 post
2183 3252 2394 3313 omnes.
2420 3233 2659 3288 Psalmis
2680 3233 2914 3305 expletis
2934 3241 2991 3288 et
3010 3234 3340 3304 antiphona,

63 3328 171 3384 alio
196 3329 293 3384 die
322 3347 423 3401 pro
448 3330 529 3384 eis
556 3330 824 3385 celebrari
852 3346 978 3383 cum
1010 3328 1334 3399 antiphonis
1364 3334 1546 3398 potest
1747 3345 1869 3399 quae
1911 3334 1997 3381 est
2050 3326 2106 3379 in
2158 3323 2479 3393 Evangelia,
2527 3325 2766 3378 Absolve.
2810 3322 2970 3377 Tunc
3019 3322 3348 3394 pronuntiet

132 3419 332 3474 Solent
372 3436 504 3473 vero
543 3419 796 3474 nonnulli
843 3419 1191 3488 interrogare
1237 3417 1280 3471 si
1322 3418 1486 3471 liceat
1529 3433 1663 3487 quo—
1743 3416 2020 3475 sacerdos,
2068 3417 2227 3467 Pater
2265 3417 2466 3467 noster.
2495 3412 2561 3466 Et
2587 3427 2653 3466 ne
2687 3428 2804 3466 nos.
2833 3412 2968 3482 Cap.
2992 3413 3034 3466 A
3066 3417 3227 3480 porta
3249 3415 3345 3466 in-

60 3507 199 3562 tidie
228 3525 415 3565 orare.
437 3517 535 3563 aut
552 3508 887 3562 sacrificium
915 3508 1025 3561 Deo
1047 3506 1244 3561 offerre
1268 3522 1366 3576 pro
1386 3505 1661 3559 mortuis?
1742 3508 1870 3574 feri,
1921 3511 2027 3557 etc.
2078 3501 2506 3556 Revertentibus
2551 3501 2767 3554 cunctis
2813 3507 3075 3555 cantatur
3125 3506 3343 3571 septem

63 3595 278 3662 Quibus
333 3598 701 3668 respondetur
739 3612 751 3646 ε
795 3596 928 3667 quia
957 3595 1209 3666 plerique
1258 3593 1316 3647 in
1357 3593 1659 3647 Dominicis
1742 3592 1961 3664 psalmi,
1987 3607 2162 3662 usque
2186 3592 2319 3644 dum
2349 3591 2463 3644 sint
2492 3590 2547 3643 in
2574 3589 2827 3650 ecclesia.
2856 3594 2914 3642 et
2940 3595 3138 3660 pergat
3165 3605 3346 3644 unus-

60 3686 255 3741 diebus
284 3687 619 3741 sacrificium
643 3702 742 3757 pro
766 3684 1001 3738 mortuis
1022 3700 1129 3737 non
1161 3683 1403 3737 offerunt
1433 3689 1660 3751 propter
1741 3682 1978 3752 quisque
1998 3681 2066 3734 ad
2089 3681 2270 3733 officia
2302 3695 2424 3733 sua.
2452 3679 2567 3732 Nec
2590 3676 2795 3731 debent
2819 3677 2969 3746 loqui
2992 3677 3047 3730 in
3070 3678 3341 3744 claustro,

60 3774 403 3845 singularem
448 3777 815 3830 reverentiam
850 3773 1148 3828 Dominicis
1197 3770 1652 3838 resurrectionis;
1742 3789 1917 3842 usque
1945 3772 2078 3825 dum
2109 3776 2310 3824 exeant
2335 3768 2593 3831 infantes,
2630 3776 2683 3820 et
2713 3766 2918 3823 dicant.
2949 3768 3267 3825 Benedicite,
3291 3764 3343 3818 si

58 3864 315 3919 videlicet
354 3865 486 3936 quia
516 3865 609 3919 ille
656 3865 807 3918 solus
850 3864 995 3917 inter
1036 3869 1289 3915 mortuos
1326 3861 1467 3913 liber
1501 3860 1650 3914 fuit:
1738 3868 1960 3931 tempus
2002 3858 2172 3912 fuerit
2220 3856 2504 3928 loquendi.
2559 3855 2615 3909 Si
2648 3856 2775 3925 quis
2806 3860 2993 3908 autem
3026 3869 3092 3907 ex
3122 3852 3339 3907 medio-

59 3952 183 4006 ideo
217 3953 377 4007 valde
405 3953 690 4015 condecet,
724 3959 788 4007 ut
832 3953 952 4023 ejus
981 3950 1284 4021 singularis
1323 3949 1655 4003 resurrectio
1738 3950 1925 4004 oribus
1955 3947 2319 4018 exspiraverit
2346 3936 2510 4007 eant,"
2541 3943 2736 4014 quanti
2776 3943 2931 4013 prior
2952 3940 3204 4011 jusserit.
3238 3938 3337 3994 In-

59 4041 453 4096 venerabiliter
500 4043 571 4097 ab
612 4042 873 4096 omnibus
920 4049 975 4096 et
1025 4041 1148 4095 sine
1188 4040 1426 4109 alicujus
1469 4039 1651 4093 admi-
1734 4039 1915 4092 fantes
1957 4037 2096 4091 nihil
2148 4039 2424 4107 peragunt
2465 4033 2522 4087 in
2568 4032 2672 4086 hac
2718 4031 2873 4085 hora.
2930 4030 3010 4084 De
3056 4028 3339 4084 conversis

59 4129 237 4186 stioue
265 4131 512 4186 defuncti
540 4131 872 4186 celebretur.
1734 4134 1972 4199 pergant
2017 4125 2210 4196 quanti
2261 4139 2488 4177 necesse
2528 4128 2680 4184 sunt,
2732 4127 2796 4174 ut
2847 4125 3073 4190 portent
3119 4117 3332 4182 omnia,

637 4238 871 4294 CAPUT
908 4235 1082 4292 LXII.
1736 4234 1858 4288 quae
1909 4216 1999 4270 hic
2049 4230 2298 4284 congrua
2343 4218 2517 4267 sunt:
2561 4210 2631 4264 de
2672 4209 2890 4280 reliquo
2942 4207 3150 4262 faciant
3187 4207 3337 4263 sicut

161 4328 235 4383 De
265 4330 523 4397 episcopis
550 4329 823 4396 defunctis
847 4329 1088 4389 qualiter
1115 4327 1467 4394 excipiantur
1490 4327 1554 4377 in
1732 4322 1918 4377 supra-

738 4386 990 4454 canobio.
1020 4486 1031 4490 Α
1231 4386 1254 4490 ἰ
1479 4484 1495 4490 _
1665 4430 1716 4490 Ι)
2299 4388 2534 4447 CAPUT
2570 4386 2769 4444 LXIV.

124 4487 362 4552 Quando
390 4488 595 4559 aliquis
636 4489 928 4560 episcopus
960 4485 1303 4557 migraverit,
1337 4490 1393 4538 et
1427 4484 1497 4538 ad
1531 4500 1651 4537 mo-

57 4576 365 4631 nasterium
407 4577 578 4632 fuerit
615 4578 941 4648 portandus,
976 4592 1170 4630 omnes
1203 4575 1401 4628 fratres
1446 4573 1653 4627 debent

56 4681 172 4721 esse
201 4666 262 4720 in
291 4667 483 4737 cappis
516 4666 783 4723 revestiti.
826 4666 1068 4719 infantes
1118 4663 1178 4717 in
1205 4663 1348 4716 albis
1381 4676 1393 4710 :
1425 4662 1651 4716 inchoet

58 4755 225 4823 prior.
250 4756 505 4810 Miserere
532 4758 658 4815 mei,
686 4757 843 4816 Deus,
869 4760 999 4812 etc.,
1019 4759 1078 4806 et
1095 4761 1227 4806 eant
1250 4758 1407 4805 extra
1429 4757 1646 4821 portam

57 4859 175 4898 cum
210 4843 588 4916 phanonibus,
610 4842 835 4897 famulis
866 4841 1237 4914 portantibus,
1271 4840 1489 4894 duabus
1519 4855 1649 4894 cru-

57 4930 227 4999 cibus,
276 4938 521 5004 quatuor
559 4931 929 4994 candelabris,
967 4930 1268 4985 thuribulis
1307 4928 1543 4991 duobus,
1594 4935 1653 4983 et

58 5035 194 5093 aqua
222 5026 435 5076 sancta.
482 5024 622 5076 Cum
652 5021 910 5075 venerint
959 5020 1054 5075 ubi
1086 5019 1452 5074 constitutum
1483 5018 1653 5074 fuerit

58 5115 202 5165 stent
231 5126 333 5181 per
361 5109 612 5164 ordinem
643 5109 791 5163 sicut
835 5110 904 5163 ad
954 5109 1389 5181 processionern,
1422 5114 1480 5161 et
1515 5123 1649 5161 can-

58 5199 285 5254 tenthos
299 5198 564 5271 psalmos,
578 5198 663 5255 Ad
674 5200 972 5253 Dominum
985 5215 1111 5253 c~m
1130 5201 1456 5254 lribularer.
1471 5212 1648 5266 usque

61 5287 119 5342 ad
162 5290 405 5343 Laudate
438 5289 741 5342 Dominum
771 5290 834 5341 de
872 5290 1033 5347 catis,
1066 5287 1112 5341 si
1141 5294 1361 5342 tantum
1396 5286 1649 5356 perstite-

60 5377 184 5435 rint.
229 5377 336 5432 Sed
380 5393 502 5431 mox
533 5382 595 5430 ut
623 5377 837 5430 venerit
863 5394 1065 5447 corpus
1088 5376 1333 5431 delunrti
1360 5374 1649 5428 dimittant

61 5468 316 5536 psalmos,
340 5475 399 5521 et
433 5465 585 5519 dicat
610 5467 889 5527 sacerdos.
918 5470 1079 5521 Pater
1107 5473 1305 5520 naslm‘.
1340 5466 1405 5519 Et
1435 5481 1502 5517 ne
1530 5480 1644 5518 nos.

62 5555 187 5627 Cap.
219 5557 344 5610 Non
368 5558 544 5609 intres
574 5559 635 5609 in
653 5558 960 5624 judicium,
994 5562 1123 5612 etc..
1158 5565 1214 5610 et
1244 5554 1495 5626 deposito
1523 5569 1648 5606 eor-

66 5659 197 5713 pore
219 5643 543 5702 incensetur
564 5661 632 5701 ac
657 5644 955 5702 inchoatur
989 5661 1136 5717 resp.
1170 5644 1482 5701 Subvenite.
1511 5641 1650 5697 Pul-

1732 4505 1803 4558 Dc
1831 4501 2030 4572 ofﬁciis
2067 4500 2243 4568 plenis
2273 4515 2393 4567 qua
2427 4499 2553 4572 ﬁeri
2591 4496 3041 4572 debentpropter
3076 4500 3333 4572 parentes

1806 4567 2223 4633 monachorum,
2247 4573 2357 4623 sive
2380 4585 2485 4639 pro
2513 4568 2901 4637 familiaribus
2922 4569 3127 4621 nostris
3158 4572 3240 4620 ter
3265 4567 3331 4620 in

1802 4660 1970 4699 anno.

1801 4748 1868 4804 In
1900 4748 2083 4820 capite
2110 4743 2565 4815 Quadragesima:
2593 4744 2709 4797 sive
2751 4743 2931 4814 pridie.
2959 4744 3150 4798 Nonas
3171 4744 3326 4811 Julii,

1730 4856 1829 4894 seu
1851 4838 2017 4893 tertio
2045 4836 2135 4890 die
2158 4841 2284 4907 post
2310 4833 2666 4888 festivitatem
2694 4833 3074 4902 apostolorum
3099 4832 3250 4886 Petri
3273 4835 3332 4886 et

1732 4928 1911 4992 Pauli,
1937 4927 2019 4981 vel
2050 4926 2380 4980 Sanctorum
2404 4922 2669 4977 Omnium
2701 4922 2870 4975 tertio
2890 4922 3000 4984 die,
3025 4920 3131 4974 hoc
3160 4918 3327 4974 modo

1731 5018 2048 5073 scribantur
2071 5015 2129 5069 in
2162 5012 2561 5084 Martyrologio
2594 5012 2652 5065 in
2674 5010 2856 5064 fronte
2878 5025 3112 5080 paginae.
3138 5011 3196 5064 Il
3217 5008 3327 5064 No-

1731 5123 1833 5161 nas
1879 5108 2024 5160 Julii
2077 5105 2322 5172 ofﬁcium
2365 5103 2593 5170 plenum
2632 5102 2730 5167 ﬁat
2759 5098 2946 5151 diebus
2991 5103 3190 5166 septem
3223 5111 3329 5166 pro

1729 5198 1940 5250 cunctis
1967 5192 2355 5263 familiaribus
2385 5193 2607 5251 nostris,
2639 5189 2808 5242 sicuti
2836 5188 2963 5253 ﬁeri
2985 5202 3101 5238 mos
3122 5190 3197 5239 est
3222 5200 3328 5255 pro

1727 5285 2005 5351 fratribus
2052 5283 2265 5335 noriter
2313 5280 2628 5346 defunctis;
2670 5282 2720 5331 et
2758 5290 2876 5329 una
2903 5276 3133 5343 justitia
3165 5274 3330 5328 detur

1731 5374 1967 5439 triginta
1993 5371 2199 5424 diebus.

1802 5462 1909 5514 Pro
1941 5461 2299 5531 imperatore.
2338 5457 2434 5529 qui
2458 5456 2659 5526 dignus
2686 5453 2874 5519 fuerit,
2898 5451 2978 5506 ita
3001 5450 3281 5505 scribatur
3313 5469 3326 5505 :

1738 5552 1914 5604 Tertio
1943 5553 2068 5604 ldus
2096 5551 2241 5603 Julii
2268 5550 2527 5615 depositio
2557 5547 2748 5599 damni
2770 5545 2994 5598 llrnrici
3028 5544 3327 5609 imperato-

1729 5643 1813 5694 ris
1831 5642 1974 5708 Aug.
1996 5644 2193 5695 nostra:
2210 5640 2481 5694 societatis
2510 5641 2559 5690 et
2587 5635 2963 5705 fraternitatis
2985 5632 3330 5700 charissimi,
