3914 6358
126 375 261 436 1301

190 502 391 558 Nostro
416 505 653 570 migrato
680 508 863 571 primo
891 508 1104 572 pastore
1135 507 1382 571 benigno,

189 593 386 650 Sccdas
415 593 512 645 has
543 597 744 660 compte
773 599 1056 646 cartorum
1103 595 1344 659 Virginis
1375 596 1535 653 alme,

186 685 364 756 Jussit
399 682 670 736 Bcrardus
699 686 915 734 tantum
945 683 1088 750 quod
1115 683 1250 735 abba
1272 685 1560 744 sccmzdus,

185 771 420 846 Scripsit
451 774 599 823 enim
619 774 813 836 gratis.
839 775 945 823 vile
972 775 1104 840 quia
1132 773 1345 838 premia
1367 775 1568 838 querit.

190 859 517 934 Gregorium
552 873 728 912 ηοδεεε
757 863 819 913 de
849 862 1090 913 versibus
1125 861 1210 913 his
1239 861 1602 918 Catinensem.

188 947 518 1016 Grammata
548 950 597 1001 si
627 951 816 1016 retegis
845 961 962 1018 qua
989 955 1119 1002 sunt
1149 951 1372 1002 erantin
1402 947 1538 1002 dicti

183 1037 528 1114 Scriptor-em
555 1040 760 1096 Christe
781 1033 1091 1116 [Christus]
1106 1039 1262 1091 dom't
1277 1052 1436 1106 quem
1457 1037 1714 1092 scandere

785 1123 790 1131 “
1402 1126 1639 1197 frictum.

190 1214 504 1290 Presbyteri
532 1216 682 1274 Petri
709 1223 840 1272 sunt
869 1218 962 1271 hec
987 1218 1300 1286 primordia
1331 1211 1466 1270 libri
1497 1232 1513 1266 :

187 1295 375 1379 Soldos
401 1323 642 1377 namque
671 1309 846 1362 decem
863 1320 964 1376 pro
994 1309 1162 1360 curtis
1191 1307 1386 1359 obtulit
1416 1307 1546 1373 ipse.

165 1469 256 1536 ³Ιι]
295 1470 525 1524 nomine.
551 1470 655 1524 Dei
686 1469 890 1523 summi
928 1469 1127 1540 incipit
1154 1470 1418 1540 prologue
1451 1470 1708 1540 Gregorii

118 1557 404 1628 scriptoris
425 1558 596 1628 hujus
614 1554 759 1611 libri.

177 1643 553 1702 Prudentium
603 1660 738 1700 sane
781 1646 1024 1700 virorum
1073 1647 1146 1700 ad
1189 1647 1297 1700 hoc
1335 1661 1440 1718 per
1466 1648 1706 1702 maxime

112 1733 285 1805 viguit
305 1731 580 1788 industria
594 1740 676 1790 .ut.
690 1741 1010 1789 sanctorum
1032 1737 1450 1806 precedentium
1484 1743 1705 1804 patrum

112 1820 420 1890 priscorum
457 1819 842 1874 describerent
886 1825 1044 1873 actus
1089 1836 1188 1890 per
1214 1835 1342 1874 vera
1371 1820 1709 1875 vicissitudi-

111 1922 241 1962 num
265 1914 832 1979 tempormquatenus
846 1909 1210 1978 sequentibus
1229 1926 1323 1962 eos
1345 1909 1568 1966 illorum
1601 1909 1708 1962 vic-

112 1997 250 2052 torie
299 1995 505 2051 ﬁerent
540 1999 816 2069 impressa
844 1999 1094 2068 vestigia,
1119 2003 1178 2050 et
1195 2014 1389 2051 eorum
1415 1998 1470 2050 in
1505 2013 1704 2068 parpa-

109 2092 265 2140 tuum
281 2086 511 2156 dignius
537 2088 890 2148 recoleretur,
907 2087 1202 2157 cariusque
1225 2087 1527 2140 haberetur
1542 2087 1705 2140 beata

110 2176 398 2229 memoria.
411 2175 707 2246 Apostolus
721 2189 846 2229 vero
866 2175 1117 2246 loquitur
1131 2176 1394 2245 quoniam
1427 2190 1700 2243 quaecum~

110 2277 214 2334 que
231 2265 445 2336 scripta
474 2281 536 2318 su
545 2271 622 2325 nt,
639 2265 705 2318 ad
733 2271 978 2318 nostram
1003 2266 1312 2318 doctrinam
1327 2265 1430 2317 scri
1442 2269 1535 2333 pta
1547 2270 1694 2327 sunt,

109 2357 167 2407 ut
195 2369 297 2424 per
329 2355 655 2423 patientiam
699 2357 758 2407 et
801 2355 1236 2408 consolationem
1282 2355 1697 2423 Scripturarum

109 2457 258 2512 spem
291 2442 619 2498 habeamus.
655 2443 738 2497 Ob
775 2443 880 2496 hoc
907 2444 1099 2513 itaque
1130 2449 1384 2513 tempora
1407 2443 1699 2512 pueseltim

107 2531 388 2602 descripta
433 2537 566 2585 sunt
597 2533 900 2602 juvstorum.
954 2539 1016 2584 ut
1048 2531 1410 2593 nostra,dum
1443 2531 1696 2588 vivimus,

107 2622 339 2674 cautiori
359 2621 746 2692 consimilique
769 2621 1034 2674 felicitate.
1063 2625 1120 2673 et
1160 2623 1369 2689 absque
1398 2620 1702 2672 oll‘ensione

106 2709 780 2780 transeamus.8criptum
814 2718 899 2762 est
919 2711 1065 2762 enim
1099 2710 1229 2778 quia
1260 2710 1507 2778 exempla
1528 2711 1706 2779 justo-

106 2813 227 2851 rum
260 2798 678 2868 procedentium
720 2814 820 2851 nos
861 2799 1138 2852 cautiores
1168 2798 1437 2861 efﬁciunt,
1463 2814 1699 2868 quorum

105 2888 389 2940 tramitem
415 2887 832 2957 [sijsequimur,
868 2887 924 2940 in
955 2888 1039 2940 via
1070 2901 1178 2940 non
1209 2888 1562 2940 offendimus.
1598 2889 1701 2942 Sa-

105 2977 265 3045 piens
291 2976 532 3046 denique
561 2993 740 3030 mores
775 2984 955 3030 mutat
1002 2977 1057 3028 in
1115 2985 1367 3046 tempore
1415 2977 1535 3029 sine
1590 2977 1703 3030 cri-

104 3066 275 3119 mine.
310 3067 457 3119 Deus
475 3081 601 3119 vero
625 3065 715 3136 qui
741 3083 849 3119 non
873 3066 1080 3124 loculis,
1109 3080 1212 3119 nec
1230 3065 1573 3136 temporalis.
1605 3067 1699 3119 sed

571 376 919 432 GREGORII
960 377 1293 432 MONACHI
1331 367 1853 432 PREFATlONES
1891 369 1988 427 AD
2021 368 2502 427 OHABTARIUM
2540 368 2932 424 FARFENSE.

1734 503 1940 562 Asime
1972 500 2356 570 predicabiles.
2390 498 2456 552 In
2488 499 2591 551 hoc
2635 512 2760 549 vero
2793 494 3083 566 presertim
3120 495 3275 566 digni
3305 495 3387 549 illi

3243 364 3389 424 1309

1801 589 2064 644 ell'erendi
2091 596 2225 641 sunt
2259 587 2439 641 laude.
2478 586 2593 656 qui,
2635 585 2701 637 ad
2732 584 3046 652 exemplum
3077 582 3387 635 beatissimi

1798 679 2127 749 patriarchae
2155 677 2408 735 Abrahae,
2439 689 2470 728 a
2503 673 2742 744 propri-is
2773 672 3071 725 domiciliis
3099 671 3389 724 disceden-

1797 775 1899 830 tes,
1930 773 1985 818 et
2006 781 2103 819 sua
2133 779 2370 835 qumque
2392 761 2865 832 relinquentesmd
2883 763 3104 813 exteras
3123 769 3392 829 {impera-

1795 863 1996 907 verunt
2015 855 2291 906 nationes.
2306 861 2584 923 quatenus
2605 851 2845 902 fructum
2867 861 2970 901 seu
2989 837 3392 917 transplanta‘tl

1797 943 2106 1014 eacpeditius
2124 945 2495 1013 oneraremur
2523 941 2668 994 vim.
2693 947 2747 992 et
2777 939 3006 1007 dignam
3040 938 3278 1006 posteris
3299 942 3392 991 re»

1795 1033 2113 1102 linquerent
2139 1036 2246 1085 vite
2274 1047 2401 1084 vere
2426 1029 2823 1083 imitationem.
2855 1028 2948 1080 Sic
2974 1032 3200 1096 presens
3231 1030 3392 1097 pater

1797 1129 1990 1176 noster
2023 1120 2196 1192 gessit
2245 1121 2330 1172 vir
2373 1117 2760 1172 sanctissimus
2803 1116 3158 1175 Laurentius.
3186 1107 3284 1186 qui
3314 1116 3387 1169 ad

1797 1210 2014 1266 Italiam
2056 1209 2126 1264 de
2157 1208 2302 1264 Sirie
2326 1209 2550 1262 veniens
2579 1206 2852 1277 partibus.
2888 1203 3008 1258 Deo
3040 1205 3206 1258 nimis
3235 1216 3386 1259 ncces

1794 1307 1924 1370 ptus
1954 1300 2139 1353 extitit
2165 1307 2221 1353 et
2248 1295 2582 1352 hominibus.
2613 1295 2870 1364 Namque
2885 1294 3017 1348 dum
3039 1293 3298 1347 maximis
3322 1293 3385 1346 iii

1791 1389 1895 1443 hac
1923 1389 2203 1442 sabinensi
2232 1385 2458 1456 regione
2485 1383 2714 1438 ﬂoreret
2743 1382 3059 1447 virtutibus,
3086 1382 3383 1451 dignisque

1791 1477 1860 1531 ab
1889 1478 2042 1531 omni
2077 1473 2282 1550 populo
2323 1473 2781 1544 magniﬁcaretu'r
2817 1467 3144 1525 honoribus.
3171 1469 3384 1524 relictis

1790 1567 1960 1620 seculi
2013 1555 2287 1619 universis
2326 1563 2628 1622 favoribus,
2662 1563 2721 1614 et
2747 1561 2920 1614 solius
2950 1561 3048 1613 Dei
3076 1559 3383 1614 conditoris

1789 1653 2112 1709 desiderans
2142 1655 2400 1708 insistere
2435 1649 2715 1705 laudibus.
2745 1649 3062 1704 remotioris
3083 1649 3193 1702 trite
3218 1648 3386 1719 quie-

1789 1745 1974 1815 tisque
2005 1745 2177 1813 elegit
2204 1739 2475 1804 habitum,
2508 1739 2734 1811 Mpiens
2761 1739 3153 1794 indumentum
3184 1743 3388 1792 mona-

1791 1834 2034 1897 chicum,
2075 1839 2446 1902 sanctmnquc
2473 1831 2581 1884 hoc
2604 1828 2887 1892 Faﬂ‘ense,
2912 1838 3025 1882 non
3047 1827 3116 1882 de
3137 1827 3380 1899 publico,

1789 1923 2101 1977 construxit
2133 1919 2556 1975 monasterium.

1857 2012 1981 2074 Quo
2006 2015 2198 2064 autern
2229 2009 2281 2062 id
2329 2008 2509 2079 egerit
2557 2013 2811 2078 tempore
2862 2019 2973 2059 non
3003 2005 3222 2076 plenius
3250 2004 3384 2060 sciri

1788 2107 1986 2170 potest.
2015 2113 2127 2170 prae
2159 2107 2475 2168 temporum
2509 2109 2709 2166 magna
2739 2095 3151 2166 longinquitate
3171 2096 3228 2148 et
3257 2094 3384 2147 bar-

1781 2189 2042 2243 barorum
2060 2195 2250 2258 postea
2269 2187 2598 2239 imminente
2617 2184 2866 2254 ejusdem
2883 2181 2987 2237 luci
3010 2181 3383 2237 desolatione.

1785 2279 1899 2331 Hoc
1926 2281 2116 2330 tamen
2141 2277 2261 2329 sine
2278 2273 2644 2346 ambiguitate
2672 2274 2944 2333 novimus,
2981 2271 3110 2342 quia
3141 2270 3288 2325 sicut
3318 2270 3381 2324 in

1787 2365 2072 2437 privilegio
2102 2364 2292 2418 domui
2313 2361 2601 2419 Johannis.
2621 2363 2677 2416 ni
2705 2362 2885 2425 fallor,
2921 2372 3060 2436 papc
3077 2351 3174 2424 Vl,
3214 2357 3382 2414 liabe-

1785 2462 1896 2514 tur,
1932 2454 2078 2524 quod
2106 2451 2419 2507 venerabile
2450 2451 2850 2504 monasterium
2880 2457 3073 2503 sancte
3096 2447 3193 2502 Dei
3232 2447 3386 2519 geni-

1786 2545 1939 2596 tricis
1970 2555 2302 2612 semperque
2334 2542 2562 2611 virgims
2607 2539 2799 2602 Maris,
2853 2538 3004 2608 quod
3047 2536 3384 2593 Lattrentlus

1787 2633 2067 2702 qtlondam
2096 2633 2386 2702 episcopus
2402 2628 2713 2683 venerande
2733 2626 3020 2689 memorie,
3049 2626 3118 2680 de
3135 2626 3386 2698 peregri‘

1787 2738 1872 2774 ms
1903 2722 2147 2773 veniens.
2183 2720 2236 2772 in
2268 2719 2440 2772 fundo
2474 2718 2567 2788 qui
2598 2715 2802 2770 dicitur
2827 2716 3134 2770 Acutianus
3163 2717 3386 2770 territo-

1789 2811 1853 2863 rii
1889 2810 2200 2862 sabinensis
2230 2807 2540 2870 constituit,
2575 2814 2630 2859 et
2659 2815 2888 2878 propter
2920 2804 3235 2875 Ieligiosam
3262 2803 3384 2875 ejus

1784 2897 2256 2951 conversationem
2291 2907 2347 2949 et
2373 2895 2542 2949 divini
2567 2883 2776 2948 servitii
2799 2892 3154 2948 sedulitatem
3172 2891 3382 2948 ibidem

1785 3003 1973 3040 secum
2022 2983 2490 3045 conversantium,
2555 2981 2674 3036 loca
2725 2985 2962 3053 quedam
3022 2983 3137 3036 tam
3188 2985 3383 3052 emptu

1787 3091 2066 3146 quamque
2103 3091 2164 3128 ex
2197 3075 2476 3128 oblatione
2509 3071 2756 3126 ﬁdelium
2805 3071 3117 3141 acquisivit.
3164 3068 3385 3125 Sufﬁcit

105 3155 313 3226 ubique
330 3156 1761 3242 praesensestetscmpiternuspermanet,quredamC
1787 3181 1919 3234 ergo
1952 3164 2079 3217 sciri
2123 3162 2191 3217 ab
2230 3165 2332 3216 hoc
2370 3163 2722 3216 sanctissimo
2769 3162 2905 3216 vim.
2949 3171 3060 3213 non
3094 3159 3280 3213 autem
3311 3155 3380 3213 de

103 3250 296 3298 tamen
342 3259 446 3297 suo
492 3245 807 3316 mancipata
844 3243 1017 3298 cultui
1067 3245 1135 3297 ad
1183 3259 1409 3297 suorum
1460 3245 1698 3297 salutem

103 3332 354 3387 ﬁdelium
392 3340 667 3406 oportuna
712 3334 830 3387 loca
869 3333 1044 3403 eligit,
1077 3349 1184 3404 que
1210 3340 1530 3386 sanctorum
1566 3333 1699 3386 inibi

103 3424 573 3476 commorantium
604 3433 883 3492 augentur
925 3423 1139 3475 meritis
1177 3428 1234 3475 et
1269 3429 1544 3479 crescunt.
1581 3421 1700 3492 ipso

105 3511 449 3581 perﬁciente,
483 3511 640 3565 bonis
681 3511 954 3582 plurimis.
1003 3511 1200 3565 Omnis
1251 3527 1491 3580 namque
1525 3511 1696 3574 locus,

104 3607 198 3654 aut
228 3599 606 3655 habitantium
641 3602 819 3655 beatis
851 3601 1066 3654 meritis
1095 3609 1352 3670 augetur.
1387 3607 1485 3653 aut
1523 3601 1700 3670 culpis

103 3689 550 3760 delinquentium
583 3690 988 3744 exterminatur
1032 3690 1238 3744 Revera
1259 3692 1387 3759 quia
1409 3689 1699 3759 sepissime

104 3792 202 3848 per
232 3780 518 3832 hominem
556 3781 723 3844 locus,
767 3794 893 3832 raro
939 3787 1125 3832 autem
1177 3778 1342 3831 homo
1376 3794 1474 3848 per
1512 3777 1694 3830 locum

103 3868 418 3921 edificatur.
465 3865 736 3921 Mirabilis
785 3883 1005 3938 quoque
1046 3867 1190 3921 Deus
1232 3868 1287 3920 in
1322 3867 1528 3920 sanctis
1559 3866 1693 3928 suis,

102 3955 473 4026 praedicabilis
493 3961 659 4010 etiam
685 3962 741 4010 et
757 3945 1087 4010 metuendus
1110 3957 1164 4009 in
1190 3956 1449 4009 omnibus
1468 3956 1698 4009 omnino

102 4045 398 4116 locis,quia
427 4043 569 4100 dum
589 4054 906 4100 sanctorum
938 4047 992 4099 in
1035 4047 1198 4098 terris
1230 4044 1438 4098 exaltat
1479 4044 1696 4097 habita-

103 4135 306 4190 tiones.
339 4135 484 4189 haud
517 4133 744 4189 dubium
768 4136 902 4206 quin
929 4135 1006 4189 eis
1037 4142 1273 4189 aeternas
1311 4135 1365 4187 in
1396 4134 1528 4186 celis
1569 4151 1696 4204 pre-

103 4229 263 4294 paret
286 4241 352 4278 ac
381 4223 593 4278 lucidas
624 4226 958 4278 mansiones.
994 4224 1264 4290 Quotiens
1293 4224 1439 4276 enim
1474 4230 1699 4276 sancto-

101 4328 225 4366 rum
259 4312 381 4366 loca
402 4313 601 4367 divinis
619 4314 676 4367 in
708 4315 948 4368 cultibus
975 4313 1485 4384 augentur,totiens
1505 4328 1696 4366 eorum

105 4402 196 4472 qui
230 4403 562 4457 edificarunt
593 4419 803 4458 merces
843 4411 896 4457 et
944 4419 1149 4456 corona
1180 4404 1234 4455 in
1273 4402 1448 4472 patrie
1477 4401 1697 4455 celestis

1785 3253 2023 3322 publico.
2051 3253 2150 3306 hoc
2175 3257 2426 3314 sanctum
2452 3251 2742 3305 conubium
2776 3248 2946 3302 fuisse
2969 3255 3375 3302 constructum.

1785 3342 1928 3405 Quia
1978 3357 2104 3394 vero
2157 3348 2380 3410 tempus
2428 3339 2579 3393 illius
2642 3335 2977 3392 conditionis
3027 3337 3375 3406 ignoramus,

1783 3431 1985 3485 idcirco
2015 3431 2177 3483 silere.
2207 3427 2276 3482 de
2318 3429 2419 3482 huc
2448 3426 2626 3498 magis
2667 3425 2939 3497 elegimus
2969 3439 3134 3500 quam
3167 3423 3380 3497 aliquid

1784 3525 2033 3589 proterre
2057 3519 2382 3572 mendosum
2416 3519 2500 3571 vel
2528 3512 2806 3570 frivolum.
2835 3511 3005 3569 Nobis
3029 3513 3233 3588 quippe
3276 3525 3380 3568 au-

1783 3607 1902 3661 dire
1933 3607 2279 3661 mendacium
2300 3621 2408 3676 non
2430 3607 2798 3676 licet.quanto
2828 3601 3003 3674 magis
3034 3605 3186 3658 nullo
3213 3600 3378 3658 modo

1782 3697 2039 3750 convenit
2088 3697 2371 3768 proferre!
2423 3695 2684 3764 Legimus
2731 3701 2921 3747 tamen
2961 3693 3016 3746 in
3057 3692 3380 3746 authentico

1779 3785 2211 3839 constructionis
2241 3785 2392 3838 illius
2427 3784 2674 3854 proemio
2700 3801 2711 3834 :
2744 3782 2877 3852 quia
2904 3779 3251 3852 temporibus
3274 3776 3378 3834 Ro-

1783 3891 2098 3934 manorum,
2121 3875 2444 3945 priusquam
2473 3871 2675 3925 Hitalia
2703 3870 2898 3941 gentili
2919 3866 3105 3940 gladio
3128 3867 3376 3923 ferienda

1779 3963 2114 4020 traderetur,
2169 3960 2237 4014 de
2282 3961 2444 4034 Syria
2484 3958 2565 4016 Ill
2613 3957 2709 4013 viri
2752 3960 3116 4023 advenerunt,
3166 3953 3380 4010 scilicet

1779 4052 1952 4105 Ysuac
1978 4059 2032 4104 et
2061 4049 2315 4105 Julianus
2344 4058 2512 4120 atque
2556 4049 2904 4112 Laurentius,
2947 4059 3070 4101 cum
3111 4059 3213 4100 sua
3243 4057 3374 4114 ger-

1780 4153 1946 4194 mana
1976 4155 2165 4194 sorore
2196 4143 2470 4201 Susanna,
2522 4137 2589 4192 de
2629 4151 2866 4208 quorum
2912 4137 3092 4207 primo
3134 4131 3372 4190 duorum

1783 4230 1977 4284 beatus
2024 4245 2166 4300 papa
2207 4229 2511 4298 Gregorius
2553 4229 2646 4298 qui
2690 4241 2724 4280 a
2769 4223 2934 4280 beato
2981 4219 3146 4279 Petro
3189 4219 3378 4278 extitit

1783 4317 2016 4380 LXVI“,
2041 4325 2096 4372 et
2129 4325 2252 4389 post
2271 4334 2478 4371 annum
2510 4317 2791 4371 Dominice
2818 4311 3227 4370 Incarnationis
3248 4309 3376 4383 603,

1782 4425 2110 4479 mensesque
2133 4425 2163 4461 Χ
2195 4417 2364 4478 atque
2395 4407 2513 4460 dies
2545 4420 2630 4466 xx.
2663 4405 2966 4459 indictione
2989 4413 3074 4468 11",
3101 4413 3160 4458 III
3188 4399 3377 4459 Nonas

102 4491 429 4562 regionibus
472 4501 810 4548 accrescunt.
861 4493 934 4546 Ve
973 4509 1194 4563 quoque
1224 4491 1331 4545 illis
1366 4508 1464 4562 per
1511 4491 1695 4544 omnin
1718 4555 1757 4567 ἢ
1782 4497 2037 4552 Octobris
2066 4499 2119 4550 in
2151 4498 2536 4567 pontificatum
2579 4503 2661 4549 est
2691 4501 3032 4566 assumptus,
3061 4495 3375 4565 imperante

104 4555 228 4635 erit.
255 4597 492 4650 quorum
515 4583 792 4636 industria
816 4555 1462 4636 divini-defectioloci-vel
1484 4581 1696 4633 occasio
1718 4555 1762 4611 Β
1781 4589 2004 4649 Tiberio
2034 4555 2400 4657 AugUsto,s_ic
2431 4586 2484 4648 in
2518 4587 2870 4652 Dialogorum
2885 4555 2990 4638 lib.
3019 4555 3100 4646 tu.
3123 4555 3287 4654 cupit.
3309 4581 3378 4642 14

102 4668 269 4724 fuerit
307 4669 684 4725 desolationis.
732 4669 845 4726 Nos
873 4679 1084 4732 autem,
1119 4672 1336 4725 fratres.
1364 4670 1699 4723 omnimodis

102 4774 420 4822 caveamus,
445 4776 513 4814 ne
536 4762 742 4813 nostris
763 4761 1111 4831 temporibus
1147 4761 1494 4829 negligentes
1526 4759 1580 4811 in
1615 4755 1700 4810 di-

102 4847 242 4901 vinis
274 4845 710 4918 augmentandis
744 4847 911 4903 rebus
949 4849 1317 4902 inveniamur.
1356 4847 1532 4917 Magis
1571 4865 1699 4902 vero

101 4945 428 5009 satagamus
451 4947 510 4993 ut
531 4948 848 4993 sanctorum
872 4947 1300 5011 augmentantes
1330 4939 1697 4998 loca,illorum

101 5029 429 5099 patrociniis
441 5029 1105 5101 adjuvemur,eormnque
1128 5030 1341 5082 meritis
1363 5043 1699 5098 coequemur

101 5117 193 5187 qui
219 5117 413 5171 omnia
442 5115 498 5170 in
538 5117 746 5171 bonum
779 5134 1011 5188 operare.
1044 5119 1383 5172 studuerunt
1405 5126 1460 5172 et
1485 5119 1539 5171 in
1573 5135 1698 5171 vera

103 5208 209 5260 fide
233 5209 449 5277 juguter
486 5217 934 5276 permanserunt.
965 5208 1277 5261 Misericors
1300 5217 1484 5260 autem
1521 5215 1574 5260 et
1599 5207 1700 5259 mi-

102 5303 322 5351 serator
344 5297 610 5351 Dominus
643 5305 791 5350 recte
828 5299 884 5350 in
925 5299 1039 5351 suis
1072 5296 1338 5349 lilii-abilis
1371 5295 1702 5366 prmdicatur

103 5388 312 5440 sanctis
340 5391 396 5439 et
421 5385 696 5448 ﬁdelibus,
735 5387 794 5439 in
827 5387 1028 5456 quibus
1059 5404 1156 5458 per
1185 5388 1406 5456 singula
1438 5388 1555 5440 loca
1585 5388 1698 5440 sive

105 5486 358 5547 tempora
390 5483 652 5554 operatus
675 5481 758 5529 est
790 5476 1065 5529 mirabilia
1098 5478 1409 5529 innumera.
1450 5477 1572 5546 ipso
1600 5477 1697 5529 (le-

109 5569 275 5639 nique
299 5565 991 5637 cooperantc.arimiranda
1016 5580 1069 5620 et
1093 5569 1363 5638 stoprnda
1384 5575 1698 5635 gesserunt,

112 5665 165 5711 et
192 5659 346 5711 recta
371 5657 531 5710 nobis
559 5653 851 5728 gradiendi
885 5657 1085 5709 itinera
1110 5657 1472 5727 reliquerunt.
1498 5657 1552 5708 in
1586 5657 1703 5726 qui-

107 5744 211 5800 bus
239 5762 465 5816 semper
483 5752 618 5800 sunt
637 5745 940 5800 imitabiles
969 5753 1026 5798 et
1051 5744 1112 5798 in
1139 5746 1399 5800 omnibus
1424 5745 1702 5799 decentis-

1787 4678 2124 4730 mentionem
2159 4674 2515 4734 faciens,ait:
2552 4692 2575 4722 «
2616 4674 2899 4726 Prioribus
2930 4673 3377 4743 quoqueGotho-

1784 4784 1905 4820 rum
1940 4763 2305 4834 temporibus.
2349 4761 2454 4816 fuit
2485 4763 2643 4830 juxta
2672 4763 3026 4832 Spoletanam
3061 4762 3255 4827 urbem
3295 4760 3378 4813 vir

1784 4857 1906 4909 vita:
1939 4853 2290 4912 venerabilis,
2311 4852 2487 4904 Ysaac
2517 4849 2760 4914 nomine,
2792 4852 2883 4920 qui
2903 4867 3078 4920 usque
3108 4848 3177 4903 ad
3201 4854 3380 4906 extre-

1786 4961 1878 4998 ma
1908 4942 2216 4997 Gothorum
2263 4950 2516 5011 tempora
2559 4939 2828 5013 pervenit.
2859 4955 3021 5009 quem
3054 4943 3378 4991 nostrorum

1782 5033 1945 5088 multi
2000 5036 2291 5085 noverunt.
2326 5037 2382 5083 et
2420 5027 2656 5082 maxime
2705 5045 2864 5081 sacra
2899 5027 3052 5097 virgo
3083 5015 3373 5098 Gregoria,

1783 5142 1903 5195 quae
1936 5137 2080 5178 nunc
2109 5122 2163 5174 in
2202 5121 2304 5176 hac
2327 5118 2574 5174 Romana
2608 5116 2764 5176 urbe,
2791 5117 2951 5187 juxta
2980 5115 3268 5173 ecclesiam
3310 5111 3376 5174 Β.

1784 5212 1961 5266 Marie
1993 5226 2214 5281 semper
2259 5208 2510 5277 Virginis
2550 5203 2784 5258 habitat.
2824 5229 2845 5251 υ
2891 5205 2958 5258 Et
2988 5211 3110 5275 post
3150 5221 3325 5274 pauca
3363 5221 3375 5256 :

1789 5324 1806 5352 ι
1845 5301 2016 5355 Multa
2049 5308 2234 5353 autem
2277 5298 2344 5350 de
2375 5296 2567 5350 eodem
2603 5295 2737 5356 viro,
2785 5300 3048 5347 narrante
3077 5289 3380 5352 venerabili

1781 5398 1938 5461 patre
1960 5389 2295 5444 Eleutherio.
2314 5385 2528 5456 agnovi.
2556 5383 2648 5454 qui
2675 5383 2888 5437 etthc
2913 5381 3266 5448 familiariter
3287 5400 3382 5438 no-

1781 5485 1953 5540 verat,
1978 5488 2029 5532 et
2048 5479 2166 5547 ejus
2196 5478 2376 5529 verbis
2406 5476 2514 5527 vita
2543 5476 2701 5527 [idem
2729 5470 3007 5543 prebebat.
3037 5493 3057 5517 ι)
3079 5471 3380 5544 l-licitaQue

1786 5566 2113 5622 venerabilis
2145 5567 2321 5634 Ysaac
2364 5573 2520 5618 ortus
2550 5581 2611 5616 ex
2632 5562 2833 5616 llitalia
2866 5575 2974 5615 non
2994 5561 3115 5624 fuit,
3144 5561 3238 5614 sed
3273 5560 3382 5636 pri-

1788 5656 1940 5710 mum
1958 5654 2196 5726 deSyrie
2217 5651 2466 5724 partibus
2484 5653 2550 5706 ad
2569 5652 2926 5723 Spoletanam
2949 5650 3141 5706 urbem
3157 5637 3325 5704 venit.

1858 5746 2112 5799 Prudens
2148 5745 2344 5808 lector,
2383 5743 2770 5797 animadverte
2793 5759 2916 5812 qua
2943 5741 3154 5798 fuerint.
3177 5741 3384 5796 Gotho-
