  <div class='ocr_page' id='page_1' title='image "/cluster/home/n/w/nwhite01/storage/ocr_20150623/150/umn.31951002477443u/735.png"; bbox 0 0 3914 6354; ppageno 0'>
   <div class='ocr_carea' id='block_1_1' title="bbox 523 337 658 397">
    <p class='ocr_par' dir='ltr' id='par_1_1' title="bbox 523 337 658 397">
     <span class='ocr_line' id='line_1_1' title="bbox 523 337 658 397; baseline -0.03 0"><span class='ocrx_word' id='word_1_1' title='bbox 523 337 658 397; x_wconf 84' lang='grc'><strong>1303</strong></span> 
     </span>
    </p>
   </div>
   <div class='ocr_carea' id='block_1_2' title="bbox 1601 339 2623 397">
    <p class='ocr_par' dir='ltr' id='par_1_2' title="bbox 1601 339 2623 397">
     <span class='ocr_line' id='line_1_2' title="bbox 1601 339 2623 397; baseline 0.007 -11"><span class='ocrx_word' id='word_1_2' title='bbox 1601 381 1608 386; x_wconf 87' lang='grc'><strong>.</strong></span> <span class='ocrx_word' id='word_1_3' title='bbox 1683 340 2050 397; x_wconf 82' lang='grc' dir='ltr'><strong>ΛΡΡΕΝΒΙΧ</strong></span> <span class='ocrx_word' id='word_1_4' title='bbox 2085 343 2182 396; x_wconf 84' lang='grc' dir='ltr'><strong>ΑΙ)</strong></span> <span class='ocrx_word' id='word_1_5' title='bbox 2224 339 2623 396; x_wconf 84' lang='lat' dir='ltr'><strong>GUIDONEM.</strong></span> 
     </span>
    </p>
   </div>
   <div class='ocr_carea' id='block_1_3' title="bbox 3656 327 3795 388">
    <p class='ocr_par' dir='ltr' id='par_1_3' title="bbox 3656 327 3795 388">
     <span class='ocr_line' id='line_1_3' title="bbox 3656 327 3795 388; baseline 0.014 -2"><span class='ocrx_word' id='word_1_6' title='bbox 3656 327 3795 388; x_wconf 60' lang='lat'><strong>1304</strong></span> 
     </span>
    </p>
   </div>
   <div class='ocr_carea' id='block_1_4' title="bbox 511 455 3794 536">
    <p class='ocr_par' dir='ltr' id='par_1_4' title="bbox 511 455 3794 536">
     <span class='ocr_line' id='line_1_4' title="bbox 511 455 3794 536; baseline -0.003 -16"><span class='ocrx_word' id='word_1_7' title='bbox 511 481 637 520; x_wconf 87' lang='lat' dir='ltr'><strong>rum</strong></span> <span class='ocrx_word' id='word_1_8' title='bbox 669 465 856 536; x_wconf 82' lang='lat' dir='ltr'><strong>priora</strong></span> <span class='ocrx_word' id='word_1_9' title='bbox 884 468 1158 536; x_wconf 88' lang='lat' dir='ltr'><strong>tempora.</strong></span> <span class='ocrx_word' id='word_1_10' title='bbox 1195 467 1279 519; x_wconf 90' lang='lat' dir='ltr'><strong>vel</strong></span> <span class='ocrx_word' id='word_1_11' title='bbox 1320 482 1442 535; x_wconf 79' lang='lat' dir='ltr'><strong>quae</strong></span> <span class='ocrx_word' id='word_1_12' title='bbox 1473 465 1874 523; x_wconf 87' lang='lat' dir='ltr'><strong>Romanorum.</strong></span> <span class='ocrx_word' id='word_1_13' title='bbox 1928 467 2104 536; x_wconf 88' lang='lat' dir='ltr'><strong>prius-</strong></span> <span class='ocrx_word' id='word_1_14' title='bbox 2129 475 2168 526; x_wconf 77' lang='grc' dir='ltr'>Α</span> <span class='ocrx_word' id='word_1_15' title='bbox 2196 485 2312 521; x_wconf 88' lang='lat' dir='ltr'><strong>rem</strong></span> <span class='ocrx_word' id='word_1_16' title='bbox 2350 465 2718 521; x_wconf 77' lang='lat' dir='ltr'><strong>fastidiamus.</strong></span> <span class='ocrx_word' id='word_1_17' title='bbox 2744 479 2772 515; x_wconf 87' lang='lat' dir='ltr'><strong>a</strong></span> <span class='ocrx_word' id='word_1_18' title='bbox 2794 463 3009 532; x_wconf 83' lang='lat' dir='ltr'><strong>prolixa</strong></span> <span class='ocrx_word' id='word_1_19' title='bbox 3023 460 3346 515; x_wconf 81' lang='lat' dir='ltr'><strong>narratione</strong></span> <span class='ocrx_word' id='word_1_20' title='bbox 3366 455 3794 521; x_wconf 86' lang='lat' dir='ltr'><strong>sileamus.Quo</strong></span> 
     </span>
    </p>
   </div>
   <div class='ocr_carea' id='block_1_5' title="bbox 511 553 2105 624">
    <p class='ocr_par' dir='ltr' id='par_1_5' title="bbox 511 553 2105 624">
     <span class='ocr_line' id='line_1_5' title="bbox 511 553 2105 624; baseline 0 -16"><span class='ocrx_word' id='word_1_21' title='bbox 511 571 679 624; x_wconf 88' lang='lat' dir='ltr'><strong>quam</strong></span> <span class='ocrx_word' id='word_1_22' title='bbox 742 554 945 607; x_wconf 85' lang='lat' dir='ltr'><strong>Hitalia</strong></span> <span class='ocrx_word' id='word_1_23' title='bbox 991 555 1183 623; x_wconf 81' lang='lat' dir='ltr'><strong>gentili</strong></span> <span class='ocrx_word' id='word_1_24' title='bbox 1227 555 1415 623; x_wconf 82' lang='lat' dir='ltr'><strong>gladio</strong></span> <span class='ocrx_word' id='word_1_25' title='bbox 1462 553 1709 606; x_wconf 80' lang='lat' dir='ltr'><strong>ferienda</strong></span> <span class='ocrx_word' id='word_1_26' title='bbox 1768 555 2105 608; x_wconf 82' lang='lat' dir='ltr'><strong>traderetur.</strong></span> 
     </span>
    </p>
   </div>
   <div class='ocr_carea' id='block_1_6' title="bbox 512 641 2110 712">
    <p class='ocr_par' dir='ltr' id='par_1_6' title="bbox 512 641 2110 712">
     <span class='ocr_line' id='line_1_6' title="bbox 512 641 2110 712; baseline 0 -16"><span class='ocrx_word' id='word_1_27' title='bbox 512 643 748 696; x_wconf 89' lang='lat' dir='ltr'><strong>Constat</strong></span> <span class='ocrx_word' id='word_1_28' title='bbox 777 642 949 707; x_wconf 79' lang='lat' dir='ltr'><strong>igitur</strong></span> <span class='ocrx_word' id='word_1_29' title='bbox 973 659 1138 712; x_wconf 86' lang='lat' dir='ltr'><strong>quam</strong></span> <span class='ocrx_word' id='word_1_30' title='bbox 1176 652 1306 696; x_wconf 92' lang='lat' dir='ltr'><strong>ante</strong></span> <span class='ocrx_word' id='word_1_31' title='bbox 1333 642 1527 712; x_wconf 78' lang='lat' dir='ltr'><strong>pretiiti</strong></span> <span class='ocrx_word' id='word_1_32' title='bbox 1549 641 1935 709; x_wconf 76' lang='lat' dir='ltr'><strong>gloriosissimi</strong></span> <span class='ocrx_word' id='word_1_33' title='bbox 1973 660 2110 712; x_wconf 89' lang='lat' dir='ltr'><strong>pon-</strong></span> 
     </span>
    </p>
   </div>
   <div class='ocr_carea' id='block_1_7' title="bbox 511 729 2111 800">
    <p class='ocr_par' dir='ltr' id='par_1_7' title="bbox 511 729 2111 800">
     <span class='ocr_line' id='line_1_7' title="bbox 511 729 2111 800; baseline -0.002 -16"><span class='ocrx_word' id='word_1_34' title='bbox 511 731 681 784; x_wconf 79' lang='lat' dir='ltr'><strong>tificis</strong></span> <span class='ocrx_word' id='word_1_35' title='bbox 710 747 820 783; x_wconf 90' lang='lat' dir='ltr'><strong>non</strong></span> <span class='ocrx_word' id='word_1_36' title='bbox 852 731 1128 784; x_wconf 88' lang='lat' dir='ltr'><strong>modicum</strong></span> <span class='ocrx_word' id='word_1_37' title='bbox 1152 729 1686 800; x_wconf 85' lang='lat' dir='ltr'><strong>tempus.conditum</strong></span> <span class='ocrx_word' id='word_1_38' title='bbox 1720 737 1800 782; x_wconf 83' lang='lat' dir='ltr'><strong>est</strong></span> <span class='ocrx_word' id='word_1_39' title='bbox 1836 739 2111 784; x_wconf 82' lang='lat' dir='ltr'><strong>monaste-</strong></span> 
     </span>
    </p>
   </div>
   <div class='ocr_carea' id='block_1_8' title="bbox 511 818 2107 889">
    <p class='ocr_par' dir='ltr' id='par_1_8' title="bbox 511 818 2107 889">
     <span class='ocr_line' id='line_1_8' title="bbox 511 818 2107 889; baseline 0 -17"><span class='ocrx_word' id='word_1_40' title='bbox 511 819 658 872; x_wconf 88' lang='lat' dir='ltr'><strong>rium</strong></span> <span class='ocrx_word' id='word_1_41' title='bbox 690 819 858 882; x_wconf 82' lang='lat' dir='ltr'><strong>istud,</strong></span> <span class='ocrx_word' id='word_1_42' title='bbox 893 836 990 887; x_wconf 87' lang='lat' dir='ltr'><strong>pro</strong></span> <span class='ocrx_word' id='word_1_43' title='bbox 1021 837 1086 872; x_wconf 90' lang='lat' dir='ltr'><strong>eo</strong></span> <span class='ocrx_word' id='word_1_44' title='bbox 1119 819 1262 889; x_wconf 89' lang='lat' dir='ltr'><strong>quod</strong></span> <span class='ocrx_word' id='word_1_45' title='bbox 1299 818 1628 889; x_wconf 72' lang='lat' dir='ltr'><strong>venerabilis</strong></span> <span class='ocrx_word' id='word_1_46' title='bbox 1665 820 1930 872; x_wconf 89' lang='lat' dir='ltr'><strong>memorie</strong></span> <span class='ocrx_word' id='word_1_47' title='bbox 1969 819 2107 873; x_wconf 86' lang='lat' dir='ltr'><strong>Bea-</strong></span> 
     </span>
    </p>
   </div>
   <div class='ocr_carea' id='block_1_9' title="bbox 509 907 2106 975">
    <p class='ocr_par' dir='ltr' id='par_1_9' title="bbox 509 907 2106 975">
     <span class='ocr_line' id='line_1_9' title="bbox 509 907 2106 975; baseline 0 -14"><span class='ocrx_word' id='word_1_48' title='bbox 509 912 632 961; x_wconf 87' lang='lat' dir='ltr'><strong>tum</strong></span> <span class='ocrx_word' id='word_1_49' title='bbox 673 907 868 969; x_wconf 83' lang='lat' dir='ltr'><strong>Ysaac,</strong></span> <span class='ocrx_word' id='word_1_50' title='bbox 903 909 1169 975; x_wconf 77' lang='lat' dir='ltr'><strong>collegam</strong></span> <span class='ocrx_word' id='word_1_51' title='bbox 1207 907 1544 960; x_wconf 74' lang='lat' dir='ltr'><strong>sanctissimi</strong></span> <span class='ocrx_word' id='word_1_52' title='bbox 1590 907 1752 972; x_wconf 81' lang='lat' dir='ltr'><strong>huius</strong></span> <span class='ocrx_word' id='word_1_53' title='bbox 1781 909 2106 961; x_wconf 90' lang='lat' dir='ltr'><strong>monasterii</strong></span> 
     </span>
    </p>
   </div>
   <div class='ocr_carea' id='block_1_10' title="bbox 511 994 2106 1065">
    <p class='ocr_par' dir='ltr' id='par_1_10' title="bbox 511 994 2106 1065">
     <span class='ocr_line' id='line_1_10' title="bbox 511 994 2106 1065; baseline -0.001 -15"><span class='ocrx_word' id='word_1_54' title='bbox 511 994 798 1050; x_wconf 86' lang='lat' dir='ltr'><strong>Laurentii</strong></span> <span class='ocrx_word' id='word_1_55' title='bbox 833 1013 940 1049; x_wconf 88' lang='lat' dir='ltr'><strong>non</strong></span> <span class='ocrx_word' id='word_1_56' title='bbox 971 1013 1031 1049; x_wconf 92' lang='lat' dir='ltr'><strong>se</strong></span> <span class='ocrx_word' id='word_1_57' title='bbox 1062 996 1284 1055; x_wconf 84' lang='lat' dir='ltr'><strong>vidisse,</strong></span> <span class='ocrx_word' id='word_1_58' title='bbox 1321 1012 1418 1047; x_wconf 88' lang='lat' dir='ltr'><strong>nec</strong></span> <span class='ocrx_word' id='word_1_59' title='bbox 1443 995 1561 1047; x_wconf 85' lang='lat' dir='ltr'><strong>suis</strong></span> <span class='ocrx_word' id='word_1_60' title='bbox 1589 997 1932 1065; x_wconf 81' lang='lat' dir='ltr'><strong>temporibUs</strong></span> <span class='ocrx_word' id='word_1_61' title='bbox 1967 997 2106 1050; x_wconf 85' lang='lat' dir='ltr'><strong>exti-</strong></span> 
     </span>
    </p>
   </div>
   <div class='ocr_carea' id='block_1_11' title="bbox 508 1085 2108 1157">
    <p class='ocr_par' dir='ltr' id='par_1_11' title="bbox 508 1085 2108 1157">
     <span class='ocr_line' id='line_1_11' title="bbox 508 1085 2108 1157; baseline 0.001 -19"><span class='ocrx_word' id='word_1_62' title='bbox 508 1085 644 1139; x_wconf 87' lang='lat' dir='ltr'><strong>tisse</strong></span> <span class='ocrx_word' id='word_1_63' title='bbox 667 1085 842 1138; x_wconf 89' lang='lat' dir='ltr'><strong>deseri</strong></span> <span class='ocrx_word' id='word_1_64' title='bbox 853 1085 1080 1154; x_wconf 86' lang='lat' dir='ltr'><strong>psit.sed</strong></span> <span class='ocrx_word' id='word_1_65' title='bbox 1109 1085 1386 1154; x_wconf 90' lang='lat' dir='ltr'><strong>prioribus</strong></span> <span class='ocrx_word' id='word_1_66' title='bbox 1401 1085 1554 1137; x_wconf 91' lang='lat' dir='ltr'><strong>illum</strong></span> <span class='ocrx_word' id='word_1_67' title='bbox 1573 1085 1880 1138; x_wconf 80' lang='lat' dir='ltr'><strong>Gothorum</strong></span> <span class='ocrx_word' id='word_1_68' title='bbox 1897 1094 2007 1140; x_wconf 93' lang='lat' dir='ltr'><strong>tem</strong></span> <span class='ocrx_word' id='word_1_69' title='bbox 2017 1105 2108 1157; x_wconf 81' lang='lat' dir='ltr'><strong>po-</strong></span> 
     </span>
    </p>
   </div>
   <div class='ocr_carea' id='block_1_12' title="bbox 509 1173 2105 1239">
    <p class='ocr_par' dir='ltr' id='par_1_12' title="bbox 509 1173 2105 1239">
     <span class='ocr_line' id='line_1_12' title="bbox 509 1173 2105 1239; baseline 0.001 -11"><span class='ocrx_word' id='word_1_70' title='bbox 509 1173 666 1228; x_wconf 86' lang='lat' dir='ltr'><strong>ribus</strong></span> <span class='ocrx_word' id='word_1_71' title='bbox 705 1174 874 1228; x_wconf 84' lang='lat' dir='ltr'><strong>fuisse</strong></span> <span class='ocrx_word' id='word_1_72' title='bbox 915 1175 1154 1227; x_wconf 87' lang='lat' dir='ltr'><strong>veridica</strong></span> <span class='ocrx_word' id='word_1_73' title='bbox 1195 1174 1466 1226; x_wconf 73' lang='lat' dir='ltr'><strong>relatione</strong></span> <span class='ocrx_word' id='word_1_74' title='bbox 1507 1173 1781 1239; x_wconf 69' lang='lat' dir='ltr'><strong>professus</strong></span> <span class='ocrx_word' id='word_1_75' title='bbox 1830 1184 1930 1227; x_wconf 88' lang='lat' dir='ltr'><strong>est.</strong></span> <span class='ocrx_word' id='word_1_76' title='bbox 1965 1178 2105 1229; x_wconf 71' lang='lat' dir='ltr'><strong>Nam</strong></span> 
     </span>
    </p>
   </div>
   <div class='ocr_carea' id='block_1_13' title="bbox 507 1261 2108 1334">
    <p class='ocr_par' dir='ltr' id='par_1_13' title="bbox 507 1261 2108 1334">
     <span class='ocr_line' id='line_1_13' title="bbox 507 1261 2108 1334; baseline 0.002 -20"><span class='ocrx_word' id='word_1_77' title='bbox 507 1262 693 1334; x_wconf 85' lang='lat' dir='ltr'><strong>priora</strong></span> <span class='ocrx_word' id='word_1_78' title='bbox 727 1263 1037 1316; x_wconf 88' lang='lat' dir='ltr'><strong>Gothorum</strong></span> <span class='ocrx_word' id='word_1_79' title='bbox 1063 1269 1408 1332; x_wconf 90' lang='lat' dir='ltr'><strong>tempora,ut</strong></span> <span class='ocrx_word' id='word_1_80' title='bbox 1430 1261 1612 1314; x_wconf 87' lang='lat' dir='ltr'><strong>verius</strong></span> <span class='ocrx_word' id='word_1_81' title='bbox 1630 1263 1776 1314; x_wconf 88' lang='lat' dir='ltr'><strong>credi</strong></span> <span class='ocrx_word' id='word_1_82' title='bbox 1802 1265 2108 1332; x_wconf 86' lang='lat' dir='ltr'><strong>potest.illa</strong></span> 
     </span>
    </p>
   </div>
   <div class='ocr_carea' id='block_1_14' title="bbox 503 1349 2108 1422">
    <p class='ocr_par' dir='ltr' id='par_1_14' title="bbox 503 1349 2108 1422">
     <span class='ocr_line' id='line_1_14' title="bbox 503 1349 2108 1422; baseline 0.001 -17"><span class='ocrx_word' id='word_1_83' title='bbox 503 1351 732 1406; x_wconf 84' lang='lat' dir='ltr'><strong>fuerunt</strong></span> <span class='ocrx_word' id='word_1_84' title='bbox 787 1358 851 1405; x_wconf 88' lang='lat' dir='ltr'><strong>ut</strong></span> <span class='ocrx_word' id='word_1_85' title='bbox 870 1351 926 1404; x_wconf 92' lang='lat' dir='ltr'><strong>in</strong></span> <span class='ocrx_word' id='word_1_86' title='bbox 955 1351 1179 1422; x_wconf 86' lang='lat' dir='ltr'><strong>scriptis</strong></span> <span class='ocrx_word' id='word_1_87' title='bbox 1207 1351 1464 1404; x_wconf 90' lang='lat' dir='ltr'><strong>chronice</strong></span> <span class='ocrx_word' id='word_1_88' title='bbox 1490 1349 1718 1402; x_wconf 85' lang='lat' dir='ltr'><strong>historie</strong></span> <span class='ocrx_word' id='word_1_89' title='bbox 1740 1351 1918 1404; x_wconf 90' lang='lat' dir='ltr'><strong>Orosii</strong></span> <span class='ocrx_word' id='word_1_90' title='bbox 1946 1370 2108 1421; x_wconf 70' lang='lat' dir='ltr'><strong>praes-</strong></span> 
     </span>
    </p>
   </div>
   <div class='ocr_carea' id='block_1_15' title="bbox 501 1439 2108 1511">
    <p class='ocr_par' dir='ltr' id='par_1_15' title="bbox 501 1439 2108 1511">
     <span class='ocr_line' id='line_1_15' title="bbox 501 1439 2108 1511; baseline 0.001 -17"><span class='ocrx_word' id='word_1_91' title='bbox 501 1439 687 1510; x_wconf 87' lang='lat' dir='ltr'><strong>byteri</strong></span> <span class='ocrx_word' id='word_1_92' title='bbox 707 1443 1006 1510; x_wconf 85' lang='lat' dir='ltr'><strong>reperitur.</strong></span> <span class='ocrx_word' id='word_1_93' title='bbox 1029 1439 1252 1510; x_wconf 84' lang='lat' dir='ltr'><strong>quando</strong></span> <span class='ocrx_word' id='word_1_94' title='bbox 1277 1444 1546 1508; x_wconf 81' lang='lat' dir='ltr'><strong>regnante</strong></span> <span class='ocrx_word' id='word_1_95' title='bbox 1569 1439 1847 1492; x_wconf 72' lang='lat' dir='ltr'><strong>Archadio</strong></span> <span class='ocrx_word' id='word_1_96' title='bbox 1873 1441 2108 1511; x_wconf 88' lang='lat' dir='ltr'><strong>impera-</strong></span> 
     </span>
    </p>
   </div>
   <div class='ocr_carea' id='block_1_16' title="bbox 501 1528 2106 1599">
    <p class='ocr_par' dir='ltr' id='par_1_16' title="bbox 501 1528 2106 1599">
     <span class='ocr_line' id='line_1_16' title="bbox 501 1528 2106 1599; baseline 0.002 -17"><span class='ocrx_word' id='word_1_97' title='bbox 501 1531 645 1593; x_wconf 83' lang='lat' dir='ltr'><strong>tore,</strong></span> <span class='ocrx_word' id='word_1_98' title='bbox 662 1545 774 1599; x_wconf 89' lang='lat' dir='ltr'><strong>quo</strong></span> <span class='ocrx_word' id='word_1_99' title='bbox 799 1535 1054 1599; x_wconf 86' lang='lat' dir='ltr'><strong>tempore</strong></span> <span class='ocrx_word' id='word_1_100' title='bbox 1070 1528 1401 1582; x_wconf 80' lang='lat' dir='ltr'><strong>Ambrosius</strong></span> <span class='ocrx_word' id='word_1_101' title='bbox 1429 1528 2106 1588; x_wconf 69' lang='lat' dir='ltr'><strong>MediolanumMartinus</strong></span> 
     </span>
    </p>
   </div>
   <div class='ocr_carea' id='block_1_17' title="bbox 501 1615 2104 1687">
    <p class='ocr_par' dir='ltr' id='par_1_17' title="bbox 501 1615 2104 1687">
     <span class='ocr_line' id='line_1_17' title="bbox 501 1615 2104 1687; baseline 0.002 -17"><span class='ocrx_word' id='word_1_102' title='bbox 501 1632 635 1670; x_wconf 82' lang='lat' dir='ltr'><strong>vero</strong></span> <span class='ocrx_word' id='word_1_103' title='bbox 695 1617 875 1686; x_wconf 87' lang='lat' dir='ltr'><strong>(cujus</strong></span> <span class='ocrx_word' id='word_1_104' title='bbox 928 1616 1207 1687; x_wconf 83' lang='lat' dir='ltr'><strong>gloriosus</strong></span> <span class='ocrx_word' id='word_1_105' title='bbox 1259 1615 1440 1670; x_wconf 84' lang='lat' dir='ltr'><strong>extitit</strong></span> <span class='ocrx_word' id='word_1_106' title='bbox 1486 1617 1758 1670; x_wconf 87' lang='lat' dir='ltr'><strong>transitus</strong></span> <span class='ocrx_word' id='word_1_107' title='bbox 1803 1633 1835 1671; x_wconf 90' lang='lat' dir='ltr'><strong>a</strong></span> <span class='ocrx_word' id='word_1_108' title='bbox 1885 1619 2104 1673; x_wconf 90' lang='lat' dir='ltr'><strong>Domini</strong></span> 
     </span>
    </p>
   </div>
   <div class='ocr_carea' id='block_1_18' title="bbox 501 1704 2099 1776">
    <p class='ocr_par' dir='ltr' id='par_1_18' title="bbox 501 1704 2099 1776">
     <span class='ocr_line' id='line_1_18' title="bbox 501 1704 2099 1776; baseline 0.002 -17"><span class='ocrx_word' id='word_1_109' title='bbox 501 1704 766 1776; x_wconf 83' lang='lat' dir='ltr'><strong>passione</strong></span> <span class='ocrx_word' id='word_1_110' title='bbox 822 1721 970 1758; x_wconf 92' lang='lat' dir='ltr'><strong>anno</strong></span> <span class='ocrx_word' id='word_1_111' title='bbox 1017 1719 1244 1762; x_wconf 84' lang='lat' dir='ltr'><strong>ccccxn.</strong></span> <span class='ocrx_word' id='word_1_112' title='bbox 1293 1704 1475 1758; x_wconf 76' lang='lat' dir='ltr'><strong>aetatis</strong></span> <span class='ocrx_word' id='word_1_113' title='bbox 1521 1710 1709 1758; x_wconf 73' lang='lat' dir='ltr'><strong>autem</strong></span> <span class='ocrx_word' id='word_1_114' title='bbox 1764 1723 1863 1760; x_wconf 89' lang='lat' dir='ltr'><strong>sue</strong></span> <span class='ocrx_word' id='word_1_115' title='bbox 1917 1723 2099 1769; x_wconf 77' lang='lat' dir='ltr'><strong>LXXXI,</strong></span> 
     </span>
    </p>
   </div>
   <div class='ocr_carea' id='block_1_19' title="bbox 2192 547 3796 623">
    <p class='ocr_par' dir='ltr' id='par_1_19' title="bbox 2192 547 3796 623">
     <span class='ocr_line' id='line_1_19' title="bbox 2192 547 3796 623; baseline -0.006 -15"><span class='ocrx_word' id='word_1_116' title='bbox 2192 564 2378 608; x_wconf 89' lang='lat' dir='ltr'><strong>autem</strong></span> <span class='ocrx_word' id='word_1_117' title='bbox 2411 561 2663 623; x_wconf 88' lang='lat' dir='ltr'><strong>tempore</strong></span> <span class='ocrx_word' id='word_1_118' title='bbox 2707 552 2860 621; x_wconf 88' lang='lat' dir='ltr'><strong>prius</strong></span> <span class='ocrx_word' id='word_1_119' title='bbox 2897 552 3241 604; x_wconf 82' lang='lat' dir='ltr'><strong>destructum</strong></span> <span class='ocrx_word' id='word_1_120' title='bbox 3279 551 3378 602; x_wconf 87' lang='lat' dir='ltr'><strong>huc</strong></span> <span class='ocrx_word' id='word_1_121' title='bbox 3409 547 3579 601; x_wconf 82' lang='lat' dir='ltr'><strong>fuerit</strong></span> <span class='ocrx_word' id='word_1_122' title='bbox 3606 563 3796 599; x_wconf 88' lang='lat' dir='ltr'><strong>mona-</strong></span> 
     </span>
    </p>
   </div>
   <div class='ocr_carea' id='block_1_20' title="bbox 2191 635 3795 702">
    <p class='ocr_par' dir='ltr' id='par_1_20' title="bbox 2191 635 3795 702">
     <span class='ocr_line' id='line_1_20' title="bbox 2191 635 3795 702; baseline -0.005 -5"><span class='ocrx_word' id='word_1_123' title='bbox 2191 645 2445 702; x_wconf 89' lang='lat' dir='ltr'><strong>sterium.</strong></span> <span class='ocrx_word' id='word_1_124' title='bbox 2487 643 2629 694; x_wconf 88' lang='lat' dir='ltr'><strong>sicut</strong></span> <span class='ocrx_word' id='word_1_125' title='bbox 2658 650 2714 692; x_wconf 89' lang='lat' dir='ltr'><strong>et</strong></span> <span class='ocrx_word' id='word_1_126' title='bbox 2749 648 3154 697; x_wconf 87' lang='lat' dir='ltr'><strong>constructum,</strong></span> <span class='ocrx_word' id='word_1_127' title='bbox 3189 637 3540 690; x_wconf 79' lang='lat' dir='ltr'><strong>manifestius</strong></span> <span class='ocrx_word' id='word_1_128' title='bbox 3562 635 3795 689; x_wconf 86' lang='lat' dir='ltr'><strong>clarius-</strong></span> 
     </span>
    </p>
   </div>
   <div class='ocr_carea' id='block_1_21' title="bbox 2192 723 3792 802">
    <p class='ocr_par' dir='ltr' id='par_1_21' title="bbox 2192 723 3792 802">
     <span class='ocr_line' id='line_1_21' title="bbox 2192 723 3792 802; baseline -0.004 -19"><span class='ocrx_word' id='word_1_129' title='bbox 2192 750 2300 802; x_wconf 89' lang='lat' dir='ltr'><strong>que</strong></span> <span class='ocrx_word' id='word_1_130' title='bbox 2343 731 2572 784; x_wconf 86' lang='lat' dir='ltr'><strong>minime</strong></span> <span class='ocrx_word' id='word_1_131' title='bbox 2619 729 2842 786; x_wconf 85' lang='lat' dir='ltr'><strong>scimus.</strong></span> <span class='ocrx_word' id='word_1_132' title='bbox 2891 729 2993 780; x_wconf 90' lang='lat' dir='ltr'><strong>nisi</strong></span> <span class='ocrx_word' id='word_1_133' title='bbox 3043 734 3260 780; x_wconf 85' lang='lat' dir='ltr'><strong>tantum</strong></span> <span class='ocrx_word' id='word_1_134' title='bbox 3295 725 3438 795; x_wconf 89' lang='lat' dir='ltr'><strong>quod</strong></span> <span class='ocrx_word' id='word_1_135' title='bbox 3484 724 3700 793; x_wconf 82' lang='lat' dir='ltr'><strong>legitur</strong></span> <span class='ocrx_word' id='word_1_136' title='bbox 3739 723 3792 776; x_wconf 88' lang='lat' dir='ltr'><strong>in</strong></span> 
     </span>
    </p>
   </div>
   <div class='ocr_carea' id='block_1_22' title="bbox 2191 812 3792 886">
    <p class='ocr_par' dir='ltr' id='par_1_22' title="bbox 2191 812 3792 886">
     <span class='ocr_line' id='line_1_22' title="bbox 2191 812 3792 886; baseline -0.004 -15"><span class='ocrx_word' id='word_1_137' title='bbox 2191 821 2438 886; x_wconf 75' lang='lat' dir='ltr'><strong>ejusdem</strong></span> <span class='ocrx_word' id='word_1_138' title='bbox 2495 819 2634 872; x_wconf 88' lang='lat' dir='ltr'><strong>libro</strong></span> <span class='ocrx_word' id='word_1_139' title='bbox 2673 816 3103 870; x_wconf 84' lang='lat' dir='ltr'><strong>constructionis</strong></span> <span class='ocrx_word' id='word_1_140' title='bbox 3155 834 3166 868; x_wconf 90' lang='lat'>:</span> <span class='ocrx_word' id='word_1_141' title='bbox 3216 815 3346 884; x_wconf 83' lang='lat' dir='ltr'><strong>quia</strong></span> <span class='ocrx_word' id='word_1_142' title='bbox 3407 820 3530 882; x_wconf 82' lang='lat' dir='ltr'><strong>post</strong></span> <span class='ocrx_word' id='word_1_143' title='bbox 3572 812 3792 866; x_wconf 87' lang='lat' dir='ltr'><strong>obitum</strong></span> 
     </span>
    </p>
   </div>
   <div class='ocr_carea' id='block_1_23' title="bbox 2192 901 3794 970">
    <p class='ocr_par' dir='ltr' id='par_1_23' title="bbox 2192 901 3794 970">
     <span class='ocr_line' id='line_1_23' title="bbox 2192 901 3794 970; baseline -0.005 -8"><span class='ocrx_word' id='word_1_144' title='bbox 2192 909 2335 962; x_wconf 83' lang='lat' dir='ltr'><strong>beati</strong></span> <span class='ocrx_word' id='word_1_145' title='bbox 2371 909 2464 962; x_wconf 88' lang='lat' dir='ltr'><strong>viri</strong></span> <span class='ocrx_word' id='word_1_146' title='bbox 2496 908 2830 960; x_wconf 65' lang='lat' dir='ltr'><strong>sanctissimi</strong></span> <span class='ocrx_word' id='word_1_147' title='bbox 2866 904 3168 959; x_wconf 80' lang='lat' dir='ltr'><strong>Laurentii.</strong></span> <span class='ocrx_word' id='word_1_148' title='bbox 3194 920 3224 956; x_wconf 88' lang='lat' dir='ltr'><strong>a</strong></span> <span class='ocrx_word' id='word_1_149' title='bbox 3255 901 3640 970; x_wconf 78' lang='lat' dir='ltr'><strong>Longobardis</strong></span> <span class='ocrx_word' id='word_1_150' title='bbox 3682 901 3794 954; x_wconf 83' lang='lat' dir='ltr'><strong>cir-</strong></span> 
     </span>
    </p>
   </div>
   <div class='ocr_carea' id='block_1_24' title="bbox 2190 990 3790 1068">
    <p class='ocr_par' dir='ltr' id='par_1_24' title="bbox 2190 990 3790 1068">
     <span class='ocr_line' id='line_1_24' title="bbox 2190 990 3790 1068; baseline -0.004 -18"><span class='ocrx_word' id='word_1_151' title='bbox 2190 1015 2541 1068; x_wconf 83' lang='lat' dir='ltr'><strong>cumquaque</strong></span> <span class='ocrx_word' id='word_1_152' title='bbox 2587 996 2897 1064; x_wconf 81' lang='lat' dir='ltr'><strong>interjectis</strong></span> <span class='ocrx_word' id='word_1_153' title='bbox 2944 995 3312 1063; x_wconf 71' lang='lat' dir='ltr'><strong>cil‘ugatisque</strong></span> <span class='ocrx_word' id='word_1_154' title='bbox 3356 990 3790 1054; x_wconf 63' lang='lat' dir='ltr'><strong>habitatoribus,</strong></span> 
     </span>
    </p>
   </div>
   <div class='ocr_carea' id='block_1_25' title="bbox 2190 1080 3785 1156">
    <p class='ocr_par' dir='ltr' id='par_1_25' title="bbox 2190 1080 3785 1156">
     <span class='ocr_line' id='line_1_25' title="bbox 2190 1080 3785 1156; baseline -0.006 -16"><span class='ocrx_word' id='word_1_155' title='bbox 2190 1089 2344 1140; x_wconf 79' lang='lat' dir='ltr'><strong>locus</strong></span> <span class='ocrx_word' id='word_1_156' title='bbox 2367 1088 2484 1156; x_wconf 89' lang='lat' dir='ltr'><strong>ipse</strong></span> <span class='ocrx_word' id='word_1_157' title='bbox 2505 1087 2788 1138; x_wconf 83' lang='lat' dir='ltr'><strong>desolatus</strong></span> <span class='ocrx_word' id='word_1_158' title='bbox 2817 1092 2874 1138; x_wconf 87' lang='lat' dir='ltr'><strong>et</strong></span> <span class='ocrx_word' id='word_1_159' title='bbox 2905 1085 2960 1136; x_wconf 92' lang='lat' dir='ltr'><strong>in</strong></span> <span class='ocrx_word' id='word_1_160' title='bbox 2982 1083 3339 1136; x_wconf 82' lang='lat' dir='ltr'><strong>solitudinem</strong></span> <span class='ocrx_word' id='word_1_161' title='bbox 3373 1089 3459 1134; x_wconf 89' lang='lat' dir='ltr'><strong>est</strong></span> <span class='ocrx_word' id='word_1_162' title='bbox 3489 1080 3785 1138; x_wconf 82' lang='lat' dir='ltr'><strong>redactus;</strong></span> 
     </span>
    </p>
   </div>
   <div class='ocr_carea' id='block_1_26' title="bbox 2189 1168 3792 1246">
    <p class='ocr_par' dir='ltr' id='par_1_26' title="bbox 2189 1168 3792 1246">
     <span class='ocr_line' id='line_1_26' title="bbox 2189 1168 3792 1246; baseline -0.005 -16"><span class='ocrx_word' id='word_1_163' title='bbox 2189 1184 2357 1246; x_wconf 86' lang='lat' dir='ltr'><strong>atque</strong></span> <span class='ocrx_word' id='word_1_164' title='bbox 2395 1193 2492 1245; x_wconf 87' lang='lat' dir='ltr'><strong>per</strong></span> <span class='ocrx_word' id='word_1_165' title='bbox 2519 1175 2696 1227; x_wconf 87' lang='lat' dir='ltr'><strong>multa</strong></span> <span class='ocrx_word' id='word_1_166' title='bbox 2725 1189 3000 1226; x_wconf 85' lang='lat' dir='ltr'><strong>annorum</strong></span> <span class='ocrx_word' id='word_1_167' title='bbox 3033 1171 3313 1224; x_wconf 83' lang='lat' dir='ltr'><strong>rurricula</strong></span> <span class='ocrx_word' id='word_1_168' title='bbox 3341 1170 3550 1239; x_wconf 72' lang='lat' dir='ltr'><strong>absqer</strong></span> <span class='ocrx_word' id='word_1_169' title='bbox 3573 1168 3792 1222; x_wconf 84' lang='lat' dir='ltr'><strong>habita-</strong></span> 
     </span>
    </p>
   </div>
   <div class='ocr_carea' id='block_1_27' title="bbox 2188 1257 3790 1330">
    <p class='ocr_par' dir='ltr' id='par_1_27' title="bbox 2188 1257 3790 1330">
     <span class='ocr_line' id='line_1_27' title="bbox 2188 1257 3790 1330; baseline -0.004 -14"><span class='ocrx_word' id='word_1_170' title='bbox 2188 1269 2309 1316; x_wconf 83' lang='lat' dir='ltr'><strong>tore</strong></span> <span class='ocrx_word' id='word_1_171' title='bbox 2343 1263 2667 1330; x_wconf 76' lang='lat' dir='ltr'><strong>permansit.</strong></span> <span class='ocrx_word' id='word_1_172' title='bbox 2699 1262 2907 1314; x_wconf 80' lang='lat' dir='ltr'><strong>scilicet</strong></span> <span class='ocrx_word' id='word_1_173' title='bbox 2938 1261 3114 1313; x_wconf 80' lang='lat' dir='ltr'><strong>donec</strong></span> <span class='ocrx_word' id='word_1_174' title='bbox 3157 1276 3190 1312; x_wconf 89' lang='lat' dir='ltr'><strong>a</strong></span> <span class='ocrx_word' id='word_1_175' title='bbox 3237 1258 3420 1311; x_wconf 88' lang='lat' dir='ltr'><strong>Gallia</strong></span> <span class='ocrx_word' id='word_1_176' title='bbox 3468 1257 3790 1326; x_wconf 67' lang='lat' dir='ltr'><strong>“aurigena</strong></span> 
     </span>
    </p>
   </div>
   <div class='ocr_carea' id='block_1_28' title="bbox 2190 1347 3788 1424">
    <p class='ocr_par' dir='ltr' id='par_1_28' title="bbox 2190 1347 3788 1424">
     <span class='ocr_line' id='line_1_28' title="bbox 2190 1347 3788 1424; baseline -0.004 -18"><span class='ocrx_word' id='word_1_177' title='bbox 2190 1353 2471 1424; x_wconf 82' lang='lat' dir='ltr'><strong>provincia</strong></span> <span class='ocrx_word' id='word_1_178' title='bbox 2537 1352 2618 1404; x_wconf 91' lang='lat' dir='ltr'><strong>vir</strong></span> <span class='ocrx_word' id='word_1_179' title='bbox 2681 1351 2788 1404; x_wconf 83' lang='lat' dir='ltr'><strong>vite</strong></span> <span class='ocrx_word' id='word_1_180' title='bbox 2845 1348 3179 1402; x_wconf 84' lang='lat' dir='ltr'><strong>venerabilis</strong></span> <span class='ocrx_word' id='word_1_181' title='bbox 3235 1347 3483 1409; x_wconf 88' lang='lat' dir='ltr'><strong>veniens,</strong></span> <span class='ocrx_word' id='word_1_182' title='bbox 3535 1347 3788 1400; x_wconf 83' lang='lat' dir='ltr'><strong>Thomas</strong></span> 
     </span>
    </p>
   </div>
   <div class='ocr_carea' id='block_1_29' title="bbox 2190 1432 3789 1512">
    <p class='ocr_par' dir='ltr' id='par_1_29' title="bbox 2190 1432 3789 1512">
     <span class='ocr_line' id='line_1_29' title="bbox 2190 1432 3789 1512; baseline -0.005 -18"><span class='ocrx_word' id='word_1_183' title='bbox 2190 1443 2482 1512; x_wconf 65' lang='lat' dir='ltr'><strong>presbyter</strong></span> <span class='ocrx_word' id='word_1_184' title='bbox 2503 1441 2570 1493; x_wconf 88' lang='lat' dir='ltr'><strong>ad</strong></span> <span class='ocrx_word' id='word_1_185' title='bbox 2602 1439 2958 1508; x_wconf 85' lang='lat' dir='ltr'><strong>sepulchrum</strong></span> <span class='ocrx_word' id='word_1_186' title='bbox 2999 1436 3217 1491; x_wconf 90' lang='lat' dir='ltr'><strong>Domini</strong></span> <span class='ocrx_word' id='word_1_187' title='bbox 3240 1435 3655 1496; x_wconf 84' lang='lat' dir='ltr'><strong>demorarelur,</strong></span> <span class='ocrx_word' id='word_1_188' title='bbox 3695 1432 3789 1487; x_wconf 89' lang='lat' dir='ltr'><strong>ubi</strong></span> 
     </span>
    </p>
   </div>
   <div class='ocr_carea' id='block_1_30' title="bbox 2188 1523 3790 1596">
    <p class='ocr_par' dir='ltr' id='par_1_30' title="bbox 2188 1523 3790 1596">
     <span class='ocr_line' id='line_1_30' title="bbox 2188 1523 3790 1596; baseline -0.005 -12"><span class='ocrx_word' id='word_1_189' title='bbox 2188 1532 2254 1584; x_wconf 87' lang='lat' dir='ltr'><strong>ad</strong></span> <span class='ocrx_word' id='word_1_190' title='bbox 2266 1533 2508 1584; x_wconf 89' lang='lat' dir='ltr'><strong>monitus</strong></span> <span class='ocrx_word' id='word_1_191' title='bbox 2527 1546 2556 1581; x_wconf 88' lang='lat' dir='ltr'><strong>a</strong></span> <span class='ocrx_word' id='word_1_192' title='bbox 2581 1529 2756 1582; x_wconf 88' lang='lat' dir='ltr'><strong>Maria</strong></span> <span class='ocrx_word' id='word_1_193' title='bbox 2783 1543 3007 1596; x_wconf 81' lang='lat' dir='ltr'><strong>semper</strong></span> <span class='ocrx_word' id='word_1_194' title='bbox 3025 1524 3235 1595; x_wconf 85' lang='lat' dir='ltr'><strong>virgine</strong></span> <span class='ocrx_word' id='word_1_195' title='bbox 3259 1523 3469 1594; x_wconf 79' lang='lat' dir='ltr'><strong>Deique</strong></span> <span class='ocrx_word' id='word_1_196' title='bbox 3489 1523 3790 1594; x_wconf 85' lang='lat' dir='ltr'><strong>genitrice,</strong></span> 
     </span>
    </p>
   </div>
   <div class='ocr_carea' id='block_1_31' title="bbox 2188 1613 3790 1682">
    <p class='ocr_par' dir='ltr' id='par_1_31' title="bbox 2188 1613 3790 1682">
     <span class='ocr_line' id='line_1_31' title="bbox 2188 1613 3790 1682; baseline -0.003 -11"><span class='ocrx_word' id='word_1_197' title='bbox 2188 1619 2258 1672; x_wconf 90' lang='lat' dir='ltr'><strong>ad</strong></span> <span class='ocrx_word' id='word_1_198' title='bbox 2286 1619 2502 1672; x_wconf 84' lang='lat' dir='ltr'><strong>italiam</strong></span> <span class='ocrx_word' id='word_1_199' title='bbox 2535 1633 2789 1670; x_wconf 82' lang='lat' dir='ltr'><strong>reversus</strong></span> <span class='ocrx_word' id='word_1_200' title='bbox 2815 1624 2920 1678; x_wconf 79' lang='lat' dir='ltr'><strong>est,</strong></span> <span class='ocrx_word' id='word_1_201' title='bbox 2951 1625 3007 1668; x_wconf 83' lang='lat' dir='ltr'><strong>et</strong></span> <span class='ocrx_word' id='word_1_202' title='bbox 3037 1615 3140 1668; x_wconf 90' lang='lat' dir='ltr'><strong>hoc</strong></span> <span class='ocrx_word' id='word_1_203' title='bbox 3168 1630 3281 1666; x_wconf 78' lang='lat' dir='ltr'><strong>san</strong></span> <span class='ocrx_word' id='word_1_204' title='bbox 3302 1619 3420 1667; x_wconf 90' lang='lat' dir='ltr'><strong>tum</strong></span> <span class='ocrx_word' id='word_1_205' title='bbox 3465 1613 3587 1682; x_wconf 88' lang='lat' dir='ltr'><strong>jam</strong></span> <span class='ocrx_word' id='word_1_206' title='bbox 3619 1613 3790 1666; x_wconf 82' lang='lat' dir='ltr'><strong>deso-</strong></span> 
     </span>
    </p>
   </div>
   <div class='ocr_carea' id='block_1_32' title="bbox 2187 1700 3792 1776">
    <p class='ocr_par' dir='ltr' id='par_1_32' title="bbox 2187 1700 3792 1776">
     <span class='ocr_line' id='line_1_32' title="bbox 2187 1700 3792 1776; baseline -0.002 -16"><span class='ocrx_word' id='word_1_207' title='bbox 2187 1707 2361 1760; x_wconf 86' lang='lat' dir='ltr'><strong>latum</strong></span> <span class='ocrx_word' id='word_1_208' title='bbox 2409 1705 2638 1776; x_wconf 86' lang='lat' dir='ltr'><strong>reperiit</strong></span> <span class='ocrx_word' id='word_1_209' title='bbox 2680 1703 3101 1758; x_wconf 80' lang='lat' dir='ltr'><strong>monasterium.</strong></span> <span class='ocrx_word' id='word_1_210' title='bbox 3143 1703 3316 1772; x_wconf 86' lang='lat' dir='ltr'><strong>Cujus</strong></span> <span class='ocrx_word' id='word_1_211' title='bbox 3346 1701 3562 1756; x_wconf 87' lang='lat' dir='ltr'><strong>scilicet</strong></span> <span class='ocrx_word' id='word_1_212' title='bbox 3587 1700 3792 1756; x_wconf 84' lang='lat' dir='ltr'><strong>beatis-</strong></span> 
     </span>
    </p>
   </div>
   <div class='ocr_carea' id='block_1_33' title="bbox 501 1781 3791 1866">
    <p class='ocr_par' dir='ltr' id='par_1_33' title="bbox 501 1781 3791 1866">
     <span class='ocr_line' id='line_1_33' title="bbox 501 1781 3791 1866; baseline -0.001 -18"><span class='ocrx_word' id='word_1_213' title='bbox 501 1793 860 1864; x_wconf 88' lang='lat' dir='ltr'><strong>episcopatus</strong></span> <span class='ocrx_word' id='word_1_214' title='bbox 911 1810 1039 1850; x_wconf 88' lang='lat' dir='ltr'><strong>vero</strong></span> <span class='ocrx_word' id='word_1_215' title='bbox 1099 1796 1244 1850; x_wconf 74' lang='lat' dir='ltr'><strong>xxvi)</strong></span> <span class='ocrx_word' id='word_1_216' title='bbox 1291 1793 1346 1847; x_wconf 91' lang='lat' dir='ltr'><strong>in</strong></span> <span class='ocrx_word' id='word_1_217' title='bbox 1399 1793 1596 1847; x_wconf 88' lang='lat' dir='ltr'><strong>Galliis</strong></span> <span class='ocrx_word' id='word_1_218' title='bbox 1641 1795 1786 1864; x_wconf 88' lang='lat' dir='ltr'><strong>apud</strong></span> <span class='ocrx_word' id='word_1_219' title='bbox 1826 1795 2099 1860; x_wconf 89' lang='lat' dir='ltr'><strong>Turonos,</strong></span> <span class='ocrx_word' id='word_1_220' title='bbox 2126 1781 2310 1850; x_wconf 73' lang='lat' dir='ltr'><strong>l3simi</strong></span> <span class='ocrx_word' id='word_1_221' title='bbox 2340 1797 2568 1850; x_wconf 70' lang='lat' dir='ltr'><strong>Thomte</strong></span> <span class='ocrx_word' id='word_1_222' title='bbox 2587 1794 2783 1866; x_wconf 83' lang='lat' dir='ltr'><strong>pretati</strong></span> <span class='ocrx_word' id='word_1_223' title='bbox 2817 1793 3036 1847; x_wconf 89' lang='lat' dir='ltr'><strong>abbatis</strong></span> <span class='ocrx_word' id='word_1_224' title='bbox 3062 1792 3187 1846; x_wconf 75' lang='lat' dir='ltr'><strong>felix</strong></span> <span class='ocrx_word' id='word_1_225' title='bbox 3219 1799 3276 1846; x_wconf 91' lang='lat' dir='ltr'><strong>et</strong></span> <span class='ocrx_word' id='word_1_226' title='bbox 3305 1790 3616 1859; x_wconf 75' lang='lat' dir='ltr'><strong>gloriosum</strong></span> <span class='ocrx_word' id='word_1_227' title='bbox 3651 1798 3791 1844; x_wconf 88' lang='lat' dir='ltr'><strong>tem-</strong></span> 
     </span>
    </p>
   </div>
   <div class='ocr_carea' id='block_1_34' title="bbox 501 1880 2101 1953">
    <p class='ocr_par' dir='ltr' id='par_1_34' title="bbox 501 1880 2101 1953">
     <span class='ocr_line' id='line_1_34' title="bbox 501 1880 2101 1953; baseline 0.003 -17"><span class='ocrx_word' id='word_1_228' title='bbox 501 1881 653 1953; x_wconf 85' lang='lat' dir='ltr'><strong>apud</strong></span> <span class='ocrx_word' id='word_1_229' title='bbox 689 1880 984 1936; x_wconf 75' lang='lat' dir='ltr'><strong>Bethleem</strong></span> <span class='ocrx_word' id='word_1_230' title='bbox 1029 1881 1422 1952; x_wconf 85' lang='lat' dir='ltr'><strong>Hieronymus,</strong></span> <span class='ocrx_word' id='word_1_231' title='bbox 1458 1881 1551 1952; x_wconf 92' lang='lat' dir='ltr'><strong>qui</strong></span> <span class='ocrx_word' id='word_1_232' title='bbox 1599 1883 1833 1952; x_wconf 77' lang='lat' dir='ltr'><strong>expletis</strong></span> <span class='ocrx_word' id='word_1_233' title='bbox 1874 1898 1963 1937; x_wconf 83' lang='lat' dir='ltr'><strong>XCI</strong></span> <span class='ocrx_word' id='word_1_234' title='bbox 1994 1887 2101 1940; x_wconf 90' lang='lat' dir='ltr'><strong>vite</strong></span> 
     </span>
    </p>
   </div>
   <div class='ocr_carea' id='block_1_35' title="bbox 500 1969 2096 2040">
    <p class='ocr_par' dir='ltr' id='par_1_35' title="bbox 500 1969 2096 2040">
     <span class='ocr_line' id='line_1_35' title="bbox 500 1969 2096 2040; baseline 0.003 -16"><span class='ocrx_word' id='word_1_235' title='bbox 500 1969 682 2026; x_wconf 87' lang='lat' dir='ltr'><strong>annis.</strong></span> <span class='ocrx_word' id='word_1_236' title='bbox 715 1969 783 2023; x_wconf 89' lang='lat' dir='ltr'><strong>ad</strong></span> <span class='ocrx_word' id='word_1_237' title='bbox 809 1969 1096 2024; x_wconf 83' lang='lat' dir='ltr'><strong>Christum</strong></span> <span class='ocrx_word' id='word_1_238' title='bbox 1114 1970 1554 2040; x_wconf 86' lang='lat' dir='ltr'><strong>migravit.velut</strong></span> <span class='ocrx_word' id='word_1_239' title='bbox 1575 1970 1757 2024; x_wconf 86' lang='lat' dir='ltr'><strong>sidera</strong></span> <span class='ocrx_word' id='word_1_240' title='bbox 1783 1972 2096 2028; x_wconf 86' lang='lat' dir='ltr'><strong>radiabant.</strong></span> 
     </span>
    </p>
   </div>
   <div class='ocr_carea' id='block_1_36' title="bbox 500 2057 2099 2129">
    <p class='ocr_par' dir='ltr' id='par_1_36' title="bbox 500 2057 2099 2129">
     <span class='ocr_line' id='line_1_36' title="bbox 500 2057 2099 2129; baseline 0.003 -16"><span class='ocrx_word' id='word_1_241' title='bbox 500 2057 844 2128; x_wconf 81' lang='lat' dir='ltr'><strong>Radagisius</strong></span> <span class='ocrx_word' id='word_1_242' title='bbox 895 2075 988 2113; x_wconf 85' lang='lat' dir='ltr'><strong>rex</strong></span> <span class='ocrx_word' id='word_1_243' title='bbox 1037 2059 1370 2112; x_wconf 82' lang='lat' dir='ltr'><strong>Gothorum.</strong></span> <span class='ocrx_word' id='word_1_244' title='bbox 1404 2058 1496 2129; x_wconf 90' lang='lat' dir='ltr'><strong>qui</strong></span> <span class='ocrx_word' id='word_1_245' title='bbox 1545 2059 1747 2112; x_wconf 88' lang='lat' dir='ltr'><strong>virtute</strong></span> <span class='ocrx_word' id='word_1_246' title='bbox 1791 2067 1848 2113; x_wconf 92' lang='lat' dir='ltr'><strong>et</strong></span> <span class='ocrx_word' id='word_1_247' title='bbox 1897 2069 2099 2117; x_wconf 83' lang='lat' dir='ltr'><strong>natura</strong></span> 
     </span>
    </p>
   </div>
   <div class='ocr_carea' id='block_1_37' title="bbox 497 2145 2094 2219">
    <p class='ocr_par' dir='ltr' id='par_1_37' title="bbox 497 2145 2094 2219">
     <span class='ocr_line' id='line_1_37' title="bbox 497 2145 2094 2219; baseline 0.004 -19"><span class='ocrx_word' id='word_1_248' title='bbox 497 2145 774 2201; x_wconf 86' lang='lat' dir='ltr'><strong>barbarus</strong></span> <span class='ocrx_word' id='word_1_249' title='bbox 819 2154 942 2202; x_wconf 88' lang='lat' dir='ltr'><strong>erat</strong></span> <span class='ocrx_word' id='word_1_250' title='bbox 987 2154 1046 2202; x_wconf 88' lang='lat' dir='ltr'><strong>et</strong></span> <span class='ocrx_word' id='word_1_251' title='bbox 1093 2149 1299 2219; x_wconf 83' lang='lat' dir='ltr'><strong>Scytha</strong></span> <span class='ocrx_word' id='word_1_252' title='bbox 1369 2147 1578 2201; x_wconf 81' lang='lat' dir='ltr'><strong>habens</strong></span> <span class='ocrx_word' id='word_1_253' title='bbox 1623 2165 1808 2201; x_wconf 89' lang='lat' dir='ltr'><strong>secum</strong></span> <span class='ocrx_word' id='word_1_254' title='bbox 1869 2165 1996 2204; x_wconf 81' lang='lat' dir='ltr'><strong>ccxc</strong></span> <span class='ocrx_word' id='word_1_255' title='bbox 2037 2170 2094 2206; x_wconf 74' lang='grc' dir='ltr'><strong>Μ.</strong></span> 
     </span>
    </p>
   </div>
   <div class='ocr_carea' id='block_1_38' title="bbox 500 2235 2092 2309">
    <p class='ocr_par' dir='ltr' id='par_1_38' title="bbox 500 2235 2092 2309">
     <span class='ocr_line' id='line_1_38' title="bbox 500 2235 2092 2309; baseline 0.001 -19"><span class='ocrx_word' id='word_1_256' title='bbox 500 2235 778 2292; x_wconf 89' lang='lat' dir='ltr'><strong>homines.</strong></span> <span class='ocrx_word' id='word_1_257' title='bbox 813 2238 992 2307; x_wconf 91' lang='lat' dir='ltr'><strong>primo</strong></span> <span class='ocrx_word' id='word_1_258' title='bbox 1027 2237 1292 2291; x_wconf 85' lang='lat' dir='ltr'><strong>Hitaliam</strong></span> <span class='ocrx_word' id='word_1_259' title='bbox 1317 2236 1640 2292; x_wconf 86' lang='lat' dir='ltr'><strong>devastavit.</strong></span> <span class='ocrx_word' id='word_1_260' title='bbox 1679 2239 2092 2309; x_wconf 82' lang='lat' dir='ltr'><strong>ltemquepost,</strong></span> 
     </span>
    </p>
   </div>
   <div class='ocr_carea' id='block_1_39' title="bbox 499 2326 2098 2395">
    <p class='ocr_par' dir='ltr' id='par_1_39' title="bbox 499 2326 2098 2395">
     <span class='ocr_line' id='line_1_39' title="bbox 499 2326 2098 2395; baseline 0.002 -17"><span class='ocrx_word' id='word_1_261' title='bbox 499 2333 773 2395; x_wconf 78' lang='lat' dir='ltr'><strong>regnante</strong></span> <span class='ocrx_word' id='word_1_262' title='bbox 803 2326 976 2380; x_wconf 84' lang='lat' dir='ltr'><strong>fratre</strong></span> <span class='ocrx_word' id='word_1_263' title='bbox 1005 2327 1126 2394; x_wconf 84' lang='lat' dir='ltr'><strong>ejus</strong></span> <span class='ocrx_word' id='word_1_264' title='bbox 1159 2326 1736 2382; x_wconf 79' lang='lat' dir='ltr'><strong>Houorio.ilalarirus</strong></span> <span class='ocrx_word' id='word_1_265' title='bbox 1771 2345 1861 2379; x_wconf 85' lang='lat' dir='ltr'><strong>rex</strong></span> <span class='ocrx_word' id='word_1_266' title='bbox 1893 2328 2098 2381; x_wconf 89' lang='lat' dir='ltr'><strong>Gotho-</strong></span> 
     </span>
    </p>
   </div>
   <div class='ocr_carea' id='block_1_40' title="bbox 499 2414 2097 2484">
    <p class='ocr_par' dir='ltr' id='par_1_40' title="bbox 499 2414 2097 2484">
     <span class='ocr_line' id='line_1_40' title="bbox 499 2414 2097 2484; baseline 0.002 -18"><span class='ocrx_word' id='word_1_267' title='bbox 499 2429 626 2467; x_wconf 85' lang='lat' dir='ltr'><strong>rum</strong></span> <span class='ocrx_word' id='word_1_268' title='bbox 659 2414 892 2467; x_wconf 88' lang='lat' dir='ltr'><strong>Romam</strong></span> <span class='ocrx_word' id='word_1_269' title='bbox 925 2414 1144 2470; x_wconf 82' lang='lat' dir='ltr'><strong>invasit.</strong></span> <span class='ocrx_word' id='word_1_270' title='bbox 1179 2421 1510 2484; x_wconf 81' lang='lat' dir='ltr'><strong>partemque</strong></span> <span class='ocrx_word' id='word_1_271' title='bbox 1557 2416 1680 2482; x_wconf 78' lang='lat' dir='ltr'><strong>cjus</strong></span> <span class='ocrx_word' id='word_1_272' title='bbox 1732 2415 1858 2480; x_wconf 70' lang='lat' dir='ltr'><strong>igne</strong></span> <span class='ocrx_word' id='word_1_273' title='bbox 1889 2433 2097 2470; x_wconf 86' lang='lat' dir='ltr'><strong>crema-</strong></span> 
     </span>
    </p>
   </div>
   <div class='ocr_carea' id='block_1_41' title="bbox 497 2501 2094 2574">
    <p class='ocr_par' dir='ltr' id='par_1_41' title="bbox 497 2501 2094 2574">
     <span class='ocr_line' id='line_1_41' title="bbox 497 2501 2094 2574; baseline 0.004 -20"><span class='ocrx_word' id='word_1_274' title='bbox 497 2501 580 2556; x_wconf 76' lang='lat' dir='ltr'><strong>vit</strong></span> <span class='ocrx_word' id='word_1_275' title='bbox 609 2514 732 2555; x_wconf 85' lang='lat' dir='ltr'><strong>Vlu°</strong></span> <span class='ocrx_word' id='word_1_276' title='bbox 765 2503 999 2556; x_wconf 86' lang='lat' dir='ltr'><strong>Kalend.</strong></span> <span class='ocrx_word' id='word_1_277' title='bbox 1054 2504 1341 2574; x_wconf 85' lang='lat' dir='ltr'><strong>Septemb.</strong></span> <span class='ocrx_word' id='word_1_278' title='bbox 1393 2519 1540 2556; x_wconf 87' lang='lat' dir='ltr'><strong>anno</strong></span> <span class='ocrx_word' id='word_1_279' title='bbox 1587 2504 1924 2558; x_wconf 86' lang='lat' dir='ltr'><strong>conditionis</strong></span> <span class='ocrx_word' id='word_1_280' title='bbox 1973 2507 2094 2574; x_wconf 86' lang='lat' dir='ltr'><strong>ejus</strong></span> 
     </span>
    </p>
   </div>
   <div class='ocr_carea' id='block_1_42' title="bbox 504 2587 2098 2662">
    <p class='ocr_par' dir='ltr' id='par_1_42' title="bbox 504 2587 2098 2662">
     <span class='ocr_line' id='line_1_42' title="bbox 504 2587 2098 2662; baseline -0.004 -16"><span class='ocrx_word' id='word_1_281' title='bbox 504 2587 638 2646; x_wconf 80' lang='lat' dir='ltr'><strong>ll6’t</strong></span> <span class='ocrx_word' id='word_1_282' title='bbox 667 2609 681 2654; x_wconf 86' lang='lat'><strong>;</strong></span> <span class='ocrx_word' id='word_1_283' title='bbox 713 2607 777 2644; x_wconf 89' lang='lat' dir='ltr'><strong>ac</strong></span> <span class='ocrx_word' id='word_1_284' title='bbox 808 2591 896 2644; x_wconf 88' lang='lat' dir='ltr'><strong>die</strong></span> <span class='ocrx_word' id='word_1_285' title='bbox 926 2597 1082 2646; x_wconf 89' lang='lat' dir='ltr'><strong>sexta</strong></span> <span class='ocrx_word' id='word_1_286' title='bbox 1113 2599 1406 2662; x_wconf 84' lang='lat' dir='ltr'><strong>postquam</strong></span> <span class='ocrx_word' id='word_1_287' title='bbox 1441 2591 1624 2644; x_wconf 84' lang='lat' dir='ltr'><strong>fuerat</strong></span> <span class='ocrx_word' id='word_1_288' title='bbox 1653 2592 1707 2644; x_wconf 92' lang='lat' dir='ltr'><strong>in</strong></span> <span class='ocrx_word' id='word_1_289' title='bbox 1740 2610 1862 2644; x_wconf 87' lang='lat' dir='ltr'><strong>eam</strong></span> <span class='ocrx_word' id='word_1_290' title='bbox 1890 2593 2098 2662; x_wconf 85' lang='lat' dir='ltr'><strong>ingres-</strong></span> 
     </span>
    </p>
   </div>
   <div class='ocr_carea' id='block_1_43' title="bbox 498 2679 2096 2750">
    <p class='ocr_par' dir='ltr' id='par_1_43' title="bbox 498 2679 2096 2750">
     <span class='ocr_line' id='line_1_43' title="bbox 498 2679 2096 2750; baseline 0.003 -18"><span class='ocrx_word' id='word_1_291' title='bbox 498 2694 615 2744; x_wconf 88' lang='lat' dir='ltr'><strong>sus,</strong></span> <span class='ocrx_word' id='word_1_292' title='bbox 659 2679 964 2750; x_wconf 87' lang='lat' dir='ltr'><strong>depredata</strong></span> <span class='ocrx_word' id='word_1_293' title='bbox 995 2680 1130 2734; x_wconf 89' lang='lat' dir='ltr'><strong>urbe</strong></span> <span class='ocrx_word' id='word_1_294' title='bbox 1157 2697 1416 2747; x_wconf 72' lang='lat' dir='ltr'><strong>egressus</strong></span> <span class='ocrx_word' id='word_1_295' title='bbox 1442 2687 1546 2743; x_wconf 89' lang='lat' dir='ltr'><strong>est,</strong></span> <span class='ocrx_word' id='word_1_296' title='bbox 1588 2697 1711 2734; x_wconf 91' lang='lat' dir='ltr'><strong>cum</strong></span> <span class='ocrx_word' id='word_1_297' title='bbox 1747 2679 2096 2737; x_wconf 86' lang='lat' dir='ltr'><strong>Incarnatio-</strong></span> 
     </span>
    </p>
   </div>
   <div class='ocr_carea' id='block_1_44' title="bbox 498 2767 1548 2838">
    <p class='ocr_par' dir='ltr' id='par_1_44' title="bbox 498 2767 1548 2838">
     <span class='ocr_line' id='line_1_44' title="bbox 498 2767 1548 2838; baseline 0 -18"><span class='ocrx_word' id='word_1_298' title='bbox 498 2767 588 2822; x_wconf 85' lang='lat' dir='ltr'><strong>nis</strong></span> <span class='ocrx_word' id='word_1_299' title='bbox 615 2769 902 2823; x_wconf 91' lang='lat' dir='ltr'><strong>Dominice</strong></span> <span class='ocrx_word' id='word_1_300' title='bbox 931 2775 1194 2838; x_wconf 82' lang='lat' dir='ltr'><strong>ageretur</strong></span> <span class='ocrx_word' id='word_1_301' title='bbox 1219 2785 1398 2822; x_wconf 89' lang='lat' dir='ltr'><strong>annus</strong></span> <span class='ocrx_word' id='word_1_302' title='bbox 1427 2767 1548 2822; x_wconf 70' lang='grc'><strong>413.</strong></span> 
     </span>
    </p>
   </div>
   <div class='ocr_carea' id='block_1_45' title="bbox 570 2857 2094 2927">
    <p class='ocr_par' dir='ltr' id='par_1_45' title="bbox 570 2857 2094 2927">
     <span class='ocr_line' id='line_1_45' title="bbox 570 2857 2094 2927; baseline 0.001 -15"><span class='ocrx_word' id='word_1_303' title='bbox 570 2857 712 2912; x_wconf 91' lang='lat' dir='ltr'><strong>Tum</strong></span> <span class='ocrx_word' id='word_1_304' title='bbox 746 2858 914 2912; x_wconf 88' lang='lat' dir='ltr'><strong>etiam</strong></span> <span class='ocrx_word' id='word_1_305' title='bbox 957 2858 1104 2926; x_wconf 89' lang='lat' dir='ltr'><strong>apud</strong></span> <span class='ocrx_word' id='word_1_306' title='bbox 1146 2857 1582 2927; x_wconf 74' lang='lat' dir='ltr'><strong>Ypponiregium</strong></span> <span class='ocrx_word' id='word_1_307' title='bbox 1634 2859 2094 2927; x_wconf 81' lang='lat' dir='ltr'><strong>fulgentissimus,</strong></span> 
     </span>
    </p>
   </div>
   <div class='ocr_carea' id='block_1_46' title="bbox 495 2945 2096 3020">
    <p class='ocr_par' dir='ltr' id='par_1_46' title="bbox 495 2945 2096 3020">
     <span class='ocr_line' id='line_1_46' title="bbox 495 2945 2096 3020; baseline 0.004 -22"><span class='ocrx_word' id='word_1_308' title='bbox 495 2946 782 3017; x_wconf 89' lang='lat' dir='ltr'><strong>totiusque</strong></span> <span class='ocrx_word' id='word_1_309' title='bbox 805 2945 1040 3000; x_wconf 81' lang='lat' dir='ltr'><strong>florebat</strong></span> <span class='ocrx_word' id='word_1_310' title='bbox 1073 2945 1340 3015; x_wconf 84' lang='lat' dir='ltr'><strong>magister</strong></span> <span class='ocrx_word' id='word_1_311' title='bbox 1358 2945 1597 3000; x_wconf 85' lang='lat' dir='ltr'><strong>Ecclesie</strong></span> <span class='ocrx_word' id='word_1_312' title='bbox 1626 2955 1657 2997; x_wconf 96' lang='lat'><strong>.\</strong></span> <span class='ocrx_word' id='word_1_313' title='bbox 1671 2949 1966 3016; x_wconf 86' lang='lat' dir='ltr'><strong>ugustiuus</strong></span> <span class='ocrx_word' id='word_1_314' title='bbox 2005 2953 2096 3020; x_wconf 90' lang='lat' dir='ltr'><strong>qui</strong></span> 
     </span>
    </p>
   </div>
   <div class='ocr_carea' id='block_1_47' title="bbox 495 3033 2100 3105">
    <p class='ocr_par' dir='ltr' id='par_1_47' title="bbox 495 3033 2100 3105">
     <span class='ocr_line' id='line_1_47' title="bbox 495 3033 2100 3105; baseline 0.005 -21"><span class='ocrx_word' id='word_1_315' title='bbox 495 3033 666 3088; x_wconf 84' lang='lat' dir='ltr'><strong>tertio</strong></span> <span class='ocrx_word' id='word_1_316' title='bbox 715 3034 890 3105; x_wconf 89' lang='lat' dir='ltr'><strong>ipsius</strong></span> <span class='ocrx_word' id='word_1_317' title='bbox 936 3033 1177 3088; x_wconf 71' lang='lat' dir='ltr'><strong>civitatis</strong></span> <span class='ocrx_word' id='word_1_318' title='bbox 1240 3033 1544 3087; x_wconf 84' lang='lat' dir='ltr'><strong>obsidionis</strong></span> <span class='ocrx_word' id='word_1_319' title='bbox 1595 3052 1802 3093; x_wconf 84' lang='lat' dir='ltr'><strong>mense.</strong></span> <span class='ocrx_word' id='word_1_320' title='bbox 1835 3054 1880 3088; x_wconf 77' lang='lat' dir='ltr'><strong>Vl</strong></span> <span class='ocrx_word' id='word_1_321' title='bbox 1913 3047 1970 3090; x_wconf 90' lang='lat' dir='ltr'><strong>et</strong></span> <span class='ocrx_word' id='word_1_322' title='bbox 1998 3053 2100 3092; x_wconf 78' lang='lat' dir='ltr'><strong>LXX</strong></span> 
     </span>
    </p>
   </div>
   <div class='ocr_carea' id='block_1_48' title="bbox 2183 1883 3788 1956">
    <p class='ocr_par' dir='ltr' id='par_1_48' title="bbox 2183 1883 3788 1956">
     <span class='ocr_line' id='line_1_48' title="bbox 2183 1883 3788 1956; baseline -0.002 -17"><span class='ocrx_word' id='word_1_323' title='bbox 2183 1903 2287 1956; x_wconf 91' lang='lat' dir='ltr'><strong>pus</strong></span> <span class='ocrx_word' id='word_1_324' title='bbox 2315 1903 2417 1939; x_wconf 89' lang='lat' dir='ltr'><strong>nos</strong></span> <span class='ocrx_word' id='word_1_325' title='bbox 2446 1902 2543 1955; x_wconf 90' lang='lat' dir='ltr'><strong>per</strong></span> <span class='ocrx_word' id='word_1_326' title='bbox 2586 1901 2764 1938; x_wconf 87' lang='lat' dir='ltr'><strong>annos</strong></span> <span class='ocrx_word' id='word_1_327' title='bbox 2811 1883 3139 1952; x_wconf 77' lang='lat' dir='ltr'><strong>pontiﬁcum</strong></span> <span class='ocrx_word' id='word_1_328' title='bbox 3187 1887 3244 1935; x_wconf 91' lang='lat' dir='ltr'><strong>et</strong></span> <span class='ocrx_word' id='word_1_329' title='bbox 3295 1890 3552 1951; x_wconf 88' lang='lat' dir='ltr'><strong>tempora</strong></span> <span class='ocrx_word' id='word_1_330' title='bbox 3586 1897 3788 1950; x_wconf 87' lang='lat' dir='ltr'><strong>regum</strong></span> 
     </span>
    </p>
   </div>
   <div class='ocr_carea' id='block_1_49' title="bbox 2181 1969 3786 2044">
    <p class='ocr_par' dir='ltr' id='par_1_49' title="bbox 2181 1969 3786 2044">
     <span class='ocr_line' id='line_1_49' title="bbox 2181 1969 3786 2044; baseline -0.004 -16"><span class='ocrx_word' id='word_1_331' title='bbox 2181 1975 2672 2044; x_wconf 84' lang='lat' dir='ltr'><strong>successionesque</strong></span> <span class='ocrx_word' id='word_1_332' title='bbox 2724 1972 3012 2032; x_wconf 85' lang='lat' dir='ltr'><strong>abbatum,</strong></span> <span class='ocrx_word' id='word_1_333' title='bbox 3064 1986 3278 2023; x_wconf 86' lang='lat' dir='ltr'><strong>necnon</strong></span> <span class='ocrx_word' id='word_1_334' title='bbox 3330 1976 3387 2023; x_wconf 90' lang='lat' dir='ltr'><strong>et</strong></span> <span class='ocrx_word' id='word_1_335' title='bbox 3432 1969 3786 2023; x_wconf 86' lang='lat' dir='ltr'><strong>cartularum</strong></span> 
     </span>
    </p>
   </div>
   <div class='ocr_carea' id='block_1_50' title="bbox 2182 2059 3784 2132">
    <p class='ocr_par' dir='ltr' id='par_1_50' title="bbox 2182 2059 3784 2132">
     <span class='ocr_line' id='line_1_50' title="bbox 2182 2059 3784 2132; baseline -0.002 -17"><span class='ocrx_word' id='word_1_336' title='bbox 2182 2063 2622 2132; x_wconf 85' lang='lat' dir='ltr'><strong>subscriptarum</strong></span> <span class='ocrx_word' id='word_1_337' title='bbox 2673 2061 3004 2114; x_wconf 73' lang='lat' dir='ltr'><strong>indictiones</strong></span> <span class='ocrx_word' id='word_1_338' title='bbox 3035 2059 3380 2112; x_wconf 82' lang='lat' dir='ltr'><strong>enucleatius</strong></span> <span class='ocrx_word' id='word_1_339' title='bbox 3409 2065 3466 2112; x_wconf 87' lang='lat' dir='ltr'><strong>et</strong></span> <span class='ocrx_word' id='word_1_340' title='bbox 3497 2059 3784 2128; x_wconf 83' lang='lat' dir='ltr'><strong>perspica-</strong></span> 
     </span>
    </p>
   </div>
   <div class='ocr_carea' id='block_1_51' title="bbox 2181 2147 3787 2218">
    <p class='ocr_par' dir='ltr' id='par_1_51' title="bbox 2181 2147 3787 2218">
     <span class='ocr_line' id='line_1_51' title="bbox 2181 2147 3787 2218; baseline -0.001 -14"><span class='ocrx_word' id='word_1_341' title='bbox 2181 2151 2302 2204; x_wconf 91' lang='lat' dir='ltr'><strong>cius</strong></span> <span class='ocrx_word' id='word_1_342' title='bbox 2331 2151 2674 2218; x_wconf 76' lang='lat' dir='ltr'><strong>colligentes.</strong></span> <span class='ocrx_word' id='word_1_343' title='bbox 2708 2149 3019 2202; x_wconf 74' lang='lat' dir='ltr'><strong>invenimus</strong></span> <span class='ocrx_word' id='word_1_344' title='bbox 3048 2148 3218 2202; x_wconf 83' lang='lat' dir='ltr'><strong>fuisse</strong></span> <span class='ocrx_word' id='word_1_345' title='bbox 3261 2147 3787 2202; x_wconf 82' lang='lat' dir='ltr'><strong>circa.Incarnatio-</strong></span> 
     </span>
    </p>
   </div>
   <div class='ocr_carea' id='block_1_52' title="bbox 2183 2232 3784 2303">
    <p class='ocr_par' dir='ltr' id='par_1_52' title="bbox 2183 2232 3784 2303">
     <span class='ocr_line' id='line_1_52' title="bbox 2183 2232 3784 2303; baseline -0.001 -12"><span class='ocrx_word' id='word_1_346' title='bbox 2183 2240 2268 2291; x_wconf 84' lang='lat' dir='ltr'><strong>nis</strong></span> <span class='ocrx_word' id='word_1_347' title='bbox 2327 2239 2605 2292; x_wconf 88' lang='lat' dir='ltr'><strong>Dominice</strong></span> <span class='ocrx_word' id='word_1_348' title='bbox 2647 2254 2822 2291; x_wconf 87' lang='lat' dir='ltr'><strong>annos</strong></span> <span class='ocrx_word' id='word_1_349' title='bbox 2867 2238 2989 2303; x_wconf 82' lang='lat' dir='ltr'><strong>plus</strong></span> <span class='ocrx_word' id='word_1_350' title='bbox 3057 2236 3240 2288; x_wconf 89' lang='lat' dir='ltr'><strong>minus</strong></span> <span class='ocrx_word' id='word_1_351' title='bbox 3291 2232 3415 2300; x_wconf 84' lang='lat'><strong>680,</strong></span> <span class='ocrx_word' id='word_1_352' title='bbox 3473 2235 3784 2290; x_wconf 75' lang='lat' dir='ltr'><strong>indictione</strong></span> 
     </span>
    </p>
   </div>
   <div class='ocr_carea' id='block_1_53' title="bbox 2179 2323 3783 2394">
    <p class='ocr_par' dir='ltr' id='par_1_53' title="bbox 2179 2323 3783 2394">
     <span class='ocr_line' id='line_1_53' title="bbox 2179 2323 3783 2394; baseline -0.001 -15"><span class='ocrx_word' id='word_1_353' title='bbox 2179 2341 2299 2390; x_wconf 74' lang='lat' dir='ltr'><strong>vnn,</strong></span> <span class='ocrx_word' id='word_1_354' title='bbox 2335 2334 2503 2394; x_wconf 67' lang='lat' dir='ltr'><strong>atque</strong></span> <span class='ocrx_word' id='word_1_355' title='bbox 2533 2326 2742 2380; x_wconf 85' lang='lat' dir='ltr'><strong>domini</strong></span> <span class='ocrx_word' id='word_1_356' title='bbox 2783 2324 3052 2379; x_wconf 85' lang='lat' dir='ltr'><strong>Adeodati</strong></span> <span class='ocrx_word' id='word_1_357' title='bbox 3087 2323 3360 2394; x_wconf 86' lang='lat' dir='ltr'><strong>pontiﬁcis</strong></span> <span class='ocrx_word' id='word_1_358' title='bbox 3387 2324 3594 2377; x_wconf 90' lang='lat' dir='ltr'><strong>summi</strong></span> <span class='ocrx_word' id='word_1_359' title='bbox 3632 2341 3783 2378; x_wconf 89' lang='lat' dir='ltr'><strong>anno</strong></span> 
     </span>
    </p>
   </div>
   <div class='ocr_carea' id='block_1_54' title="bbox 2180 2411 3783 2482">
    <p class='ocr_par' dir='ltr' id='par_1_54' title="bbox 2180 2411 3783 2482">
     <span class='ocr_line' id='line_1_54' title="bbox 2180 2411 3783 2482; baseline -0.001 -14"><span class='ocrx_word' id='word_1_360' title='bbox 2180 2431 2251 2476; x_wconf 85' lang='lat' dir='ltr'><strong>1v,</strong></span> <span class='ocrx_word' id='word_1_361' title='bbox 2285 2424 2337 2468; x_wconf 88' lang='lat' dir='ltr'><strong>et</strong></span> <span class='ocrx_word' id='word_1_362' title='bbox 2365 2415 2716 2468; x_wconf 77' lang='lat' dir='ltr'><strong>Constantini</strong></span> <span class='ocrx_word' id='word_1_363' title='bbox 2761 2421 2818 2466; x_wconf 92' lang='lat' dir='ltr'><strong>et</strong></span> <span class='ocrx_word' id='word_1_364' title='bbox 2860 2412 3158 2466; x_wconf 79' lang='lat' dir='ltr'><strong>Justiniani</strong></span> <span class='ocrx_word' id='word_1_365' title='bbox 3197 2429 3262 2464; x_wconf 87' lang='lat' dir='ltr'><strong>ac</strong></span> <span class='ocrx_word' id='word_1_366' title='bbox 3287 2411 3510 2482; x_wconf 74' lang='lat' dir='ltr'><strong>Tyberii</strong></span> <span class='ocrx_word' id='word_1_367' title='bbox 3537 2413 3783 2482; x_wconf 80' lang='lat' dir='ltr'><strong>Augusti</strong></span> 
     </span>
    </p>
   </div>
   <div class='ocr_carea' id='block_1_55' title="bbox 2179 2501 3781 2574">
    <p class='ocr_par' dir='ltr' id='par_1_55' title="bbox 2179 2501 3781 2574">
     <span class='ocr_line' id='line_1_55' title="bbox 2179 2501 3781 2574; baseline -0.002 -16"><span class='ocrx_word' id='word_1_368' title='bbox 2179 2505 2272 2574; x_wconf 91' lang='lat' dir='ltr'><strong>qui</strong></span> <span class='ocrx_word' id='word_1_369' title='bbox 2302 2505 2557 2558; x_wconf 84' lang='lat' dir='ltr'><strong>Tiberius</strong></span> <span class='ocrx_word' id='word_1_370' title='bbox 2583 2505 2978 2571; x_wconf 85' lang='lat' dir='ltr'><strong>imperatorem</strong></span> <span class='ocrx_word' id='word_1_371' title='bbox 3013 2501 3781 2571; x_wconf 83' lang='lat' dir='ltr'><strong>Leonem,qui.lustinianum</strong></span> 
     </span>
    </p>
   </div>
   <div class='ocr_carea' id='block_1_56' title="bbox 2180 2589 3781 2662">
    <p class='ocr_par' dir='ltr' id='par_1_56' title="bbox 2180 2589 3781 2662">
     <span class='ocr_line' id='line_1_56' title="bbox 2180 2589 3781 2662; baseline -0.001 -16"><span class='ocrx_word' id='word_1_372' title='bbox 2180 2597 2490 2659; x_wconf 78' lang='lat' dir='ltr'><strong>Augustum</strong></span> <span class='ocrx_word' id='word_1_373' title='bbox 2541 2593 2869 2662; x_wconf 82' lang='lat' dir='ltr'><strong>projecerat.</strong></span> <span class='ocrx_word' id='word_1_374' title='bbox 2924 2592 3088 2659; x_wconf 89' lang='lat' dir='ltr'><strong>cepit.</strong></span> <span class='ocrx_word' id='word_1_375' title='bbox 3137 2599 3194 2643; x_wconf 88' lang='lat' dir='ltr'><strong>et</strong></span> <span class='ocrx_word' id='word_1_376' title='bbox 3239 2607 3366 2643; x_wconf 89' lang='lat' dir='ltr'><strong>eum</strong></span> <span class='ocrx_word' id='word_1_377' title='bbox 3412 2589 3682 2660; x_wconf 87' lang='lat' dir='ltr'><strong>deinceps</strong></span> <span class='ocrx_word' id='word_1_378' title='bbox 3726 2590 3781 2644; x_wconf 89' lang='lat' dir='ltr'><strong>in</strong></span> 
     </span>
    </p>
   </div>
   <div class='ocr_carea' id='block_1_57' title="bbox 2178 2679 3782 2749">
    <p class='ocr_par' dir='ltr' id='par_1_57' title="bbox 2178 2679 3782 2749">
     <span class='ocr_line' id='line_1_57' title="bbox 2178 2679 3782 2749; baseline 0 -15"><span class='ocrx_word' id='word_1_379' title='bbox 2178 2683 2434 2735; x_wconf 77' lang='lat' dir='ltr'><strong>custodia</strong></span> <span class='ocrx_word' id='word_1_380' title='bbox 2461 2683 2662 2734; x_wconf 85' lang='lat' dir='ltr'><strong>tenuit.</strong></span> <span class='ocrx_word' id='word_1_381' title='bbox 2713 2682 2948 2749; x_wconf 73' lang='lat' dir='ltr'><strong>ejusque</strong></span> <span class='ocrx_word' id='word_1_382' title='bbox 2999 2695 3231 2747; x_wconf 87' lang='lat' dir='ltr'><strong>regnum</strong></span> <span class='ocrx_word' id='word_1_383' title='bbox 3279 2679 3498 2730; x_wconf 80' lang='lat' dir='ltr'><strong>invasit.</strong></span> <span class='ocrx_word' id='word_1_384' title='bbox 3533 2680 3643 2732; x_wconf 87' lang='lat' dir='ltr'><strong>Sed</strong></span> <span class='ocrx_word' id='word_1_385' title='bbox 3687 2696 3782 2734; x_wconf 88' lang='lat' dir='ltr'><strong>eos</strong></span> 
     </span>
    </p>
   </div>
   <div class='ocr_carea' id='block_1_58' title="bbox 2181 2766 3782 2839">
    <p class='ocr_par' dir='ltr' id='par_1_58' title="bbox 2181 2766 3782 2839">
     <span class='ocr_line' id='line_1_58' title="bbox 2181 2766 3782 2839; baseline 0.001 -19"><span class='ocrx_word' id='word_1_386' title='bbox 2181 2769 2534 2839; x_wconf 65' lang='grc' dir='ltr'><strong>μοι-ιιιιυάυιιὶ</strong></span> <span class='ocrx_word' id='word_1_387' title='bbox 2565 2769 2916 2821; x_wconf 74' lang='lat' dir='ltr'><strong>Justinimus</strong></span> <span class='ocrx_word' id='word_1_388' title='bbox 2958 2769 3244 2836; x_wconf 85' lang='lat' dir='ltr'><strong>Augustus</strong></span> <span class='ocrx_word' id='word_1_389' title='bbox 3269 2767 3522 2837; x_wconf 86' lang='lat' dir='ltr'><strong>jugulari</strong></span> <span class='ocrx_word' id='word_1_390' title='bbox 3551 2766 3690 2822; x_wconf 85' lang='lat' dir='ltr'><strong>fecit</strong></span> <span class='ocrx_word' id='word_1_391' title='bbox 3726 2775 3782 2822; x_wconf 88' lang='lat' dir='ltr'><strong>et</strong></span> 
     </span>
    </p>
   </div>
   <div class='ocr_carea' id='block_1_59' title="bbox 2183 2857 2804 2928">
    <p class='ocr_par' dir='ltr' id='par_1_59' title="bbox 2183 2857 2804 2928">
     <span class='ocr_line' id='line_1_59' title="bbox 2183 2857 2804 2928; baseline -0.002 -18"><span class='ocrx_word' id='word_1_392' title='bbox 2183 2858 2554 2928; x_wconf 86' lang='lat' dir='ltr'><strong>principatum</strong></span> <span class='ocrx_word' id='word_1_393' title='bbox 2582 2857 2804 2926; x_wconf 85' lang='lat' dir='ltr'><strong>recepit.</strong></span> 
     </span>
    </p>
   </div>
   <div class='ocr_carea' id='block_1_60' title="bbox 2255 2945 2760 3015">
    <p class='ocr_par' dir='ltr' id='par_1_60' title="bbox 2255 2945 2760 3015">
     <span class='ocr_line' id='line_1_60' title="bbox 2255 2945 2760 3015; baseline -0.002 -16"><span class='ocrx_word' id='word_1_394' title='bbox 2255 2945 2457 3010; x_wconf 84' lang='lat' dir='ltr'><strong>Incipit</strong></span> <span class='ocrx_word' id='word_1_395' title='bbox 2488 2947 2760 3015; x_wconf 60' lang='lat' dir='ltr'><strong>prwfacio.</strong></span> 
     </span>
    </p>
   </div>
   <div class='ocr_carea' id='block_1_61' title="bbox 2253 3033 3781 3104">
    <p class='ocr_par' dir='ltr' id='par_1_61' title="bbox 2253 3033 3781 3104">
     <span class='ocr_line' id='line_1_61' title="bbox 2253 3033 3781 3104; baseline 0.002 -16"><span class='ocrx_word' id='word_1_396' title='bbox 2253 3035 2314 3088; x_wconf 93' lang='lat' dir='ltr'><strong>ln</strong></span> <span class='ocrx_word' id='word_1_397' title='bbox 2347 3035 2468 3104; x_wconf 82' lang='lat' dir='ltr'><strong>lege</strong></span> <span class='ocrx_word' id='word_1_398' title='bbox 2492 3035 2658 3088; x_wconf 86' lang='lat' dir='ltr'><strong>veteri</strong></span> <span class='ocrx_word' id='word_1_399' title='bbox 2677 3033 2910 3104; x_wconf 85' lang='lat' dir='ltr'><strong>jubetur</strong></span> <span class='ocrx_word' id='word_1_400' title='bbox 2927 3040 2990 3088; x_wconf 91' lang='lat' dir='ltr'><strong>ut</strong></span> <span class='ocrx_word' id='word_1_401' title='bbox 3015 3050 3180 3088; x_wconf 91' lang='lat' dir='ltr'><strong>nemo</strong></span> <span class='ocrx_word' id='word_1_402' title='bbox 3208 3033 3418 3088; x_wconf 89' lang='lat' dir='ltr'><strong>sterilis</strong></span> <span class='ocrx_word' id='word_1_403' title='bbox 3439 3039 3496 3088; x_wconf 90' lang='lat' dir='ltr'><strong>et</strong></span> <span class='ocrx_word' id='word_1_404' title='bbox 3523 3033 3581 3088; x_wconf 92' lang='lat' dir='ltr'><strong>in</strong></span> <span class='ocrx_word' id='word_1_405' title='bbox 3605 3037 3781 3090; x_wconf 83' lang='lat' dir='ltr'><strong>Israel</strong></span> 
     </span>
    </p>
   </div>
   <div class='ocr_carea' id='block_1_62' title="bbox 497 3121 3782 3195">
    <p class='ocr_par' dir='ltr' id='par_1_62' title="bbox 497 3121 3782 3195">
     <span class='ocr_line' id='line_1_62' title="bbox 497 3121 3782 3195; baseline 0.001 -19"><span class='ocrx_word' id='word_1_406' title='bbox 497 3121 623 3176; x_wconf 68' lang='lat' dir='ltr'><strong>vitae</strong></span> <span class='ocrx_word' id='word_1_407' title='bbox 643 3137 810 3177; x_wconf 89' lang='lat' dir='ltr'><strong>anno.</strong></span> <span class='ocrx_word' id='word_1_408' title='bbox 839 3123 895 3176; x_wconf 88' lang='lat' dir='ltr'><strong>in</strong></span> <span class='ocrx_word' id='word_1_409' title='bbox 926 3122 1150 3176; x_wconf 89' lang='lat' dir='ltr'><strong>Christo</strong></span> <span class='ocrx_word' id='word_1_410' title='bbox 1179 3121 1406 3192; x_wconf 87' lang='lat' dir='ltr'><strong>quievit.</strong></span> <span class='ocrx_word' id='word_1_411' title='bbox 1445 3123 1653 3176; x_wconf 90' lang='lat' dir='ltr'><strong>Deinde</strong></span> <span class='ocrx_word' id='word_1_412' title='bbox 1677 3133 1878 3190; x_wconf 77' lang='lat' dir='ltr'><strong>agente</strong></span> <span class='ocrx_word' id='word_1_413' title='bbox 1913 3134 2160 3195; x_wconf 79' lang='lat' dir='ltr'><strong>presu-C</strong></span> <span class='ocrx_word' id='word_1_414' title='bbox 2182 3140 2372 3176; x_wconf 90' lang='lat' dir='ltr'><strong>semen</strong></span> <span class='ocrx_word' id='word_1_415' title='bbox 2407 3140 2512 3176; x_wconf 90' lang='lat' dir='ltr'><strong>non</strong></span> <span class='ocrx_word' id='word_1_416' title='bbox 2560 3124 2882 3194; x_wconf 89' lang='lat' dir='ltr'><strong>relinquens</strong></span> <span class='ocrx_word' id='word_1_417' title='bbox 2925 3123 3269 3186; x_wconf 87' lang='lat' dir='ltr'><strong>inveniatur,</strong></span> <span class='ocrx_word' id='word_1_418' title='bbox 3319 3139 3388 3176; x_wconf 89' lang='lat' dir='ltr'><strong>ne</strong></span> <span class='ocrx_word' id='word_1_419' title='bbox 3427 3139 3570 3192; x_wconf 88' lang='lat' dir='ltr'><strong>pane</strong></span> <span class='ocrx_word' id='word_1_420' title='bbox 3604 3125 3782 3179; x_wconf 86' lang='lat' dir='ltr'><strong>male-</strong></span> 
     </span>
    </p>
   </div>
   <div class='ocr_carea' id='block_1_63' title="bbox 497 3210 2094 3270">
    <p class='ocr_par' dir='ltr' id='par_1_63' title="bbox 497 3210 2094 3270">
     <span class='ocr_line' id='line_1_63' title="bbox 497 3210 2094 3270; baseline 0.003 -6"><span class='ocrx_word' id='word_1_421' title='bbox 497 3211 676 3265; x_wconf 88' lang='lat' dir='ltr'><strong>latum</strong></span> <span class='ocrx_word' id='word_1_422' title='bbox 709 3226 940 3264; x_wconf 89' lang='lat' dir='ltr'><strong>romane</strong></span> <span class='ocrx_word' id='word_1_423' title='bbox 967 3210 1199 3264; x_wconf 77' lang='lat' dir='ltr'><strong>ecclesia</strong></span> <span class='ocrx_word' id='word_1_424' title='bbox 1243 3211 1444 3270; x_wconf 86' lang='lat' dir='ltr'><strong>Leone.</strong></span> <span class='ocrx_word' id='word_1_425' title='bbox 1491 3228 1522 3264; x_wconf 89' lang='lat' dir='ltr'><strong>a</strong></span> <span class='ocrx_word' id='word_1_426' title='bbox 1571 3212 1870 3266; x_wconf 72' lang='lat' dir='ltr'><strong>Genserioo</strong></span> <span class='ocrx_word' id='word_1_427' title='bbox 1918 3215 2094 3269; x_wconf 84' lang='lat' dir='ltr'><strong>Roma</strong></span> 
     </span>
    </p>
   </div>
   <div class='ocr_carea' id='block_1_64' title="bbox 497 3299 2101 3370">
    <p class='ocr_par' dir='ltr' id='par_1_64' title="bbox 497 3299 2101 3370">
     <span class='ocr_line' id='line_1_64' title="bbox 497 3299 2101 3370; baseline 0.004 -18"><span class='ocrx_word' id='word_1_428' title='bbox 497 3303 666 3368; x_wconf 84' lang='lat' dir='ltr'><strong>capta</strong></span> <span class='ocrx_word' id='word_1_429' title='bbox 695 3304 800 3362; x_wconf 88' lang='lat' dir='ltr'><strong>est,</strong></span> <span class='ocrx_word' id='word_1_430' title='bbox 821 3304 1114 3369; x_wconf 89' lang='lat' dir='ltr'><strong>postquam</strong></span> <span class='ocrx_word' id='word_1_431' title='bbox 1148 3299 1328 3370; x_wconf 89' lang='lat' dir='ltr'><strong>primo</strong></span> <span class='ocrx_word' id='word_1_432' title='bbox 1346 3316 1468 3352; x_wconf 88' lang='lat' dir='ltr'><strong>eam</strong></span> <span class='ocrx_word' id='word_1_433' title='bbox 1497 3301 1787 3355; x_wconf 84' lang='lat' dir='ltr'><strong>Halaricus</strong></span> <span class='ocrx_word' id='word_1_434' title='bbox 1821 3303 2101 3358; x_wconf 72' lang='lat' dir='ltr'><strong>invaserat</strong></span> 
     </span>
    </p>
   </div>
   <div class='ocr_carea' id='block_1_65' title="bbox 499 3386 2099 3460">
    <p class='ocr_par' dir='ltr' id='par_1_65' title="bbox 499 3386 2099 3460">
     <span class='ocr_line' id='line_1_65' title="bbox 499 3386 2099 3460; baseline 0.004 -20"><span class='ocrx_word' id='word_1_435' title='bbox 499 3386 748 3440; x_wconf 82' lang='lat' dir='ltr'><strong>secunda</strong></span> <span class='ocrx_word' id='word_1_436' title='bbox 787 3387 904 3456; x_wconf 87' lang='lat' dir='ltr'><strong>jam</strong></span> <span class='ocrx_word' id='word_1_437' title='bbox 955 3387 1090 3451; x_wconf 87' lang='lat' dir='ltr'><strong>vice,</strong></span> <span class='ocrx_word' id='word_1_438' title='bbox 1140 3387 1372 3457; x_wconf 85' lang='lat' dir='ltr'><strong>expletis</strong></span> <span class='ocrx_word' id='word_1_439' title='bbox 1419 3388 1489 3441; x_wconf 89' lang='lat' dir='ltr'><strong>ab</strong></span> <span class='ocrx_word' id='word_1_440' title='bbox 1538 3406 1604 3442; x_wconf 91' lang='lat' dir='ltr'><strong>eo</strong></span> <span class='ocrx_word' id='word_1_441' title='bbox 1646 3396 1897 3460; x_wconf 88' lang='lat' dir='ltr'><strong>tempore</strong></span> <span class='ocrx_word' id='word_1_442' title='bbox 1935 3393 2099 3446; x_wconf 89' lang='lat' dir='ltr'><strong>annis</strong></span> 
     </span>
    </p>
   </div>
   <div class='ocr_carea' id='block_1_66' title="bbox 499 3475 2096 3547">
    <p class='ocr_par' dir='ltr' id='par_1_66' title="bbox 499 3475 2096 3547">
     <span class='ocr_line' id='line_1_66' title="bbox 499 3475 2096 3547; baseline 0.004 -20"><span class='ocrx_word' id='word_1_443' title='bbox 499 3489 646 3533; x_wconf 71' lang='grc' dir='ltr'><strong>κων.</strong></span> <span class='ocrx_word' id='word_1_444' title='bbox 673 3491 706 3528; x_wconf 90' lang='lat' dir='ltr'><strong>a</strong></span> <span class='ocrx_word' id='word_1_445' title='bbox 732 3475 1049 3530; x_wconf 84' lang='lat' dir='ltr'><strong>conditione</strong></span> <span class='ocrx_word' id='word_1_446' title='bbox 1084 3493 1186 3530; x_wconf 83' lang='lat' dir='ltr'><strong>sua</strong></span> <span class='ocrx_word' id='word_1_447' title='bbox 1215 3490 1327 3530; x_wconf 78' lang='lat' dir='ltr'><strong>MCC</strong></span> <span class='ocrx_word' id='word_1_448' title='bbox 1357 3484 1524 3547; x_wconf 74' lang='lat' dir='ltr'><strong>atque</strong></span> <span class='ocrx_word' id='word_1_449' title='bbox 1556 3492 1667 3536; x_wconf 82' lang='lat' dir='ltr'><strong>vnr.</strong></span> <span class='ocrx_word' id='word_1_450' title='bbox 1715 3485 1771 3532; x_wconf 91' lang='lat' dir='ltr'><strong>et</strong></span> <span class='ocrx_word' id='word_1_451' title='bbox 1807 3479 1877 3532; x_wconf 86' lang='lat' dir='ltr'><strong>ab</strong></span> <span class='ocrx_word' id='word_1_452' title='bbox 1913 3481 2096 3533; x_wconf 86' lang='lat' dir='ltr'><strong>incar-</strong></span> 
     </span>
    </p>
   </div>
   <div class='ocr_carea' id='block_1_67' title="bbox 499 3563 2098 3638">
    <p class='ocr_par' dir='ltr' id='par_1_67' title="bbox 499 3563 2098 3638">
     <span class='ocr_line' id='line_1_67' title="bbox 499 3563 2098 3638; baseline 0.004 -22"><span class='ocrx_word' id='word_1_453' title='bbox 499 3563 729 3617; x_wconf 86' lang='lat' dir='ltr'><strong>natione</strong></span> <span class='ocrx_word' id='word_1_454' title='bbox 764 3563 966 3618; x_wconf 71' lang='lat' dir='ltr'><strong>r‘hristi</strong></span> <span class='ocrx_word' id='word_1_455' title='bbox 1005 3578 1262 3619; x_wconf 79' lang='lat' dir='ltr'><strong>CCCCLVII.</strong></span> <span class='ocrx_word' id='word_1_456' title='bbox 1300 3565 1546 3619; x_wconf 84' lang='lat' dir='ltr'><strong>Pesthec</strong></span> <span class='ocrx_word' id='word_1_457' title='bbox 1580 3583 1727 3627; x_wconf 86' lang='lat' dir='ltr'><strong>vero,</strong></span> <span class='ocrx_word' id='word_1_458' title='bbox 1750 3569 2098 3638; x_wconf 87' lang='lat' dir='ltr'><strong>temporibus</strong></span> 
     </span>
    </p>
   </div>
   <div class='ocr_carea' id='block_1_68' title="bbox 499 3651 2096 3723">
    <p class='ocr_par' dir='ltr' id='par_1_68' title="bbox 499 3651 2096 3723">
     <span class='ocr_line' id='line_1_68' title="bbox 499 3651 2096 3723; baseline 0.006 -17"><span class='ocrx_word' id='word_1_459' title='bbox 499 3651 726 3723; x_wconf 86' lang='lat' dir='ltr'><strong>Agapiti</strong></span> <span class='ocrx_word' id='word_1_460' title='bbox 775 3669 932 3723; x_wconf 86' lang='lat' dir='ltr'><strong>pape,</strong></span> <span class='ocrx_word' id='word_1_461' title='bbox 989 3669 1135 3707; x_wconf 89' lang='lat' dir='ltr'><strong>anno</strong></span> <span class='ocrx_word' id='word_1_462' title='bbox 1194 3654 1475 3708; x_wconf 81' lang='lat' dir='ltr'><strong>Dominire</strong></span> <span class='ocrx_word' id='word_1_463' title='bbox 1533 3654 1944 3710; x_wconf 77' lang='lat' dir='ltr'><strong>Incarnationis</strong></span> <span class='ocrx_word' id='word_1_464' title='bbox 1995 3658 2096 3714; x_wconf 74' lang='lat'><strong>529</strong></span> 
     </span>
    </p>
   </div>
   <div class='ocr_carea' id='block_1_69' title="bbox 501 3739 2097 3815">
    <p class='ocr_par' dir='ltr' id='par_1_69' title="bbox 501 3739 2097 3815">
     <span class='ocr_line' id='line_1_69' title="bbox 501 3739 2097 3815; baseline 0.005 -21"><span class='ocrx_word' id='word_1_465' title='bbox 501 3739 668 3794; x_wconf 88' lang='lat' dir='ltr'><strong>Gothi</strong></span> <span class='ocrx_word' id='word_1_466' title='bbox 698 3741 890 3795; x_wconf 89' lang='lat' dir='ltr'><strong>urbem</strong></span> <span class='ocrx_word' id='word_1_467' title='bbox 913 3743 1214 3811; x_wconf 81' lang='lat' dir='ltr'><strong>p0ssident,</strong></span> <span class='ocrx_word' id='word_1_468' title='bbox 1235 3743 1490 3798; x_wconf 84' lang='lat' dir='ltr'><strong>universa</strong></span> <span class='ocrx_word' id='word_1_469' title='bbox 1518 3763 1616 3815; x_wconf 85' lang='lat' dir='ltr'><strong>per</strong></span> <span class='ocrx_word' id='word_1_470' title='bbox 1643 3746 1933 3800; x_wconf 84' lang='lat' dir='ltr'><strong>circuitum</strong></span> <span class='ocrx_word' id='word_1_471' title='bbox 1952 3747 2097 3802; x_wconf 86' lang='lat' dir='ltr'><strong>dire-</strong></span> 
     </span>
    </p>
   </div>
   <div class='ocr_carea' id='block_1_70' title="bbox 501 3829 2095 3904">
    <p class='ocr_par' dir='ltr' id='par_1_70' title="bbox 501 3829 2095 3904">
     <span class='ocr_line' id='line_1_70' title="bbox 501 3829 2095 3904; baseline 0.004 -20"><span class='ocrx_word' id='word_1_472' title='bbox 501 3829 785 3900; x_wconf 91' lang='lat' dir='ltr'><strong>ptionibus</strong></span> <span class='ocrx_word' id='word_1_473' title='bbox 831 3840 887 3885; x_wconf 91' lang='lat' dir='ltr'><strong>et</strong></span> <span class='ocrx_word' id='word_1_474' title='bbox 924 3831 1199 3886; x_wconf 81' lang='lat' dir='ltr'><strong>incendiis</strong></span> <span class='ocrx_word' id='word_1_475' title='bbox 1237 3832 1560 3896; x_wconf 86' lang='lat' dir='ltr'><strong>absumunt,</strong></span> <span class='ocrx_word' id='word_1_476' title='bbox 1597 3835 1798 3904; x_wconf 83' lang='lat' dir='ltr'><strong>quibus</strong></span> <span class='ocrx_word' id='word_1_477' title='bbox 1829 3836 2095 3904; x_wconf 79' lang='lat' dir='ltr'><strong>Guittigis</strong></span> 
     </span>
    </p>
   </div>
   <div class='ocr_carea' id='block_1_71' title="bbox 499 3919 2094 3990">
    <p class='ocr_par' dir='ltr' id='par_1_71' title="bbox 499 3919 2094 3990">
     <span class='ocr_line' id='line_1_71' title="bbox 499 3919 2094 3990; baseline 0.004 -18"><span class='ocrx_word' id='word_1_478' title='bbox 499 3919 786 3989; x_wconf 78' lang='lat' dir='ltr'><strong>regnabat.</strong></span> <span class='ocrx_word' id='word_1_479' title='bbox 825 3920 947 3984; x_wconf 87' lang='lat' dir='ltr'><strong>Quo</strong></span> <span class='ocrx_word' id='word_1_480' title='bbox 973 3927 1225 3990; x_wconf 91' lang='lat' dir='ltr'><strong>tempore</strong></span> <span class='ocrx_word' id='word_1_481' title='bbox 1251 3922 1307 3974; x_wconf 91' lang='lat' dir='ltr'><strong>in</strong></span> <span class='ocrx_word' id='word_1_482' title='bbox 1340 3921 1569 3976; x_wconf 80' lang='lat' dir='ltr'><strong>Oriente</strong></span> <span class='ocrx_word' id='word_1_483' title='bbox 1593 3924 1944 3978; x_wconf 81' lang='lat' dir='ltr'><strong>Justinianus</strong></span> <span class='ocrx_word' id='word_1_484' title='bbox 1987 3925 2094 3978; x_wconf 85' lang='lat' dir='ltr'><strong>im-</strong></span> 
     </span>
    </p>
   </div>
   <div class='ocr_carea' id='block_1_72' title="bbox 498 4007 2096 4080">
    <p class='ocr_par' dir='ltr' id='par_1_72' title="bbox 498 4007 2096 4080">
     <span class='ocr_line' id='line_1_72' title="bbox 498 4007 2096 4080; baseline 0.004 -18"><span class='ocrx_word' id='word_1_485' title='bbox 498 4007 752 4078; x_wconf 87' lang='lat' dir='ltr'><strong>perabat.</strong></span> <span class='ocrx_word' id='word_1_486' title='bbox 786 4009 1057 4080; x_wconf 90' lang='lat' dir='ltr'><strong>Denique,</strong></span> <span class='ocrx_word' id='word_1_487' title='bbox 1074 4016 1276 4078; x_wconf 88' lang='lat' dir='ltr'><strong>canpto</strong></span> <span class='ocrx_word' id='word_1_488' title='bbox 1293 4009 1562 4079; x_wconf 83' lang='lat' dir='ltr'><strong>Guittige,</strong></span> <span class='ocrx_word' id='word_1_489' title='bbox 1587 4012 1751 4065; x_wconf 89' lang='lat' dir='ltr'><strong>Gothi</strong></span> <span class='ocrx_word' id='word_1_490' title='bbox 1771 4013 2096 4068; x_wconf 84' lang='lat' dir='ltr'><strong>llildebran-</strong></span> 
     </span>
    </p>
   </div>
   <div class='ocr_carea' id='block_1_73' title="bbox 499 4096 2097 4172">
    <p class='ocr_par' dir='ltr' id='par_1_73' title="bbox 499 4096 2097 4172">
     <span class='ocr_line' id='line_1_73' title="bbox 499 4096 2097 4172; baseline 0.004 -22"><span class='ocrx_word' id='word_1_491' title='bbox 499 4096 632 4152; x_wconf 90' lang='lat' dir='ltr'><strong>dum</strong></span> <span class='ocrx_word' id='word_1_492' title='bbox 647 4099 994 4152; x_wconf 87' lang='lat' dir='ltr'><strong>constituunt</strong></span> <span class='ocrx_word' id='word_1_493' title='bbox 1010 4099 1318 4168; x_wconf 85' lang='lat' dir='ltr'><strong>regem,qui</strong></span> <span class='ocrx_word' id='word_1_494' title='bbox 1333 4099 1498 4152; x_wconf 85' lang='lat' dir='ltr'><strong>etiam</strong></span> <span class='ocrx_word' id='word_1_495' title='bbox 1514 4101 1706 4153; x_wconf 88' lang='lat' dir='ltr'><strong>eodem</strong></span> <span class='ocrx_word' id='word_1_496' title='bbox 1721 4119 1866 4154; x_wconf 88' lang='lat' dir='ltr'><strong>anno</strong></span> <span class='ocrx_word' id='word_1_497' title='bbox 1882 4103 2097 4172; x_wconf 89' lang='lat' dir='ltr'><strong>perimi-</strong></span> 
     </span>
    </p>
   </div>
   <div class='ocr_carea' id='block_1_74' title="bbox 497 4187 2096 4258">
    <p class='ocr_par' dir='ltr' id='par_1_74' title="bbox 497 4187 2096 4258">
     <span class='ocr_line' id='line_1_74' title="bbox 497 4187 2096 4258; baseline 0.004 -20"><span class='ocrx_word' id='word_1_498' title='bbox 497 4189 596 4238; x_wconf 89' lang='lat' dir='ltr'><strong>tur</strong></span> <span class='ocrx_word' id='word_1_499' title='bbox 613 4192 696 4249; x_wconf 88' lang='lat' dir='ltr'><strong>;et</strong></span> <span class='ocrx_word' id='word_1_500' title='bbox 709 4202 942 4256; x_wconf 81' lang='lat' dir='ltr'><strong>regnum</strong></span> <span class='ocrx_word' id='word_1_501' title='bbox 966 4187 1174 4254; x_wconf 83' lang='lat' dir='ltr'><strong>accepit</strong></span> <span class='ocrx_word' id='word_1_502' title='bbox 1203 4187 1446 4246; x_wconf 86' lang='lat' dir='ltr'><strong>Erarius,</strong></span> <span class='ocrx_word' id='word_1_503' title='bbox 1472 4189 1566 4258; x_wconf 83' lang='lat' dir='ltr'><strong>qui</strong></span> <span class='ocrx_word' id='word_1_504' title='bbox 1590 4191 1822 4242; x_wconf 82' lang='lat' dir='ltr'><strong>necdum</strong></span> <span class='ocrx_word' id='word_1_505' title='bbox 1846 4207 1992 4244; x_wconf 88' lang='lat' dir='ltr'><strong>anno</strong></span> <span class='ocrx_word' id='word_1_506' title='bbox 2011 4209 2096 4244; x_wconf 87' lang='lat' dir='ltr'><strong>ex-</strong></span> 
     </span>
    </p>
   </div>
   <div class='ocr_carea' id='block_1_75' title="bbox 498 4273 2095 4347">
    <p class='ocr_par' dir='ltr' id='par_1_75' title="bbox 498 4273 2095 4347">
     <span class='ocr_line' id='line_1_75' title="bbox 498 4273 2095 4347; baseline 0.006 -22"><span class='ocrx_word' id='word_1_507' title='bbox 498 4273 650 4343; x_wconf 90' lang='lat' dir='ltr'><strong>pleto</strong></span> <span class='ocrx_word' id='word_1_508' title='bbox 674 4274 1276 4343; x_wconf 85' lang='lat' dir='ltr'><strong>jugulatur.Tuncsibi</strong></span> <span class='ocrx_word' id='word_1_509' title='bbox 1298 4276 1553 4345; x_wconf 79' lang='lat' dir='ltr'><strong>inregem</strong></span> <span class='ocrx_word' id='word_1_510' title='bbox 1581 4279 1875 4347; x_wconf 72' lang='lat' dir='ltr'><strong>proﬁciunt</strong></span> <span class='ocrx_word' id='word_1_511' title='bbox 1903 4281 2095 4334; x_wconf 69' lang='lat' dir='ltr'><strong>lladoi-</strong></span> 
     </span>
    </p>
   </div>
   <div class='ocr_carea' id='block_1_76' title="bbox 496 4361 2095 4436">
    <p class='ocr_par' dir='ltr' id='par_1_76' title="bbox 496 4361 2095 4436">
     <span class='ocr_line' id='line_1_76' title="bbox 496 4361 2095 4436; baseline 0.004 -22"><span class='ocrx_word' id='word_1_512' title='bbox 496 4361 630 4423; x_wconf 88' lang='lat' dir='ltr'><strong>lam,</strong></span> <span class='ocrx_word' id='word_1_513' title='bbox 652 4362 744 4431; x_wconf 91' lang='lat' dir='ltr'><strong>qui</strong></span> <span class='ocrx_word' id='word_1_514' title='bbox 767 4361 1264 4418; x_wconf 89' lang='lat' dir='ltr'><strong>dicebaturTotila.</strong></span> <span class='ocrx_word' id='word_1_515' title='bbox 1281 4367 1372 4435; x_wconf 90' lang='lat' dir='ltr'><strong>qui</strong></span> <span class='ocrx_word' id='word_1_516' title='bbox 1390 4367 1785 4436; x_wconf 47' lang='lat' dir='ltr'><strong>undiqueexerv</strong></span> <span class='ocrx_word' id='word_1_517' title='bbox 1809 4368 1887 4421; x_wconf 91' lang='lat' dir='ltr'><strong>itu</strong></span> <span class='ocrx_word' id='word_1_518' title='bbox 1901 4370 2095 4421; x_wconf 86' lang='lat' dir='ltr'><strong>collec-</strong></span> 
     </span>
    </p>
   </div>
   <div class='ocr_carea' id='block_1_77' title="bbox 2181 3209 3782 3284">
    <p class='ocr_par' dir='ltr' id='par_1_77' title="bbox 2181 3209 3782 3284">
     <span class='ocr_line' id='line_1_77' title="bbox 2181 3209 3782 3284; baseline 0.002 -20"><span class='ocrx_word' id='word_1_519' title='bbox 2181 3211 2441 3264; x_wconf 87' lang='lat' dir='ltr'><strong>dictionis</strong></span> <span class='ocrx_word' id='word_1_520' title='bbox 2475 3211 2744 3264; x_wconf 83' lang='lat' dir='ltr'><strong>multetur</strong></span> <span class='ocrx_word' id='word_1_521' title='bbox 2803 3209 2867 3264; x_wconf 91' lang='lat' dir='ltr'><strong>In</strong></span> <span class='ocrx_word' id='word_1_522' title='bbox 2903 3228 3038 3264; x_wconf 84' lang='lat' dir='ltr'><strong>nova</strong></span> <span class='ocrx_word' id='word_1_523' title='bbox 3065 3227 3287 3281; x_wconf 86' lang='lat' dir='ltr'><strong>quoque</strong></span> <span class='ocrx_word' id='word_1_524' title='bbox 3315 3211 3500 3281; x_wconf 89' lang='lat' dir='ltr'><strong>gratia</strong></span> <span class='ocrx_word' id='word_1_525' title='bbox 3532 3211 3782 3284; x_wconf 86' lang='lat' dir='ltr'><strong>idipsuin</strong></span> 
     </span>
    </p>
   </div>
   <div class='ocr_carea' id='block_1_78' title="bbox 2180 3300 3781 3372">
    <p class='ocr_par' dir='ltr' id='par_1_78' title="bbox 2180 3300 3781 3372">
     <span class='ocr_line' id='line_1_78' title="bbox 2180 3300 3781 3372; baseline 0.004 -21"><span class='ocrx_word' id='word_1_526' title='bbox 2180 3300 2550 3370; x_wconf 86' lang='lat' dir='ltr'><strong>spiritualiter</strong></span> <span class='ocrx_word' id='word_1_527' title='bbox 2570 3301 2822 3356; x_wconf 82' lang='lat' dir='ltr'><strong>docetur.</strong></span> <span class='ocrx_word' id='word_1_528' title='bbox 2854 3317 2924 3353; x_wconf 88' lang='lat' dir='ltr'><strong>ne.</strong></span> <span class='ocrx_word' id='word_1_529' title='bbox 2955 3300 3122 3353; x_wconf 90' lang='lat' dir='ltr'><strong>arbor</strong></span> <span class='ocrx_word' id='word_1_530' title='bbox 3153 3301 3496 3355; x_wconf 82' lang='lat' dir='ltr'><strong>infrurtuosa</strong></span> <span class='ocrx_word' id='word_1_531' title='bbox 3527 3304 3781 3372; x_wconf 85' lang='lat' dir='ltr'><strong>reperia-</strong></span> 
     </span>
    </p>
   </div>
   <div class='ocr_carea' id='block_1_79' title="bbox 2180 3389 3782 3462">
    <p class='ocr_par' dir='ltr' id='par_1_79' title="bbox 2180 3389 3782 3462">
     <span class='ocr_line' id='line_1_79' title="bbox 2180 3389 3782 3462; baseline 0.003 -21"><span class='ocrx_word' id='word_1_532' title='bbox 2180 3395 2291 3444; x_wconf 91' lang='lat' dir='ltr'><strong>tur.</strong></span> <span class='ocrx_word' id='word_1_533' title='bbox 2326 3396 2383 3442; x_wconf 88' lang='lat' dir='ltr'><strong>et</strong></span> <span class='ocrx_word' id='word_1_534' title='bbox 2415 3406 2483 3442; x_wconf 90' lang='lat' dir='ltr'><strong>ne</strong></span> <span class='ocrx_word' id='word_1_535' title='bbox 2521 3406 2553 3441; x_wconf 88' lang='lat' dir='ltr'><strong>a</strong></span> <span class='ocrx_word' id='word_1_536' title='bbox 2591 3390 2822 3442; x_wconf 88' lang='lat' dir='ltr'><strong>Domino</strong></span> <span class='ocrx_word' id='word_1_537' title='bbox 2851 3389 3124 3442; x_wconf 82' lang='lat' dir='ltr'><strong>talentum</strong></span> <span class='ocrx_word' id='word_1_538' title='bbox 3158 3406 3315 3442; x_wconf 85' lang='lat' dir='ltr'><strong>servo</strong></span> <span class='ocrx_word' id='word_1_539' title='bbox 3355 3390 3628 3444; x_wconf 81' lang='lat' dir='ltr'><strong>traditum</strong></span> <span class='ocrx_word' id='word_1_540' title='bbox 3663 3409 3782 3462; x_wconf 83' lang='lat' dir='ltr'><strong>pre-</strong></span> 
     </span>
    </p>
   </div>
   <div class='ocr_carea' id='block_1_80' title="bbox 2180 3477 3779 3540">
    <p class='ocr_par' dir='ltr' id='par_1_80' title="bbox 2180 3477 3779 3540">
     <span class='ocr_line' id='line_1_80' title="bbox 2180 3477 3779 3540; baseline 0.003 -10"><span class='ocrx_word' id='word_1_541' title='bbox 2180 3478 2429 3530; x_wconf 84' lang='lat' dir='ltr'><strong>scntibus</strong></span> <span class='ocrx_word' id='word_1_542' title='bbox 2457 3480 2527 3530; x_wconf 88' lang='lat' dir='ltr'><strong>ab</strong></span> <span class='ocrx_word' id='word_1_543' title='bbox 2556 3495 2621 3531; x_wconf 94' lang='lat' dir='ltr'><strong>eo</strong></span> <span class='ocrx_word' id='word_1_544' title='bbox 2652 3478 3046 3540; x_wconf 75' lang='lat' dir='ltr'><strong>abs-condatur,</strong></span> <span class='ocrx_word' id='word_1_545' title='bbox 3097 3478 3193 3531; x_wconf 85' lang='lat' dir='ltr'><strong>sed</strong></span> <span class='ocrx_word' id='word_1_546' title='bbox 3229 3486 3288 3531; x_wconf 93' lang='lat' dir='ltr'><strong>ut</strong></span> <span class='ocrx_word' id='word_1_547' title='bbox 3331 3477 3384 3531; x_wconf 92' lang='lat' dir='ltr'><strong>in</strong></span> <span class='ocrx_word' id='word_1_548' title='bbox 3431 3479 3690 3534; x_wconf 83' lang='lat' dir='ltr'><strong>futurum</strong></span> <span class='ocrx_word' id='word_1_549' title='bbox 3723 3481 3779 3536; x_wconf 89' lang='lat' dir='ltr'><strong>in</strong></span> 
     </span>
    </p>
   </div>
   <div class='ocr_carea' id='block_1_81' title="bbox 2179 3566 3780 3636">
    <p class='ocr_par' dir='ltr' id='par_1_81' title="bbox 2179 3566 3780 3636">
     <span class='ocr_line' id='line_1_81' title="bbox 2179 3566 3780 3636; baseline 0.004 -17"><span class='ocrx_word' id='word_1_550' title='bbox 2179 3566 2497 3636; x_wconf 84' lang='lat' dir='ltr'><strong>augmentis</strong></span> <span class='ocrx_word' id='word_1_551' title='bbox 2531 3568 2640 3619; x_wconf 89' lang='lat' dir='ltr'><strong>Deo</strong></span> <span class='ocrx_word' id='word_1_552' title='bbox 2672 3567 2889 3636; x_wconf 80' lang='lat' dir='ltr'><strong>placitis</strong></span> <span class='ocrx_word' id='word_1_553' title='bbox 2919 3567 3038 3619; x_wconf 91' lang='lat' dir='ltr'><strong>utili</strong></span> <span class='ocrx_word' id='word_1_554' title='bbox 3081 3567 3334 3636; x_wconf 84' lang='lat' dir='ltr'><strong>proﬁciat.</strong></span> <span class='ocrx_word' id='word_1_555' title='bbox 3377 3567 3656 3626; x_wconf 87' lang='lat' dir='ltr'><strong>doctrina.</strong></span> <span class='ocrx_word' id='word_1_556' title='bbox 3701 3588 3780 3626; x_wconf 89' lang='lat' dir='ltr'><strong>re-</strong></span> 
     </span>
    </p>
   </div>
   <div class='ocr_carea' id='block_1_82' title="bbox 2179 3655 3778 3728">
    <p class='ocr_par' dir='ltr' id='par_1_82' title="bbox 2179 3655 3778 3728">
     <span class='ocr_line' id='line_1_82' title="bbox 2179 3655 3778 3728; baseline 0.004 -20"><span class='ocrx_word' id='word_1_557' title='bbox 2179 3655 2482 3725; x_wconf 77' lang='lat' dir='ltr'><strong>linquatur.</strong></span> <span class='ocrx_word' id='word_1_558' title='bbox 2518 3658 2718 3708; x_wconf 77' lang='lat' dir='ltr'><strong>Ileatus</strong></span> <span class='ocrx_word' id='word_1_559' title='bbox 2751 3673 2883 3724; x_wconf 85' lang='lat' dir='ltr'><strong>ergo</strong></span> <span class='ocrx_word' id='word_1_560' title='bbox 2909 3655 3002 3724; x_wconf 91' lang='lat' dir='ltr'><strong>qui</strong></span> <span class='ocrx_word' id='word_1_561' title='bbox 3032 3656 3152 3708; x_wconf 90' lang='lat' dir='ltr'><strong>dies</strong></span> <span class='ocrx_word' id='word_1_562' title='bbox 3191 3673 3322 3708; x_wconf 88' lang='lat' dir='ltr'><strong>suos</strong></span> <span class='ocrx_word' id='word_1_563' title='bbox 3369 3673 3477 3710; x_wconf 91' lang='lat' dir='ltr'><strong>non</strong></span> <span class='ocrx_word' id='word_1_564' title='bbox 3529 3660 3778 3728; x_wconf 81' lang='lat' dir='ltr'><strong>segniter</strong></span> 
     </span>
    </p>
   </div>
   <div class='ocr_carea' id='block_1_83' title="bbox 2178 3745 3779 3814">
    <p class='ocr_par' dir='ltr' id='par_1_83' title="bbox 2178 3745 3779 3814">
     <span class='ocr_line' id='line_1_83' title="bbox 2178 3745 3779 3814; baseline 0.005 -18"><span class='ocrx_word' id='word_1_565' title='bbox 2178 3753 2273 3797; x_wconf 90' lang='lat' dir='ltr'><strong>aut</strong></span> <span class='ocrx_word' id='word_1_566' title='bbox 2316 3761 2468 3798; x_wconf 81' lang='lat' dir='ltr'><strong>vane.</strong></span> <span class='ocrx_word' id='word_1_567' title='bbox 2513 3745 2607 3796; x_wconf 85' lang='lat' dir='ltr'><strong>sed</strong></span> <span class='ocrx_word' id='word_1_568' title='bbox 2653 3745 2888 3797; x_wconf 87' lang='lat' dir='ltr'><strong>sollicite</strong></span> <span class='ocrx_word' id='word_1_569' title='bbox 2932 3745 3342 3814; x_wconf 86' lang='lat' dir='ltr'><strong>pertransierit,</strong></span> <span class='ocrx_word' id='word_1_570' title='bbox 3393 3757 3448 3797; x_wconf 76' lang='lat' dir='ltr'><strong>et</strong></span> <span class='ocrx_word' id='word_1_571' title='bbox 3494 3747 3549 3800; x_wconf 90' lang='lat' dir='ltr'><strong>in</strong></span> <span class='ocrx_word' id='word_1_572' title='bbox 3583 3755 3779 3804; x_wconf 85' lang='lat' dir='ltr'><strong>sancta</strong></span> 
     </span>
    </p>
   </div>
   <div class='ocr_carea' id='block_1_84' title="bbox 2179 3832 3776 3902">
    <p class='ocr_par' dir='ltr' id='par_1_84' title="bbox 2179 3832 3776 3902">
     <span class='ocr_line' id='line_1_84' title="bbox 2179 3832 3776 3902; baseline 0.006 -17"><span class='ocrx_word' id='word_1_573' title='bbox 2179 3832 2420 3885; x_wconf 63' lang='lat' dir='ltr'><strong>Ecclesia</strong></span> <span class='ocrx_word' id='word_1_574' title='bbox 2453 3833 2762 3885; x_wconf 83' lang='lat' dir='ltr'><strong>doctrinam</strong></span> <span class='ocrx_word' id='word_1_575' title='bbox 2789 3833 2956 3902; x_wconf 86' lang='lat' dir='ltr'><strong>digne</strong></span> <span class='ocrx_word' id='word_1_576' title='bbox 2989 3832 3243 3885; x_wconf 85' lang='lat' dir='ltr'><strong>utilitatis</strong></span> <span class='ocrx_word' id='word_1_577' title='bbox 3271 3842 3325 3886; x_wconf 90' lang='lat' dir='ltr'><strong>et</strong></span> <span class='ocrx_word' id='word_1_578' title='bbox 3357 3833 3600 3889; x_wconf 80' lang='lat' dir='ltr'><strong>fructmn</strong></span> <span class='ocrx_word' id='word_1_579' title='bbox 3638 3837 3776 3894; x_wconf 70' lang='lat' dir='ltr'><strong>bone</strong></span> 
     </span>
    </p>
   </div>
   <div class='ocr_carea' id='block_1_85' title="bbox 2179 3921 3777 3994">
    <p class='ocr_par' dir='ltr' id='par_1_85' title="bbox 2179 3921 3777 3994">
     <span class='ocr_line' id='line_1_85' title="bbox 2179 3921 3777 3994; baseline 0.007 -24"><span class='ocrx_word' id='word_1_580' title='bbox 2179 3921 2518 3992; x_wconf 86' lang='lat' dir='ltr'><strong>operationis</strong></span> <span class='ocrx_word' id='word_1_581' title='bbox 2558 3938 2863 3992; x_wconf 85' lang='lat' dir='ltr'><strong>semenque</strong></span> <span class='ocrx_word' id='word_1_582' title='bbox 2905 3938 3028 3974; x_wconf 86' lang='lat' dir='ltr'><strong>vere</strong></span> <span class='ocrx_word' id='word_1_583' title='bbox 3065 3921 3389 3976; x_wconf 85' lang='lat' dir='ltr'><strong>hereditatis</strong></span> <span class='ocrx_word' id='word_1_584' title='bbox 3421 3927 3661 3994; x_wconf 87' lang='lat' dir='ltr'><strong>posteris</strong></span> <span class='ocrx_word' id='word_1_585' title='bbox 3695 3945 3777 3982; x_wconf 86' lang='lat' dir='ltr'><strong>re-</strong></span> 
     </span>
    </p>
   </div>
   <div class='ocr_carea' id='block_1_86' title="bbox 2178 4009 3777 4080">
    <p class='ocr_par' dir='ltr' id='par_1_86' title="bbox 2178 4009 3777 4080">
     <span class='ocr_line' id='line_1_86' title="bbox 2178 4009 3777 4080; baseline 0.006 -18"><span class='ocrx_word' id='word_1_586' title='bbox 2178 4009 2420 4080; x_wconf 87' lang='lat' dir='ltr'><strong>liquerit.</strong></span> <span class='ocrx_word' id='word_1_587' title='bbox 2465 4011 2518 4062; x_wconf 91' lang='lat' dir='ltr'><strong>in</strong></span> <span class='ocrx_word' id='word_1_588' title='bbox 2552 4010 2753 4080; x_wconf 83' lang='lat' dir='ltr'><strong>quibus</strong></span> <span class='ocrx_word' id='word_1_589' title='bbox 2781 4011 3003 4063; x_wconf 86' lang='lat' dir='ltr'><strong>assiduo</strong></span> <span class='ocrx_word' id='word_1_590' title='bbox 3047 4017 3265 4063; x_wconf 87' lang='lat' dir='ltr'><strong>creator</strong></span> <span class='ocrx_word' id='word_1_591' title='bbox 3292 4013 3542 4066; x_wconf 88' lang='lat' dir='ltr'><strong>omnium</strong></span> <span class='ocrx_word' id='word_1_592' title='bbox 3571 4017 3777 4071; x_wconf 89' lang='lat' dir='ltr'><strong>collau-</strong></span> 
     </span>
    </p>
   </div>
   <div class='ocr_carea' id='block_1_87' title="bbox 2179 4099 3774 4169">
    <p class='ocr_par' dir='ltr' id='par_1_87' title="bbox 2179 4099 3774 4169">
     <span class='ocr_line' id='line_1_87' title="bbox 2179 4099 3774 4169; baseline 0.006 -19"><span class='ocrx_word' id='word_1_593' title='bbox 2179 4099 2343 4152; x_wconf 88' lang='lat' dir='ltr'><strong>detur</strong></span> <span class='ocrx_word' id='word_1_594' title='bbox 2375 4100 2537 4151; x_wconf 88' lang='lat' dir='ltr'><strong>Deus.</strong></span> <span class='ocrx_word' id='word_1_595' title='bbox 2569 4108 2625 4152; x_wconf 87' lang='lat' dir='ltr'><strong>et</strong></span> <span class='ocrx_word' id='word_1_596' title='bbox 2653 4099 2857 4152; x_wconf 83' lang='lat' dir='ltr'><strong>bonum</strong></span> <span class='ocrx_word' id='word_1_597' title='bbox 2891 4099 3175 4169; x_wconf 85' lang='lat' dir='ltr'><strong>Operantis</strong></span> <span class='ocrx_word' id='word_1_598' title='bbox 3215 4117 3429 4154; x_wconf 77' lang='lat' dir='ltr'><strong>merces</strong></span> <span class='ocrx_word' id='word_1_599' title='bbox 3455 4103 3510 4155; x_wconf 89' lang='lat' dir='ltr'><strong>in</strong></span> <span class='ocrx_word' id='word_1_600' title='bbox 3533 4105 3654 4157; x_wconf 84' lang='lat' dir='ltr'><strong>celo</strong></span> <span class='ocrx_word' id='word_1_601' title='bbox 3680 4123 3774 4160; x_wconf 83' lang='lat' dir='ltr'><strong>au-</strong></span> 
     </span>
    </p>
   </div>
   <div class='ocr_carea' id='block_1_88' title="bbox 2177 4187 3773 4265">
    <p class='ocr_par' dir='ltr' id='par_1_88' title="bbox 2177 4187 3773 4265">
     <span class='ocr_line' id='line_1_88' title="bbox 2177 4187 3773 4265; baseline 0.006 -26"><span class='ocrx_word' id='word_1_602' title='bbox 2177 4188 2406 4256; x_wconf 82' lang='lat' dir='ltr'><strong>geatur!</strong></span> <span class='ocrx_word' id='word_1_603' title='bbox 2457 4188 2633 4256; x_wconf 86' lang='lat' dir='ltr'><strong>llujus</strong></span> <span class='ocrx_word' id='word_1_604' title='bbox 2682 4187 2772 4240; x_wconf 83' lang='lat' dir='ltr'><strong>Dei</strong></span> <span class='ocrx_word' id='word_1_605' title='bbox 2813 4188 2995 4256; x_wconf 78' lang='lat' dir='ltr'><strong>gratia</strong></span> <span class='ocrx_word' id='word_1_606' title='bbox 3037 4187 3222 4241; x_wconf 84' lang='lat' dir='ltr'><strong>divina</strong></span> <span class='ocrx_word' id='word_1_607' title='bbox 3263 4190 3575 4259; x_wconf 88' lang='lat' dir='ltr'><strong>inspirante</strong></span> <span class='ocrx_word' id='word_1_608' title='bbox 3605 4202 3773 4265; x_wconf 89' lang='lat' dir='ltr'><strong>atque</strong></span> 
     </span>
    </p>
   </div>
   <div class='ocr_carea' id='block_1_89' title="bbox 2180 4276 3771 4344">
    <p class='ocr_par' dir='ltr' id='par_1_89' title="bbox 2180 4276 3771 4344">
     <span class='ocr_line' id='line_1_89' title="bbox 2180 4276 3771 4344; baseline 0.006 -16"><span class='ocrx_word' id='word_1_609' title='bbox 2180 4276 2608 4328; x_wconf 46' lang='lat' dir='ltr'><strong>administrante</strong></span> <span class='ocrx_word' id='word_1_610' title='bbox 2647 4276 2959 4334; x_wconf 85' lang='lat' dir='ltr'><strong>clementia.</strong></span> <span class='ocrx_word' id='word_1_611' title='bbox 2987 4293 3090 4344; x_wconf 81' lang='lat' dir='ltr'><strong>ego</strong></span> <span class='ocrx_word' id='word_1_612' title='bbox 3114 4277 3337 4330; x_wconf 83' lang='lat' dir='ltr'><strong>intimus</strong></span> <span class='ocrx_word' id='word_1_613' title='bbox 3371 4283 3771 4337; x_wconf 88' lang='lat' dir='ltr'><strong>monachorum</strong></span> 
     </span>
    </p>
   </div>
   <div class='ocr_carea' id='block_1_90' title="bbox 2179 4365 3771 4440">
    <p class='ocr_par' dir='ltr' id='par_1_90' title="bbox 2179 4365 3771 4440">
     <span class='ocr_line' id='line_1_90' title="bbox 2179 4365 3771 4440; baseline 0.008 -26"><span class='ocrx_word' id='word_1_614' title='bbox 2179 4371 2237 4416; x_wconf 90' lang='lat' dir='ltr'><strong>et</strong></span> <span class='ocrx_word' id='word_1_615' title='bbox 2266 4374 2519 4433; x_wconf 80' lang='lat' dir='ltr'><strong>peccator</strong></span> <span class='ocrx_word' id='word_1_616' title='bbox 2547 4365 2944 4433; x_wconf 84' lang='lat' dir='ltr'><strong>Gregorius.ut</strong></span> <span class='ocrx_word' id='word_1_617' title='bbox 2973 4367 3072 4418; x_wconf 86' lang='lat' dir='ltr'><strong>hoc</strong></span> <span class='ocrx_word' id='word_1_618' title='bbox 3091 4369 3408 4435; x_wconf 73' lang='lat' dir='ltr'><strong>perlicerent</strong></span> <span class='ocrx_word' id='word_1_619' title='bbox 3441 4387 3582 4440; x_wconf 90' lang='lat' dir='ltr'><strong>opus</strong></span> <span class='ocrx_word' id='word_1_620' title='bbox 3609 4373 3771 4427; x_wconf 89' lang='lat' dir='ltr'><strong>nimis</strong></span> 
     </span>
    </p>
   </div>
   <div class='ocr_carea' id='block_1_91' title="bbox 495 4446 3770 4532">
    <p class='ocr_par' dir='ltr' id='par_1_91' title="bbox 495 4446 3770 4532">
     <span class='ocr_line' id='line_1_91' title="bbox 495 4446 3770 4532; baseline 0.003 -28"><span class='ocrx_word' id='word_1_621' title='bbox 495 4454 556 4504; x_wconf 88' lang='lat' dir='ltr'><strong>to</strong></span> <span class='ocrx_word' id='word_1_622' title='bbox 573 4465 797 4504; x_wconf 88' lang='lat' dir='ltr'><strong>rursum</strong></span> <span class='ocrx_word' id='word_1_623' title='bbox 812 4451 1125 4505; x_wconf 78' lang='lat' dir='ltr'><strong>universam</strong></span> <span class='ocrx_word' id='word_1_624' title='bbox 1149 4453 1365 4507; x_wconf 83' lang='lat' dir='ltr'><strong>Italiam</strong></span> <span class='ocrx_word' id='word_1_625' title='bbox 1387 4455 2096 4526; x_wconf 68' lang='lat' dir='ltr'><strong>im&#39;adunt,ul&#39;b.&#39;mqueob-</strong></span> <span class='ocrx_word' id='word_1_626' title='bbox 2117 4446 2156 4501; x_wconf 74' lang='grc' dir='ltr'>υ</span> <span class='ocrx_word' id='word_1_627' title='bbox 2181 4453 2459 4506; x_wconf 88' lang='lat' dir='ltr'><strong>utilimum</strong></span> <span class='ocrx_word' id='word_1_628' title='bbox 2499 4458 2612 4514; x_wconf 66' lang='lat' dir='ltr'><strong>(sic)</strong></span> <span class='ocrx_word' id='word_1_629' title='bbox 2645 4454 2894 4522; x_wconf 72' lang='lat' dir='ltr'><strong>suggessi</strong></span> <span class='ocrx_word' id='word_1_630' title='bbox 2927 4454 3131 4507; x_wconf 87' lang='lat' dir='ltr'><strong>domno</strong></span> <span class='ocrx_word' id='word_1_631' title='bbox 3165 4455 3406 4509; x_wconf 76' lang='lat' dir='ltr'><strong>Beiardo</strong></span> <span class='ocrx_word' id='word_1_632' title='bbox 3436 4458 3629 4513; x_wconf 88' lang='lat' dir='ltr'><strong>abbati</strong></span> <span class='ocrx_word' id='word_1_633' title='bbox 3675 4478 3770 4532; x_wconf 88' lang='lat' dir='ltr'><strong>po-</strong></span> 
     </span>
    </p>
   </div>
   <div class='ocr_carea' id='block_1_92' title="bbox 2177 4542 3770 4620">
    <p class='ocr_par' dir='ltr' id='par_1_92' title="bbox 2177 4542 3770 4620">
     <span class='ocr_line' id='line_1_92' title="bbox 2177 4542 3770 4620; baseline 0.004 -28"><span class='ocrx_word' id='word_1_634' title='bbox 2177 4542 2397 4594; x_wconf 85' lang='lat' dir='ltr'><strong>stcriori</strong></span> <span class='ocrx_word' id='word_1_635' title='bbox 2426 4551 2482 4594; x_wconf 88' lang='lat' dir='ltr'><strong>et</strong></span> <span class='ocrx_word' id='word_1_636' title='bbox 2509 4543 2800 4610; x_wconf 50' lang='lat' dir='ltr'><strong>praecipuis</strong></span> <span class='ocrx_word' id='word_1_637' title='bbox 2835 4543 3182 4608; x_wconf 85' lang='lat' dir='ltr'><strong>senioribus;</strong></span> <span class='ocrx_word' id='word_1_638' title='bbox 3228 4554 3284 4598; x_wconf 90' lang='lat' dir='ltr'><strong>et</strong></span> <span class='ocrx_word' id='word_1_639' title='bbox 3328 4557 3526 4616; x_wconf 89' lang='lat' dir='ltr'><strong>(quum</strong></span> <span class='ocrx_word' id='word_1_640' title='bbox 3557 4553 3770 4620; x_wconf 83' lang='lat' dir='ltr'><strong>optima</strong></span> 
     </span>
    </p>
   </div>
   <div class='ocr_carea' id='block_1_93' title="bbox 933 4631 3767 4706">
    <p class='ocr_par' dir='ltr' id='par_1_93' title="bbox 933 4631 3767 4706">
     <span class='ocr_line' id='line_1_93' title="bbox 933 4631 3767 4706; baseline 0.004 -24"><span class='ocrx_word' id='word_1_641' title='bbox 933 4643 988 4683; x_wconf 84' lang='lat' dir='ltr'><strong>In</strong></span> <span class='ocrx_word' id='word_1_642' title='bbox 1020 4631 1140 4649; x_wconf 59' lang='lat' dir='ltr'><strong>“&#39;W</strong></span> <span class='ocrx_word' id='word_1_643' title='bbox 1163 4631 1259 4649; x_wconf 85' lang='lat'><strong>&#39;&quot;&quot;</strong></span> <span class='ocrx_word' id='word_1_644' title='bbox 1399 4631 1516 4652; x_wconf 72' lang='lat'><strong>“&quot;“</strong></span> <span class='ocrx_word' id='word_1_645' title='bbox 1539 4631 1741 4668; x_wconf 65' lang='lat'><strong>‘°&#39;&quot;*’”&#39;</strong></span> <span class='ocrx_word' id='word_1_646' title='bbox 1759 4631 1880 4652; x_wconf 76' lang='lat'><strong>&#39;”“°</strong></span> <span class='ocrx_word' id='word_1_647' title='bbox 1917 4631 1932 4651; x_wconf 89' lang='lat'><strong><em>‘</em></strong></span> <span class='ocrx_word' id='word_1_648' title='bbox 1951 4631 2088 4669; x_wconf 72' lang='grc' dir='ltr'>¹ὅ¹¹¹¹</span> <span class='ocrx_word' id='word_1_649' title='bbox 2175 4631 2728 4700; x_wconf 72' lang='lat' dir='ltr'><strong>quaequespiritualis</strong></span> <span class='ocrx_word' id='word_1_650' title='bbox 2747 4631 3767 4706; x_wconf 85' lang='lat' dir='ltr'><strong>patrisdebemusperﬁcerejussione.</strong></span> 
     </span>
    </p>
   </div>
   <div class='ocr_carea' id='block_1_94' title="bbox 495 4707 3769 4796">
    <p class='ocr_par' dir='ltr' id='par_1_94' title="bbox 495 4707 3769 4796">
     <span class='ocr_line' id='line_1_94' title="bbox 495 4707 3769 4796; baseline 0.007 -37"><span class='ocrx_word' id='word_1_651' title='bbox 495 4723 638 4796; x_wconf 86' lang='lat' dir='ltr'><strong>pape</strong></span> <span class='ocrx_word' id='word_1_652' title='bbox 655 4707 1028 4796; x_wconf 82' lang='lat' dir='ltr'><strong>etJustiniani</strong></span> <span class='ocrx_word' id='word_1_653' title='bbox 1049 4711 1420 4780; x_wconf 86' lang='lat' dir='ltr'><strong>imperatoris.</strong></span> <span class='ocrx_word' id='word_1_654' title='bbox 1443 4711 1652 4765; x_wconf 80' lang='lat' dir='ltr'><strong>scilicet</strong></span> <span class='ocrx_word' id='word_1_655' title='bbox 1687 4715 2088 4783; x_wconf 86' lang='lat' dir='ltr'><strong>postlncarna-</strong></span> <span class='ocrx_word' id='word_1_656' title='bbox 2171 4727 2340 4789; x_wconf 86' lang='lat' dir='ltr'><strong>atque</strong></span> <span class='ocrx_word' id='word_1_657' title='bbox 2373 4721 2450 4773; x_wconf 92' lang='lat' dir='ltr'><strong>uti</strong></span> <span class='ocrx_word' id='word_1_658' title='bbox 2485 4730 2740 4772; x_wconf 85' lang='lat' dir='ltr'><strong>tenemus</strong></span> <span class='ocrx_word' id='word_1_659' title='bbox 2769 4721 3108 4779; x_wconf 79' lang='lat' dir='ltr'><strong>ﬁrmissime.</strong></span> <span class='ocrx_word' id='word_1_660' title='bbox 3131 4729 3187 4774; x_wconf 91' lang='lat' dir='ltr'><strong>et</strong></span> <span class='ocrx_word' id='word_1_661' title='bbox 3209 4722 3490 4778; x_wconf 80' lang='lat' dir='ltr'><strong>intellectu</strong></span> <span class='ocrx_word' id='word_1_662' title='bbox 3516 4743 3682 4796; x_wconf 90' lang='lat' dir='ltr'><strong>quem</strong></span> <span class='ocrx_word' id='word_1_663' title='bbox 3713 4729 3769 4782; x_wconf 89' lang='lat' dir='ltr'><strong>in</strong></span> 
     </span>
    </p>
   </div>
   <div class='ocr_carea' id='block_1_95' title="bbox 492 4794 3768 4881">
    <p class='ocr_par' dir='ltr' id='par_1_95' title="bbox 492 4794 3768 4881">
     <span class='ocr_line' id='line_1_95' title="bbox 492 4794 3768 4881; baseline 0.007 -33"><span class='ocrx_word' id='word_1_664' title='bbox 492 4794 662 4849; x_wconf 86' lang='lat' dir='ltr'><strong>tionis</strong></span> <span class='ocrx_word' id='word_1_665' title='bbox 687 4795 969 4852; x_wconf 88' lang='lat' dir='ltr'><strong>Dominice</strong></span> <span class='ocrx_word' id='word_1_666' title='bbox 990 4816 1169 4853; x_wconf 89' lang='lat' dir='ltr'><strong>annos</strong></span> <span class='ocrx_word' id='word_1_667' title='bbox 1211 4797 1331 4856; x_wconf 72' lang='lat'><strong>510.</strong></span> <span class='ocrx_word' id='word_1_668' title='bbox 1361 4799 1552 4853; x_wconf 91' lang='lat' dir='ltr'><strong>indict.</strong></span> <span class='ocrx_word' id='word_1_669' title='bbox 1604 4817 1720 4855; x_wconf 84' lang='lat' dir='ltr'><strong>xm.</strong></span> <span class='ocrx_word' id='word_1_670' title='bbox 1763 4803 1846 4856; x_wconf 88' lang='lat' dir='ltr'><strong>Ab</strong></span> <span class='ocrx_word' id='word_1_671' title='bbox 1884 4805 2091 4856; x_wconf 83' lang='lat' dir='ltr'><strong>Archa-</strong></span> <span class='ocrx_word' id='word_1_672' title='bbox 2173 4825 2274 4860; x_wconf 88' lang='lat' dir='ltr'><strong>nos</strong></span> <span class='ocrx_word' id='word_1_673' title='bbox 2313 4809 2456 4862; x_wconf 83' lang='lat' dir='ltr'><strong>Deus</strong></span> <span class='ocrx_word' id='word_1_674' title='bbox 2489 4809 2844 4878; x_wconf 85' lang='lat' dir='ltr'><strong>omnipotens</strong></span> <span class='ocrx_word' id='word_1_675' title='bbox 2879 4810 3144 4863; x_wconf 87' lang='lat' dir='ltr'><strong>divinitus</strong></span> <span class='ocrx_word' id='word_1_676' title='bbox 3175 4811 3495 4881; x_wconf 67' lang='lat' dir='ltr'><strong>inspiravita</strong></span> <span class='ocrx_word' id='word_1_677' title='bbox 3522 4794 3768 4871; x_wconf 77' lang='lat' dir='ltr'><strong>redimus</strong></span> 
     </span>
    </p>
   </div>
   <div class='ocr_carea' id='block_1_96' title="bbox 495 4573 2088 4683">
    <p class='ocr_par' dir='ltr' id='par_1_96' title="bbox 495 4573 2088 4683">
     <span class='ocr_line' id='line_1_96' title="bbox 495 4573 2088 4683; baseline 0.004 -37"><span class='ocrx_word' id='word_1_678' title='bbox 495 4607 708 4646; x_wconf 78' lang='lat' dir='ltr'><strong>sessum</strong></span> <span class='ocrx_word' id='word_1_679' title='bbox 745 4599 869 4664; x_wconf 88' lang='lat' dir='ltr'><strong>post</strong></span> <span class='ocrx_word' id='word_1_680' title='bbox 899 4573 988 4683; x_wconf 46' lang='lat'><strong>3:]</strong></span> <span class='ocrx_word' id='word_1_681' title='bbox 1020 4596 1140 4649; x_wconf 86' lang='lat' dir='ltr'><strong>dies</strong></span> <span class='ocrx_word' id='word_1_682' title='bbox 1161 4596 1516 4652; x_wconf 89' lang='lat' dir='ltr'><strong>introierunt.</strong></span> <span class='ocrx_word' id='word_1_683' title='bbox 1536 4598 1880 4668; x_wconf 90' lang='lat' dir='ltr'><strong>temporibus</strong></span> <span class='ocrx_word' id='word_1_684' title='bbox 1903 4599 2088 4669; x_wconf 70' lang='lat' dir='ltr'><strong>Vigilii</strong></span> 
     </span>
    </p>
   </div>
   <div class='ocr_carea' id='block_1_97' title="bbox 491 4883 2090 4958">
    <p class='ocr_par' dir='ltr' id='par_1_97' title="bbox 491 4883 2090 4958">
     <span class='ocr_line' id='line_1_97' title="bbox 491 4883 2090 4958; baseline 0.004 -20"><span class='ocrx_word' id='word_1_685' title='bbox 491 4883 585 4938; x_wconf 88' lang='lat' dir='ltr'><strong>dio</strong></span> <span class='ocrx_word' id='word_1_686' title='bbox 629 4884 821 4956; x_wconf 85' lang='lat' dir='ltr'><strong>itaque</strong></span> <span class='ocrx_word' id='word_1_687' title='bbox 869 4905 998 4958; x_wconf 86' lang='lat' dir='ltr'><strong>rege</strong></span> <span class='ocrx_word' id='word_1_688' title='bbox 1047 4905 1225 4958; x_wconf 86' lang='lat' dir='ltr'><strong>usque</strong></span> <span class='ocrx_word' id='word_1_689' title='bbox 1263 4905 1327 4941; x_wconf 89' lang='lat' dir='ltr'><strong>ac</strong></span> <span class='ocrx_word' id='word_1_690' title='bbox 1353 4889 1634 4943; x_wconf 88' lang='lat' dir='ltr'><strong>Justinum</strong></span> <span class='ocrx_word' id='word_1_691' title='bbox 1670 4891 1960 4951; x_wconf 82' lang='lat' dir='ltr'><strong>minorem.</strong></span> <span class='ocrx_word' id='word_1_692' title='bbox 1987 4892 2090 4944; x_wconf 89' lang='lat' dir='ltr'><strong>sub</strong></span> 
     </span>
    </p>
   </div>
   <div class='ocr_carea' id='block_1_98' title="bbox 489 4974 2087 5048">
    <p class='ocr_par' dir='ltr' id='par_1_98' title="bbox 489 4974 2087 5048">
     <span class='ocr_line' id='line_1_98' title="bbox 489 4974 2087 5048; baseline 0.004 -20"><span class='ocrx_word' id='word_1_693' title='bbox 489 4989 600 5044; x_wconf 90' lang='lat' dir='ltr'><strong>quo</strong></span> <span class='ocrx_word' id='word_1_694' title='bbox 633 4974 840 5030; x_wconf 81' lang='lat' dir='ltr'><strong>Narses</strong></span> <span class='ocrx_word' id='word_1_695' title='bbox 870 4975 1250 5031; x_wconf 88' lang='lat' dir='ltr'><strong>Romanorum</strong></span> <span class='ocrx_word' id='word_1_696' title='bbox 1284 4978 1550 5048; x_wconf 90' lang='lat' dir='ltr'><strong>patricius</strong></span> <span class='ocrx_word' id='word_1_697' title='bbox 1596 4997 1720 5033; x_wconf 90' lang='lat' dir='ltr'><strong>cum</strong></span> <span class='ocrx_word' id='word_1_698' title='bbox 1753 4981 1952 5038; x_wconf 86' lang='lat' dir='ltr'><strong>Totila.</strong></span> <span class='ocrx_word' id='word_1_699' title='bbox 1986 4998 2087 5034; x_wconf 92' lang='lat' dir='ltr'><strong>no-</strong></span> 
     </span>
    </p>
   </div>
   <div class='ocr_carea' id='block_1_99' title="bbox 485 5061 2090 5141">
    <p class='ocr_par' dir='ltr' id='par_1_99' title="bbox 485 5061 2090 5141">
     <span class='ocr_line' id='line_1_99' title="bbox 485 5061 2090 5141; baseline 0.005 -27"><span class='ocrx_word' id='word_1_700' title='bbox 485 5061 714 5118; x_wconf 82' lang='lat' dir='ltr'><strong>vissimo</strong></span> <span class='ocrx_word' id='word_1_701' title='bbox 737 5064 1050 5119; x_wconf 89' lang='lat' dir='ltr'><strong>Gothorum</strong></span> <span class='ocrx_word' id='word_1_702' title='bbox 1074 5083 1222 5136; x_wconf 83' lang='lat' dir='ltr'><strong>rege.</strong></span> <span class='ocrx_word' id='word_1_703' title='bbox 1252 5067 1524 5122; x_wconf 87' lang='lat' dir='ltr'><strong>dimicans</strong></span> <span class='ocrx_word' id='word_1_704' title='bbox 1541 5085 1926 5141; x_wconf 84' lang='lat' dir='ltr'><strong>superansque</strong></span> <span class='ocrx_word' id='word_1_705' title='bbox 1957 5071 2090 5122; x_wconf 78' lang='lat' dir='ltr'><strong>etfu-</strong></span> 
     </span>
    </p>
   </div>
   <div class='ocr_carea' id='block_1_100' title="bbox 481 5151 2085 5228">
    <p class='ocr_par' dir='ltr' id='par_1_100' title="bbox 481 5151 2085 5228">
     <span class='ocr_line' id='line_1_100' title="bbox 481 5151 2085 5228; baseline 0.005 -26"><span class='ocrx_word' id='word_1_706' title='bbox 481 5151 653 5220; x_wconf 86' lang='lat' dir='ltr'><strong>gavit.</strong></span> <span class='ocrx_word' id='word_1_707' title='bbox 679 5152 812 5206; x_wconf 88' lang='lat' dir='ltr'><strong>anni</strong></span> <span class='ocrx_word' id='word_1_708' title='bbox 843 5160 974 5208; x_wconf 89' lang='lat' dir='ltr'><strong>sunt</strong></span> <span class='ocrx_word' id='word_1_709' title='bbox 1019 5154 1133 5208; x_wconf 82' lang='lat' dir='ltr'><strong>fere</strong></span> <span class='ocrx_word' id='word_1_710' title='bbox 1165 5169 1438 5209; x_wconf 76' lang='lat' dir='ltr'><strong>CLXXXVIII</strong></span> <span class='ocrx_word' id='word_1_711' title='bbox 1515 5157 1628 5210; x_wconf 81' lang='lat' dir='ltr'><strong>ilec</strong></span> <span class='ocrx_word' id='word_1_712' title='bbox 1660 5158 1784 5211; x_wconf 88' lang='lat' dir='ltr'><strong>ideo</strong></span> <span class='ocrx_word' id='word_1_713' title='bbox 1818 5158 2085 5228; x_wconf 81' lang='lat' dir='ltr'><strong>prolixius</strong></span> 
     </span>
    </p>
   </div>
   <div class='ocr_carea' id='block_1_101' title="bbox 480 5241 2084 5317">
    <p class='ocr_par' dir='ltr' id='par_1_101' title="bbox 480 5241 2084 5317">
     <span class='ocr_line' id='line_1_101' title="bbox 480 5241 2084 5317; baseline 0.002 -24"><span class='ocrx_word' id='word_1_714' title='bbox 480 5241 853 5304; x_wconf 85' lang='lat' dir='ltr'><strong>narravimus,</strong></span> <span class='ocrx_word' id='word_1_715' title='bbox 891 5247 952 5295; x_wconf 89' lang='lat' dir='ltr'><strong>ut</strong></span> <span class='ocrx_word' id='word_1_716' title='bbox 989 5242 1175 5313; x_wconf 78' lang='lat' dir='ltr'><strong>priora</strong></span> <span class='ocrx_word' id='word_1_717' title='bbox 1205 5244 1513 5300; x_wconf 91' lang='lat' dir='ltr'><strong>Gothorum</strong></span> <span class='ocrx_word' id='word_1_718' title='bbox 1562 5254 1835 5317; x_wconf 88' lang='lat' dir='ltr'><strong>tempora.</strong></span> <span class='ocrx_word' id='word_1_719' title='bbox 1870 5264 1976 5316; x_wconf 90' lang='lat' dir='ltr'><strong>que</strong></span> <span class='ocrx_word' id='word_1_720' title='bbox 2015 5243 2084 5297; x_wconf 92' lang='lat' dir='ltr'><strong>ob</strong></span> 
     </span>
    </p>
   </div>
   <div class='ocr_carea' id='block_1_102' title="bbox 479 5330 2084 5405">
    <p class='ocr_par' dir='ltr' id='par_1_102' title="bbox 479 5330 2084 5405">
     <span class='ocr_line' id='line_1_102' title="bbox 479 5330 2084 5405; baseline 0.002 -21"><span class='ocrx_word' id='word_1_721' title='bbox 479 5330 864 5384; x_wconf 87' lang='lat' dir='ltr'><strong>narrationem</strong></span> <span class='ocrx_word' id='word_1_722' title='bbox 898 5331 1039 5386; x_wconf 88' lang='lat' dir='ltr'><strong>beati</strong></span> <span class='ocrx_word' id='word_1_723' title='bbox 1072 5334 1378 5393; x_wconf 79' lang='lat' dir='ltr'><strong>Laurentii.</strong></span> <span class='ocrx_word' id='word_1_724' title='bbox 1420 5337 1582 5405; x_wconf 87' lang='lat' dir='ltr'><strong>hujus</strong></span> <span class='ocrx_word' id='word_1_725' title='bbox 1619 5336 1940 5389; x_wconf 87' lang='lat' dir='ltr'><strong>monasterii</strong></span> <span class='ocrx_word' id='word_1_726' title='bbox 1983 5337 2084 5388; x_wconf 85' lang='lat' dir='ltr'><strong>ab-</strong></span> 
     </span>
    </p>
   </div>
   <div class='ocr_carea' id='block_1_103' title="bbox 476 5417 2079 5499">
    <p class='ocr_par' dir='ltr' id='par_1_103' title="bbox 476 5417 2079 5499">
     <span class='ocr_line' id='line_1_103' title="bbox 476 5417 2079 5499; baseline 0.007 -27"><span class='ocrx_word' id='word_1_727' title='bbox 476 5417 643 5479; x_wconf 84' lang='lat' dir='ltr'><strong>batis.</strong></span> <span class='ocrx_word' id='word_1_728' title='bbox 676 5419 887 5491; x_wconf 82' lang='lat' dir='ltr'><strong>college</strong></span> <span class='ocrx_word' id='word_1_729' title='bbox 917 5424 1090 5476; x_wconf 84' lang='lat' dir='ltr'><strong>sancti</strong></span> <span class='ocrx_word' id='word_1_730' title='bbox 1121 5425 1490 5495; x_wconf 63' lang='lat' dir='ltr'><strong>Ysaacmnjus</strong></span> <span class='ocrx_word' id='word_1_731' title='bbox 1521 5426 1906 5480; x_wconf 72' lang='lat' dir='ltr'><strong>sanctissimus</strong></span> <span class='ocrx_word' id='word_1_732' title='bbox 1939 5446 2079 5499; x_wconf 89' lang='lat' dir='ltr'><strong>papa</strong></span> 
     </span>
    </p>
   </div>
   <div class='ocr_carea' id='block_1_104' title="bbox 477 5506 2076 5586">
    <p class='ocr_par' dir='ltr' id='par_1_104' title="bbox 477 5506 2076 5586">
     <span class='ocr_line' id='line_1_104' title="bbox 477 5506 2076 5586; baseline 0.009 -27"><span class='ocrx_word' id='word_1_733' title='bbox 477 5506 784 5577; x_wconf 90' lang='lat' dir='ltr'><strong>Gregorius</strong></span> <span class='ocrx_word' id='word_1_734' title='bbox 828 5513 1167 5567; x_wconf 87' lang='lat' dir='ltr'><strong>mentionem</strong></span> <span class='ocrx_word' id='word_1_735' title='bbox 1221 5515 1350 5569; x_wconf 85' lang='lat' dir='ltr'><strong>fecit</strong></span> <span class='ocrx_word' id='word_1_736' title='bbox 1391 5533 1558 5586; x_wconf 87' lang='lat' dir='ltr'><strong>quam</strong></span> <span class='ocrx_word' id='word_1_737' title='bbox 1620 5515 2076 5586; x_wconf 85' lang='lat' dir='ltr'><strong>interposuimus,</strong></span> 
     </span>
    </p>
   </div>
   <div class='ocr_carea' id='block_1_105' title="bbox 469 5595 2075 5674">
    <p class='ocr_par' dir='ltr' id='par_1_105' title="bbox 469 5595 2075 5674">
     <span class='ocr_line' id='line_1_105' title="bbox 469 5595 2075 5674; baseline 0.012 -28"><span class='ocrx_word' id='word_1_738' title='bbox 469 5595 693 5668; x_wconf 84' lang='lat' dir='ltr'><strong>tempus</strong></span> <span class='ocrx_word' id='word_1_739' title='bbox 715 5606 886 5670; x_wconf 87' lang='lat' dir='ltr'><strong>prout</strong></span> <span class='ocrx_word' id='word_1_740' title='bbox 909 5603 1196 5674; x_wconf 83' lang='lat' dir='ltr'><strong>potuimus</strong></span> <span class='ocrx_word' id='word_1_741' title='bbox 1224 5605 1626 5672; x_wconf 85' lang='lat' dir='ltr'><strong>edisseramus,</strong></span> <span class='ocrx_word' id='word_1_742' title='bbox 1656 5603 1758 5660; x_wconf 88' lang='lat' dir='ltr'><strong>sed</strong></span> <span class='ocrx_word' id='word_1_743' title='bbox 1799 5621 1868 5660; x_wconf 84' lang='lat' dir='ltr'><strong>ne</strong></span> <span class='ocrx_word' id='word_1_744' title='bbox 1899 5608 2075 5664; x_wconf 88' lang='lat' dir='ltr'><strong>lecto-</strong></span> 
     </span>
    </p>
   </div>
   <div class='ocr_carea' id='block_1_106' title="bbox 2174 4897 3769 4969">
    <p class='ocr_par' dir='ltr' id='par_1_106' title="bbox 2174 4897 3769 4969">
     <span class='ocr_line' id='line_1_106' title="bbox 2174 4897 3769 4969; baseline 0.009 -24"><span class='ocrx_word' id='word_1_745' title='bbox 2174 4897 2478 4957; x_wconf 87' lang='lat' dir='ltr'><strong>verissime,</strong></span> <span class='ocrx_word' id='word_1_746' title='bbox 2516 4898 2713 4950; x_wconf 87' lang='lat' dir='ltr'><strong>melius</strong></span> <span class='ocrx_word' id='word_1_747' title='bbox 2749 4907 2835 4950; x_wconf 86' lang='lat' dir='ltr'><strong>est</strong></span> <span class='ocrx_word' id='word_1_748' title='bbox 2881 4899 3106 4952; x_wconf 88' lang='lat' dir='ltr'><strong>obedire</strong></span> <span class='ocrx_word' id='word_1_749' title='bbox 3134 4916 3300 4969; x_wconf 88' lang='lat' dir='ltr'><strong>quam</strong></span> <span class='ocrx_word' id='word_1_750' title='bbox 3342 4903 3680 4969; x_wconf 80' lang='lat' dir='ltr'><strong>sacriﬁcare,</strong></span> <span class='ocrx_word' id='word_1_751' title='bbox 3715 4913 3769 4960; x_wconf 88' lang='lat' dir='ltr'><strong>et</strong></span> 
     </span>
    </p>
   </div>
   <div class='ocr_carea' id='block_1_107' title="bbox 2173 4985 3768 5064">
    <p class='ocr_par' dir='ltr' id='par_1_107' title="bbox 2173 4985 3768 5064">
     <span class='ocr_line' id='line_1_107' title="bbox 2173 4985 3768 5064; baseline 0.006 -26"><span class='ocrx_word' id='word_1_752' title='bbox 2173 4985 2267 5055; x_wconf 91' lang='lat' dir='ltr'><strong>qui</strong></span> <span class='ocrx_word' id='word_1_753' title='bbox 2300 4987 2438 5056; x_wconf 89' lang='lat' dir='ltr'><strong>patri</strong></span> <span class='ocrx_word' id='word_1_754' title='bbox 2475 5002 2582 5038; x_wconf 91' lang='lat' dir='ltr'><strong>non</strong></span> <span class='ocrx_word' id='word_1_755' title='bbox 2613 4986 2801 5039; x_wconf 88' lang='lat' dir='ltr'><strong>obedit</strong></span> <span class='ocrx_word' id='word_1_756' title='bbox 2829 4987 3128 5056; x_wconf 83' lang='lat' dir='ltr'><strong>spirituali.</strong></span> <span class='ocrx_word' id='word_1_757' title='bbox 3166 4990 3466 5044; x_wconf 80' lang='lat' dir='ltr'><strong>Samuhele</strong></span> <span class='ocrx_word' id='word_1_758' title='bbox 3496 4995 3768 5064; x_wconf 83' lang='lat' dir='ltr'><strong>prapheta</strong></span> 
     </span>
    </p>
   </div>
   <div class='ocr_carea' id='block_1_108' title="bbox 2171 5075 3756 5148">
    <p class='ocr_par' dir='ltr' id='par_1_108' title="bbox 2171 5075 3756 5148">
     <span class='ocr_line' id='line_1_108' title="bbox 2171 5075 3756 5148; baseline 0.007 -22"><span class='ocrx_word' id='word_1_759' title='bbox 2171 5075 2425 5138; x_wconf 83' lang='lat' dir='ltr'><strong>docente,</strong></span> <span class='ocrx_word' id='word_1_760' title='bbox 2457 5075 2754 5129; x_wconf 89' lang='lat' dir='ltr'><strong>didicimus</strong></span> <span class='ocrx_word' id='word_1_761' title='bbox 2786 5076 2919 5146; x_wconf 89' lang='lat' dir='ltr'><strong>quia</strong></span> <span class='ocrx_word' id='word_1_762' title='bbox 2952 5077 3120 5130; x_wconf 89' lang='lat' dir='ltr'><strong>thura</strong></span> <span class='ocrx_word' id='word_1_763' title='bbox 3161 5077 3414 5133; x_wconf 85' lang='lat' dir='ltr'><strong>immolat</strong></span> <span class='ocrx_word' id='word_1_764' title='bbox 3443 5081 3552 5134; x_wconf 92' lang='lat' dir='ltr'><strong>diis</strong></span> <span class='ocrx_word' id='word_1_765' title='bbox 3583 5085 3756 5148; x_wconf 86' lang='lat' dir='ltr'><strong>vanis,</strong></span> 
     </span>
    </p>
   </div>
   <div class='ocr_carea' id='block_1_109' title="bbox 2169 5164 3764 5236">
    <p class='ocr_par' dir='ltr' id='par_1_109' title="bbox 2169 5164 3764 5236">
     <span class='ocr_line' id='line_1_109' title="bbox 2169 5164 3764 5236; baseline 0.008 -22"><span class='ocrx_word' id='word_1_766' title='bbox 2169 5164 2316 5234; x_wconf 90' lang='lat' dir='ltr'><strong>quod</strong></span> <span class='ocrx_word' id='word_1_767' title='bbox 2339 5173 2421 5217; x_wconf 88' lang='lat' dir='ltr'><strong>est</strong></span> <span class='ocrx_word' id='word_1_768' title='bbox 2441 5165 2608 5217; x_wconf 88' lang='lat' dir='ltr'><strong>etiam</strong></span> <span class='ocrx_word' id='word_1_769' title='bbox 2626 5175 2942 5234; x_wconf 86' lang='lat' dir='ltr'><strong>apostatare</strong></span> <span class='ocrx_word' id='word_1_770' title='bbox 2961 5183 2992 5216; x_wconf 65' lang='grc' dir='ltr'><strong>ιι</strong></span> <span class='ocrx_word' id='word_1_771' title='bbox 3020 5172 3122 5219; x_wconf 76' lang='grc' dir='ltr'><strong>ιιρο</strong></span> <span class='ocrx_word' id='word_1_772' title='bbox 3141 5175 3193 5220; x_wconf 79' lang='lat' dir='ltr'><strong>et</strong></span> <span class='ocrx_word' id='word_1_773' title='bbox 3215 5175 3501 5236; x_wconf 87' lang='lat' dir='ltr'><strong>peccatum</strong></span> <span class='ocrx_word' id='word_1_774' title='bbox 3519 5171 3764 5227; x_wconf 84' lang='lat' dir='ltr'><strong>ariolan-</strong></span> 
     </span>
    </p>
   </div>
   <div class='ocr_carea' id='block_1_110' title="bbox 2167 5253 3765 5324">
    <p class='ocr_par' dir='ltr' id='par_1_110' title="bbox 2167 5253 3765 5324">
     <span class='ocr_line' id='line_1_110' title="bbox 2167 5253 3765 5324; baseline 0.007 -19"><span class='ocrx_word' id='word_1_775' title='bbox 2167 5253 2220 5305; x_wconf 89' lang='lat' dir='ltr'><strong>di</strong></span> <span class='ocrx_word' id='word_1_776' title='bbox 2246 5272 2258 5312; x_wconf 84' lang='lat'><strong>;</strong></span> <span class='ocrx_word' id='word_1_777' title='bbox 2287 5284 2340 5292; x_wconf 85' lang='lat'><strong><em>—</em></strong></span> <span class='ocrx_word' id='word_1_778' title='bbox 2366 5253 2489 5306; x_wconf 89' lang='lat' dir='ltr'><strong>ideo</strong></span> <span class='ocrx_word' id='word_1_779' title='bbox 2518 5254 2758 5324; x_wconf 76' lang='lat' dir='ltr'><strong>denique</strong></span> <span class='ocrx_word' id='word_1_780' title='bbox 2803 5255 2904 5307; x_wconf 90' lang='lat' dir='ltr'><strong>hoc</strong></span> <span class='ocrx_word' id='word_1_781' title='bbox 2935 5255 3166 5324; x_wconf 87' lang='lat' dir='ltr'><strong>impium</strong></span> <span class='ocrx_word' id='word_1_782' title='bbox 3198 5265 3254 5309; x_wconf 91' lang='lat' dir='ltr'><strong>et</strong></span> <span class='ocrx_word' id='word_1_783' title='bbox 3277 5257 3610 5313; x_wconf 75' lang='lat' dir='ltr'><strong>detestabile</strong></span> <span class='ocrx_word' id='word_1_784' title='bbox 3639 5262 3765 5315; x_wconf 83' lang='lat' dir='ltr'><strong>faci-</strong></span> 
     </span>
    </p>
   </div>
   <div class='ocr_carea' id='block_1_111' title="bbox 2167 5343 3762 5420">
    <p class='ocr_par' dir='ltr' id='par_1_111' title="bbox 2167 5343 3762 5420">
     <span class='ocr_line' id='line_1_111' title="bbox 2167 5343 3762 5420; baseline 0.006 -25"><span class='ocrx_word' id='word_1_785' title='bbox 2167 5359 2274 5395; x_wconf 86' lang='lat' dir='ltr'><strong>nus</strong></span> <span class='ocrx_word' id='word_1_786' title='bbox 2321 5343 2657 5395; x_wconf 86' lang='lat' dir='ltr'><strong>omnimodis</strong></span> <span class='ocrx_word' id='word_1_787' title='bbox 2705 5360 2898 5396; x_wconf 81' lang='lat' dir='ltr'><strong>cavere</strong></span> <span class='ocrx_word' id='word_1_788' title='bbox 2950 5345 3199 5413; x_wconf 87' lang='lat' dir='ltr'><strong>cupiens.</strong></span> <span class='ocrx_word' id='word_1_789' title='bbox 3242 5356 3545 5417; x_wconf 85' lang='lat' dir='ltr'><strong>sancteque</strong></span> <span class='ocrx_word' id='word_1_790' title='bbox 3574 5351 3762 5420; x_wconf 81' lang='lat' dir='ltr'><strong>aliquo</strong></span> 
     </span>
    </p>
   </div>
   <div class='ocr_carea' id='block_1_112' title="bbox 2168 5431 3758 5501">
    <p class='ocr_par' dir='ltr' id='par_1_112' title="bbox 2168 5431 3758 5501">
     <span class='ocr_line' id='line_1_112' title="bbox 2168 5431 3758 5501; baseline 0.006 -17"><span class='ocrx_word' id='word_1_791' title='bbox 2168 5431 2430 5484; x_wconf 89' lang='lat' dir='ltr'><strong>modovel</strong></span> <span class='ocrx_word' id='word_1_792' title='bbox 2462 5433 2852 5501; x_wconf 84' lang='lat' dir='ltr'><strong>cooperatione</strong></span> <span class='ocrx_word' id='word_1_793' title='bbox 2882 5433 3206 5486; x_wconf 80' lang='lat' dir='ltr'><strong>desiderans</strong></span> <span class='ocrx_word' id='word_1_794' title='bbox 3251 5444 3306 5488; x_wconf 91' lang='lat' dir='ltr'><strong>et</strong></span> <span class='ocrx_word' id='word_1_795' title='bbox 3332 5452 3457 5488; x_wconf 75' lang='lat' dir='ltr'><strong>vero</strong></span> <span class='ocrx_word' id='word_1_796' title='bbox 3495 5439 3758 5493; x_wconf 88' lang='lat' dir='ltr'><strong>meritum</strong></span> 
     </span>
    </p>
   </div>
   <div class='ocr_carea' id='block_1_113' title="bbox 2161 5519 3760 5596">
    <p class='ocr_par' dir='ltr' id='par_1_113' title="bbox 2161 5519 3760 5596">
     <span class='ocr_line' id='line_1_113' title="bbox 2161 5519 3760 5596; baseline 0.006 -23"><span class='ocrx_word' id='word_1_797' title='bbox 2161 5519 2518 5582; x_wconf 47' lang='lat' dir='ltr'><strong>obedientie&#39;,</strong></span> <span class='ocrx_word' id='word_1_798' title='bbox 2547 5522 2898 5590; x_wconf 86' lang='lat' dir='ltr'><strong>postmodum</strong></span> <span class='ocrx_word' id='word_1_799' title='bbox 2935 5524 3146 5592; x_wconf 80' lang='lat' dir='ltr'><strong>pretato</strong></span> <span class='ocrx_word' id='word_1_800' title='bbox 3167 5533 3324 5594; x_wconf 87' lang='lat' dir='ltr'><strong>patre</strong></span> <span class='ocrx_word' id='word_1_801' title='bbox 3345 5527 3644 5596; x_wconf 73' lang='lat' dir='ltr'><strong>etreliquis</strong></span> <span class='ocrx_word' id='word_1_802' title='bbox 3671 5545 3760 5582; x_wconf 89' lang='lat' dir='ltr'><strong>se-</strong></span> 
     </span>
    </p>
   </div>
   <div class='ocr_carea' id='block_1_114' title="bbox 2159 5609 3754 5686">
    <p class='ocr_par' dir='ltr' id='par_1_114' title="bbox 2159 5609 3754 5686">
     <span class='ocr_line' id='line_1_114' title="bbox 2159 5609 3754 5686; baseline 0.004 -22"><span class='ocrx_word' id='word_1_803' title='bbox 2159 5609 2430 5678; x_wconf 82' lang='lat' dir='ltr'><strong>nioribus,</strong></span> <span class='ocrx_word' id='word_1_804' title='bbox 2486 5611 2708 5681; x_wconf 85' lang='lat' dir='ltr'><strong>suscepi</strong></span> <span class='ocrx_word' id='word_1_805' title='bbox 2754 5610 3124 5667; x_wconf 83' lang='lat' dir='ltr'><strong>libentissime</strong></span> <span class='ocrx_word' id='word_1_806' title='bbox 3161 5614 3334 5684; x_wconf 67' lang='lat' dir='ltr'><strong>hujus</strong></span> <span class='ocrx_word' id='word_1_807' title='bbox 3377 5615 3568 5686; x_wconf 83' lang='lat' dir='ltr'><strong>operis</strong></span> <span class='ocrx_word' id='word_1_808' title='bbox 3611 5632 3754 5672; x_wconf 83' lang='lat' dir='ltr'><strong>onus</strong></span> 
     </span>
    </p>
   </div>
  </div>
