3914 6354
135 332 283 392 ίωῦ

606 332 956 389 GREGORII
994 330 1326 387 MONACHI
1362 331 1883 388 PREFATIONES
1919 333 2019 387 AD
2054 332 2533 388 CHARTABIUM
2568 332 2958 391 FARFENSE.

3279 336 3417 394 1306

131 457 486 530 jubentibus,
520 458 677 522 Quod
708 457 838 512 licet
885 456 1021 511 mihi
1067 456 1411 527 impossibile
1456 455 1907 518 videatur,Avel
1950 457 2286 528 ubicumque
2329 457 2634 528 acquisitas
2680 459 3039 523 inseruimus.
3102 466 3160 517 et
3198 478 3293 516 eas
3340 461 3413 517 ad

135 557 327 601 tamen
356 547 488 617 quia
516 555 715 601 cuncta
747 562 908 616 posse
946 545 1225 599 credimus
1256 545 1454 606 Deum,
1486 544 1580 615 qui
1613 560 1737 597 mu-

136 641 259 689 tum
292 636 502 689 animal
531 635 661 689 olim
695 636 939 689 humana
969 635 1073 688 fari
1116 635 1378 705 praecepit
1408 634 1604 699 verba;
1637 650 1737 687 sue

135 725 259 796 ipse
280 742 452 780 causa
483 726 677 780 Matris
713 725 1095 794 integerrime,
1140 725 1284 778 valet
1336 725 1468 778 mihi
1518 724 1736 777 miseri-

135 815 384 868 corditer
403 815 670 876 tribuere,
702 822 764 869 ut
782 816 849 867 ad
883 816 1002 883 ejus
1030 815 1229 868 domus
1256 813 1734 884 recuperationem

136 904 420 974 perficiam
472 904 729 958 utillime.
787 904 938 956 Nihil
991 904 1195 973 quippe
1241 920 1492 957 mearum
1548 902 1732 955 sentio

134 992 363 1053 virium,
404 992 501 1045 scd
532 1008 595 1045 ex
622 992 715 1045 Dei
748 992 980 1045 caritate
1011 992 1245 1062 ejusque
1265 993 1541 1061 adjutorio
1568 991 1736 1044 confi-

134 1079 295 1137 dens.
342 1096 440 1151 per
472 1080 698 1133 domine
730 1087 919 1133 nostre
946 1080 1349 1149 gloriosissime
1380 1080 1734 1133 intercessio-

136 1184 288 1231 nem,
326 1175 385 1222 ut
416 1169 573 1222 valde
593 1169 852 1222 devotum
878 1169 1154 1239 nimisque
1185 1171 1491 1240 proficuum
1516 1169 1735 1223 fidelius

137 1264 196 1313 et
220 1257 405 1311 verius
439 1260 708 1328 perficere
741 1258 1061 1312 studuimus
1100 1275 1238 1330 Opus
1287 1259 1573 1313 attentius.
1610 1258 1734 1312 Non

138 1348 285 1419 quod
299 1348 404 1401 sim
427 1347 709 1402 sufficiens
733 1347 789 1401 in
809 1348 1175 1402 emendandis
1192 1349 1443 1419 partibus
1457 1347 1735 1418 corruptis

137 1436 465 1499 rhetorices,
500 1436 597 1490 sed
616 1437 779 1506 juxta
809 1453 931 1490 mee
952 1436 1241 1490 scientiole
1266 1438 1735 1507 parvitatem.que

137 1525 289 1579 ultra
322 1526 550 1579 modum
585 1526 809 1580 confusa
832 1525 1165 1580 videbantur
1208 1526 1397 1580 studui
1433 1526 1729 1596 corrigere,

139 1628 250 1666 non
290 1618 510 1666 tantum
534 1612 769 1683 plenius,
799 1629 866 1667 ne
892 1613 1035 1666 forte
1061 1613 1339 1668 videretur
1366 1614 1731 1684 simplicibus,

139 1702 289 1772 quod
334 1701 658 1756 chartarum
703 1702 1137 1757 confunderetur
1185 1703 1363 1774 prime
1411 1720 1520 1774 qua
1586 1705 1731 1758 edita

137 1800 271 1845 sunt
320 1790 584 1845 editionis
631 1798 935 1862 respectus.
984 1792 1050 1846 Et
1098 1792 1338 1845 maxime
1376 1792 1509 1861 quia
1548 1810 1656 1847 non
1700 1810 1731 1847 a

135 1879 319 1933 turbis
351 1888 600 1934 remotus
629 1880 880 1934 clanculo
912 1880 1027 1934 sedi
1054 1881 1225 1945 solus,
1261 1888 1325 1934 ut
1346 1882 1615 1935 attentius
1646 1883 1732 1935 in-

139 1971 398 2026 sisterem
422 1971 609 2041 quiete
641 1970 931 2034 vacationi,
965 1971 1059 2025 sed
1091 1971 1148 2024 in
1190 1972 1483 2041 prOpatulo
1522 1972 1731 2025 consti-

128 2064 311 2125 tutus,
345 2059 429 2113 vix
451 2060 863 2129 aliquantulum
886 2076 1007 2113 esse
1036 2059 1181 2113 valui
1210 2061 1452 2129 quietus,
1471 2067 1525 2114 ut
1548 2060 1732 2130 gratia

131 2147 459 2201 solitudinis
484 2148 643 2201 decet
673 2149 774 2201 hoc
801 2164 959 2218 Opus.
996 2149 1187 2219 Neque
1219 2149 1365 2202 enim
1397 2149 1464 2202 ad
1499 2150 1604 2203 hoc
1645 2167 1731 2205 me

132 2236 400 2290 idoneum
442 2236 579 2290 satis
618 2237 734 2289 fore
777 2236 1070 2307 perspicio.
1106 2236 1234 2307 quia
1281 2253 1391 2289 non
1430 2237 1486 2289 in
1529 2238 1732 2292 scholis

132 2324 395 2379 eruditus
418 2342 542 2378 sum
576 2333 884 2395 poetarum,
920 2342 1099 2396 neque
1128 2325 1506 2395 profunditate
1536 2327 1729 2381 doctus

130 2431 255 2468 sum
285 2413 803 2483 grammaticorum.
838 2414 929 2467 sed
971 2415 1041 2467 ab
1088 2413 1221 2484 ipsis
1270 2431 1409 2485 pene
1456 2416 1731 2470 cunabilis

130 2502 185 2556 in
219 2503 388 2571 hujus
423 2502 574 2555 scola
604 2503 781 2556 sancti
805 2502 1039 2556 coenobii
1064 2502 1265 2556 divinis
1292 2504 1536 2557 solertiis
1557 2504 1731 2557 nutri-

133 2595 254 2647 tus.
297 2590 509 2661 Deique
548 2591 705 2645 lactis
727 2592 1026 2645 Genitricis
1078 2592 1353 2661 sapientia
1390 2609 1514 2645 sum
1564 2593 1731 2647 alitus

135 2679 308 2733 ﬁdeli.
342 2678 542 2750 Itaque
566 2680 728 2734 sicuti
769 2682 902 2734 mihi
934 2698 966 2734 a
989 2682 1234 2751 predicto
1270 2681 1470 2735 abbate
1504 2689 1560 2735 et
1598 2682 1729 2735 reli-

136 2769 263 2840 quis
286 2770 507 2837 jussum
541 2778 627 2823 est
650 2769 927 2840 religiosis
954 2770 1284 2833 senioribus,
1306 2771 1444 2823 nihil
1461 2787 1521 2823 ex
1539 2787 1729 2840 respe-

138 2864 332 2926 spectu
360 2857 682 2910 chartarum
717 2874 778 2910 ex
811 2858 897 2910 his
924 2874 1045 2920 qua:
1064 2857 1168 2910 vidi
1188 2858 1653 2929 minui,nihilque
1674 2860 1729 2913 in

136 2962 324 3000 rerum
359 2946 727 2999 translatione
756 2946 958 3000 adauxi
985 2965 997 3013 ;
1030 2947 1124 3000 sed
1157 2948 1235 3000 uti
1277 2955 1410 3001 tunc
1434 2965 1560 3002 cum
1592 2949 1731 3001 scri-

136 3033 327 3089 berem
375 3035 550 3088 oculis
606 3035 878 3105 perspexi.
915 3041 971 3089 et
1015 3045 1267 3106 respectu
1306 3052 1505 3107 capere
1550 3037 1726 3091 veraci

134 3124 311 3195 potui,
348 3123 654 3177 rescribere
690 3125 896 3181 studui.
931 3132 1120 3194 preter
1148 3124 1437 3178 verborum
1487 3126 1728 3196 prolixas

136 3212 480 3282 inutilesque
510 3212 973 3283 reciprocationes
1013 3220 1070 3267 et
1104 3221 1416 3268 transactas
1459 3231 1728 3285 quorum-

134 3301 264 3354 dam
301 3301 710 3370 obligationes:
764 3302 1018 3355 videlicet
1062 3319 1131 3356 ne
1174 3303 1431 3372 plurimis
1479 3304 1726 3374 partium

133 3389 583 3460 corruptionibus
612 3390 704 3444 diu
722 3390 1006 3461 fatigatus,
1026 3397 1083 3445 et
1112 3392 1167 3444 in
1198 3391 1490 3445 scribendo
1508 3393 1728 3462 longius

132 3477 487 3542 immoratus,
521 3480 775 3533 volumen
815 3482 1091 3533 efficerem
1124 3481 1341 3534 tardius
1375 3482 1426 3535 ei
1472 3482 1725 3536 fastidio—

134 3583 277 3631 sum,
310 3568 676 3638 ineptumque
702 3569 772 3623 ad
807 3569 1724 3636 perscrutanclum,etimmensum.

134 3655 384 3710 Veritate
413 3672 544 3726 ergo
574 3673 760 3710 rerum
793 3673 1202 3726 causarumque
1243 3658 1465 3711 utilium
1517 3657 1729 3711 solum-

132 3746 297 3799 modo
319 3752 634 3800 contentus.
668 3746 860 3799 solerti
893 3746 1194 3817 subtilique
1224 3746 1527 3816 sagacitate
1575 3764 1728 3801 vera-

132 3835 417 3889 cissimum
458 3834 669 3905 absque
718 3836 904 3906 aliqua
942 3836 1157 3892 fraude.
1188 3837 1411 3889 Christo
1462 3836 1724 3906 propitio,

133 3926 367 3994 ejusque
397 3922 700 3978 Genitricis
733 3932 1013 3995 perpetum
1046 3925 1275 3994 virginis
1304 3927 1464 3994 cujus
1486 3933 1542 3979 et
1562 3941 1730 3978 causa

132 4012 413 4082 suffragiis
445 4013 689 4081 adjutus.
723 4013 826 4066 hoc
857 4014 1122 4083 perficere
1177 4013 1366 4067 studui
1409 4031 1549 4080 opus
1602 4013 1729 4067 Sin-

132 4101 281 4172 gulis
302 4100 472 4154 etiam
496 4100 676 4154 scedis
713 4102 1056 4155 cartularum
1101 4102 1329 4156 nomina
1365 4103 1591 4157 testium
1642 4103 1729 4156 in-

60 4206 65 4209 ·
132 4205 319 4244 serere
356 4189 691 4244 curavimus.
735 4189 881 4242 sicut
922 4190 977 4242 in
1025 4190 1362 4242 authenticis
1409 4191 1618 4261 scripta
1646 4207 1731 4244 re-

133 4277 619 4349 perivimus.Quas
668 4295 795 4332 vero
840 4279 1232 4349 antiquissima
1280 4286 1555 4333 vetustate
1602 4296 1729 4333 con-

1819 564 2042 616 semper
2059 548 2481 601 memorandum
2502 547 2557 601 in
2573 564 2685 601 uno
2707 549 2985 603 volumine
2999 550 3418 621 comprehendi-

1820 652 1961 689 mus.
2002 636 2214 689 Placuit
2236 637 2406 689 ctiam
2453 636 2610 690 nobis
2642 643 2698 690 et
2735 638 3191 692 cleronomialem
3232 640 3285 692 id
3330 643 3417 694 est

1818 724 2187 779 hereditatem
2250 726 2620 796 pharphensis
2667 730 2788 796 (sic)
2829 727 3061 781 ecclesia
3120 728 3412 798 appellari,

1819 814 2080 883 quoniam
2123 814 2375 883 proprias
2405 814 2579 884 ipsius
2608 815 2922 870 immobiles
2943 817 3013 870 ab
3047 816 3206 871 initio
3240 817 3415 872 libere

1817 901 2161 955 demonstrat
2195 903 2573 971 possessiones
2627 904 3059 975 Prescripsimus
3097 912 3286 959 autem
3319 921 3416 959 no-

1818 989 1970 1042 mina
1999 991 2243 1043 locorum
2277 991 2547 1055 omnium,
2572 992 3027 1063 quibussingulis
3060 994 3285 1064 propria
3314 1010 3418 1048 nu-

1816 1096 2097 1132 merorum
2129 1079 2370 1149 capitula
2394 1079 2728 1139 addidimus.
2758 1090 2812 1135 et
2832 1083 2890 1135 in
2911 1082 3171 1152 qualibus
3191 1082 3415 1152 Scriptis

1816 1184 1883 1221 ea
1927 1168 2174 1221 invenias
2215 1169 2578 1237 sagacissime
2626 1171 2960 1227 notavimus.
3012 1171 3174 1225 Prius
3212 1177 3409 1226 tamen

1817 1257 2006 1310 omnia
2034 1264 2294 1328 precepts
2321 1273 2385 1310 ac
2413 1258 2704 1329 privilegia
2730 1259 2983 1314 seriatim
3029 1259 3411 1315 ordinavimus

1818 1345 1922 1399 hoc
1943 1346 2105 1399 modo
2130 1362 2144 1397 :

1888 1434 2236 1489 Venerabilis
2286 1436 2461 1507 igitur
2495 1436 2579 1490 vir
2613 1437 2874 1491 dominus
2916 1438 3087 1508 hujus
3146 1437 3403 1506 coenobii,

1818 1524 2205 1577 sanctissimus
2223 1524 2394 1579 abbas
2439 1526 2798 1595 sagacissime
2838 1526 2897 1579 in
2947 1526 3033 1580 sui
3085 1518 3412 1597 augmenta-

1818 1611 1970 1665 tione
2018 1614 2364 1679 monasterii,
2421 1615 2795 1668 humanarum
2860 1631 3047 1668 rerum
3113 1615 3412 1685 divineque

1818 1716 2012 1754 norme
2058 1702 2337 1757 studebat.
2388 1704 2530 1757 Nam
2572 1720 2699 1757 cum
2762 1720 2888 1758 eum
2935 1703 3261 1768 Faroaldus,
3301 1703 3413 1758 dux

1749 1770 2157 1859 Bspoletanus,
2189 1792 2527 1846 admonente
2548 1791 2711 1846 beata
2756 1793 2854 1846 Dei
2899 1793 3171 1862 genitrice
3206 1792 3410 1860 Maria,

1815 1886 2008 1933 notum
2040 1879 2290 1943 haberet,
2323 1881 2394 1934 ad
2419 1897 2479 1935 se
2510 1882 2796 1951 Spoletum
2830 1880 3018 1935 venire
3058 1882 3292 1951 rogavit,
3320 1888 3413 1935 at-

1815 1984 1923 2037 que
1952 1968 2075 2037 ejus
2104 1968 2449 2022 orationibus
2479 1986 2539 2023 se
2584 1970 2979 2023 commendare
3027 1971 3265 2035 studuit,
3298 1971 3406 2025 ali-

1814 2060 2194 2125 quantamque
2219 2056 2576 2110 donationem
2608 2074 2707 2127 per
2733 2074 2896 2111 suum
2924 2064 3246 2129 preceptum
3277 2059 3410 2113 huic

1812 2143 2049 2197 contulit
2082 2145 2438 2199 monasterio.
2487 2147 2684 2216 Itaque
2729 2163 2855 2200 cum
2908 2146 3149 2217 plurima
3194 2146 3265 2200 ab
3309 2148 3406 2202 illo

1812 2231 1963 2285 edita
1994 2233 2121 2287 huic
2170 2234 2507 2289 monasterio
2562 2235 2866 2305 antiquiori
2912 2243 3245 2306 consumpta
3290 2235 3407 2290 sint

1814 2326 2087 2374 vetustate
2130 2331 2422 2393 praecepta,
2457 2329 2515 2377 et
2552 2341 2650 2394 per
2689 2324 3012 2378 monasterii
3059 2324 3405 2379 accidentem

1811 2408 2246 2464 destructionem
2278 2412 2539 2489 oblivioni
2582 2420 2717 2466 sunt
2758 2414 2985 2475 tradita,
3022 2414 3292 2468 hactenus
3322 2420 3405 2467 ῐερ

1814 2514 1940 2551 men
1968 2500 2250 2554 invenitur
2273 2518 2445 2555 unum
2477 2502 2757 2571 quoddam
2792 2518 2957 2573 parve
2982 2502 3269 2572 exemplar
3292 2502 3407 2574 epi-

1812 2587 1970 2649 stale,
2015 2589 2220 2642 domno
2261 2590 2502 2644 Johanni
2551 2589 2622 2644 VI
2663 2590 2920 2645 videlicet
2958 2590 3204 2661 pontifici
3264 2592 3409 2646 dire-

1811 2683 1983 2735 ctum.
2014 2694 2123 2747 quo
2152 2695 2252 2732 sua
2285 2679 2587 2749 pontiﬁcali
2640 2681 2977 2733 auctoritate
3010 2680 3170 2734 istius
3209 2688 3410 2735 cuncta

1812 2765 2138 2818 monasterii
2164 2767 2523 2820 confirmaret
2564 2782 2861 2837 praeceptas,
2916 2768 3048 2821 olim
3090 2785 3122 2822 a
3168 2785 3229 2822 se
3278 2767 3409 2822 huic

1814 2853 2153 2906 monasterio
2177 2862 2234 2907 et
2255 2855 2468 2908 Thome
2496 2855 2797 2909 venerabili
2830 2856 2973 2926 patri
3024 2857 3194 2911 edita.
3224 2857 3401 2927 Cujus

1812 2940 1892 2994 ita
1918 2942 2206 2996 exordium
2238 2945 2425 3013 procul
2452 2944 2621 2998 dubio
2643 2945 2760 2998 fore
2778 2944 3043 2998 creditur.

1884 3030 2088 3097 incipit
2117 3032 2352 3102 epistola
2379 3033 2589 3087 domini
2623 3034 2878 3087 Faroaldi
2907 3032 3081 3087 ducis.

1882 3118 2118 3173 Domino
2146 3128 2339 3175 sancto
2360 3137 2426 3175 ac
2453 3127 2541 3175 ter
2567 3122 2907 3184 beatissimo,
2952 3127 3072 3176 toto
3110 3120 3230 3176 orbi
3265 3137 3405 3193 prte-

1810 3206 2052 3269 dicabili,
2084 3215 2142 3261 et
2172 3208 2331 3263 nobis
2378 3210 2433 3263 in
2476 3210 2696 3264 Christo
2753 3209 2904 3264 Patri
2949 3208 3166 3264 Domno
3203 3210 3404 3264 JOANNI

1811 3312 1968 3365 papae
1997 3296 2325 3353 FAROALDUS
2350 3298 2500 3353 filius
2522 3310 2720 3353 vester.

1882 3386 2172 3441 credimus
2218 3397 2425 3442 sanctae
2482 3388 2805 3458 paternitati
2855 3394 3037 3442 vestre
3078 3403 3188 3442 non
3225 3387 3402 3442 latere

1813 3472 2055 3542 qualiter
2075 3483 2302 3545 propter
2330 3476 2425 3529 Ι)θὶ
2456 3492 2729 3538 amorem,
2758 3477 2840 3531 vel
2863 3478 3230 3531 reverentiam
3272 3493 3405 3531 san-

1810 3571 1897 3614 cte
1919 3562 2093 3616 Marie
2120 3580 2342 3635 semper
2367 3564 2599 3634 virginis
2626 3565 2925 3618 Genitricis
2968 3565 3189 3618 Domini
3226 3564 3404 3619 nostri

1809 3648 1843 3701 J
1850 3666 1944 3704 esu
1976 3652 2203 3715 Christi,
2237 3654 2636 3708 monasterium
2667 3655 2720 3707 in
2738 3654 3020 3707 territorio
3039 3662 3228 3707 nostro
3250 3653 3407 3707 Sabi-

1809 3741 1965 3792 nensi
1989 3742 2318 3802 consistens.
2354 3760 2451 3813 per
2478 3743 2694 3813 aliquas
2733 3742 3063 3796 donationes
3092 3750 3312 3796 nostras
3343 3743 3403 3797 in

1809 3829 2132 3898 cespitibus,
2163 3832 2247 3884 vel
2271 3832 2464 3894 servis,
2499 3832 2581 3885 vel
2623 3832 3034 3885 colonislocum
3079 3833 3259 3901 ipsum
3307 3847 3407 3901 per

1809 3918 2078 3972 Thomam
2125 3920 2507 3983 abbatem,-et
2544 3921 2982 3974 commenditum
3026 3928 3276 3973 nostrum
3322 3936 3405 3975 re-

1810 4007 2205 4072 stauravimus,
2239 4016 2296 4063 et
2325 4009 2398 4063 ibi
2428 4027 2527 4079 per
2552 4009 2808 4080 praecepti
2861 4009 3037 4063 nostri
3079 4010 3403 4064 firmitatem

1810 4096 1993 4150 locum
2021 4097 2205 4167 ipsum
2235 4098 2605 4153 venerabilem
2637 4098 3024 4153 stabilivimus.
3066 4097 3224 4153 Unde
3264 4098 3405 4153 utile

1813 4185 2187 4254 prae-vidimus,
2220 4195 2532 4256 presentem
2546 4197 2796 4241 nostram
2823 4187 3114 4258 epistolam
3133 4187 3202 4241 ad
3220 4197 3406 4242 vestra

1812 4288 1912 4341 per
1962 4274 2219 4327 eumdem
2271 4276 2543 4329 Thomam
2602 4275 2843 4345 diligere
2890 4275 3127 4346 vestigia
3175 4282 3406 4346 propter

132 4374 355 4435 sumpta
381 4375 437 4418 et
462 4382 495 4418 a
523 4366 800 4420 vermibus
839 4368 1219 4437 [lelSpt'XimUS
1263 4384 1507 4421 corrosa.
1560 4378 1792 4455 atqueD
1812 4361 1955 4431 quod
1998 4371 2278 4432 rogantes.
2308 4381 2371 4416 ac
2392 4363 2434 4417 si
2472 4364 2915 4433 prmsentialiter.
2948 4364 3325 4419 obsecramus.
3344 4370 3406 4419 ut

131 4455 201 4508 ad
231 4454 562 4523 capiendum
600 4455 946 4514 difﬁcillima,
1000 4472 1142 4524 equo
1181 4457 1395 4526 judicio
1437 4456 1726 4511 omisimus

130 4542 363 4605 intacta,
397 4543 649 4596 nolentes
681 4543 786 4596 nisi
807 4560 914 4613 que
935 4544 1109 4596 oculis
1137 4545 1344 4598 clarius
1387 4545 1724 4599 decerneba-

133 4646 276 4693 mus,
315 4633 396 4683 vel
440 4632 726 4685 intellectu
769 4648 968 4702 capere
1014 4634 1191 4686 veraci
1243 4642 1582 4704 poteramus,
1617 4635 1726 4688 huc

128 4727 242 4773 tam
274 4720 636 4773 meritissimo
665 4721 911 4775 inserere
939 4723 1225 4792 opusculo.

198 4810 496 4873 Quatinus,
556 4809 702 4863 sicut
751 4810 1095 4865 verissimam
1162 4828 1347 4866 rerum
1392 4812 1726 4883 ﬂdelemque

127 4899 558 4952 translationem
588 4905 787 4952 nactus
815 4916 938 4952 sum
971 4901 1353 4963 transducere,
1375 4901 1455 4954 sic
1474 4918 1723 4955 meorum

129 4987 500 5043 certissimam
534 5004 569 5042 a
603 4988 711 5041 Deo
742 4988 1146 5058 omnipotente,
1172 5006 1269 5060 per
1294 4991 1519 5044 domine
1540 4999 1727 5046 nostra

128 5077 611 5143 intercessionem,
641 5094 860 5132 merear
889 5080 1275 5133 remiSsionem
1291 5080 1621 5134 delictorum
1648 5098 1729 5136 re-

129 5168 335 5237 cipere.
372 5166 624 5236 meisque
667 5167 992 5237 parentibus
1040 5176 1367 5239 perpetuam
1418 5171 1727 5224 mercedem

130 5257 439 5327 acquirere.
475 5258 643 5310 Porro
676 5257 806 5311 huic
835 5257 975 5311 libro
996 5259 1500 5329 gemniagraphum
1526 5276 1727 5314 nomen

133 5343 525 5415 imposuimus,
569 5345 620 5399 id
652 5354 736 5400 est
769 5347 1093 5400 memoriam
1126 5348 1516 5418 descriptionis
1548 5355 1729 5401 terra-

134 5450 278 5501 rum,
309 5435 445 5505 quia
482 5435 541 5488 in
570 5451 636 5490 eo
667 5436 835 5508 hujus
851 5437 1067 5491 cenobii
1094 5446 1273 5492 terras
1301 5454 1336 5491 a
1357 5454 1726 5510 quocumque,

1808 4467 1908 4520 pro
1932 4451 2047 4504 tutu
2058 4452 2131 4505 ris
2152 4459 2261 4505 tem
2271 4452 2495 4522 poribus
2513 4460 2692 4507 vestra
2713 4453 2999 4507 beatitudo
3022 4471 3118 4525 pro
3133 4466 3405 4525 perpetua

1811 4540 2094 4604 firmitate,
2130 4542 2479 4611 privilegium
2508 4542 2561 4594 in
2588 4542 2815 4613 scriptis
2846 4542 3026 4597 eidem
3058 4544 3177 4597 loco
3219 4544 3403 4598 facere

1808 4630 2111 4699 praecipiat,
2144 4629 2247 4683 sub
2276 4647 2339 4683 ea
2379 4630 2589 4684 scilicet
2621 4632 2855 4692 ratione.
2890 4640 2952 4685 ut
2977 4650 3100 4702 quae
3123 4650 3222 4686 nos
3243 4634 3406 4687 devo-

1807 4720 2027 4773 tissima
2057 4720 2340 4773 voluntate
2365 4726 2555 4772 sancte
2588 4719 2757 4773 Mai-ie
2784 4722 3123 4775 monasterio
3156 4722 3400 4775 contuli—

1809 4825 1952 4866 mus.
1986 4808 2069 4861 vel
2103 4824 2200 4878 pro
2227 4808 2608 4861 consolatione
2639 4809 3084 4877 peregrinorum,
3122 4809 3206 4863 vel
3248 4809 3405 4863 utili-

1807 4904 1923 4952 tate
1965 4897 2169 4951 ibidem
2198 4897 2648 4958 deservientium,
2684 4899 3079 4959 con-:essimus,
3115 4899 3395 4969 inspectas

1808 4987 1958 5058 ipsas
1974 4986 2375 5057 perceptiones.
2407 4986 2501 5039 tali
2535 4986 2820 5056 privilegio
2862 4996 3044 5040 vestra
3092 4986 3402 5057 paternitas

1798 5080 2001 5131 sancta
2034 5078 2257 5130 firmare
2278 5076 2495 5145 jubeat,
2522 5082 2584 5129 ut
2606 5075 2913 5130 nullusalio
2934 5085 3187 5147 tempore
3211 5094 3261 5147 ρ’
3277 5093 3399 5130 esu-

1814 5174 1925 5219 mat
1956 5166 2172 5236 aliquas
2202 5164 2548 5226 insolentias,
2571 5170 2668 5218 aut
2688 5164 3079 5218 concussiones
3100 5164 3408 5227 facere,aut

1810 5256 1963 5326 ipsas
1994 5272 2081 5310 res
2118 5255 2188 5309 de
2218 5256 2336 5325 ipso
2378 5259 2570 5308 sancto
2627 5254 2764 5315 loco,
2836 5261 2935 5307 aut
2979 5253 3047 5307 de
3100 5252 3404 5307 donatione

1812 5347 2058 5416 ipsorum
2083 5362 2367 5399 servorum
2401 5345 2493 5398 Dei
2521 5343 2773 5401 auferre;
2807 5350 2864 5396 et
2884 5342 2977 5413 qui
3023 5343 3122 5395 hec
3153 5358 3404 5412 presum-

1812 5437 2006 5513 pserit,
2036 5436 2140 5491 sub
2164 5434 2542 5490 anathematis
2572 5433 2789 5488 vinculo
2813 5442 2993 5486 vestra
3020 5431 3244 5485 almitas
3275 5446 3405 5485 eum
