3914 6356
1663 335 1958 393 ωλι.

3301 331 3447 388 ma

175 453 407 509 deamus
421 456 671 520 00m.
697 455 915 527 Ruﬁ-ibi
932 458 1363 530 suntdiepem.
1391 460 1485 516 hic
1503 461 1762 532 dispersa
1785 467 1830 522 Α
1907 462 1982 514 0e
2007 461 2267 514 naturali
2293 473 2503 527 capre:
2519 461 2748 532 imitata
2774 463 2823 511 et
2849 457 3088 525 ejusdem
3105 469 3387 511 mem

176 559 296 615 qua
317 544 406 608 ibi
429 552 570 604 sunt
597 546 848 608 collecta,
891 563 1078 608 nonne
1104 548 1208 607 ista
1259 550 1440 615 ﬁgura
1463 551 1772 619 degenerat

176 647 209 696 ξι
239 649 347 694 sua
368 635 668 702 genitriee,
699 636 1060 696 monochordi
1094 638 1343 695 videlicet
1375 657 1637 694 mensura
1657 640 1680 692 '?

373 733 446 786 lle
472 747 723 799 perversa
750 734 1228 792 tetrachordorum
1255 739 1583 791 collectione.

245 828 309 881 In
340 828 450 881 ista
471 830 656 898 ﬁgura
675 830 1068 885 rolleetaesunt
1095 832 1150 886 in
1176 849 1346 886 unum
1383 835 1559 888 locum
1578 852 1771 889 omnes

171 933 388 986 graves,
422 917 479 970 in
526 935 695 971 unum
729 919 909 971 locum
951 937 1144 974 omnes
1175 923 1388 984 hnales,
1421 924 1684 977 similiter
1711 925 1769 978 in

172 1021 348 1070 unum
381 1023 579 1068 omnes
617 1007 957 1076 superiores.
991 1025 1186 1067 omnes
1210 1011 1379 1066 etiam
1411 1014 1762 1072 excellentes.

174 1095 318 1164 quod
355 1095 578 1164 penitus
603 1111 712 1148 non
737 1097 993 1150 concedit
1021 1099 1382 1153 monochordi
1415 1108 1766 1171 naturaomn

172 1182 403 1236 cuilibet
460 1183 941 1238 tetrachordorum
993 1195 1236 1256 quatuor
1273 1189 1491 1243 diversa
1526 1191 1768 1260 partitur

173 1268 310 1323 loca.

334 1379 408 1446 pe
434 1393 691 1446 perversa
719 1379 988 1439 diezeuxi,
1024 1381 1083 1432 id
1113 1387 1187 1434 est
1219 1383 1604 1450 disjzmctione.

241 1475 305 1540 In
333 1459 458 1541 ista
497 1476 679 1546 ﬁgura
714 1476 1010 1546 disjunctae
1057 1484 1190 1531 sunt
1238 1488 1434 1563 quarta
1481 1481 1756 1550 gravium,

173 1564 353 1634 prima
379 1565 660 1630 ﬁnaliuin.
690 1577 888 1650 quarta
917 1567 1478 1636 superioraimpr-ima
1499 1571 1764 1634 excellen-

169 1651 330 1712 tium,
359 1670 483 1723 quae
516 1655 568 1707 in
599 1655 959 1720 .monochordi
989 1657 1237 1722 naturali
1271 1665 1554 1715 structura
1594 1676 1766 1713 unum

172 1749 227 1795 et
253 1743 498 1796 eundem
529 1742 742 1809 obtinet
784 1745 984 1808 locum,
1026 1753 1218 1818 utpote
1249 1746 1303 1808 in
1347 1764 1457 1809 una
1485 1755 1541 1800 et
1570 1749 1764 1802 eadem

171 1830 376 1898 littera.

172 1937 242 1989 De
269 1939 534 2001 acumine
561 1953 671 1990 non
699 1942 958 1994 naturali
983 1944 1147 2007 preti,
1171 1946 1220 1994 et
1242 1944 1514 2009 gravitate
1531 1943 1772 2006 tetrardi

734 2023 845 2074 non
876 2028 989 2082 com
994 2017 1168 2078 petent
1178 2015 1196 2064 i
1201 2053 1210 2062 .

237 2107 308 2176 In
357 2106 464 2170 hac
501 2106 698 2180 eadem
759 2109 1164 2177 quadripartita
1213 2112 1394 2182 ﬁgura
1448 2118 1642 2182 protus
1684 2117 1770 2176 est

173 2195 554 2262 acutissimus,
611 2197 894 2262 tetrardus
930 2200 1320 2270 gravissimus,
1383 2201 1530 2270 quod
1597 2218 1764 2272 quam

171 2283 518 2348 contrarium
575 2285 652 2348 sit
701 2293 912 2346 natura;
960 2289 1320 2341 monochordi
1361 2296 1544 2360 potest
1584 2289 1764 2359 quivis

172 2370 341 2426 etiam
375 2371 732 2440 mediocriter
776 2373 861 2440 his
913 2373 1167 2440 imbutus
1210 2377 1472 2438 facillime
1521 2385 1769 2436 contem-

174 2459 339 2529 piari.

564 2551 635 2614 De
666 2552 951 2604 dictatoris
977 2553 1368 2616 admiratione.

243 2646 379 2699 Haec
399 2663 524 2699 cum
544 2647 761 2701 diutina
779 2665 994 2701 mecum
1014 2649 1383 2704 admiratione
1406 2652 1764 2716 revolverem,

173 2741 231 2788 et.
257 2735 300 2788 si
325 2735 461 2809 quid
508 2737 820 2806 naturalius
869 2747 1186 2792 occurreret
1217 2739 1561 2809 indagarem,
1587 2742 1770 2794 inveni

173 2840 434 2898 capream
461 2826 630 2896 matri
660 2827 1027 2890 simillimam,
1061 2845 1185 2899 quee
1218 2829 1386 2882 habet
1413 2829 1468 2882 in
1504 2846 1617 2884 uno
1647 2831 1769 2894 ioco

173 2922 434 2984 quartam
463 2915 743 2987 gravium.
779 2917 1016 2986 primam
1067 2918 1342 2980 ﬁnalium.
1375 2928 1632 2988 quartam
1665 2936 1767 2973 su-

172 3001 480 3071 periorum,
515 3003 754 3072 primum
787 3005 1173 3060 excellentium
1221 3006 1353 3076 Quae
1385 3007 1554 3059 habet
1583 3007 1636 3059 in
1673 3006 1764 3062 IV.

2384 545 2593 597 magna
2617 531 2910 597 facilitate.

1925 638 2054 690 Haec
2080 654 2206 690 cum
2238 643 2456 691 tantam
2479 637 2683 689 haheat
2701 643 2915 689 naturae
2939 635 3228 688 veritatem
3249 650 3446 687 secun-

1853 725 1983 779 dum
2014 727 2462 796 antiquissimam
2497 725 2857 778 monochordi
2889 724 3449 792 nativitatem,potest

1854 831 1975 868 eam
2035 823 2093 868 et
2143 815 2248 868 hoc
2296 815 2691 868 commendare
2736 814 2962 867 uberius
3021 813 3169 882 quod
3215 811 3449 881 simplex

1855 904 2216 958 monochordi
2245 920 2508 966 mensura
2541 904 2640 955 ﬁat
2665 903 2772 955 hac
2801 919 2997 972 parum
3019 903 3278 958 celerius.
3309 901 3449 954 Om-

1853 992 1937 1043 nis
1966 999 2149 1051 tonus.
2186 1009 2351 1046 omne
2391 991 2774 1050 semitonium,
2809 1006 2976 1043 omne
3019 989 3191 1043 etiam
3219 1004 3448 1059 synem~

1853 1097 2072 1138 l'tit‘llOll,
2103 1081 2287 1134 omnis
2327 1080 2569 1149 denique
2615 1078 2709 1132 ιγ.
2745 1085 3031 1148 troporum
3065 1093 3335 1131 mensura
3363 1081 3453 1130 est

1850 1169 2166 1238 aequissime
2220 1169 2446 1222 sibimet
2488 1168 2780 1238 opposita;
2812 1168 2907 1220 sed
2940 1168 3112 1222 illius.
3145 1183 3268 1236 qua;
3306 1165 3446 1220 mihi

1851 1273 2016 1310 causa
2045 1258 2153 1309 tuit
2181 1258 2368 1326 hujus.
2393 1263 2552 1310 tanta
2599 1265 2686 1310 est
2723 1257 2782 1309 in
2815 1256 3096 1309 metiendo
3117 1255 3442 1316 difﬁcultas,

1849 1349 1962 1397 tam
1995 1345 2395 1398 inextricabilis
2429 1346 2729 1416 perplexio,
2766 1350 2828 1398 ut
2848 1345 3152 1398 admodum
3181 1344 3326 1396 dura
3369 1343 3447 1395 sit

1849 1433 2097 1502 ejusdem
2126 1442 2366 1488 textura.

1848 1559 2026 1623 Quare
2056 1575 2250 1634 caprea
2285 1562 2387 1618 tati
2417 1562 2638 1616 nomine
2667 1562 2968 1621 censeatur,
2996 1563 3044 1610 et
3065 1558 3199 1634 quid
3215 1560 3444 1634 pratuli

2113 1630 2120 1642 '
2507 1635 2790 1696 o/[rratur.
3068 1630 3074 1634 ’
3215 1630 3220 1632 ’
3332 1632 3336 1636 ’

1919 1736 2110 1799 Nostri
2143 1737 2506 1800 theorematis
2533 1737 2838 1796 novitatem
2869 1740 3098 1810 propter
3130 1735 3257 1814 ejus
3286 1749 3445 1786 men-

1810 1823 1995 1878 ξἐιιιέξδ
2024 1825 2364 1879 celeritatem
2421 1826 2733 1896 nuncupavi
2767 1842 3024 1896 capream
3065 1843 3075 1877 :
3111 1831 3162 1878 et
3197 1823 3329 1896 quia
3352 1838 3446 1876 ve-

1852 1914 2026 1968 locius
2049 1915 2376 1972 occurrebat
2406 1932 2531 1968 cum
2553 1915 2794 1968 venabar
2822 1932 2965 1972 eam,
3002 1915 3256 1972 voluntas
3294 1911 3445 1968 enim

1854 2003 1949 2055 Dei
1982 2003 2088 2062 fuit
2115 2011 2174 2056 ut
2205 2004 2313 2058 cito
2335 2010 2649 2060 occurreret
2682 2004 2811 2062 mihi
2840 2003 2986 2073 quod
3011 2001 3280 2076 volebam,
3317 2016 3446 2052 ean-

1852 2088 1975 2142 dem
2013 2099 2169 2160 pater
2209 2093 2518 2144 venerande
2559 2109 2816 2162 capream
2863 2079 3013 2148 vobis
3069 2090 3239 2141 olfero
3273 2087 3448 2162 degu-

1851 2159 2104 2230 standain
2138 2179 2318 2232 cordis
2352 2159 2640 2250 palato,utr
2655 2179 2698 2230 si
2731 2179 2862 2248 quid
2897 2177 3047 2232 vobis
3069 2177 3127 2230 in
3145 2194 3212 2234 ea.
3236 2159 3439 2246 sapiat,

1851 2265 2141 2321 benedicat
2176 2267 2306 2320 mihi
2337 2267 2526 2320 anima
2563 2275 2766 2320 vestra.

2170 2396 2294 2460 Qus
2322 2398 2395 2450 sit
2426 2396 2488 2447 in
2519 2410 2718 2461 caprea
2745 2393 3123 2452 commoditas.

1923 2500 2152 2554 Habetis
2178 2501 2234 2554 in
2267 2518 2330 2554 ea
2352 2502 2573 2572 planam
2607 2500 2966 2554 mensurandi
2997 2499 3446 2560 facilitatemma-

1850 2592 1990 2642 tura;
2020 2605 2127 2642 non
2155 2589 2596 2659 redarguendam
2631 2590 3082 2659 veritatem,quia
3107 2588 3300 2640 omnia
3324 2601 3444 2639 mo-

1854 2677 2118 2736 nochordi
2149 2687 2514 2744 repraesentat
2545 2678 2793 2747 legitima
2821 2678 2962 2734 sicut
2993 2677 3170 2730 decet.
3201 2677 3343 2734 Nam
3374 2673 3445 2732 de

1854 2764 2132 2833 primitivo
2167 2767 2540 2819 monochordo
2560 2767 2922 2826 derivativam
2956 2766 3119 2818 aliter
3138 2780 3304 2834 quam
3330 2779 3445 2816 mo-

1853 2853 2196 2910 nochordum
2233 2854 2362 2908 velit
2390 2871 2723 2923 componere
2745 2856 3007 2923 ﬁguram,
3041 2854 3145 2913 hoc
3163 2857 3252 2906 est
3282 2854 3445 2922 juxta

1853 2942 2048 3010 pedem
2077 2942 2331 2994 dextrum
2365 2943 2612 2996 calceum
2666 2943 2909 2998 formare
2936 2942 3248 3001 sinistrum.
3281 2940 3443 3006 QuOd

1852 3030 2129 3099 quomodo
2160 3031 2572 3085 theorematein
2607 3038 2798 3086 nostro
2825 3031 2899 3084 sit
2925 3031 3442 3095 devitatumﬁestro

175 3089 312 3153 locis
363 3091 614 3149 diversis.
662 3109 896 3161 graves,
953 3094 1169 3156 tinales,
1228 3097 1561 3165 superiores.
1634 3089 2080 3188 Quwﬁéenims
2112 3119 2420 3189 sul-“dicio
2443 3126 2809 3184 reservatum.

177 3179 347 3232 habet
357 3185 578 3251 pro‘tum
594 3181 1006 3250 gravissimum,
1018 3190 1158 3244 tetra
1168 3183 1225 3237 rd
1237 3201 1327 3236 um
1360 3193 1486 3237 acut
1498 3185 1764 3245 issimum.

176 3273 239 3321 ut
264 3275 525 3330 naturam
559 3287 724 3339 quam
776 3271 832 3327 in
879 3271 1169 3342 principali
1221 3273 1511 3342 genitricis
1551 3275 1769 3344 gremio

175 3356 518 3426 possideant,
555 3358 608 3410 in
643 3360 767 3413 tiliae
799 3361 1198 3412 mansiunculis
1229 3378 1338 3422 non
1361 3363 1650 3421 amittant.

441 3457 509 3510 De
543 3460 795 3509 mim'atz's
827 3459 1296 3512 tetrachordurtnn
1334 3461 1514 3512 lineis.

245 3546 501 3609 Quatuor
529 3545 765 3614 obliquae
803 3547 963 3606 lineae
1017 3555 1257 3616 quatuor
1286 3549 1656 3604 tetrachordis
1712 3551 1766 3602 in

174 3635 448 3705 gravium,
485 3633 756 3698 ﬁnalium,
777 3636 1148 3704 superiorum.
1175 3637 1767 3698 excellentium.minio

176 3723 589 3794 superinductee
617 3725 1082 3793 quadripartitam
1119 3725 1291 3777 n0stri
1318 3725 1512 3794 tropici
1545 3727 1767 3785 theore-

177 3814 345 3874 matis
373 3813 453 3877 ita
493 3821 790 3882 penetrant
821 3814 1192 3876 latitudinem,
1231 3820 1292 3872 ut
1327 3831 1435 3882 non
1466 3815 1644 3868 solum
1678 3816 1769 3870 de-

175 3909 492 3967 monstrent
522 3919 976 3972 unamquamque
995 3904 1270 3970 gravium.
1305 3903 1577 3966 ﬁniiliuiii,
1610 3921 1771 3973 supe-

176 3992 408 4055 riorum.
443 3991 848 4055 excellentium,
896 3991 951 4044 in
1009 3992 1092 4046 sui
1139 3992 1280 4060 tr0pi
1336 3991 1642 4054 intervallo,
1675 3993 1768 4046 sed

177 4081 346 4140 etiam
377 4080 437 4146 iu
472 4097 600 4144 vero
632 4087 688 4134 et
728 4081 968 4142 naturali
1032 4067 1170 4142 loco,
1227 4081 1530 4142 secundum
1578 4090 1766 4151 proto-

175 4168 370 4238 plastae
398 4167 748 4234 conditionis,
809 4185 930 4238 quia
979 4175 1064 4228 est
1095 4168 1151 4223 in
1181 4169 1578 4231 monochordo,
1612 4170 1770 4228 testi-

178 4256 459 4323 monium.

300 4364 445 4429 Quid
466 4365 591 4417 bene
619 4365 756 4431 quid
779 4368 922 4417 male
951 4367 1366 4433 quadripartito
1395 4369 1637 4432 erplicct.

245 4451 668 4522 Quadripertita
699 4453 1091 4511 modernornm
1127 4454 1304 4522 figura
1342 4454 1482 4507 bene
1507 4455 1765 4524 exprimit

175 4557 634 4612 unamquamque
675 4542 1062 4611 principalium
1089 4543 1376 4596 literarum
1409 4561 1503 4596 seu
1533 4544 1770 4596 chorda-

173 4647 299 4697 rum
332 4647 434 4684 suo
464 4638 626 4700 tropo
657 4631 1046 4684 contraditum.
1090 4633 1197 4684 Sed
1231 4632 1284 4684 in
1329 4633 1430 4684 hoc
1468 4631 1766 4700 delinquit,

175 4719 324 4792 quod
368 4737 462 4772 eas
501 4719 556 4772 in
606 4720 715 4772 alio
754 4720 891 4779 loco,
937 4737 1101 4790 quam
1145 4721 1581 4774 nnmochordum
1617 4721 1765 4787 velit,

173 4809 468 4864 constituit
505 4809 805 4872 divisiones
861 4816 1170 4878 troporum.
1226 4811 1382 4874 Quod
1443 4811 1627 4870 minus
1683 4816 1770 4862 est

173 4897 315 4968 bene
365 4898 554 4964 condit
605 4899 896 4968 gravitatis
938 4899 1322 4968 acuminisque
1368 4901 1567 4967 legem.
1620 4898 1768 4968 quod

173 4989 358 5058 majus
389 4993 473 5040 est
494 5003 603 5042 non
651 4995 812 5041 caute
844 4987 1150 5049 distribuit.
1186 4989 1288 5040 Sed
1321 4988 1504 5057 gratia
1534 4988 1765 5056 lausque

173 5077 247 5130 sit
280 5076 431 5138 Patri
462 5075 812 5141 luminum,a
840 5094 948 5146 quo
971 5084 1055 5136 est
1074 5094 1235 5130 omne
1267 5078 1457 5135 datum
1493 5078 1764 5146 optimum

174 5170 232 5217 et
272 5180 438 5217 omne
494 5163 702 5228 donum
763 5166 1088 5234 perfectum,
1140 5173 1330 5218 nostra
1386 5167 1498 5226 imo
1547 5182 1648 5218 sua
1706 5171 1768 5222 ut

173 5253 428 5318 dicamus
471 5269 594 5308 cum
638 5254 946 5322 psalmista,
984 5255 1102 5308 Non
1154 5256 1325 5317 nobis,
1375 5257 1618 5317 Domine
1656 5272 1764 5308 non

173 5344 348 5404 nobis,
378 5343 468 5395 sed
499 5359 555 5404 η.
589 5347 625 5395 t.
655 5344 708 5393 d.
749 5359 800 5411 g.
855 5349 910 5396 et
960 5343 1099 5406 bene
1142 5344 1435 5406 divisiones
1477 5352 1761 5414 troporum

174 5430 480 5492 constituit,
542 5439 595 5484 et
653 5433 908 5485 naturale
965 5433 1267 5486 secundum
1327 5435 1763 5498 monoch-irdum

173 5520 464 5589 gravitatis
495 5528 548 5574 et
569 5521 845 5575 acuminis
870 5539 1063 5576 eorum
1077 5523 1450 5576 differentiam
1481 5524 1768 5578 evidenter

176 5609 458 5680 proponit.

1856 3243 1978 3309 Quas
2001 3259 2167 3297 causa
2196 3248 2267 3296 sit
2306 3248 2716 3297 contrarietatis
2746 3247 2898 3297 inter
2926 3242 3358 3296 monochordum
3395 3245 3447 3296 et

2049 3317 2524 3384 quadripartitam
2545 3320 2787 3383 ﬁguram
2818 3317 3230 3368 modernorum.

1923 3441 2160 3493 Causam
2206 3445 2392 3493 autem
2439 3441 2853 3494 contrarietatis
2908 3440 3054 3492 inter
3091 3437 3241 3491 illam
3273 3453 3441 3510 quam

1851 3529 2103 3580 moderni
2163 3529 2403 3597 diligunt
2455 3531 2688 3598 figuram
2744 3536 2800 3582 et
2844 3527 3301 3586 monochordum,
3351 3542 3445 3578 ar-

1850 3617 2029 3670 bitror
2059 3635 2178 3670 esse
2226 3619 2338 3670 imo
2392 3618 2525 3679 scio,
2561 3618 2704 3686 quod
2738 3617 3131 3687 dispositiones
3154 3621 3443 3690 troporum

1852 3705 1932 3757 ita
1954 3707 2100 3758 varie
2123 3705 2524 3775 incipiunt.utl
2575 3706 2645 3759 ll.
2673 3713 2822 3780 tono,
2848 3703 2919 3758 II.
2947 3705 3042 3758 Ill.
3069 3699 3440 3762 tono.IIl.IV.

1853 3795 2150 3848 semitonio
2183 3797 2458 3870 praecedat
2509 3813 2631 3854 cum
2669 3796 2851 3864 potius
2892 3795 2947 3853 in
2997 3794 3106 3847 illis
3157 3792 3444 3863 procurari

1853 3884 2097 3942 deberet.
2133 3892 2408 3954 quatenus
2439 3885 2628 3954 prima:
2650 3883 3030 3954 dispositionis
3045 3882 3248 3952 gravis,
3283 3881 3337 3934 id
3360 3886 3447 3936 est

1855 3974 1898 4025 A
1928 3973 2816 4046 secundwdlspositionisgravem
2839 3974 2970 4032 inU.
2995 3970 3290 4026 semitonio
3309 3987 3445 4046 prae-

1855 4061 1961 4113 iret
1991 4081 2004 4113 :
2036 4063 2214 4116 tertiae
2245 4063 2623 4132 dispositionis
2654 4063 2836 4133 gravis
2866 4062 3108 4136 idipsum
3139 4059 3350 4112 scilicet
3379 4059 3441 4113 Ο.

1855 4151 1926 4203 1V
1981 4151 2361 4220 dispositionis
2387 4169 2611 4218 gravem
2647 4153 2699 4206 in
2733 4153 2797 4205 D.
2841 4157 2973 4210 tono
3006 4165 3198 4202 rursus
3229 4164 3445 4221 praeve-

1853 4239 2003 4292 niret
2034 4258 2044 4291 :
2080 4239 2222 4309 quod
2274 4241 2598 4293 facillimum
2649 4246 2796 4294 esset
2842 4240 2887 4292 si
2924 4240 2992 4295 ab
3033 4256 3143 4292 uno
3174 4236 3443 4314 principio

1853 4327 2000 4398 ipsas
2035 4346 2424 4381 mensurarum
2465 4329 2817 4400 integritates
2870 4329 3216 4388 inchoarent,
3267 4334 3366 4384 aut
3412 4343 3446 4394 a

1789 4412 1833 4474 Π
1850 4417 2112 4486 gravibus
2137 4417 2460 4486 incipientes
2483 4418 2686 4471 dii-tam
2707 4419 3083 4473 diversitatem
3111 4415 3446 4485 inceptionis

1854 4507 2231 4559 observarent.
2259 4507 2363 4559 Sed
2399 4508 2513 4560 hinc
2545 4508 2814 4561 hactenus
2844 4508 2912 4560 de
2950 4523 3152 4577 rapi-ea
3183 4521 3194 4555 :
3236 4505 3357 4568 Qua
3387 4505 3444 4557 in

1854 4602 2047 4648 vestrae
2075 4597 2270 4664 gratiae
2294 4597 2564 4650 scrutinio
2586 4597 2871 4659 derelicta,
2905 4598 3188 4650 tendimus
3213 4596 3281 4649 ad
3311 4595 3440 4649 alia.

1854 4722 1921 4773 De
1952 4721 2047 4773 hoc
2067 4722 2209 4788 quod
2241 4721 2665 4774 monochordum
2701 4739 2794 4774 nec
2832 4725 2893 4775 in
2925 4723 3204 4791 disiuncta
3251 4737 3346 4778 nec
3382 4724 3443 4780 in

2332 4795 2624 4859 conjuncta
2649 4793 2942 4845 dividitur.

1923 4899 2360 4956 Monocliordum
2389 4915 2500 4958 una
2533 4899 2800 4968 diapason
2833 4915 2942 4954 non
2968 4915 3090 4959 esse
3119 4901 3446 4964 contentum

1849 4988 2050 5058 triplex
2088 5005 2209 5042 esse
2265 5005 2433 5044 causa
2470 4988 2735 5046 creditur.
2784 4989 2905 5042 Una
2952 4987 3097 5060 quod
3148 4987 3446 5059 simplicio-

1849 5077 2003 5132 ribus
2034 5083 2252 5134 curtum
2281 5077 2578 5138 viileretur,
2605 5076 2696 5148 qui
2733 5076 3072 5136 irreﬂexibili
3098 5092 3227 5130 voce
3252 5075 3323 5130 ad
3349 5092 3442 5142 or-

1849 5167 2107 5235 ganalem
2149 5165 2405 5235 ignorant
2438 5165 2634 5223 reverti
2665 5164 3016 5233 gravitatem.
3070 5164 3224 5222 Sicut
3267 5179 3444 5233 equus

1848 5256 2103 5312 indocilis
2160 5255 2460 5324 rigidaeque
2508 5254 2731 5306 cervicis
2788 5269 2897 5306 non
2955 5259 3138 5323 potest
3185 5253 3240 5308 in
3288 5259 3443 5310 arcto

1848 5345 2105 5412 circinai‘i
2136 5345 2331 5414 clipeo.
2379 5344 2632 5398 Secunda
2658 5343 2802 5413 quod
2839 5359 2937 5395 vox
2983 5342 3199 5406 acutior
3238 5342 3448 5399 mulcet

1849 5451 2013 5486 aures
2043 5433 2348 5501 gratiosins
2403 5433 2546 5485 sicut
2591 5433 2755 5485 etiam
2786 5431 2992 5500 gracile
3024 5448 3226 5501 corpus
3277 5429 3439 5488 blan-

1849 5523 2002 5575 ditur
2031 5522 2203 5574 oculis
2245 5523 2560 5590 jocundius.
2613 5523 2798 5575 Tertia
2840 5521 2987 5590 quod
3020 5520 3138 5589 ipsa
3169 5520 3443 5572 naturalis

1811 5633 1814 5636 '
1848 5612 2069 5681 ﬁliol‘dte
2126 5628 2192 5672 ac
2230 5611 2375 5674 vocis
2410 5610 2748 5683 passibilitas
2797 5611 3091 5672 ulteriores
3130 5615 3440 5680 spontanee
