3914 6370
465 339 598 398 1311

461 555 682 612 luntate
721 557 1074 628 procedimus
1104 573 1214 609 non
1253 556 1602 610 necessitate.

598 648 713 702 σω·
730 647 998 712 diapason
1029 650 1138 698 tres
1171 661 1282 698 non
1310 648 1422 698 sint
1451 647 1511 697 in
1540 645 1921 697 monochordo.

537 734 738 788 Tribus
780 734 1048 804 diapason
1105 742 1425 804 protensum
1464 749 1586 786 esse
1617 731 2053 786 monochordum

465 839 581 877 non
611 823 824 894 patitur
859 822 1142 876 altissima!
1171 823 1296 876 ﬁdis
1323 839 1493 876 sonus
1517 822 1885 892 gracillimus,
1919 820 2058 875 nulli

467 911 845 966 subteriorum
891 928 1169 966 consonus
1248 913 1402 965 Sicut
1456 912 1603 965 enim
1645 909 1802 982 pueri
1839 911 2056 964 tenellae

463 999 612 1052 vocis
641 999 698 1052 in
729 999 1017 1054 moderato
1059 1000 1318 1054 acumine
1351 1001 1658 1054 cantilenas
1703 999 1877 1052 edunt
1916 999 2055 1052 adeo

463 1086 818 1151 iuconsonas,
847 1096 910 1142 ut
929 1090 1152 1142 easdem
1185 1089 1268 1142 vir
1291 1105 1398 1142 non
1431 1088 1709 1158 intelligat
1735 1104 1888 1140 more
1911 1088 2060 1141 clan-

466 1177 654 1245 gentis
694 1176 868 1230 barraz
923 1183 982 1231 et
1035 1179 1333 1231 recinentis
1366 1177 1589 1231 cicadae.
1634 1177 1729 1230 Est
1774 1175 1972 1230 modus
2001 1176 2058 1229 in

465 1263 634 1319 rebus
665 1273 798 1320 sunt
825 1267 964 1320 certi
995 1267 1238 1337 denique
1271 1267 1608 1333 ﬁnes,ultra
1638 1281 1780 1336 quos
1803 1265 2059 1336 citraque

464 1353 660 1425 nequit
687 1355 994 1409 consistere
1023 1372 1232 1409 verum.

801 1444 915 1498 Cur
945 1447 1006 1497 in
1037 1443 1382 1497 tetrachorda
1419 1443 1728 1495 dividatur.

533 1529 785 1586 Divisum
815 1547 936 1585 esse
967 1531 1404 1584 monochtrlum
1427 1530 1850 1584 intetrachorda
1874 1530 2058 1600 potius

463 1635 632 1690 quam
684 1628 784 1674 aut
824 1620 881 1673 in
940 1619 1211 1672 dichorda
1264 1620 1346 1672 vel
1383 1619 1684 1678 trichorda,
1718 1636 1814 1673 seu
1866 1628 2056 1689 penta-

463 1709 693 1772 chorda,
727 1709 846 1763 haec
873 1714 960 1762 est
991 1708 1152 1760 ratio.
1183 1707 1332 1778 quod
1364 1713 1488 1778 post
1511 1707 1778 1778 diapason
1810 1709 1867 1761 in
1901 1709 2053 1763 nullo

464 1802 628 1850 tanta
647 1803 754 1862 est,
788 1803 849 1851 ut
875 1797 929 1850 in
952 1797 1324 1850 tetracliurdis
1353 1796 1689 1852 similitudo.
1723 1797 1777 1851 Si
1813 1797 1960 1850 enim
1995 1798 2048 1850 in
2079 1815 2116 1875 Β

465 1883 735 1938 dichorda
781 1885 925 1939 facta
975 1885 1172 1938 fuisset
1217 1884 1431 1938 divisio.
1467 1884 1706 1954 primum
1742 1893 2058 1938 occurreret

463 1973 880 2036 dissimilitudo,
917 1975 1046 2044 quia
1077 1982 1201 2044 post
1232 1974 1557 2043 tonum,qui
1585 1981 1668 2026 est
1689 1973 1758 2026 ab
1795 1975 1862 2026 A.
1898 1974 1952 2027 in
1987 1974 2053 2029 Β.

462 2063 720 2132 sequitur
745 2063 1124 2126 semitonium,
1161 2063 1216 2116 Si
1247 2069 1434 2116 autem
1463 2062 1517 2116 in
1539 2063 1838 2124 trichorda,
1865 2063 2054 2117 itidem

461 2151 759 2206 diversitas
804 2152 1061 2205 semitam
1093 2152 1390 2205 obsideret.
1437 2152 1577 2205 Nam
1615 2162 1735 2222 post
1773 2151 2056 2206 semidito-

461 2255 620 2307 num,
653 2240 748 2310 qui
779 2248 863 2294 est
887 2239 958 2294 ab
987 2243 1052 2294 A.
1087 2241 1142 2294 in
1193 2242 1255 2294 C.
1298 2247 1628 2310 sequeretur
1663 2241 1891 2295 ditonus
1918 2258 1952 2295 a
1989 2243 2052 2296 C.

460 2327 519 2382 in
550 2329 612 2382 E.
649 2334 721 2382 At
747 2329 790 2382 si
823 2329 1020 2382 divisio
1059 2329 1256 2382 fuisset
1306 2346 1406 2399 per
1454 2329 1828 2398 pentachorda
1860 2331 2052 2382 eadem

461 2417 940 2471 dissimilitudinis
992 2417 1244 2470 obviaret
1296 2417 1712 2487 importunitas,
1787 2419 2052 2487 quoniam

462 2507 688 2577 quidem
727 2504 797 2558 ab
827 2508 900 2560 A.
939 2505 995 2558 in
1048 2506 1106 2558 E.
1151 2512 1238 2559 est
1275 2506 1554 2576 diapente.
1601 2512 1658 2558 et
1689 2506 1764 2559 ibi
1800 2506 2056 2576 sequitur

463 2594 824 2649 semitonium
846 2594 1056 2648 faciens
1086 2594 1626 2651 dissimilitudinem.

467 2701 836 2755 Tetrachorda
865 2702 1114 2768 quaedam
1159 2717 1266 2754 esse
1301 2717 1350 2770 ρ.
1373 2704 1498 2754 imae
1541 2701 1791 2768 quadam
1813 2703 2058 2756 secundas

1063 2791 1477 2844 similitudinis.

531 2879 1036 2934 Tetrachordorum
1076 2895 1208 2950 ergo
1255 2879 1508 2950 quaedam
1561 2878 1769 2948 primte.
1801 2879 2052 2950 quaedam

462 2967 847 3022 similitudinis
876 2974 1009 3022 sunt
1045 2968 1324 3022 secundae.
1371 2968 1572 3022 Primae
1611 2968 1886 3038 gravium.
1920 2971 2056 3023 ﬁna-

459 3056 621 3114 liuni,
653 3057 1031 3128 saperiorum,
1057 3058 1466 3121 excellentium,
1501 3058 1634 3128 quia
1662 3059 1823 3128 plena
1851 3059 2054 3112 simili-

1662 338 2008 396 ARIBONIS
2045 339 2521 399 SOHOLASTIOI

461 467 606 540 petit
633 472 814 524 metas
850 467 1008 522 Sicut
1031 481 1455 538 nonnumquam
1485 466 1544 520 in
1574 481 1789 520 amaana
1814 467 1935 521 loca
1963 465 2130 527 vo-A

3592 339 3772 399 1312

2410 470 2484 524 De
2511 469 2938 538 diezeugmenon
2964 475 3014 524 et
3037 485 3454 540 synemmenon.

2210 555 2390 610 Priori
2421 564 2578 628 patet
2599 559 2814 613 ratione
2835 560 2984 630 quod
3003 560 3360 614 tetrachorda
3377 558 3775 628 diezeugme-

2138 661 2251 700 non
2279 653 2333 700 et
2366 665 2767 718 synemmenon
2798 651 2913 702 sint
2944 649 3273 704 necessaria.
3329 647 3388 702 Si
3443 647 3598 702 enim
3649 650 3773 700 aut

2139 736 2459 805 conjunctio
2487 744 2587 791 aut
2611 738 2910 809 disjunctio
2944 738 3426 792 tetrachordorum
3457 742 3612 790 esset
3647 751 3767 806 pe-

2139 825 2310 883 nitus.
2345 832 2402 879 i-t
2431 826 2740 882 similitudo
2766 837 2992 900 periret,
3017 833 3074 882 et
3099 826 3294 882 creber
3312 827 3372 880 in
3390 832 3561 880 cantu
3587 822 3768 879 defe-

2137 924 2262 967 ctus
2289 923 2624 977 occurreret,

2141 1020 2216 1073 Dc
2245 1022 2342 1074 hoc
2368 1025 2615 1089 quaelibet
2645 1023 2850 1077 chorda
2869 1027 3122 1092 superius
3141 1027 3191 1076 et
3211 1023 3454 1089 inferius
3468 1023 3766 1089 quartam

2211 1097 2260 1144 et
2303 1096 2563 1160 quintam
2591 1096 2762 1147 velint
2813 1094 3008 1148 habere
3042 1097 3267 1162 propter
3305 1094 3670 1146 diatessaron
3705 1093 3770 1145 et

2210 1164 2462 1230 diapente
2491 1181 2610 1232 quae
2636 1167 2880 1218 multum
2910 1167 3282 1218 dominantur
3310 1179 3369 1216 in
3395 1167 3588 1217 cantu.

2211 1251 2450 1322 Propter
2469 1253 2814 1307 diatessaron
2847 1259 2904 1306 et
2927 1253 3338 1324 diapente,qute
3360 1251 3414 1304 in
3438 1249 3770 1304 cantilenis

2141 1338 2355 1408 pollent
2375 1342 2670 1412 praecipue.
2702 1342 2986 1396 desiderat
3032 1356 3382 1412 unaquaeque
3409 1339 3634 1394 chorda
3665 1337 3770 1391 vel

2140 1427 2326 1481 littera
2357 1439 2612 1500 quartam
2637 1431 3004 1503 quintamque
3026 1448 3196 1502 supra
3223 1431 3303 1484 vel
3336 1429 3480 1482 intra
3501 1427 3768 1481 habere.

2140 1518 2493 1590 Quapropter
2529 1520 2596 1575 F.
2629 1528 2688 1573 et
2711 1520 2748 1573 f.
2782 1521 3086 1574 admodum
3118 1519 3374 1588 indigent
3408 1531 3770 1588 synemme-

2139 1622 2268 1670 non,
2306 1615 2368 1660 ut
2389 1609 2574 1676 gravis
2611 1625 2780 1679 supra
2813 1615 3094 1680 quartam,
3143 1615 3307 1662 acuta
3340 1607 3483 1662 infra
3529 1605 3770 1660 habeat

2136 1696 2388 1766 quintam
2420 1697 2488 1750 ad
2520 1715 2580 1752 se
2609 1699 2972 1752 resultantem
3006 1714 3105 1769 per
3131 1697 3410 1769 diapente.

2427 1788 2496 1839 De
2523 1790 2908 1841 communione
2933 1787 3446 1840 Tetrachordorum.

2210 1874 2414 1928 Eadem
2452 1874 2692 1929 intensio
2730 1882 2787 1930 et
2831 1875 3087 1930 remissio
3117 1875 3376 1929 omnibus
3402 1878 3491 1928 est
3522 1872 3646 1928 illis
3674 1876 3764 1928 te-

2141 1963 2602 2034 trachordis,qu33
2631 1965 2958 2027 ascendunt,
2992 1964 3045 2018 id
3065 1971 3144 2018 est
3163 1962 3759 2034 graviumﬁnalium,

2139 2054 2512 2123 superiorum.
2541 2054 2949 2108 excellentium.
2983 2052 3255 2108 Omnibus
3283 2059 3470 2106 autem
3501 2051 3760 2105 descen-

2137 2141 2398 2196 dentibus
2423 2141 2475 2196 id
2500 2151 2584 2198 est
2604 2143 2998 2214 hyperlioleon,
3027 2143 3488 2212 diezeugmenon.
3514 2155 3756 2207 meson,

2139 2230 2383 2301 hypaton
2403 2231 2596 2285 eadem
2623 2241 2706 2285 est
2720 2231 3184 2285 intensioeadcm
3205 2245 3429 2301 quoque
3447 2227 3754 2293 remissio,

2139 2319 2392 2388 quamvis
2421 2335 2687 2372 ascensus
2715 2319 2790 2372 sit
2811 2318 3098 2373 dissimilis
3139 2326 3197 2372 et
3241 2317 3564 2372 descensus.
3607 2316 3756 2387 quia

2137 2424 2404 2462 ascensus
2447 2416 2534 2463 est
2569 2408 2884 2474 semitonio,
2921 2407 3134 2473 ditono,
3163 2407 3464 2462 descensus
3513 2404 3752 2470 ditono,

2135 2496 2453 2561 semitonio,

2133 2605 2207 2656 De
2235 2604 2545 2670 (li/ferentia
2595 2605 3086 2658 Tetrachordorum
3117 2604 3531 2657 ascendentium
3562 2605 3618 2654 et
3649 2600 3752 2652 de-

2731 2677 2904 2729 scendi
2925 2678 3129 2728 nlium.

2211 2761 2468 2830 Qualiter
2495 2769 2686 2818 autem
2739 2764 2933 2818 eadem
2981 2763 3242 2817 differant
3270 2759 3664 2820 tetrachorda,
3699 2759 3750 2812 si

2137 2861 2378 2912 vacat.et
2397 2853 2582 2924 placiti
2605 2853 2876 2907 rationem
2906 2853 3226 2910 admittitis.
3241 2850 3425 2905 edam.
3456 2849 3748 2904 Diiferunt

2137 2944 2382 3004 nomine,
2418 2944 2563 3014 quod
2597 2953 2682 2998 est
2706 2943 2932 3014 planum
2987 2943 3254 2997 differunt
3281 2936 3746 3012 qualitate,quod

2135 3033 2302 3087 debet
2331 3032 2638 3104 explanari.
2671 3034 2802 3103 quia
2837 3033 3008 3086 latine
3047 3037 3368 3100 nuncupata
3396 3027 3743 3100 potiussunt

456 3145 654 3198 tudine
687 3115 747 3200 et
772 3147 1143 3200 intenduntur
1169 3153 1227 3200 et
1258 3115 1626 3200 remittuntur
1653 3115 1805 3208 tono,
1827 3149 2049 3202 semito-

2147 3121 2491 3175 :onstitutiva
2535 3120 2847 3191 specierum
2899 3120 3068 3174 trium
3098 3117 3587 3191 symphonarium,
3621 3115 3743 3169 dia-

457 3233 574 3300 nio,
601 3241 750 3288 tono.
782 3235 1047 3300 Quaedam
1086 3243 1220 3289 sunt
1247 3234 1630 3289 similitudinis
1653 3236 1928 3299 secundae,
1955 3236 2052 3308 hy-

458 3323 781 3392 perboleon,
829 3325 1292 3394 diezeugmenon.
1334 3340 1546 3386 meson,
1592 3324 1835 3395 hypaton
1873 3342 1884 3376 :
1927 3343 2051 3396 quae

457 3411 712 3482 quamvis
740 3412 976 3466 invicem
1007 3420 1329 3484 comparata
1365 3413 1502 3466 nihil
1533 3413 1794 3468 diﬂ'erant
1829 3415 2053 3469 intensa

457 3505 516 3554 et
537 3500 807 3564 remissa;
841 3501 972 3571 quia
1005 3502 1442 3572 unumquodque
1485 3503 1707 3556 illorum
1740 3503 2052 3558 intenditur

455 3588 776 3646 semitonio,
802 3597 858 3643 et
887 3589 1098 3654 ditono,
1132 3590 1439 3645 remittitur
1457 3601 1643 3644 autem
1667 3592 1862 3645 ditono
1893 3600 1948 3646 et
1967 3611 2051 3648 se-

454 3677 728 3732 mitonio:
763 3678 884 3748 ipsa
912 3687 1098 3733 tamen
1133 3679 1374 3733 intensio
1402 3687 1454 3732 et
1489 3679 2050 3735 remissiodissimilis

453 3771 556 3820 est.
586 3765 721 3830 Qum
748 3767 806 3820 in
841 3768 1119 3838 prioribus
1138 3776 1224 3823 est
1243 3769 1697 3839 simillima.quia
1720 3769 1867 3823 sicut
1893 3777 2045 3836 tono,

455 3854 771 3917 semitonio,
803 3864 956 3910 tono.
987 3857 1378 3912 intenduntur.
1406 3859 1485 3911 ita
1511 3865 1567 3911 et
1591 3858 1974 3912 remittuntur.

807 3947 882 4000 De
921 3949 1290 4000 similitudine
1321 3947 1694 4012 Neumarum,

525 4033 844 4088 Similitudo
857 4034 1711 4088 tetrachordorum.similitudini
1727 4033 1896 4088 servit
1918 4051 2052 4089 neu-

453 4137 675 4176 marum
715 4123 886 4194 :quia
903 4123 1096 4177 eadem
1124 4139 1350 4187 neuma,
1383 4140 1506 4193 quae
1536 4123 1850 4177 intenditur
1879 4123 1949 4177 ab
1982 4129 2044 4178 A.

451 4209 510 4264 in
551 4211 614 4264 D.
651 4211 966 4265 intenditur
992 4228 1026 4264 a
1052 4212 1116 4266 D.
1146 4213 1202 4264 in
1234 4213 1300 4266 G.
1345 4229 1467 4283 quae
1496 4213 1806 4267 remittitur
1833 4229 1864 4266 a
1894 4213 1960 4267 G.
1989 4214 2048 4267 in

451 4299 519 4353 D.
558 4301 868 4354 remittitur
896 4301 1064 4354 etiam
1097 4318 1131 4355 a
1163 4301 1222 4355 D.
1249 4301 1304 4354 in
1329 4303 1374 4354 A
1419 4302 1499 4355 sic
1529 4302 1698 4355 etiam
1720 4301 1779 4354 in
1807 4303 2043 4366 caeteris,

451 4392 518 4442 ut
545 4387 808 4442 facillime
829 4396 1012 4459 potest
1035 4390 1380 4460 perpendere
1404 4390 1604 4460 quivis.

451 4494 524 4548 De
554 4494 652 4548 hoc
680 4496 823 4562 quod
849 4497 1269 4550 Monachordum
1317 4513 1413 4550 nec
1437 4501 1499 4550 in
1525 4498 1824 4565 disjuncta,
1859 4514 1954 4552 nec
1978 4503 2041 4553 in

935 4588 1228 4653 conjuncta
1265 4587 1558 4638 dividitur.

521 4671 958 4727 Monocliordum
1011 4689 1120 4726 non
1166 4689 1286 4726 esse
1323 4672 1559 4726 divisum
1591 4673 1675 4727 vel
1713 4673 1771 4728 in
1819 4675 2042 4744 penitus

451 4762 753 4830 conjuncta
781 4762 863 4815 vel
894 4761 950 4816 in
983 4763 1208 4832 penitus
1237 4762 1518 4830 disjuncta
1541 4763 1744 4816 tetracl
1761 4765 2044 4819 orila.hzec

451 4856 538 4904 est
565 4850 710 4904 ratio
744 4869 756 4903 :
784 4851 929 4922 quod
973 4850 1238 4921 praedicta
1282 4858 1414 4904 tunc
1438 4858 1680 4904 cessaret
1711 4853 2038 4908 similitudo.

451 4939 508 4994 Si
539 4940 687 4994 enim
717 4939 991 5010 inciperet
1043 4938 1460 4992 tetrachordum
1493 4942 1846 5009 superiorum
1888 4941 1946 4994 in
1973 4942 2040 4996 G.

448 5025 544 5081 ubi
574 5027 782 5081 desinit
809 5027 1082 5088 ﬁnalium,
1118 5026 1425 5081 similitudo
1455 5027 1754 5082 deﬁceret:
1785 5030 1916 5100 quia
1957 5037 2041 5084 te-

447 5115 808 5170 trachordum
839 5115 1193 5186 superiorum
1239 5114 1626 5170 intenderetur
1649 5118 1840 5172 ditono
1870 5125 1926 5172 et
1963 5135 2045 5173 se-

448 5205 706 5270 mitonio,
736 5222 862 5260 cum
887 5205 1072 5276 priora
1094 5213 1242 5259 tono.
1277 5205 1592 5263 semitonio,
1623 5212 1772 5260 tono.
1802 5206 1940 5261 Item
1965 5208 2044 5261 di-

447 5295 684 5350 versitas
705 5307 960 5358 occurret
979 5293 1026 5348 si
1051 5294 1274 5365 penitus
1299 5295 1579 5364 disjuncta
1607 5296 1844 5349 fuissent
1877 5302 2045 5350 tetra-

448 5385 686 5440 chorda:
731 5400 854 5456 qua;
875 5385 1060 5437 omnia
1093 5385 1224 5455 quia
1245 5385 1381 5438 satis
1420 5392 1554 5438 sunt
1581 5384 1901 5450 manifesta,
1932 5401 2044 5438 non

449 5482 536 5528 est
555 5491 698 5544 opus
725 5472 908 5526 dicere
928 5472 1172 5544 plenius.

2132 3219 2404 3267 tessaron.
2463 3209 2726 3280 diapente
2779 3209 3069 3280 diapason.
3103 3225 3268 3279 quam
3299 3221 3479 3278 graece
3511 3211 3732 3258 vocata.

2134 3299 2412 3354 Diti‘erunt
2431 3298 2776 3369 specie,i;uia
2800 3299 2920 3352 haec
2939 3298 2996 3352 in
3025 3296 3210 3352 medio
3239 3297 3337 3350 illa
3362 3293 3734 3350 semitonium

2135 3388 2342 3442 habent
2369 3387 2427 3440 in
2457 3396 2726 3441 extremo.

2167 3497 2238 3548 De
2267 3496 2466 3562 quibus
2511 3496 2711 3548 litteris
2739 3499 2788 3548 ct
2819 3494 3034 3547 chordis
3063 3491 3496 3560 unumquodque
3525 3495 3696 3543 tetra-

2636 3566 2903 3618 chordum
2932 3567 3208 3618 consistat.

2202 3652 2584 3707 Tetrachorda
2595 3670 2644 3705 m
2663 3653 2916 3724 gravium
2938 3653 3242 3706 secundum
3261 3650 3579 3705 Guidonem
3601 3663 3733 3702 con-

2131 3746 2244 3794 stat
2271 3743 2336 3795 A.
2372 3741 2440 3795 B.
2474 3743 2534 3796 Ο.
2557 3743 2620 3796 D.
2651 3743 2795 3812 quod
2821 3743 2964 3795 idem
2986 3743 3148 3811 juxta
3179 3741 3430 3795 Boetium
3457 3747 3542 3793 est
3573 3753 3733 3810 pros-

2131 3829 2608 3888 lambanomenos,
2627 3832 2830 3903 hypate
2861 3831 3128 3902 hypaton.
3155 3837 3424 3901 parypate
3454 3829 3726 3899 hypaton,

2133 3919 2383 3974 lichanos
2405 3920 3115 3990 hypaton.Tetrachordum
3136 3918 3387 3972 tinalium
3414 3923 3500 3972 est
3520 3916 3732 3972 Guido-

2135 4008 2256 4062 nice
2289 4010 2328 4062 D
2385 4010 2444 4063 E.
2476 4010 2535 4062 F.
2565 4010 2634 4062 G.
2665 4009 2766 4062 hoc
2795 4009 2976 4080 ipsum
3009 4016 3094 4062 est
3134 4009 3190 4061 in
3243 4007 3433 4061 Boetio
3469 4006 3727 4060 lichanos

2130 4095 2398 4167 hypaton,
2430 4099 2639 4168 hypate
2687 4114 2900 4161 meSUn,
2925 4103 3196 4170 parypate
3227 4111 3438 4154 meson.
3465 4095 3725 4148 lichanos

2133 4201 2324 4240 meson
2395 4187 2834 4242 Tetrachordum
2865 4188 3215 4258 superiorum
3237 4187 3396 4256 juxta
3427 4183 3726 4238 modernos

2131 4283 2216 4328 est
2235 4291 2287 4328 a.
2325 4275 2351 4348 η
2377 4293 2424 4329 c.
2453 4277 2510 4332 d.
2545 4275 2699 4330 Idem
2733 4282 2818 4330 est
2845 4275 3027 4330 Boetii
3060 4292 3230 4334 mese.
3256 4289 3566 4346 paramese,
3587 4271 3724 4326 trite

2059 4393 2112 4454 Β
2131 4365 2585 4435 diezeugmenon.
2617 4371 2880 4436 paranete
2899 4365 3356 4435 diezeugmenon.
3387 4361 3724 4418 Tetrachor-

2129 4453 2260 4507 dum
2291 4454 2676 4508 excellentium
2717 4461 2802 4508 est
2827 4455 2882 4508 d.
2915 4471 2965 4508 e.
2999 4453 3021 4506 f
3067 4471 3124 4524 g.
3156 4453 3462 4508 secundum
3506 4449 3720 4505 Gnido-

2124 4544 2436 4613 nem.juxta
2468 4543 2726 4597 Boetium
2748 4549 2934 4596 autem
2963 4551 3232 4614 paranete
3259 4542 3715 4612 diezeugmenon,

2125 4641 2253 4686 nete
2278 4633 2734 4704 diezeugmenon,
2756 4633 2888 4687 trite
2905 4631 3302 4704 hyperboleon,
3337 4637 3605 4702 paranete
3621 4631 3720 4700 hy-

2124 4723 2444 4793 perboleon.

2320 4831 2570 4896 Qualiter
2601 4829 2948 4883 tetrachorda
2975 4833 3168 4896 species
3197 4833 3512 4897 operentur.

2197 4921 2323 4974 Non
2345 4919 2696 4989 disputemus
2722 4917 2966 4988 qualiter
2982 4917 3092 4972 ista
3112 4917 3469 4972 tetrachorda
3485 4932 3715 4988 operen-

2127 5013 2222 5062 tur
2247 5008 2704 5062 constitutionem
2751 5008 3062 5078 specierum
3118 5008 3468 5062 diatessaron
3507 5012 3566 5060 et
3593 5005 3715 5060 dia-

2125 5107 2292 5169 pente
2350 5097 2786 5153 Tetrachordum
2807 5096 3062 5167 gravium
3077 5097 3434 5150 tetrachordo
3465 5095 3714 5150 ﬁnalium

2125 5187 2388 5241 collatum
2421 5203 2617 5240 omnes
2642 5186 2992 5240 diatessaron
3022 5186 3232 5256 species
3259 5202 3382 5256 que
3405 5182 3536 5239 IIII.
3561 5187 3709 5242 sunt.

2125 5275 2343 5347 perficit
2389 5277 2492 5328 hoc
2540 5275 2722 5328 modo.
2769 5275 2955 5328 Prima
2989 5275 3266 5345 gravium,
3305 5275 3494 5345 prima
3519 5275 3714 5344 juncta

2127 5365 2398 5419 ﬁnalium.
2427 5365 2667 5434 parturit
2695 5363 2931 5433 primam
2963 5363 3311 5417 diatessaron
3342 5361 3712 5434 speciem.Eo-

2126 5455 2254 5508 dem
2274 5453 2436 5507 modo
2465 5461 2600 5507 sunt
2625 5453 2740 5506 vice
2762 5459 3057 5523 parentum
3077 5454 3128 5524 (I
3141 5462 3182 5522 ),
3206 5450 3574 5522 III,gravium
3604 5445 3706 5504 III.

515 5629 607 5699 (ι)
628 5630 966 5689 Addendum
981 5633 1235 5689 videtur:
1265 5635 1505 5690 secunda
1525 5635 1810 5702 gravium,
1845 5639 1898 5690 et
1923 5636 2166 5695 secenas
2195 5637 2458 5704 ﬁnatium
2481 5631 2728 5688 secundae
2753 5631 2948 5699 speciei
2965 5594 3330 5686 diatessaron.
