3914 6356
121 310 259 370 1313

113 524 322 594 speciei
334 525 709 581 diatessaron.
727 528 928 581 Eadezn
943 529 1291 583 diatessaron
1307 530 1555 600 Speciem
1567 548 1616 581 νη
1634 548 1702 582 na

114 613 302 667 tivitas
319 625 406 668 est
430 616 486 669 in
500 618 857 687 copulatione
873 619 1224 687 superiorum
1245 628 1302 672 et
1313 619 1697 672 excellentium
1710 661 1722 675 .

118 711 173 756 et
192 709 305 756 tam
332 706 587 758 naturali
606 706 801 759 ordine
823 707 987 764 idem.
1009 715 1067 761 ut
1090 708 1158 760 de
1177 709 1373 779 primis
1396 709 1415 761 Ι
1456 707 1531 761 II.
1554 709 1623 760 de
1644 724 1726 760 se-

1617 314 1908 373 MUSICA.

112 434 797 508 ﬁnalium.IIlI.gravium
811 436 1424 501 .lIII.ﬁnalium.tertiaz
1440 446 1497 495 et
1508 445 1720 511 quartae.
1737 441 1789 501 Α
1803 439 2251 509 gubernandum.
2282 439 2520 504 Quidam
2543 445 2775 493 cantant
2799 440 2951 494 illam
2975 442 3189 513 antiph.
3214 443 3401 511 Alliga

3255 317 3396 376 1314

1810 532 2038 585 Domine
2064 534 2125 582 in
2156 533 2414 591 vinculis,
2432 546 2619 583 secum
2646 531 2828 583 ﬁnalis
2851 532 3290 585 convenientiam
3321 533 3404 586 in-

1808 618 2077 688 cipientes
2107 636 2229 671 eam
2261 619 2315 672 in
2346 619 2393 672 G
2430 620 2525 672 sed
2545 620 2677 689 quia
2706 620 2952 674 defectus
2981 622 3405 674 occurritchor-

1805 708 2004 761 darum
2039 714 2100 761 ut
2128 710 2338 761 cantari
2366 725 2472 761 non
2506 708 2697 778 possit.
2718 710 3029 776 cogitemus
3058 726 3180 763 eam
3206 716 3304 763 aut
3318 727 3407 764 se-

115 792 311 845 cundis
332 791 412 847 Ill
441 803 505 847 et
523 792 631 848 lIIl
679 795 748 848 de
783 795 982 849 tertiis.
1004 813 1069 849 ac
1110 796 1306 865 martis
1346 798 1611 867 procedat
1638 816 1647 849 :
1670 804 1726 850 et
1806 798 2049 849 cundum
2082 798 2253 851 alium
2277 798 2501 849 modum
2521 798 2894 866 jubilandam,
2920 805 3020 853 aut
3039 800 3264 869 penitus
3283 816 3404 853 esse

118 881 218 934 hoc
231 883 583 946 necessario,
602 883 733 954 quia
749 884 1100 954 superiorum
1122 893 1178 939 et
1200 886 1586 939 excellentium
1609 887 1723 940 col-

117 969 248 1022 latio
266 970 412 1024 nihil
434 972 694 1026 estaliud
719 989 887 1043 quam
908 975 1221 1028 collationis
1239 976 1493 1044 gravium
1512 983 1568 1028 et
1588 976 1723 1028 ﬁna-

116 1058 250 1113 lium
274 1060 569 1131 repetitio.
603 1062 762 1115 Unde
792 1069 877 1115 est
911 1079 1155 1120 necesse.
1190 1073 1253 1117 ut
1278 1064 1540 1135 quicquid
1575 1064 1724 1117 inter

113 1164 312 1218 graves
331 1157 390 1203 et
411 1150 636 1215 finales,
654 1150 728 1204 idi
736 1167 895 1221 psum
920 1152 1020 1205 fiat
1047 1152 1195 1206 inter
1213 1153 1530 1224 superiores
1551 1161 1606 1207 et
1627 1170 1721 1206 ex-

116 1238 417 1293 cellentes:
444 1239 588 1309 quia
600 1239 746 1293 sicut
760 1239 972 1294 eaedem
992 1243 1310 1311 superiores
1344 1258 1470 1312 qua:
1500 1259 1718 1312 graves,

115 1328 195 1380 ita
210 1337 345 1382 sunt
366 1328 589 1383 eaedem
601 1330 954 1395 excellentes,
972 1347 1095 1401 quas
1115 1331 1328 1385 ﬁnales.

119 1434 271 1500 Quod
297 1436 655 1490 diatessaron
695 1444 746 1489 et
788 1438 1041 1504 diapente
1064 1440 1214 1491 inter
1241 1440 1457 1491 diversa
1482 1441 1725 1491 constent

750 1510 1114 1562 tetrachorda.

187 1594 406 1649 Omnes
427 1612 572 1665 ergo
600 1594 729 1650 lllI.
753 1596 1014 1668 diapente
1036 1598 1250 1667 species
1270 1597 1345 1651 ita
1368 1597 1516 1651 inter
1529 1599 1724 1652 ﬁnales

1808 886 2132 939 mendosam
2184 886 2291 939 Sed
2318 886 2515 939 falsam
2548 904 2670 940 esse
2701 887 2888 940 dicere
2919 888 3075 958 prius
3096 905 3207 942 non
3238 888 3405 942 debe—

1808 991 1949 1032 mus.
1976 992 2141 1044 quam
2166 975 2473 1028 secundum
2508 975 2758 1029 omnium
2794 977 3045 1030 linalium
3073 978 3409 1031 convenien-

1803 1063 1939 1117 tiam
1974 1062 2304 1133 incipientes
2351 1065 2724 1134 exploremus.
2766 1065 2809 1118 si
2850 1065 2903 1118 in
2946 1066 3062 1119 ullo
3108 1066 3404 1120 modorum

1803 1152 2130 1206 inoffensam
2164 1153 2509 1223 reperiamus
2530 1171 2651 1207 eam
2678 1154 3032 1209 :sicutistam
3054 1157 3217 1223 juxta
3238 1154 3406 1225 primi

1803 1242 1988 1296 ﬂnalis
2021 1242 2465 1295 convenientiam
2497 1243 2824 1297 inchoantes
2847 1243 2901 1296 in
2928 1243 2985 1297 Γ.
3002 1244 3125 1298 sine
3140 1243 3405 1298 seandalo

1803 1330 2278 1402 percantabimus.
2318 1332 2410 1385 Est
2443 1348 2665 1402 quoque
2706 1332 3030 1402 principalis
3061 1332 3132 1385 ob
3173 1333 3275 1387 hoc
3313 1332 3403 1387 di-

1806 1419 2003 1481 cenda,
2026 1419 2173 1487 quod
2190 1419 2413 1473 initium
2435 1427 2631 1473 cantus
2648 1420 3096 1491 principiumque
3122 1438 3233 1475 non
3263 1437 3406 1475 nun-

1807 1524 1974 1578 quam
2007 1508 2252 1577 prOcedit
2276 1525 2338 1561 ex
2375 1508 2491 1569 illa.
2528 1515 2608 1563 ut.
2631 1510 2757 1562 Ecce
2778 1526 2974 1563 nomen
3003 1512 3244 1564 Domini.
3279 1511 3407 1564 Ecce

1806 1599 1870 1649 in
1895 1598 2131 1649 nubibus
2154 1600 2289 1649 cali.
2324 1598 2445 1650 Ecce
2471 1600 2646 1650 reniet
2678 1599 2818 1651 Deus
2841 1604 2889 1651 et
2913 1599 3089 1659 homo,
3115 1602 3230 1652 leva
3247 1600 3406 1653 Jeru-

120 1689 461 1739 constantet
481 1686 825 1755 superiores.
851 1688 996 1740 sicut
1016 1704 1210 1741 oumes
1229 1688 1598 1741 diatessaron.
1625 1695 1727 1741 aut
1805 1689 1996 1741 sa’em.
2031 1690 2089 1738 et
2108 1684 2218 1738 alia
2250 1685 2697 1747 innumerabilia,
2734 1704 2856 1753 qum
2896 1687 2966 1740 ad
3013 1687 3405 1757 reperiendum

118 1771 265 1826 inter
289 1790 503 1843 graves
549 1781 609 1828 et
651 1775 865 1835 ﬁnales.
910 1783 1010 1829 aut
1053 1776 1201 1829 inter
1240 1777 1563 1845 superiores
1590 1793 1724 1829 con-
1748 1797 1785 1852 η
1808 1781 1937 1826 sunt
1968 1773 2313 1841 planissima.
2352 1776 2444 1827 list
2473 1775 2795 1844 principalis
2820 1776 2949 1846 quia
2981 1776 3406 1831 distinctionum

121 1860 329 1915 sistunt
348 1864 782 1922 etexcellentes.
807 1865 1117 1932 eodemque
1148 1865 1343 1917 ordine
1378 1864 1725 1935 disponentis
1809 1862 2093 1915 interdum
2124 1863 2413 1933 principia.
2440 1864 2723 1917 interdum
2758 1867 2897 1917 tines
2926 1872 3329 1919 conversantur
3350 1865 3410 1920 in

122 1957 342 2004 natura:
368 1957 437 2004 ut
467 1950 515 2004 Ι.
554 1952 623 2005 de
658 1952 871 2023 primis.
915 1961 969 2006 et
1000 1954 1262 2024 quaelibet
1291 1954 1505 2024 species
1538 1954 1607 2007 de
1639 1953 1726 2007 sui
1812 1951 1924 2007 illa.
1959 1957 2058 2005 aut
2087 1952 2276 2021 aliqua
2306 1952 2517 2005 musica
2562 1953 2919 2021 pr0portione
2948 1953 3162 2006 distant
3187 1952 3258 2007 ab
3289 1954 3405 2017 illa,

127 2039 377 2094 nominis
407 2048 635 2095 constet
663 2041 887 2095 chordis
915 2058 980 2096 ac
1004 2043 1227 2096 litteris.

129 2146 276 2212 Quod
316 2150 380 2201 in
412 2150 548 2202 locis
568 2150 911 2203 diatessaron
940 2152 1191 2215 diapente
1225 2166 1336 2204 non
1380 2152 1722 2211 inveniatur,

376 2235 479 2273 nec
504 2223 845 2274 diatessaron
878 2224 940 2274 in
974 2223 1189 2275 sedibus
1208 2222 1477 2289 diapente.

193 2306 525 2362 Admodum
553 2309 809 2363 naturale
831 2326 952 2363 esse.
968 2310 1390 2379 generationem
1422 2310 1731 2381 specierum

130 2395 275 2449 inter
310 2414 520 2469 graves
541 2415 606 2452 ac
630 2399 844 2459 ﬁnales,
869 2399 1090 2453 etinter
1110 2399 1427 2470 superiores
1459 2416 1522 2453 ac
1551 2400 1729 2452 excel-

133 2485 344 2553 lentes;
375 2488 648 2558 diapente
677 2498 865 2542 autem
901 2489 1210 2559 specierum
1256 2488 1403 2542 inter
1448 2490 1643 2542 ﬁnales
1680 2494 1733 2541 et

135 2574 456 2644 superiores
474 2577 788 2630 naturalem
808 2594 930 2630 esse
949 2584 1156 2638 ortum,
1186 2594 1249 2629 ex
1277 2577 1379 2629 hoc
1409 2582 1591 2647 potest
1610 2593 1736 2646 per-

136 2663 298 2733 pendi
326 2683 339 2718 :
364 2666 517 2736 quod
546 2683 646 2718 nec
669 2667 1004 2720 naturaliter
1034 2667 1180 2719 inter
1203 2683 1402 2735 graves
1432 2675 1487 2718 et
1518 2666 1731 2727 ﬁnales,

1808 2040 1864 2093 id
1895 2048 1980 2094 est
2010 2046 2110 2094 aut
2144 2043 2281 2094 tono'
2310 2042 2389 2093 vel
2422 2040 2736 2094 semitonio.
2770 2041 2884 2095 sive
2920 2041 3279 2102 semiditono,
3307 2058 3409 2096 seu

1810 2131 2022 2187 ditono.
2053 2137 2153 2185 aut
2172 2132 2541 2193 diatessaron,
2576 2132 2925 2201 diapenteve.
2962 2132 3291 2203 l’rincipalis
3324 2138 3411 2187 est

1815 2220 2038 2283 merito,
2083 2237 2209 2273 cum
2257 2220 2440 2274 omnis
2473 2221 2764 2275 cantilenae
2796 2221 2922 2276 ﬁnis
2943 2227 3000 2276 et
3022 2222 3244 2293 requies
3261 2221 3408 2276 sitin

1815 2310 1938 2379 ejus
1972 2309 2236 2379 hospicio.

1888 2399 2217 2468 Superiores
2246 2399 2467 2452 chordae
2496 2398 2623 2452 ideo
2649 2399 3080 2470 principalitatis
3104 2401 3411 2472 dignantur

1816 2487 2044 2541 nomine
2072 2488 2198 2557 quia
2218 2487 2549 2557 principales
2561 2496 2919 2544 autentorum
2946 2498 3133 2561 partes
3149 2491 3412 2561 diapente

1819 2575 2073 2631 videlicet
2092 2594 2156 2630 ac
2176 2577 2521 2631 diatessaron
2544 2578 2858 2633 medietatis
2881 2581 3098 2634 vinculo
3115 2582 3406 2651 copulant:

1819 2672 1878 2720 et
1903 2666 2047 2735 quod
2101 2665 2171 2719 ad
2215 2683 2309 2719 eas
2358 2683 2778 2737 nonnumquam
2822 2669 3142 2739 pertingant
3194 2686 3412 2725 neumte

138 2758 234 2805 aut
273 2753 602 2824 superiores
638 2772 702 2808 ex
739 2755 1073 2809 excellentes
1119 2754 1380 2824 diapente
1430 2754 1738 2824 procedunt
1820 2755 2177 2825 principales.
2221 2756 2496 2826 principia
2538 2756 2661 2809 dico
2704 2756 3122 2812 distinctionum
3155 2775 3220 2812 ac
3250 2760 3408 2827 ﬁnes,

141 2844 368 2912 species.
394 2845 491 2900 ubi
514 2845 862 2899 diatessaron
897 2845 1180 2898 naturales
1205 2844 1603 2902 habentsedes.
1635 2861 1735 2898 nec
1816 2860 1881 2899 ac
1900 2850 2160 2897 tonorum
2192 2844 2537 2898 dill'erenliae.
2575 2844 2921 2899 Excellentes
2945 2848 3073 2917 jure
3104 2854 3237 2901 sunt
3266 2848 3415 2919 prin-

139 2930 283 2986 inter
300 2934 1587 3005 ﬁnalesetsuperioresinveniuntnrnaturales
1611 2934 1734 2987 dia-
1816 2933 2043 3002 cipales.
2087 2951 2211 3003 quae
2248 2933 2324 2986 ita
2374 2933 2740 2987 dominantur
2767 2936 3034 3003 autentis,
3076 2942 3142 2991 ut
3176 2936 3236 2990 in
3274 2937 3411 3008 ipsis

142 3025 390 3078 tessaron
414 3024 598 3082 sedes.
622 3027 770 3078 sicut
783 3025 1045 3095 diapente
1066 3024 1278 3094 species
1309 3029 1441 3079 sunt
1470 3023 1605 3077 inibi
1633 3034 1793 3092 na-C
1814 3022 1889 3076 sit
1916 3021 2259 3075 ascensionis
2293 3038 2486 3075 eorum
2517 3023 2663 3076 finis.

141 3112 400 3166 turaliter
458 3114 844 3184 procedentes.
898 3114 1197 3168 Naturales
1244 3113 1369 3167 dico
1412 3114 1623 3183 species
1674 3120 1738 3167 ut
1818 3113 2167 3179 Quae/tardas
2196 3114 2310 3164 sint
2337 3114 2670 3179 principales
2697 3116 2758 3166 in
2788 3115 3042 3168 cantibus
3072 3119 3406 3183 plagalibus.

143 3199 292 3268 prius
319 3202 435 3257 dixi
466 3203 538 3256 de
567 3202 651 3257 sui
678 3203 922 3257 nominis
951 3203 1155 3257 litteris
1185 3202 1575 3270 consistentes,
1598 3218 1661 3257 ut
1687 3204 1729 3258 Ι.

145 3285 210 3341 de
231 3290 451 3359 primis,
489 3296 545 3346 et
573 3298 794 3346 cetera.

554 3383 626 3435 De
655 3383 989 3448 forma’ibus
1019 3382 1316 3449 Speciebus.

209 3467 288 3523 De
311 3469 645 3524 formalibus
674 3471 1065 3541 tempestivum
1100 3477 1187 3525 est
1205 3471 1389 3523 dicere
1419 3469 1730 3540 speciebus.

146 3553 426 3612 Formales
455 3567 589 3612 sunt
607 3558 855 3612 dicendae
876 3574 998 3629 quae
1020 3558 1251 3610 formam
1284 3557 1493 3610 habent
1508 3574 1615 3610 non
1642 3573 1737 3610 na-

148 3647 347 3707 turam,
380 3648 531 3701 sicut
558 3656 643 3702 est
667 3665 700 3701 a
733 3647 795 3700 D.
823 3647 877 3700 in
901 3647 964 3701 G.
989 3648 1169 3700 forma
1202 3654 1287 3700 est
1313 3647 1504 3717 primae
1530 3646 1734 3716 speciei

153 3730 492 3789 diatessaron
525 3736 734 3789 habens
763 3735 1119 3789 semitonium
1144 3735 1200 3788 in
1236 3735 1431 3788 medio.
1467 3734 1574 3787 Sed
1607 3733 1734 3805 quia

154 3835 258 3875 non
290 3823 438 3879 inter
462 3824 603 3878 duas
633 3833 854 3878 constat
879 3825 1108 3895 primas.
1130 3825 1225 3878 sed
1255 3825 1404 3877 inter
1430 3824 1663 3894 primam
1681 3832 1732 3877 et

156 3914 681 3979 quartam.dicenda
702 3922 783 3967 est
803 3914 983 3984 prima
1004 3914 1270 3979 formalis,
1298 3930 1404 3966 non
1427 3913 1604 3983 prima
1634 3930 1733 3966 na-

150 4001 342 4056 turalis
389 4002 675 4058 Naturalis
704 4014 889 4055 autem
915 4010 999 4056 est
1023 4002 1220 4072 prima,
1266 4019 1386 4071 qum
1419 4019 1527 4054 non
1555 4002 1734 4054 solum

152 4086 209 4141 in
231 4093 412 4147 medio
438 4093 609 4147 habet
636 4093 995 4146 semitonium
1047 4093 1143 4145 sed
1180 4093 1327 4145 inter
1355 4092 1496 4145 duas
1528 4092 1736 4162 primus

153 4181 417 4243 consistit,
444 4190 510 4237 ut
539 4182 631 4236 illa
655 4199 776 4252 quae
791 4191 875 4235 est
894 4182 1115 4235 interA.
1142 4188 1199 4235 et
1228 4183 1539 4252 l).quarum
1560 4182 1737 4235 altera

156 4267 332 4336 prima
354 4279 437 4326 est
457 4271 730 4341 gravium.
764 4271 942 4325 altera
975 4271 1246 4324 tinalium.
1274 4271 1364 4324 Sic
1384 4271 1593 4342 species
1615 4271 1735 4323 dia-

1887 3198 1952 3254 In
1972 3199 2281 3272 plagalibus
2296 3217 2517 3271 quoque
2533 3201 2726 3256 eadem
2746 3203 3240 3259 rationedicuntur
3258 3206 3409 3277 prin-

1816 3289 2023 3359 cipales
2045 3306 2261 3359 graves.
2299 3290 2511 3346 ﬁnales.
2545 3292 2882 3361 superiores.
2918 3292 3273 3365 Quapropter
3299 3311 3413 3350 non

1818 3378 2040 3431 difﬁcile
2080 3378 2209 3430 inde
2240 3378 2346 3431 huc
2374 3378 2800 3434 similitudinem
2832 3382 3159 3437 transferre.

1890 3468 2039 3533 Quod
2068 3469 2460 3535 principalitas
2490 3468 2829 3523 chordarum
2859 3473 3217 3526 discernenda
3246 3476 3337 3527 sit.

1893 3556 2280 3626 Principalitas
2309 3556 2643 3610 chordarum
2677 3558 2850 3628 accipi
2889 3559 3184 3614 discretive
3225 3561 3409 3628 debet,

1818 3659 1928 3696 non
1960 3644 2135 3697 ubivis
2166 3644 2259 3697 illa
2290 3644 2669 3714 principalitas
2686 3646 2781 3699 sed
2808 3646 2862 3699 in
2884 3664 2986 3701 sua
3015 3649 3198 3719 specie
3228 3652 3414 3706 consi-

1817 3732 2231 3787 dei-eturSicut
2244 3733 2425 3802 prima
2442 3734 2719 3803 gravium.
2738 3736 2919 3805 prima
2936 3738 3210 3798 ﬁnalium.
3235 3740 3416 3809 prima

1818 3822 2167 3888 superiorum
2200 3822 2530 3893 principales
2569 3830 2702 3878 sunt
2723 3824 2776 3878 in
2800 3825 2980 3895 prima
3017 3828 3201 3897 specie
3221 3829 3411 3899 plaga-

1818 3909 1953 3962 lium
1985 3920 2272 3965 cantuum.
2301 3912 2354 3965 id
2386 3920 2467 3965 est
2499 3912 2553 3965 in
2586 3913 2829 3967 secundo
2870 3921 3020 3979 tono,
3054 3932 3177 3986 quae
3205 3917 3416 3987 princi-

1820 3998 2023 4068 paliter
2042 4000 2289 4066 ejusdem
2319 4007 2452 4054 sunt
2470 4002 3409 4074 constitutivze.Principaliterdico,

1818 4087 1946 4157 quia
1988 4086 2110 4140 alia:
2153 4088 2373 4143 chordae
2421 4098 2811 4161 cooperantur,
2844 4092 2949 4146 iste
2989 4099 3053 4147 ut
3090 4094 3417 4164 praedictum

1820 4184 1903 4229 est
1935 4175 2342 4245 principantur,
2367 4178 2512 4232 sicut
2532 4180 2586 4233 in
2610 4182 2757 4235 aulae
2778 4181 3189 4237 constructione
3208 4184 3417 4255 princi-

1820 4265 1971 4335 pales
2003 4273 2188 4334 partes
2213 4273 2344 4319 sunt
2365 4268 2638 4323 columnae
2672 4270 2851 4325 Princi
2862 4273 3019 4341 pales
3040 4290 3261 4343 quoque
3286 4280 3419 4331 sunt

154 4366 314 4425 pente
338 4360 637 4415 interA.et
657 4360 712 4413 Ε.
740 4361 1019 4431 primaest
1033 4360 1409 4413 formalisuon
1442 4361 1733 4423 naturalis,
1761 4354 1877 4444 Din
1908 4354 2155 4444 secundi}
2183 4354 2366 4423 specie
2398 4357 2722 4426 plagalium.
2756 4359 2811 4413 id
2840 4368 2928 4415 est
2956 4362 3011 4416 in
3041 4361 3173 4417 Illl.
3207 4371 3339 4419 tono
3367 4366 3419 4421 II

158 4447 427 4516 quialicet
443 4456 504 4504 ut
521 4449 697 4520 prima
714 4450 986 4503 naturalis
1007 4449 1239 4503 scandat
1259 4449 1735 4515 tono.semitonio,

156 4538 304 4601 tono,
331 4546 384 4593 et
415 4546 550 4592 tono
591 4556 701 4592 non
728 4545 917 4593 tamen
948 4540 1094 4592 inter
1114 4539 1254 4592 duas
1272 4538 1500 4608 primas.
1533 4538 1627 4591 sed
1655 4555 1740 4591 m-

156 4626 240 4677 ter
265 4628 501 4698 primam
523 4634 741 4682 constat
766 4646 830 4681 ac
858 4628 1181 4689 secundam,
1210 4627 1354 4681 sicut
1384 4627 1479 4680 illa
1509 4645 1631 4699 quae
1661 4636 1743 4681 est

160 4711 301 4769 inter
323 4717 386 4773 D.
420 4718 644 4773 ﬁnalem
668 4724 721 4772 et
753 4718 1117 4789 superiorem.

162 4820 305 4887 Quod
327 4829 668 4896 principales
706 4828 918 4881 chordae
944 4828 1211 4879 dicantur
1230 4842 1348 4894 quae
1385 4829 1749 4882 constitutiraa

714 4902 847 4951 sunt
869 4903 1175 4965 troporum.

226 4981 570 5059 Principales
588 4987 808 5042 chordae
822 4987 1088 5042 dicuntur
1106 5003 1230 5057 qua:
1251 4986 1306 5040 in
1326 4991 1617 5055 troporum
1639 4986 1749 5042 dis-

163 5072 522 5140 positionibus
537 5076 908 5147 principatum
930 5078 1262 5131 sortiuntur.
1279 5076 1424 5130 sicut
1443 5075 1497 5129 in
1517 5080 1748 5129 autento

164 5168 315 5228 proto
340 5165 675 5236 principales
703 5172 835 5220 sunt
868 5165 984 5220 istae
1012 5184 1023 5217 :
1060 5165 1235 5234 prima
1258 5165 1534 5223 ﬁnalium.
1569 5165 1751 5234 prima

166 5254 525 5321 snperiorum.
553 5255 734 5325 prima
760 5254 1169 5309 excellentium.
1204 5254 1409 5308 Finalis
1440 5261 1526 5306 est
1549 5254 1747 5308 merito

167 5339 480 5415 principalis
512 5344 567 5397 in
598 5344 794 5415 primis
827 5362 840 5396 :
877 5361 1010 5413 quia
1058 5343 1364 5397 secundum
1414 5342 1749 5396 convenien-

167 5425 316 5495 tiam,
349 5450 517 5503 quam
565 5433 686 5504 ipsa
730 5433 1023 5503 praedocet,
1065 5440 1291 5487 cantum
1343 5431 1659 5501 incipimus.
1692 5438 1750 5486 et

171 5530 337 5590 usque
365 5524 433 5578 ad
457 5524 624 5577 tinem
658 5523 956 5594 procedere
999 5539 1109 5576 non
1160 5538 1473 5593 possumus,
1506 5522 1754 5575 ostendit

173 5603 322 5667 illum
348 5631 473 5670 esse
502 5619 603 5670 aut
644 5613 927 5678 vitiosum,
963 5619 1063 5669 aut
1101 5614 1265 5684 juxta
1306 5610 1480 5667 alium
1522 5611 1753 5666 modum

1819 4444 2073 4514 gravium
2110 4443 2176 4496 ΙΙ.
2201 4444 2450 4497 ﬁnalium
2474 4444 2541 4500 Il.
2566 4448 2941 4517 superiorum.
2967 4468 3091 4522 quae
3110 4453 3422 4525 principali~

1824 4540 1911 4586 ter
1926 4533 2080 4587 illum
2114 4533 2481 4587 constituunt.
2508 4535 2598 4589 Sic
2610 4537 2936 4593 coustituvae
2956 4549 3090 4595 sunt
3105 4541 3270 4597 IIl.et
3289 4544 3416 4599 IllI.

1823 4623 2095 4693 gravium.
2152 4622 2426 4686 ﬁnalium.
2476 4625 2828 4694 superiorum
2884 4630 3065 4684 tertia:
3107 4638 3163 4686 et
3209 4639 3423 4704 quarta:

1825 4711 2029 4782 speciei
2059 4711 2360 4783 plagalium
2392 4723 2708 4782 troporum,
2749 4714 2805 4769 id
2854 4725 2940 4772 est
2977 4720 3119 4774 sexti
3157 4727 3215 4775 et
3244 4722 3423 4778 octavi

1831 4802 1974 4857 toni.

2314 4893 2382 4946 De
2418 4896 2713 4948 autenticis
2751 4899 2944 4963 pratis.

1902 4983 2092 5037 Prima
2114 4982 2577 5052 ﬁnalium.prima
2595 4984 3225 5054 superiorum.secunda
3243 4996 3428 5050 excel-

1831 5071 2066 5125 lentium
2080 5078 2212 5125 sunt
2236 5070 2573 5141 principales
2588 5071 2641 5124 in
2666 5071 2843 5141 prima
2862 5076 3046 5145 specie
3067 5084 3428 5139 autentorum

1833 5167 2120 5221 cantuum,
2146 5159 2202 5213 id
2235 5165 2319 5213 est
2352 5158 2408 5211 in
2442 5159 2621 5229 primo
2666 5165 2799 5212 tono
2846 5178 3011 5231 quem
3047 5166 3431 5239 principaliter

1836 5250 2186 5305 constituunt
2203 5273 2214 5307 :
2231 5248 2474 5302 secunda
2498 5248 2769 5302 finalium.
2790 5253 3035 5307 secunda
3051 5258 3426 5337 superiorum,

1834 5340 2077 5393 secunda
2118 5338 2530 5399 excellentium.
2567 5337 2899 5409 principales
2936 5351 3072 5399 sunt
3100 5347 3155 5400 in
3184 5352 3432 5406 secunda

1834 5429 2119 5483 autentica
2146 5429 2329 5499 specie
2353 5427 2639 5498 diapason.
2667 5427 2718 5481 id
2745 5439 2827 5482 est
2851 5429 2909 5483 in
2929 5434 3097 5487 tertio
3118 5442 3251 5491 tono
3271 5443 3433 5510 cujus

1840 5518 2221 5590 principaliter
2252 5525 2384 5571 sunt
2411 5517 2781 5573 constitutisz
2816 5536 2828 5572 :
2863 5520 2941 5574 sic
2960 5522 3030 5577 de
3053 5526 3234 5581 tertiis
3267 5531 3435 5586 tertia

1836 5608 2122 5666 autentica
2151 5607 2424 5681 diapason
2444 5607 2827 5681 constituitur,
2863 5621 3066 5688 quarta
3092 5615 3165 5672 de
3191 5620 3429 5694 quartis.
