3914 6362
502 326 638 386 1319

1705 316 2052 373 ARIBONIS
2088 309 2564 369 SCHOLASTICI

3637 291 3783 354 1320

487 452 639 520 Quod
661 453 734 506 ad
760 450 1015 506 eumdem
1045 448 1272 500 modum
1297 445 1489 512 species
1517 443 1784 512 diapason
1813 443 2087 510 incipiant
2107 439 2155 498 A
2177 435 2364 501 Quare
2393 439 2581 488 autem
2606 436 2850 503 quatuor
2873 427 3164 520 naturales
3185 425 3379 520 dicam
3393 428 3607 493 tropos.
3630 436 3783 520 qum-

1023 524 1070 573 ct
1106 521 1311 583 ﬁniant
1350 530 1551 569 omnes.

560 630 753 684 Prima
781 626 992 697 species
1020 626 1289 694 diapason
1317 627 1536 676 constat
1555 638 1585 673 a
1608 620 1787 691 prima
1807 619 2086 689 gravium,

487 719 675 790 prima
704 717 977 775 ﬁnalium,
1004 715 1180 785 prima
1212 713 1564 781 superiorum
1595 727 1605 761 :
1639 708 1718 762 ita.
1748 719 1807 762 ut
1827 707 2013 777 gravis
2035 712 2091 759 et

489 823 753 876 superior
772 804 1007 874 legitimi
1030 803 1144 856 sint
1163 817 1447 859 ascensus,
1461 800 1871 867 descensusque
1886 797 2087 856 claves,

492 894 678 948 ﬁnalis
709 893 950 946 medium
982 890 1232 961 ejusdem
1262 889 1529 957 diapason
1559 886 1864 944 vinculum,
1899 901 1952 936 m
1981 899 2092 953 qua

493 991 580 1037 est
627 983 671 1036 D
744 981 1115 1035 commissura
1167 978 1515 1031 diatessaron
1559 982 1617 1028 et
1666 975 1947 1044 diapente.
1997 972 2089 1026 Sic

492 1071 735 1127 secunda
767 1070 981 1140 species
1010 1069 1299 1137 diapason,
1323 1066 1566 1120 secunda
1586 1063 1864 1134 gravium,
1894 1078 2089 1115 secun—

490 1161 563 1216 da
586 1158 936 1231 superiorum
957 1157 1251 1211 clauditur.
1273 1156 1380 1227 Bt]
1405 1154 1727 1208 etsecunda
1750 1151 2001 1205 ﬁualium
2024 1150 2081 1203 E.

491 1250 827 1304 vinculatur.
858 1247 1051 1301 Tertia
1074 1246 1276 1306 tertiis,
1313 1251 1512 1315 quarta
1542 1241 1759 1314 quartis
1788 1248 1847 1297 et
1875 1238 2088 1295 claudi-

490 1344 605 1403 tur,
640 1347 696 1393 et
725 1336 1055 1392 dimidiatur
1080 1336 1141 1390 C.
1173 1335 1234 1389 F.
1269 1350 1318 1397 c,
1349 1334 1414 1388 D.
1440 1333 1507 1387 G.
1535 1333 1591 1386 d.

496 1455 648 1522 Quod
705 1455 885 1507 eodem
932 1452 1089 1504 modo
1146 1451 1214 1502 ab
1269 1450 1401 1502 aliis
1462 1448 1732 1522 speciebus
1790 1446 2091 1522 consistant

563 1529 854 1579 autentica’
881 1526 1074 1590 species
1102 1525 1246 1575 sicut
1273 1537 1308 1573 a
1339 1520 1641 1588 praetibatis
1678 1517 1945 1585 speciebus
1970 1516 2093 1568 sub-

553 1599 793 1666 jugates.

566 1703 725 1757 Sicut
752 1702 873 1754 istae
903 1704 1145 1771 quatuor
1173 1697 1386 1770 species
1411 1696 1698 1767 diapason,
1729 1695 1782 1750 id
1830 1699 1917 1749 est
1951 1709 2091 1763 qua-

2172 524 2370 580 stionis
2403 522 2673 577 scrutinio
2701 520 2932 588 dignum
2979 522 3081 570 est.
3116 516 3253 569 Cum
3288 515 3413 584 quis
3453 511 3783 566 autentirus

2173 615 2439 683 adjunrto
2470 612 2572 664 sibi
2603 627 2705 663 suo
2735 605 3012 676 subjugali
3044 609 3264 658 constet
3289 605 3465 673 prima
3490 616 3777 669 gravium,

2175 703 2355 773 prima
2389 700 2657 753 linalium.
2684 698 2863 768 prima.
2885 695 3259 765 superiorum,
3291 691 3469 762 prima
3497 689 3783 742 excellen-

2174 791 2335 850 tium,
2380 790 2510 860 quid
2563 787 2766 846 obstat,
2800 785 2933 854 quin
2975 782 3052 836 sit
3100 798 3245 835 unus
3297 780 3512 839 modus,
3544 794 3673 831 cum
3711 777 3785 830 de

2172 880 2300 933 unis
2344 886 2407 932 ut
2453 878 2528 930 ita
2572 877 2752 929 dicam
2802 876 2903 926 fiat
2947 871 3189 934 chordis,
3222 868 3476 922 videlicet
3513 865 3785 920 omnibus

2173 967 2372 1039 primis
2398 986 2410 1032 ;
2443 967 2539 1020 sed
2570 964 2875 1019 secundum
2909 960 3173 1032 placitum
3221 958 3349 1010 facti
3379 963 3511 1011 sunt
3538 957 3609 1009 de
3636 972 3786 1023 qua-

2171 1065 2300 1111 tuor
2343 1064 2485 1113 octo,
2536 1060 2767 1124 cogente
2814 1060 3001 1105 tamen
3054 1048 3291 1102 ratione.
3338 1046 3478 1100 Cum
3536 1044 3784 1115 quilibet

2172 1151 2370 1199 cantus
2419 1144 2665 1213 legitime
2696 1140 2885 1211 vagari
2933 1156 3031 1209 per
3060 1136 3156 1191 XI.
3196 1136 3434 1189 chordas
3475 1135 3779 1204 potuisset,

2173 1234 2268 1305 qui
2297 1233 2583 1287 discursus
2612 1230 2844 1284 cuilibet
2871 1233 3106 1282 autento
3136 1242 3261 1279 cum
3293 1241 3395 1279 suo
3426 1225 3590 1295 plaga
3620 1240 3783 1279 com-

2172 1323 2355 1395 posito
2383 1323 2706 1393 deputatur,
2739 1318 2923 1372 evenit
2970 1332 3115 1387 saepe
3161 1320 3388 1386 prapter
3416 1320 3617 1368 cantus
3648 1328 3782 1383 pro-

2174 1412 2469 1472 lixitatem,
2516 1416 2581 1465 ut
2630 1408 2834 1479 aliquis
2884 1422 3098 1463 versus.
3151 1421 3250 1458 seu
3298 1403 3479 1457 brevis
3528 1402 3782 1473 psalmus

2174 1502 2472 1569 adjunctus
2518 1499 2588 1552 ab
2637 1499 2732 1551 illo
2778 1495 3143 1550 discordaret.
3179 1509 3305 1547 cum
3346 1509 3569 1546 onmem
3610 1507 3780 1545 suum

2174 1606 2468 1644 ascensum
2531 1588 2929 1642 descensumve
2986 1599 3098 1637 non
3151 1581 3425 1650 potuisset
3480 1580 3717 1648 implere
3763 1595 3776 1630 :

2173 1680 2401 1733 tandem
2449 1684 2535 1731 est
2585 1675 2980 1745 excogitatum.
3032 1678 3095 1724 ut
3134 1671 3312 1743 quivis
3346 1669 3446 1725 ιν.
3481 1676 3777 1738 troporum

495 1796 627 1844 tuor
657 1760 945 1859 plagarum
979 1760 1240 1842 constant
1282 1760 1544 1856 gravibus
1585 1792 1644 1838 et
1685 1760 2229 1853 superioribus,Bin
2259 1768 2400 1859 dm}?
2442 1766 2801 1821 ἀίνίάθνθῖυτ·
2851 1782 3087 1836 qum‘u'"
3130 1760 3627 1859 Πίθνφξῗῄίηλῖθξφ
3659 1763 3783 1859 ΜΡ·

498 1879 868 1934 dimidiantur
886 1884 1073 1931 autem
1111 1876 1388 1935 ﬁnalibus,
1415 1877 1591 1945 prima
1629 1873 1825 1944 primis
1847 1872 2094 1926 secunda

2184 1863 2295 1910 tum
2327 1857 2596 1923 diapason
2629 1864 2776 1908 esset
2804 1863 3124 1921 contentus,
3156 1865 3219 1908 ut
3242 1849 3473 1923 quilibet
3503 1846 3610 1901 sibi
3644 1843 3782 1898 sub-

497 1968 775 2031 secundis,
808 1967 974 2020 tertia
1002 1965 1201 2022 tertiis.
1236 1970 1437 2035 quarta
1466 1963 1717 2033 quartis;
1751 1962 1828 2016 sic
1853 1969 2094 2031 quatuor
2174 1946 2428 2017 iunctum
2461 1960 2624 1999 suum
2660 1950 2848 2013 Posset
2883 1944 3231 2014 aequiparare
3255 1941 3592 2035 discutsumf
3635 1939 3787 2035 {sicut

494 2065 795 2129 sequentes
816 2056 883 2110 ad
904 2056 1219 2109 actenticos
1241 2024 1583 2124 pertinentes
1603 2052 1943 2106 clauduntur
1961 2051 2096 2103 tina-

2184 2050 2581 2103 nonnunquam
2618 2042 2844 2102 propter
2869 2032 3234 2106 inﬁrmiorem
3256 2028 3476 2085 comitis
3495 2024 3783 2080 caballum

495 2147 644 2201 libus
669 2157 726 2201 et
754 2145 1154 2200 excellentibus
1183 2143 1553 2197 dimidiantur
1579 2148 1767 2195 autem
1802 2139 1883 2193 vel
1915 2140 2098 2193 vincu-

496 2235 690 2290 lantur
703 2234 1103 2305 superioribus,
1121 2233 1298 2294 prima
1321 2232 1534 2303 primis,
1551 2230 1796 2284 secunda
1812 2244 1938 2282 seru
1949 2227 2091 2291 ndis,

494 2325 664 2379 tertia
686 2324 888 2385 tertiis,
912 2330 1112 2395 quarta
1131 2322 1347 2393 quartis
1409 2328 1472 2375 ut
1500 2319 1709 2390 optime
1737 2327 2096 2373 conservatus

497 2413 635 2467 ordo
677 2412 955 2466 naturalis
988 2412 1082 2464 Dei
1114 2411 1396 2465 voluntate
1417 2427 1540 2480 qua:
1567 2416 1655 2463 est
1681 2425 1868 2462 rerum
1897 2423 2098 2461 natura

499 2501 818 2563 conlaudat,
869 2500 1190 2555 illuminans
1235 2516 1456 2553 omnem
1506 2498 1816 2553 hominem.
1849 2496 1993 2567 quod
2038 2496 2095 2550 in

502 2599 709 2645 natura
754 2589 921 2644 latuit
967 2589 1274 2644 venatrices
1318 2593 1533 2642 mentes
1579 2586 1919 2656 investigare
1958 2601 2092 2640 con—

501 2681 690 2735 cessit.

507 2789 703 2842 Utrum
748 2790 861 2841 sint
902 2789 1008 2850 VII,
1053 2790 1134 2841 rel
1185 2792 1298 2841 octo
1334 2786 1667 2840 discrimina
1715 2798 1928 2848 vocum,
1968 2797 2096 2835 cum

811 2875 1205 2928 synemmenon
1232 2859 1489 2911 videatur
1517 2861 1786 2911 octavum.

573 2965 986 3037 Synemmenon
1019 2972 1272 3020 octavum
1308 2964 1452 3017 vocis
1481 2962 1780 3015 discrimen
1808 2977 1918 3015 non
1943 2959 2092 3023 facit,

503 3055 635 3126 quia
672 3070 961 3124 nunquam
993 3054 1028 3108 b
1083 3054 1247 3108 molle
1273 3058 1443 3123 atque
1474 3052 1808 3122 quadratum
1838 3050 1893 3102 in
1928 3066 2094 3103 unam

502 3144 839 3199 conveniunt
859 3160 1141 3197 neumam.
1163 3144 1302 3197 Cum
1327 3130 1492 3195 omne
1511 3141 1811 3194 discrimen
1835 3138 1979 3192 vocis
2001 3139 2099 3192 fiat

501 3240 599 3288 aut
627 3242 762 3287 tono
790 3233 875 3286 vel
914 3232 1228 3291 semitonio,
1273 3247 1371 3284 seu
1403 3247 1467 3283 ex
1499 3229 1583 3282 his
1612 3228 1935 3300 compositis
1964 3245 2097 3281 con-

499 3321 794 3386 sonantiis,
817 3328 874 3375 et
904 3321 1052 3374 inter
1082 3320 1132 3373 b.
1164 3327 1215 3374 et
1248 3320 1274 3392 η
1307 3319 1455 3372 nulla
1487 3318 1559 3372 sit
1589 3318 1972 3379 consonantia,
2006 3334 2100 3387 pa-

500 3415 585 3464 tet
612 3409 856 3479 profecto
886 3409 1033 3479 quod
1065 3409 1172 3461 illa:
1200 3409 1322 3461 duae
1358 3409 1556 3461 litterae
1586 3407 1697 3461 sint
1716 3424 1816 3478 pro
1842 3423 1958 3460 uno
1982 3406 2098 3459 dis-

500 3498 754 3553 crimine.
797 3497 1031 3552 Illarum
1080 3500 1395 3553 litterarum
1442 3513 1656 3551 neumze
1705 3512 1996 3567 nunquam
2041 3494 2098 3548 in

501 3603 675 3641 unum
717 3589 1070 3653 conveniunt,
1102 3588 1249 3642 sicut
1293 3586 1437 3640 libra
1479 3591 1534 3639 et
1573 3585 1718 3639 aries
1750 3585 1959 3655 pariter
1987 3601 2099 3638 non

506 3675 783 3733 videntur.
835 3677 1192 3748 Consurgens
1236 3676 1384 3730 aries
1430 3675 1651 3741 libram,
1704 3675 1848 3729 libra
1895 3675 2100 3729 vellera

502 3766 725 3837 mergit.

507 3872 660 3941 Quod
686 3875 883 3928 divisio
912 3873 1269 3926 monochordi
1309 3876 1406 3940 fiat
1448 3878 1548 3926 aut
1590 3888 1687 3941 per
1729 3875 2099 3941 quantitatem

999 3949 1096 3997 aut
1127 3960 1225 4012 per
1254 3947 1600 4013 qualitatem.

574 4050 932 4107 Monochordi
962 4050 1160 4104 divisio
1205 4052 1271 4104 ﬁt
1300 4050 1581 4120 bipartito.
1617 4051 1758 4105 Cum
1793 4050 1940 4105 enim
1979 4050 2101 4104 dico

503 4145 685 4194 totum
725 4140 1164 4194 monochordum
1211 4139 1269 4193 in
1316 4140 1457 4195 duas
1505 4140 1674 4194 dividi
1709 4140 1976 4211 diapason
2018 4139 2103 4193 vel

504 4228 722 4283 duobus
769 4228 1027 4300 passibus
1074 4228 1196 4282 fieri
1244 4230 1532 4300 diapason.
1581 4229 1763 4284 tribus
1815 4229 2095 4299 diapente,

505 4324 750 4388 quatuor
777 4317 1148 4381 diatessaron,
1184 4324 1376 4373 tonum
1415 4336 1633 4373 novem.
1661 4318 1993 4389 quantitatis
2017 4323 2102 4372 est

504 4414 562 4462 et
580 4407 799 4462 numeri
820 4407 889 4460 ad
914 4424 1230 4461 mensuram
1256 4409 1540 4479 pertinens
1563 4408 1942 4462 monochordi.
1959 4408 2098 4463 Cum
2120 4409 2168 4467 D
2186 4435 2437 4489 [manum
2470 4452 2594 4489 cum
2628 4407 2969 4489 auriﬁcem

506 4502 697 4551 autem
745 4497 1102 4551 tetrachorda
1144 4498 1398 4564 quaedam
1437 4498 1564 4551 «lico
1607 4497 1850 4552 intendit
1888 4514 1987 4568 per
2013 4506 2101 4550 to-

505 4603 663 4643 num.
691 4585 1070 4647 semitonium,
1092 4593 1310 4652 tonum,
1334 4588 1588 4658 quaedam
1617 4604 1743 4640 vero
1771 4587 1977 4641 remitti
2006 4603 2103 4657 per

505 4674 759 4742 ditonum
791 4682 848 4728 et
876 4675 1253 4735 semitonium.
1278 4676 1511 4745 designo
1533 4676 1859 4746 qualitatem
1890 4677 1960 4729 ad
1995 4693 2102 4729 me-

505 4763 711 4817 lodiam
739 4763 1130 4834 pertinentem,
1150 4765 1306 4835 quasi
1330 4764 1571 4818 dicerem
1597 4778 1609 4812 :
1635 4764 1773 4820 Cum
1796 4766 2104 4820 tetrachor-

506 4851 637 4906 dum
667 4851 944 4921 gravium.
980 4852 1252 4913 tinalium,
1288 4851 1661 4922 superiorum.
1686 4854 2099 4916 excellentium,

503 4940 831 4995 intendatur
875 4946 934 4994 et
980 4940 1303 4994 remittatur
1341 4957 1440 5010 per
1466 4947 1682 5001 tonum,
1715 4944 2095 5007 semitonium,

501 5035 721 5091 tonum,
759 5037 915 5101 potes
946 5029 1254 5099 quamlibet
1280 5046 1539 5083 neumam
1572 5047 1763 5085 susum
1804 5032 2102 5104 iusumque

503 5119 781 5175 resultare
805 5133 816 5164 :
839 5118 919 5171 sic
947 5124 1006 5171 et
1034 5117 1104 5171 de
1126 5117 1237 5172 illis
1268 5136 1391 5190 quae
1418 5119 1767 5175 descendunt
1789 5123 2102 5193 perpendas

502 5207 898 5264 tetrachordis.

512 5326 707 5380 Utrum
756 5324 899 5377 idem
949 5323 1141 5376 modus
1189 5326 1288 5393 qui
1330 5325 1542 5378 dicitur
1586 5328 1786 5380 Darius
1840 5329 2101 5382 dicendus

579 5399 649 5533 ἲιί
699 5396 1169 5464 Ιιῃροτηίίεοιίίιηις
1218 5407 1446 5464 propter
1484 5398 1549 5454 1).
1602 5399 1659 5451 d.
1717 5401 1859 5466 quod
1895 5405 1970 5452 cst
2018 5401 2101 5453 bi.

607 5482 773 5520 orme.

582 5580 914 5652 Antiquitus
938 5586 1101 5636 erant
1121 5587 1365 5653 quatuor
1383 5588 1605 5638 tantum
1628 5586 1915 5642 naturales
1932 5588 2099 5661 tropi.

2175 2124 2411 2177 vicinius
2442 2122 2686 2193 petimus
2707 2121 3096 2175 diversorium.

2177 2222 2250 2276 De
2300 2222 2396 2273 hoc
2444 2221 2590 2288 quod
2635 2220 3054 2288 quadripartito
3097 2222 3279 2287 ﬁgura
3325 2221 3375 2271 et
3418 2229 3619 2283 caprea
3667 2216 3786 2268 sint

2463 2293 2789 2344 imitatriccs
2815 2293 3170 2359 antiquitatis
3199 2296 3507 2357 troporum.

2249 2390 2505 2454 Quatuor
2524 2396 2811 2458 treporum
2843 2389 3117 2442 naturalis
3137 2385 3445 2457 antiquitas
3469 2384 3525 2437 in
3557 2382 3786 2454 quadri-

2180 2479 2382 2549 partita
2405 2477 2797 2531 modernorum
2824 2478 2999 2547 ﬁgura
3020 2478 3151 2531 etin
3172 2485 3362 2530 nostra
3381 2479 3534 2545 patet
3554 2489 3782 2543 caprea.

2184 2567 2515 2621 Uivisionem
2535 2574 2722 2620 autem
2745 2583 2939 2621 eorum
2963 2574 3153 2620 nostra
3169 2564 3457 2619 circularis
3480 2578 3785 2633 rapi-issen-

2177 2663 2264 2711 tat
2309 2658 2509 2727 ﬁgura,
2543 2673 2710 2726 quam
2750 2656 2821 2710 de
2864 2656 3114 2711 virilibus
3153 2654 3522 2724 femineisque
3560 2650 3783 2705 choreis

2177 2745 2608 2817 compinximus.

2249 2836 2320 2889 De
2351 2837 2447 2888 hoc
2471 2836 2614 2904 quod
2651 2838 2894 2902 quatuor
2923 2833 3069 2899 tropi
3105 2833 3442 2885 dividuntur
3474 2833 3538 2885 in
3570 2836 3707 2885 octo.

2251 2925 2490 2993 Majores
2530 2922 2706 2977 nostri
2759 2922 3167 2994 perpendentes
3207 2919 3511 2991 quemlibet
3552 2928 3779 2990 tropum

2180 3012 2363 3067 adhuc
2395 3012 2690 3066 indivisum
2736 3028 2769 3081 q
2796 3016 2979 3064 uatuor
3025 3008 3421 3080 principalibus
3451 3016 3526 3062 Ita
3555 3008 3780 3063 chordis

2115 3087 2156 3143 Ο
2181 3101 2504 3164 consistere,
2527 3109 2592 3154 ut
2614 3101 2950 3154 altrinsecus
2972 3100 3186 3152 collatm
3206 3100 3346 3152 duas
3364 3098 3637 3169 diapason
3660 3116 3782 3170 spe-

2180 3190 2291 3245 cies
2323 3197 2548 3261 possent
2587 3191 2881 3252 conﬁcere,
2913 3188 3227 3242 diviserunt
3268 3204 3361 3241 eos
3408 3188 3466 3240 in
3514 3195 3779 3242 autentos

2181 3288 2238 3334 et
2261 3280 2474 3350 plagas,
2494 3287 2756 3332 autentos
2779 3284 3041 3331 vocantes
3067 3277 3380 3332 auctorales
3400 3284 3456 3328 et
3470 3276 3777 3346 digniores,

2181 3369 2373 3440 plagas
2401 3374 2592 3422 autem
2642 3367 2902 3422 later-ales
2944 3373 3001 3420 et
3045 3366 3345 3435 subjectos.
3382 3364 3542 3429 Quod
3574 3382 3781 3420 nomen

2180 3457 2545 3527 subjectionis
2592 3456 2760 3509 etiam
2812 3472 2992 3526 graeca
3030 3471 3131 3508 sua
3168 3460 3447 3508 testantur
3490 3453 3778 3519 vocabula,

2182 3547 2315 3617 quia
2347 3545 2560 3615 primus
2588 3550 2755 3598 tonus
2791 3544 3106 3615 appellatur
3130 3560 3309 3613 graece
3338 3542 3558 3604 Durius,
3586 3558 3781 3597 secun-

2181 3634 2285 3688 dus
2305 3642 2534 3688 vocatur
2552 3632 2914 3705 hypodorius,
2942 3633 2993 3685 id
3023 3639 3125 3691 est,
3149 3631 3458 3702 subjugalis
3481 3630 3631 3684 Dorii
3661 3649 3673 3684 :
3702 3631 3781 3685 ita

2181 3728 2417 3792 quartus
2454 3728 2509 3776 et
2550 3729 2736 3776 sextus
2784 3720 3205 3793 hypOpbrygius
3246 3728 3303 3774 et
3346 3717 3666 3790 hypolidius
3702 3718 3782 3772 di—

2182 3811 2347 3864 citur.

2254 3899 2574 3954 Diviserunt
2598 3906 2820 3971 protum
2846 3900 3084 3971 primam
3106 3898 3356 3952 ﬁnalium
3374 3914 3500 3952 cum
3526 3897 3781 3953 altrinse-

2184 4005 2282 4043 cus
2304 3991 2486 4060 posita
2505 4006 2631 4044 cum
2664 3989 2843 4060 prima
2866 3989 3256 4043 excellentium
3280 3989 3701 4057 conjungeutes,
3726 3985 3782 4042 et

2185 4087 2477 4132 autentum
2517 4079 2758 4148 primum
2788 4078 3047 4133 videlicet
3076 4085 3271 4132 tonum
3301 4083 3615 4131 statuentes
3657 4076 3779 4131 Pri-

2187 4184 2335 4221 mam
2360 4184 2488 4220 vero
2507 4168 2760 4237 gravium
2786 4184 2912 4221 cum
2935 4168 3265 4221 altrinsecus
3284 4166 3395 4219 sita
3416 4166 3595 4236 prima
3621 4183 3781 4237 supe-

2183 4257 2393 4311 riorum
2417 4257 2786 4322 conferentes.
2809 4262 2867 4310 et
2889 4256 3130 4327 primum
3155 4256 3399 4326 plagam,
3419 4262 3614 4309 tonum
3637 4255 3781 4309 scili-

2182 4353 2272 4401 cet
2307 4346 2636 4411 secundum,
2670 4354 3087 4416 componentes.
3121 4346 3183 4399 ln
3214 4345 3446 4398 deutero
3474 4344 3780 4398 secundam

3013 4435 3194 4487 locata
3237 4433 3483 4488 secunda
3513 4434 3781 4487 excellen-

2183 4525 2323 4578 tium
2371 4525 2699 4594 junxerunt.
2749 4531 2807 4577 et
2849 4524 3158 4578 secundum
3201 4528 3514 4578 autentum.
3548 4522 3779 4576 tertium

2185 4614 2391 4685 quippe
2424 4620 2641 4675 tonum,
2674 4618 3113 4683 composuerunt
3142 4630 3152 4664 :
3188 4612 3494 4665 secundum
3523 4612 3779 4681 gravium

2184 4720 2310 4757 cum
2345 4703 2589 4756 secunda
2627 4703 2935 4773 junxerunt
2965 4700 3340 4772 superiorum.
3374 4705 3432 4754 et
3474 4700 3780 4755 secundum

2185 4789 2558 4860 subjugalem.
2585 4798 2848 4862 quartum
2879 4806 3078 4861 nempe
3109 4797 3324 4852 tonum,
3347 4796 3672 4844 statuerunt
3721 4792 3781 4844 ln

2184 4879 2319 4933 trito
2351 4880 2575 4933 tertiam
2606 4881 2855 4934 ﬁnalium
2893 4897 3016 4934 cum
3049 4879 3380 4933 altrinsecus
3411 4878 3590 4948 posita
3619 4879 3784 4933 tertia

2184 4969 2594 5030 excellentium,
2619 4977 2676 5024 et
2697 4970 2926 5025 tertium
2959 4976 3273 5024 autentum.
3304 4969 3560 5040 quintum
3586 4986 3783 5041 nempe

2183 5063 2401 5123 tonum,
2424 5059 2795 5115 confecerant.
2827 5060 3099 5115 Similiter
3122 5059 3346 5113 tertiam
3374 5059 3629 5130 gravium
3654 5076 3781 5115 cum

2184 5147 2520 5216 altrinsecus
2543 5148 2748 5220 scripta
2779 5148 2946 5202 tertia
2972 5149 3323 5220 superiorum
3347 5149 3777 5218 conjunxerunt,

2184 5242 2237 5290 et
2268 5237 2497 5291 tertium
2534 5238 2831 5308 plagalem,
2864 5238 2921 5291 id
2961 5246 3043 5291 est
3087 5245 3302 5292 sextum
3336 5244 3551 5292 tonum.
3596 5255 3785 5304 posue-

2183 5332 2331 5378 runt.
2362 5326 2566 5380 Eodem
2596 5327 2758 5380 modo
2788 5326 2845 5381 in
2875 5327 3124 5380 tetrardo
3161 5333 3418 5398 quartam
3455 5328 3707 5382 finalium
3728 5328 3781 5382 id

2184 5424 2269 5467 est
2298 5415 2363 5467 G.
2398 5432 2521 5469 cum
2555 5416 2889 5471 altrinsecus
2919 5423 3131 5471 statuta
3164 5423 3362 5486 quarta
3393 5416 3780 5473 excellentium

2184 5504 2561 5565 contulerunt,
2598 5513 2863 5575 quartum
2913 5512 3228 5564 autentum.
3266 5505 3322 5558 id
3370 5512 3455 5559 est
3482 5506 3782 5577 septimum

2181 5596 2401 5663 tonum,
2428 5602 2881 5668 composuerunt.
2913 5594 3184 5660 Quartam
3207 5595 3464 5669 gravium
3490 5594 3551 5651 id
3578 5604 3685 5667 est,
3712 5597 3777 5654 D-
