3914 6354
59 364 197 424 1321

1543 375 1650 431 MU
1654 375 1832 431 SICA.

3182 391 3320 448 1322

60 506 189 584 cum
212 493 547 550 altrinsecus
570 501 764 552 notata
789 503 990 570 quarta
1017 499 1368 572 superiorum
1394 501 1649 556 videlicet
1663 504 1715 564 Α
1735 501 1795 556 in
1823 502 2008 557 medio
2023 507 2123 558 aut
2143 507 2343 559 tonum
2362 502 2532 560 habet
2555 507 3321 584 autsemitonium.Diapente

59 581 113 637 d.
138 583 475 652 junxerunt,
535 591 592 640 et
651 593 915 658 quartum
976 589 1349 660 subjugalem,
1396 596 1654 646 octavum

59 669 266 742 quippe
295 679 513 742 tonum,
536 675 876 730 constituere
895 679 1209 732 voluerunt.
1244 679 1351 734 Sed
1370 681 1501 750 quia
1521 697 1655 734 eun-

58 757 186 812 dem
215 762 451 816 modum
475 763 631 834 prius
650 764 706 818 in
737 770 898 835 proto
918 767 1256 820 autenticam
1276 767 1517 837 speciem
1538 768 1655 822 dia-

57 863 256 918 pason,
281 850 341 904 id
360 857 465 915 est,
489 858 686 907 tonum
707 853 951 924 primum
971 855 1238 920 fecerunt,
1255 860 1654 910 recusaverunt

57 937 220 992 illum
248 939 311 993 in
336 942 586 996 tetrardo
618 944 700 996 vel
726 943 930 998 habere
950 945 1036 999 vel
1055 946 1337 1016 appellare
1353 946 1649 1016 plagalem,

59 1041 172 1080 non
208 1029 568 1098 pervidentes
583 1033 732 1102 quod
747 1033 792 1087 D
808 1033 887 1099 .d,
914 1033 1179 1088 biformes
1196 1034 1308 1088 sint
1337 1035 1539 1088 litterae
1552 1052 1654 1105 po-

60 1120 244 1170 tentes
264 1119 604 1173 naturaliter
626 1127 743 1174 tam
771 1122 1050 1192 plagalem
1093 1139 1262 1194 quam
1309 1123 1654 1177 autenticam

61 1206 406 1262 constituere
452 1209 716 1280 speciem.
776 1211 934 1266 Unde
989 1211 1084 1265 ille
1138 1211 1394 1265 biformis
1455 1212 1654 1266 modus

59 1302 296 1367 propter
324 1297 688 1370 antiquorum
718 1298 786 1366 (6)
815 1317 929 1354 non
971 1300 1267 1371 acquisivit
1302 1318 1416 1356 sua;
1456 1301 1653 1371 subju-

57 1385 170 1454 gali
196 1392 418 1442 naturae
437 1386 689 1443 debitum
710 1406 934 1453 nomen,
957 1396 1022 1444 ut
1040 1391 1323 1444 diceretur
1333 1390 1657 1461 hypomixo—

58 1473 250 1542 lidius,
276 1475 334 1531 id
372 1481 476 1544 est,
508 1477 777 1533 mixolidii
806 1479 1032 1550 septimi
1063 1479 1320 1534 videlicet
1355 1478 1476 1533 toni
1521 1478 1654 1533 sub-

52 1565 260 1634 jectns.

62 1672 340 1738 Quomodo
353 1678 611 1743 juniores
635 1679 878 1745 ejusdem
903 1678 1055 1731 modi
1071 1679 1354 1744 geminam
1379 1677 1656 1730 intellexe-

467 1750 588 1802 rint
617 1751 730 1801 vim
757 1754 919 1817 atque
947 1752 1242 1804 naturam.

1735 608 1866 646 vero
1897 593 1980 646 vel
2010 592 2286 660 ditonum,
2317 595 2402 649 vel
2432 596 2829 653 semiditonum
2857 597 3200 669 sivetonum,
3219 619 3320 657 seu

1735 697 1794 734 se
1801 681 2092 736 mitonium
2103 722 2114 734 .

1805 772 1877 824 De
1915 774 2292 825 convenientia
2312 777 2510 839 motus,
2536 776 2636 840 qui
2663 776 2874 828 dicitur
2900 779 3251 833 commixtus.

1806 859 2152 914 Commixtus
2180 865 2366 914 motus
2393 861 2763 916 venerabilior
2801 869 2888 918 est
2915 865 3196 920 omnibus.
3224 865 3330 921 Ille

1735 953 1926 1002 autem
1950 947 2167 1003 duabus
2181 949 2442 1020 diapente
2461 950 2878 1007 diatessaronve
2897 959 3082 1024 potest
3097 955 3331 1010 convin-

1735 1037 1912 1091 culari
1933 1054 2126 1091 susum
2159 1041 2217 1091 et
2237 1039 2452 1108 jusum,
2485 1045 2541 1092 et
2578 1039 2769 1094 ditono
2799 1046 2856 1095 et
2883 1041 3193 1111 semitono;
3228 1044 3328 1098 sed

1735 1125 1815 1178 ita
1835 1131 1898 1179 ut
1928 1126 2236 1180 semitonus
2270 1125 2545 1180 iambicus
2565 1128 2824 1195 ascenda,
2849 1145 2964 1183 non
3002 1130 3327 1199 descendat,

1737 1214 1847 1268 nisi
1877 1215 1924 1268 si
1954 1215 2065 1269 duo
2097 1215 2835 1272 semitoniconvinculentur
2857 1237 2868 1271 :
2891 1219 3331 1289 quiatuncuter—

1739 1319 1847 1374 que
1858 1303 2168 1357 semitonus
2180 1309 2237 1356 et
2253 1303 2579 1358 trochaeicus
2594 1309 2651 1358 et
2663 1305 2932 1362 iambicus
2941 1307 3330 1372 intendentur,

1736 1392 2211 1464 remittenturque
2251 1393 2690 1448 convenientius.

1735 1502 1806 1555 De
1834 1502 2281 1554 distinctionibus
2308 1507 2598 1584 cantuum,
2643 1506 2692 1554 et
2712 1516 2817 1554 cur
2839 1503 3032 1568 ﬁnales
3064 1505 3332 1560 dicantur

2321 1587 2387 1625 ac
2405 1587 2732 1639 superiores.

1811 1660 2076 1724 Quamvis
2109 1659 2402 1731 principia,
2435 1661 2748 1730 praesertim
2771 1665 2961 1716 tamen
2985 1663 3126 1716 ﬁnes
3137 1663 3335 1719 distin-

1739 1748 1988 1803 ctionum
2052 1755 2186 1804 sunt
2234 1749 2644 1812 considerandi,
2681 1750 2776 1821 qui
2813 1751 3093 1823 praecipue
3130 1751 3340 1808 debent

131 1834 410 1890 Solertius
437 1841 627 1892 autem
656 1837 929 1908 praelibati
953 1837 1105 1891 modi
1125 1841 1386 1891 naturam
1398 1839 1454 1889 et
1476 1835 1658 1888 eflica-
1677 1843 1724 1904 Β
1741 1839 1936 1892 ﬁnales
1948 1844 2295 1910 repetere,ut
2306 1840 2547 1893 domnus
2569 1839 2752 1893 Guido
2766 1839 3109 1911 dogmatizat
3123 1841 3334 1897 dicens:

58 1924 206 1978 ciam
226 1924 486 1995 juniores
514 1925 799 1980 intuentes
825 1926 1073 1997 plagales
1115 1925 1220 1980 sibi
1261 1925 1530 1980 formulas
1575 1924 1660 1978 vel

61 2013 411 2068 differentias
439 2014 840 2070 attribuerunt.
872 2016 992 2070 Octo
1017 2019 1149 2069 sunt
1175 2013 1662 2070 beatitudines.Se-

62 2106 323 2158 culorum
348 2121 530 2158 amen.
565 2105 633 2158 In
688 2107 790 2158 illa
829 2106 915 2158 die
947 2109 1005 2157 et
1048 2109 1294 2159 caeteras.
1334 2103 1660 2159 Seculorum

63 2209 244 2247 amen.
279 2195 426 2248 Dum
452 2195 700 2248 medium
719 2197 1022 2248 silentium.

133 2302 288 2369 Quod
305 2307 528 2357 sanctus
555 2303 848 2370 Gregorius
875 2302 1113 2369 ejusdem
1145 2300 1294 2354 modi
1312 2299 1586 2367 duplicem

487 2375 822 2443 perspexerit
842 2375 1229 2440 operationem.

129 2461 301 2516 Patet
338 2461 662 2526 admodum,
694 2460 922 2515 beatum
949 2459 1284 2530 Gregorium
1313 2458 1487 2512 totius
1516 2472 1658 2528 pene

62 2550 426 2606 ecclesiastici
448 2555 646 2604 cantus
674 2555 960 2604 auctorem
1003 2547 1282 2619 duplicem
1306 2548 1428 2618 ejus
1458 2561 1660 2616 cogno-
1682 2557 1696 2573 ‘

62 2641 208 2694 visse
231 2639 641 2711 operationem,
656 2639 788 2710 quia
808 2639 865 2692 in
885 2642 1114 2693 autento
1140 2653 1252 2690 non
1263 2635 1450 2706 potius
1468 2639 1662 2688 auten-

63 2731 220 2797 ticas,
259 2746 428 2800 quam
461 2729 709 2800 plagales
734 2728 919 2798 diligit
946 2728 1097 2781 odas.
1119 2727 1260 2781 Cum
1278 2731 1465 2779 autem
1488 2739 1658 2778 aureo

62 2820 242 2890 ipsius
273 2825 330 2873 et
355 2819 535 2873 sancti
565 2817 856 2872 Ambrosii
875 2817 1111 2888 plagalis
1127 2832 1248 2870 esse
1264 2813 1660 2884 comprobetur

62 2907 408 2973 testimonio,
429 2908 562 2980 quid
593 2907 754 2962 nobis
769 2911 856 2960 est
875 2905 1267 2970 dubitandum,
1293 2903 1448 2974 quin,
1474 2907 1536 2956 ut
1552 2907 1654 2968 est,

65 2998 320 3052 dicamus
346 2997 508 3052 illum
538 3013 650 3051 non
678 2997 858 3050 solum
897 2995 1120 3049 dorium
1149 2993 1246 3049 sed
1283 2990 1659 3064 hypomixoli-

67 3087 224 3142 dium
259 3093 282 3140 Ρ

172 3177 326 3245 Quod
353 3177 497 3230 idem
528 3175 719 3229 modus
747 3173 937 3228 habeat
967 3173 1263 3226 materiam
1287 3171 1548 3238 plagalis.

137 3267 282 3321 Cum
307 3265 460 3320 idem
489 3264 689 3318 modus
718 3263 924 3316 habeat
951 3260 1189 3332 plagalis
1207 3257 1664 3328 materiam,pla-

65 3357 251 3428 galem
265 3373 332 3410 ex
355 3357 456 3410 hac
467 3369 868 3425 componamus
888 3353 1146 3417 formam,
1171 3354 1270 3403 aut
1284 3349 1331 3402 si
1358 3347 1661 3419 possimus,

68 3446 405 3501 naturaliter
433 3460 701 3514 negemus
730 3443 795 3496 D.
829 3458 940 3496 non
970 3457 1090 3495 esse
1109 3444 1366 3510 quartam
1382 3436 1660 3508 gravium,

69 3537 123 3590 d.
146 3552 262 3590 non
289 3551 416 3590 esse
444 3537 705 3604 quartam
734 3531 1108 3602 superiorum,
1133 3533 1232 3583 aut
1257 3544 1377 3581 esse
1399 3526 1664 3580 conceda-

68 3641 216 3680 mus.
275 3624 337 3679 Si
383 3622 736 3693 negabimus,
792 3619 862 3674 ab
908 3617 1228 3674 adversario
1289 3615 1664 3684 subsequente

68 3711 520 3781 constringemur
545 3707 1048 3779 argumentatione.
1067 3705 1264 3760 Omnis
1291 3703 1518 3767 chorda,
1543 3718 1664 3771 quae

69 3801 310 3856 duorum
327 3798 716 3871 synemmesis,
732 3797 789 3850 id
811 3801 896 3850 est
910 3793 1244 3866 conjunctio,
1265 3797 1350 3846 est
1359 3791 1664 3846 tetrachor—

68 3892 292 3957 dorum,
306 3888 539 3943 alterius
559 3892 644 3941 est
663 3886 814 3951 ﬁnis,
831 3884 1176 3954 alteriusque
1197 3887 1282 3936 est
1301 3879 1662 3952 principium;

71 3981 168 4035 sed
200 3980 268 4034 D.
292 3975 662 4050 synemmesis
687 3981 775 4029 est
791 3973 1135 4029 tetrachordi
1154 3971 1411 4042 gravium
1429 3974 1486 4024 et
1522 3971 1664 4022 fina-

71 4070 234 4124 lium.
271 4068 333 4123 Si
374 4067 503 4121 ﬁnis
538 4071 626 4122 est
652 4063 1018 4127 tetrachordi,
1051 4066 1254 4133 quarta
1302 4064 1388 4114 est
1417 4058 1626 4112 chorda
1649 4099 1662 4125 ,

1742 1928 1884 1982 Item
1922 1933 1987 1982 ut
2015 1928 2086 1981 ad
2107 1928 2471 1999 principalem
2500 1944 2710 1991 vocem,
2738 1927 2796 1981 id
2826 1934 2912 1982 est
2935 1929 3162 1984 ﬁnalem
3193 1946 3339 2002 pene

1741 2033 1935 2070 omnes
1955 2017 2342 2072 distinctiones
2371 2022 2618 2082 currant,
2653 2018 2757 2071 hoc
2770 2021 2963 2072 tamen
2981 2019 3165 2073 rarius
3185 2019 3338 2073 inve-

1741 2106 1913 2176 nitur,
1966 2124 2135 2178 quam
2187 2107 2456 2162 crebrius.
2517 2107 2808 2162 Invenitur
2855 2108 2915 2162 in
2963 2109 3070 2163 hac
3113 2109 3330 2181 antiph.

1739 2195 2016 2249 Nativitas
2048 2201 2147 2249 tua
2175 2197 2273 2250 Dei
2294 2197 2542 2264 genitria:
2567 2199 2740 2263 virgo.
2773 2196 3057 2251 Gaudium
3101 2213 3337 2253 annun-

1743 2285 1900 2336 tiavit
1920 2286 2176 2338 universo
2201 2285 2428 2338 mundo.
2457 2284 2543 2338 Ea:
2572 2289 2618 2336 te
2656 2286 2809 2338 enim
2837 2289 2992 2338 ortus
3021 2290 3097 2339 est
3125 2288 3339 2356 soljus-

1743 2374 1875 2426 titiae
1905 2374 2156 2427 Christus
2184 2373 2324 2426 Deus
2355 2376 2555 2426 noster.
2583 2373 2666 2441 ἱΕἰ
2722 2374 3062 2440 confundens
3105 2379 3341 2429 mortem

1742 2462 1967 2515 donavit
1996 2462 2151 2514 nobis
2179 2464 2352 2514 vitam
2381 2463 2805 2529 sempiternam.

1811 2549 2033 2603 Finales
2055 2566 2212 2604 voces
2233 2549 2440 2620 triplici
2460 2566 2528 2604 ex
2543 2566 2715 2604 causa
2725 2550 3039 2621 nuncupari
3057 2549 3339 2620 videntur,

1741 2641 1800 2689 et
1825 2637 1974 2706 quod
1997 2638 2201 2692 finiunt
2228 2638 2544 2708 legitimum
2571 2644 2934 2693 autentorum
2962 2646 3346 2703 ascensum,et

1742 2725 1889 2794 quod
1922 2741 2146 2780 omnem
2177 2727 2559 2781 determinant
2579 2733 2825 2790 cantum,
2860 2734 2917 2782 et
2945 2717 3094 2799 quod
3117 2729 3176 2783 in
3215 2746 3341 2784 eos-

1741 2813 1867 2866 dem
1889 2829 2296 2885 nonnunquam
2324 2815 2463 2868 ﬁnes
2516 2815 2931 2869 distinctionem
2983 2817 3339 2886 perveniunt.

1741 2901 1872 2955 Ideo
1889 2902 2125 2956 dicimus
2143 2919 2567 2974 nonnunquam,
2595 2905 2727 2975 quia
2740 2920 2852 2958 non
2873 2921 3099 2976 semper
3111 2906 3171 2960 in
3189 2906 3337 2975 illas,

1741 2992 1839 3045 sed
1868 2991 1927 3045 in
1947 2991 2263 3062 superiores
2292 2997 2349 3046 et
2385 2992 2662 3064 principia
2691 2992 3112 3047 distinctionum
3131 2995 3343 3065 pertin-

1739 3086 1882 3150 gunt
1913 3086 1970 3135 et
1992 3082 2153 3148 ﬁnes,
2180 3086 2238 3136 et
2261 3081 2321 3135 in
2344 3081 2586 3152 primam
2615 3081 2718 3135 sub
2741 3081 3000 3136 ﬁnalibus
3018 3082 3076 3136 in
3099 3084 3344 3139 autenti-

1681 3160 1824 3224 Ccis
1845 3169 2124 3237 cantibus,
2157 3170 2216 3224 in
2261 3170 2441 3241 plagis
2496 3170 2666 3224 etiam
2709 3170 2965 3227 inferius.
3007 3171 3338 3243 Superiores

1746 3263 1937 3313 autem
1965 3259 2249 3325 dicuntur,
2282 3259 2367 3313 vel
2399 3259 2530 3330 quia
2553 3259 2872 3330 superiores
2908 3260 3143 3332 plagalis
3171 3262 3345 3317 canti-

1746 3349 1886 3402 lena;
1917 3353 2051 3403 sunt
2061 3349 2353 3416 claves,vel
2375 3349 2524 3420 quod
2551 3349 2810 3420 superius
2831 3355 2966 3405 sunt
2983 3351 3344 3408 mediatrices

1746 3443 2110 3492 autentorum
2151 3438 2501 3493 diatessaron
2531 3444 2588 3492 et
2619 3439 2882 3510 diapente
2908 3441 3343 3512 convincientes,

1745 3544 1810 3581 ex
1835 3527 2036 3598 hisque
2073 3527 2418 3582 autenticam
2479 3527 2752 3598 diapason
2796 3536 3196 3601 componentes
3223 3550 3234 3586 :
3259 3531 3348 3587 vel

1747 3617 1896 3687 quod
1924 3617 2240 3688 superiores
2270 3621 2403 3671 sunt
2432 3633 2466 3670 a
2520 3617 2800 3681 ﬁnalibus,
2826 3635 2997 3689 quam
3061 3620 3258 3675 ﬂnales
3312 3637 3350 3675 a

1745 3705 2027 3774 gravibus,
2055 3712 2155 3760 aut
2179 3707 2508 3760 excellentes
2538 3723 2572 3759 a
2601 3706 3005 3777 superioribus.

1744 3812 1818 3866 De
1839 3815 1994 3880 proti
2011 3815 2230 3866 autenti
2277 3813 2546 3880 speciebus
2597 3813 2848 3880 diapente
2895 3817 2945 3868 et
2997 3814 3346 3873 diatessaron

1963 3885 2199 3937 utilibus
2222 3885 2515 3937 melodiam
2539 3886 3110 3945 comminiscentibus.

1817 3971 2132 4026 Praemissis
2167 3971 2538 4026 modulationi
2577 3972 2916 4028 utilitatibus
2961 3963 3115 4030 cum".
3136 3976 3345 4033 domno

1749 4061 2004 4114 Guidone
2033 4059 2194 4114 nobis
2219 4060 2629 4129 communibus,
2663 4063 2796 4133 quia
2843 4079 2946 4118 sua
2999 4080 3114 4119 non
3159 4067 3346 4121 solum

69 4159 165 4213 sed
194 4157 324 4212 ﬁnis
353 4161 457 4224 est,
501 4173 633 4227 ergo
663 4159 893 4226 quarta:
920 4153 1052 4224 quia
1109 4150 1291 4206 omnis
1319 4147 1663 4203 tetrachordi
1747 4148 1915 4203 verba
1952 4149 2332 4220 exposuimus,
2359 4150 2457 4204 sed
2479 4151 2650 4204 etiam
2665 4153 3072 4208 commodiores
3085 4159 3345 4210 motuum

69 4247 253 4302 ﬁnalis
282 4250 485 4318 quarta
514 4250 617 4300 est.
651 4245 1062 4315 Argumentum
1093 4257 1126 4294 a
1174 4254 1398 4309 genere.
1425 4236 1672 4291 Maxima
1751 4238 1981 4308 species,
2006 4254 2146 4308 quas
2174 4237 2291 4308 ipse
2319 4238 2544 4308 penitus
2574 4240 2817 4306 reticuit,
2849 4243 3346 4314 proposuimus,ad

68 4335 398 4408 propositio,
435 4335 582 4406 quod
609 4333 667 4387 in
697 4332 956 4388 omnibus
992 4331 1157 4396 valet,
1189 4328 1336 4382 valet
1365 4332 1422 4381 et
1448 4327 1507 4380 in
1533 4342 1664 4394 uno,
1750 4326 2058 4397 singularia
2086 4326 2233 4380 dona
2262 4326 2542 4396 jubilandi
2573 4328 2733 4384 nobis
2771 4329 3040 4385 divinitus
3081 4347 3347 4388 concessa

71 4426 138 4480 ab
166 4430 504 4498 argumento
532 4421 868 4496 praecedenti
897 4422 983 4475 vel
1020 4418 1344 4482 iambicum,
1375 4416 1662 4487 oppositus
1682 4482 1728 4498 ἢ
1748 4416 2056 4470 veniamus.

69 4482 305 4570 scandat
332 4531 434 4586 per
452 4482 726 4578 ditbnum,
748 4512 843 4582 qui
864 4511 975 4565 duo
995 4509 1147 4563 modi
1164 4482 1429 4578 diapente
1443 4482 1662 4574 compo-
1682 4482 1730 4540 D
1821 4505 2013 4560 Solum
2042 4509 2268 4575 protum
2289 4508 2582 4558 autentum
2605 4521 2895 4561 sumamus
2909 4507 3069 4563 nobis
3084 4509 3144 4563 in
3164 4525 3349 4565 exem-

70 4610 230 4660 nunt.
263 4605 462 4660 Posset
489 4602 796 4656 secundum
822 4598 1096 4671 judicium
1117 4595 1344 4652 auditus
1387 4594 1539 4666 prior
1567 4609 1665 4664 per
1746 4595 1921 4665 plum,
1951 4598 2018 4648 ut
2047 4594 2371 4648 modulandi
2399 4595 2857 4650 commoditatem
2885 4597 2946 4650 in
2979 4599 3105 4652 aliis
3156 4599 3340 4654 modis

71 4695 330 4750 ditonum
378 4692 668 4765 appositus
717 4707 820 4762 per
875 4688 1224 4744 diatessaron
1271 4700 1530 4755 surgere:
1564 4683 1662 4736 sed
1745 4681 1991 4754 reperire
2020 4699 2132 4736 non
2165 4682 2544 4753 desperemus,
2579 4700 2748 4753 quam
2781 4685 2840 4738 in
2878 4685 3048 4757 hujus
3090 4688 3345 4759 experia-

70 4784 424 4856 principium,
462 4781 830 4854 praecedentis
872 4780 1111 4850 ﬁnisque
1160 4775 1446 4848 sequentis
1507 4773 1666 4828 nulla
1745 4788 1875 4825 mur
1901 4771 2212 4842 speciebus.

69 4873 434 4946 conjungitur
469 4871 851 4944 proportione.
884 4870 1082 4924 Posset
1122 4884 1153 4922 e
1192 4863 1474 4920 contrario
1513 4862 1666 4934 prior

67 4981 166 5035 per
196 4963 458 5018 ditonum
489 4961 779 5034 appositus
808 4958 1077 5013 scandere
1118 4973 1218 5028 per
1263 4953 1664 5010 semiditonum

71 5051 587 5126 proportionaliter,
619 5051 824 5122 quippe
844 5064 972 5102 cum
998 5047 1055 5101 in
1076 5045 1340 5117 diapente
1368 5041 1533 5098 ambo
1545 5056 1674 5096 con-

73 5144 394 5210 cludantur,
426 5141 526 5196 sed
551 5141 785 5211 integrae
815 5154 930 5192 non
958 5140 1046 5191 est
1072 5133 1382 5207 euphoniae.

655 5231 726 5284 De
757 5229 1106 5296 Interposito.

141 5320 518 5393 Interpositus
546 5317 860 5374 necessario
884 5317 983 5371 ﬁet
1011 5315 1267 5369 intensus
1297 5317 1354 5367 et
1381 5311 1670 5378 remissus,

1815 4861 2018 4915 Protus
2037 4865 2318 4924 autentus,
2353 4859 2411 4913 id
2434 4870 2536 4928 est,
2579 4860 2795 4930 primus
2839 4865 3006 4916 tonus
3052 4863 3100 4916 V
3132 4864 3345 4935 species

1753 4949 2102 5005 diatessaron
2120 4949 2357 5004 includit
2377 4965 2549 5004 unam
2570 4949 2812 5020 primam
2833 4951 3146 5019 formalem,
3171 4969 3346 5010 unam

1753 5040 2056 5096 secundam
2103 5039 2418 5106 formalem,
2477 5055 2649 5093 unam
2713 5039 2942 5094 tertiam
3005 5043 3344 5116 naturalem,

1753 5145 1926 5184 unam
1953 5128 2177 5184 tertiam
2197 5128 2515 5195 formalem,
2537 5144 2708 5182 unam
2735 5129 2976 5199 primam
3006 5133 3346 5190 naturalem.

1757 5219 2005 5283 Quarum
2036 5219 2082 5272 V
2106 5234 2456 5290 unaquaeque
2475 5223 2590 5272 tres
2606 5217 2775 5272 habet
2798 5217 3348 5287 mutationes,salta-

1754 5309 1950 5363 tricem
1982 5309 2308 5363 continuam
2343 5308 2431 5362 vel
2457 5307 2714 5378 spissam,
2740 5307 3348 5366 ternariam.Saltatrix

74 5412 130 5466 in
157 5412 512 5467 diatessaron
537 5414 671 5464 tono
709 5406 1094 5471 semitoniove;
1119 5403 1178 5459 in
1202 5402 1465 5474 diapente
1485 5407 1677 5456 autem
1757 5399 1898 5454 duas
1938 5398 2168 5454 ultimas
2223 5397 2407 5468 tangit
2455 5396 2709 5464 chordas,
2779 5396 3046 5452 continua
3095 5405 3347 5468 cunctas,

78 5499 621 5569 ditono,semitonio,
645 5504 798 5566 tono,
823 5490 1300 5565 semitoniozquia
1320 5490 1677 5547 diatessaron
1758 5487 2010 5543 ternaria
2049 5492 2184 5543 tres.
2229 5485 2494 5543 Saltatrix
2550 5490 2608 5540 et
2647 5485 2830 5557 spissa
2898 5485 3146 5558 duplices
3216 5494 3352 5544 sunt

157 5661 234 5736 (6)
259 5662 415 5719 Forte
439 5662 832 5718 auctoritatem
862 5657 1246 5728 supplendum.

319 5763 554 5826 PAIOL.
597 5761 715 5824 CL.
3045 5751 3125 5815 42
