3914 6356
113 399 242 467 13-25

1581 420 1881 482 MUBICA.

3223 435 3365 509 1326

103 543 351 589 tessaron
385 539 472 590 vel
496 539 777 610 diapente,
810 552 908 598 aut
936 547 1184 601 ditenum
1228 543 1991 612 semidit‘onumveAdeuteri.
2026 556 2084 607 Β.
2119 555 2166 607 si
2211 556 2268 607 in
2321 555 2674 624 depositione
2716 556 2935 609 deutori
2969 574 3078 627 non
3109 564 3256 612 esset
3292 561 3358 612 Α.

102 639 362 692 spissum,
390 629 451 679 ut
474 630 840 698 sesqui’altera
863 636 960 687 fiat
981 639 1285 706 responsio,
1324 649 1385 692 ut
1413 641 1529 693 sine
1559 642 1692 693 sub-

101 712 181 764 tili
204 714 519 768 collationis
540 719 980 775 consideratione
998 726 1138 777 nihil
1170 735 1377 781 temere
1403 730 1503 781 fiat
1527 729 1658 798 igno

103 807 403 871 rante'rqu'e
431 819 602 874 penes
630 819 750 872 nos,
786 811 881 879 qui
939 811 1299 868 histrionibus
1357 817 1514 870 dulce
1548 817 1694 887 jubi-

101 891 344 944 lantibus
379 911 568 947 veram
600 897 876 965 jubilandi
913 909 1174 957 naturam
1201 907 1693 976 comparationem-

102 997 204 1049 que
233 982 462 1050 penitils
494 985 881 1053 ignorantibus
911 991 1211 1046 admodum
1245 995 1544 1049 dissimiles
1574 1011 1693 1050 esse

101 1067 604 1125 debemus.0mnes
624 1076 932 1130 saltatrices
957 1079 1013 1131 in
1037 1081 1294 1134 omnibus
1315 1085 1692 1137 consonantiis

101 1173 252 1225 aequa
275 1161 643 1228 proportione
671 1165 1055 1232 conferuntur,
1094 1176 1297 1223 etcum
1325 1172 1412 1224 his
1441 1173 1590 1226 tonis
1627 1190 1693 1226 ac

100 1245 481 1299 semitonium.
511 1249 782 1318 Diapente
807 1254 982 1323 spissa
1011 1264 1204 1311 contra
1233 1277 1352 1312 sese
1375 1278 1533 1330 zequa
1569 1279 1693 1314 con-

99 1333 359 1387 feruntur
386 1337 682 1391 collatione
732 1349 829 1394 aut
859 1350 1054 1398 contra
1081 1348 1418 1401 saltatricem
1451 1350 1616 1402 simul
1635 1357 1693 1403 'et

98 1424 428 1488 ternarium,
447 1428 546 1478 aut
573 1433 767 1482 contra
791 1432 1131 1486 saltatricem
1153 1436 1321 1489 simul
1349 1443 1404 1489 et
1434 1438 1689 1492 dito'num

99 1511 209 1564 sive
243 1513 646 1568 semiditonum
678 1518 917 1587 Spissum
952 1539 962 1571 :
991 1528 1093 1596 aut
1132 1529 1326 1577 contra
1354 1531 1548 1579 tonum
1577 1527 1690 1580 sive

95 1601 460 1654 semitonium
491 1619 617 1656 cum
646 1605 855 1667 ditono,
889 1609 1002 1662 sive
1049 1613 1413 1666 semiditono:
1449 1621 1547 1668 aut
1565 1631 1690 1668 con-

95 1693 179 1740 tra
206 1691 630 1759 quaternariam
658 1700 714 1747 et
737 1695 1047 1766 simplicem
1063 1717 1323 1755 neumam
1344 1722 1353 1754 :
1375 1709 1474 1756 aut
1493 1712 1688 1758 contra

97 1793 264 1830 unam
298 1779 609 1850 simplicem
643 1789 701 1836 et
725 1791 965 1854 quatuor
994 1805 1349 1859 repercussus
1381 1811 1392 1844 :
1428 1801 1526 1847 aut
1553 1803 1688 1847 cen-

96 1873 182 1919 tra
213 1873 416 1920 tonum
447 1870 560 1923 sive
615 1873 993 1939 semitonium,
1030 1883 1086 1931 et
1138 1886 1253 1932 tres
1308 1891 1682 1950 repercussus.
1709 1885 1756 1959 Β

97 1955 228 2018 Quae
282 1961 660 2015 consonantia
707 1977 865 2032 aequa
921 1968 1253 2035 copulentur
1309 1972 1685 2041 proportione,

95 2051 336 2111 pronum
369 2052 455 2098 est
479 2051 839 2117 perpendere.
875 2053 1110 2108 Proinde
1156 2057 1223 2108 ad
1251 2059 1493 2113 aliarum
1527 2061 1692 2112 colla-

94 2131 306 2184 tionem
338 2135 655 2190 redeam-us.
687 2139 1059 2200 Quatern‘aria
1081 2145 1156 2196 ad
1189 2147 1515 2212 ternarium,
1549 2149 1691 2201 dito-

97 2227 250 2281 num,
287 2222 706 2280 semi‘dito'num.
735 2229 1095 2297 sesquitertia
1125 2239 1238 2299 est;
1267 2235 1339 2286 ad
1369 2241 1564 2288 tonum
1591 2249 1691 2290 au-

94 2312 206 2359 tem
225 2310 659 2366 semitoniumve
687 2315 876 2385 dupla.
910 2319 1180 2374 Ternaria
1214 2323 1436 2377 ditonus
1461 2326 1688 2378 semidi-

93 2400 278 2460 tonus,
309 2400 740 2468 sesquialterum
787 2405 1004 2460 faciunt
1031 2412 1448 2479 pmportionem
1499 2414 1568 2467 ad
1599 2421 1688 2467 to-

96 2500 228 2536 num
254 2487 703 2543 semito'niumVe.

453 2580 524 2630 De
547 2593 599 2630 m.
610 2595 640 2631 tl
650 2581 966 2651 ttipticitate
985 2589 1303 2651 specierum.

167 2664 430 2733 Duplic‘es
480 2674 613 2721 sunt
655 2670 911 2723 saltatrix
951 2679 1004 2725 et
1043 2674 1242 2743 spissa,
1283 2684 1476 2749 utpote
1517 2691 1685 2736 unam

95 2752 470 2806 intensionem
493 2756 758 2811 habentes
791 2765 845 2812 et
874 2761 1280 2818 remissionem.
1315 2769 1688 2830 Quaternaria

96 2840 154 2892 in
183 2843 534 2897 diatessaron
567 2861 674 2899 non
701 2855 803 2914 est,
835 2851 966 2919 quia
995 2863 1105 2905 nun
1135 2854 1424 2911 habetnisi
1448 2867 1689 2928 quatuor

95 2931 354 2988 chordas.
381 2950 503 3002 quae
533 2937 767 3004 spissam
797 2941 1025 2993 faciunt.
1057 2943 1325 2998 Ternaria
1345 2947 1402 2999 in
1423 2949 1689 3004 diatessa-

96 3037 196 3072 ron
220 3023 447 3091 octupla
499 3029 600 3088 est,
638 3027 952 3098 quadrupla
983 3030 1343 3099 intendendo,
1377 3039 1689 3108 quadrupla

95 3110 456 3164 remittendo.
489 3113 859 3174 Quaternaria
887 3118 943 3170 in
984 3120 1243 3189 diapente
1276 3124 1512 3194 decupla
1551 3136 1635 3181 est
1669 3147 1678 3180 :

96 3199 228 3266 quia
261 3200 510 3269 quinque
537 3202 867 3266 intenditur,
891 3208 1137 3278 quinque
1158 3212 1338 3265 modis
1360 3215 1680 3269 remittitur.

92 3287 216 3338 Jam
248 3289 637 3356 persolvimus,
662 3309 782 3361 quae
804 3295 1208 3350 cantilenarum
1232 3303 1552 3357 auctoribus
1578 3323 1688 3360 non

94 3375 232 3427 nihil
249 3377 472 3445 profore
501 3381 858 3434 credidimus.
907 3386 1014 3437 Vid.
1035 3389 1131 3453 [ἵει.
1164 3389 1224 3440 Β.

337 3520 409 3572 De
444 3522 649 3589 Caprea
686 3529 933 3591 repetitio
964 3534 1471 3587 commendationis.

160 3644 456 3712 Capream,
475 3646 721 3715 domine,
754 3664 920 3719 quam
944 3653 1095 3705 vobis
1141 3655 1332 3714 obtuli.
1371 3659 1426 3711 in
1444 3666 1684 3715 vestram

90 3734 424 3785 commendo
441 3735 700 3802 gratiam,
724 3744 787 3790 ut
818 3739 938 3808 ipsa.
969 3748 1169 3794 natura
1193 3750 1386 3798 vestra)
1406 3751 1687 3816 experien-

1773 648 1969 694 contra
1997 643 2216 712 Aquod
2251 649 2336 696 est
2376 643 2432 695 in
2474 643 2837 712 dispositione
2868 645 3033 712 proti,
3078 647 3236 699 ﬁeret
3263 652 3364 706 aut

1776 743 2036 798 perversa
2075 731 2415 800 conjunctio,
2440 739 2538 784 aut
2569 749 2827 800 perversa
2855 733 3174 802 disiunctio.
3211 734 3268 787 Si
3297 735 3358 788 B.

1775 825 2092 888 Opponetur
2142 823 2205 872 Α.
2241 825 2388 872 esset
2417 836 2678 889 perversa
2719 822 3056 891 conjunctio,
3091 823 3367 898 .quamin

1777 907 2184 977 quadripartita
2205 908 2571 977 reprehendo,
2600 909 2863 977 gravibus
2891 910 3132 980 duorum
3168 912 3362 965 modo-

1775 1012 1899 1047 rum
1927 996 1986 1049 in
2015 1005 2127 1050 uno
2153 996 2779 1053 convenientibus-loco.
2830 998 2889 1052 Si
2917 1004 3116 1069 autem,
3131 1016 3367 1073 gamma

1774 1084 1987 1137 deuteri
2013 1091 2323 1154 poneretur
2375 1091 2570 1138 contra
2602 1086 2767 1155 .proti
2814 1087 2882 1140 Α.
2913 1103 3179 1157 perversa
3203 1088 3366 1142 ﬁeret

1775 1173 2090 1241 disiunctio,
2123 1175 2191 1228 A.
2222 1174 2635 1243 gravemproti,
2668 1181 2726 1227 et
2772 1174 2834 1227 B.
2867 1192 3096 1244 gravem
3121 1176 3358 1250 deuteri,

1774 1260 1986 1313 ditonio
2012 1260 2329 1324 dirimente,
2353 1261 2577 1331 penitus
2597 1261 2649 1316 id
2672 1263 3266 1339 naturamonoebordi
3279 1280 3364 1318 re-

1776 1355 1999 1402 nuente.
2024 1349 2174 1412 Quid
2192 1349 2426 1402 ulterius
2457 1349 2808 1418 procedimus
2828 1350 2852 1401 7
2870 1350 3082 1420 linquo
3103 1357 3360 1431 nostram

1775 1443 2032 1507 capream
2079 1438 2491 1507 quadripartita
2548 1440 2827 1508 praecellat
2871 1439 3068 1509 ignoro
3101 1481 3114 1506 ,
3139 1441 3265 1517 nisi
3302 1442 3363 1519 in

1773 1541 2048 1578 mensura:
2105 1526 2452 1590 difficultate,
2496 1542 2617 1595 quae
2653 1527 2708 1590 si
2765 1527 2964 1596 merito
3024 1528 3360 1584 laudabilior

1775 1621 1859 1667 est
1886 1614 2172 1673 facilitate,
2193 1615 2307 1668 scio
2334 1615 2594 1685 pluribus.
2612 1615 2668 1668 id
2718 1616 3150 1689 admirationem
3182 1634 3362 1696 genie-

1773 1705 1974 1757 rare.N
1979 1717 2225 1772 unquam
2257 1702 2406 1762 aliud
2435 1704 2818 1773 natura,aliud
2840 1721 2967 1758 mea
2990 1722 3194 1782 caprea
3205 1706 3359 1772 dicit.

1953 1811 2110 1863 Utilis
2135 1813 2398 1877 'e.rpos'itio
2428 1825 2592 1877 super
2627 1813 3178 1874 obseuimﬁm'donis

2339 1884 2634 1942 sententias
2667 1882 2719 1948 (7
2725 1897 2761 1947 ).

1842 1970 2044 2022 Elatia
2063 1985 2208 2024 voces
2223 1971 2290 2022 ab
2306 1973 2437 2023 aliis
2463 1973 2741 2037 moratam
2761 1973 2926 2041 duplo
2957 1975 3258 2044 longiorem
3278 1977 3362 2030 vel

1771 2059 1935 2125 duplo
1953 2060 2251 2113 breviorem
2267 2063 2365 2110 aut
2387 2061 2683 2112 tremulam
2703 2060 2954 2113 habeant.
2966 2062 3034 2116 Et
3053 2062 3228 2120 Paulo
3238 2068 3364 2132 post

1771 2162 2110 2213 summopere
2140 2151 2398 2199 caveatur
2419 2150 2545 2200 tat-is
2575 2163 2911 2201 neumarum
2938 2150 3278 2224 distributio,
3298 2157 3361 2214 ut

1772 2251 1897 2287 cum
1920 2240 2130 2287 neu‘mre
2147 2236 2389 2301 ejusdem
2409 2239 2535 2292 ,ςοηί
2552 2241 3100 2308 repercum'one,tum
3117 2239 3360 2295 duorum

1772 2326 1852 2375 cet
1879 2325 2134 2390 plurium
2167 2327 2498 2378 connexionc
2519 2328 2675 2392 ﬁant,
2710 2342 2926 2396 semper
2946 2330 3132 2399 tamen
3168 2334 3266 2381 aut
3298 2333 3362 2383 in

1774 2423 2006 2464 munero
2026 2427 2235 2472 vocum,
2261 2417 2359 2466 aut
2380 2415 2442 2466 in
2458 2416 2675 2472 ratione
2693 2418 2946 2467 tonorum
2966 2432 3178 2470 ncuma'
3197 2421 3364 2470 alte-r-

1769 2505 1962 2552 utrum
1990 2503 2363 2566 conferantur
2383 2507 2430 2553 et
2465 2503 2842 2569 respmtdeant.
2867 2503 2941 2570 Ut
2971 2503 3108 2577 mihi
3138 2505 3362 2583 videtur

1771 2587 2048 2656 triplicem
2082 2606 2182 2658 per
2221 2589 2335 2644 haec
2367 2589 2533 2642 verba
2581 2590 2836 2659 designat
2877 2593 3361 2671 cantilenaeqcolla-

1769 2675 2009 2727 tionem:
2045 2677 2177 2744 quia
2209 2677 2326 2728 vult
2351 2679 2870 2747 utprOportionalis
2916 2681 3031 2745 ﬁat,
3065 2687 3164 2735 aut
3184 2683 3361 2736 inter-

1770 2765 1980 2834 capedo
1997 2765 2236 2818 duarum
2267 2779 2480 2824 vocum,
2508 2767 2660 2835 quod
2678 2773 2838 2822 notat
2864 2755 3098 2822 dicendo
3115 2785 3125 2817 :
3142 2771 3208 2824 Et
3235 2773 3362 2850 alia;

1769 2870 1914 2905 voces
1943 2855 2012 2906 ab
2040 2856 2172 2908 aliis
2199 2858 2482 2906 moratam
2520 2856 2688 2922 duplo
2723 2859 3041 2921 longiorem,
3065 2861 3156 2933 rvet
3193 2861 3361 2928 duplo

1771 2943 2069 2995 breviorem
2097 2947 2196 2994 aut
2226 2945 2522 3003 tre-mulam
2550 2944 2784 2995 habeant
2810 2963 2826 2996 :
2859 2951 2958 2998 aut
2985 2951 3045 2999 ut
3061 2963 3364 3022 numerum

1771 3047 1962 3083 vocum
1994 3030 2487 3100 proportionaliter
2513 3031 2947 3108 consideremus,
2983 3036 3130 3103 quod
3156 3036 3243 3090 his
3271 3039 3362 3092 in-

1771 3119 1935 3171 timat
1950 3119 2160 3184 verbis;
2185 3125 2284 3172 aut
2301 3123 2360 3171 in
2384 3135 2615 3172 munero
2636 3137 2846 3186 cocum,
2879 3139 2978 3175 seu
3006 3129 3069 3176 ut
3088 3125 3188 3194 ﬁat
3214 3143 3362 3203 eom-

1771 3207 2005 3276 paratio,
2042 3213 2102 3260 ut.
2131 3206 2187 3260 in
2219 3207 2394 3277 ipsius
2424 3208 2568 3260 vocis
2596 3208 2794 3262 ultima
2823 3211 3198 3280 protensione.
3230 3215 3361 3270 Haec

1771 3295 1881 3347 tria
1911 3301 1976 3347 ut
2003 3295 2251 3364 apertius
2280 3294 2683 3364 intelligantur.
2718 3302 2851 3366 sunt
2879 3301 3357 3375 exempliﬁcanda.

1773 3385 1989 3438 Morula
2016 3384 2553 3454 dupliciterlongior
2581 3390 2667 3438 est
2717 3387 2802 3439 vel
2852 3381 3088 3452 brevior,
3123 3390 3364 3470 sisilen-

1771 3473 2085 3526 tium-inter
2109 3473 2249 3526 duas
2280 3490 2437 3527 voces
2483 3473 2719 3545 duplum
2768 3483 2870 3537 est,
2903 3478 2977 3551 ad
3007 3480 3167 3534 aliud
3196 3481 3364 3538 silen-

1771 3562 1911 3614 tium
1943 3563 2090 3616 inter
2116 3563 2256 3616 duas
2283 3564 2683 3618 voces.Eodem
2706 3567 2870 3620 modo
2901 3570 3366 3642 moruladuplici-

1775 3657 1861 3705 ter
1879 3658 1963 3703 est
1981 3651 2214 3713 brevior,
2233 3652 2274 3704 si
2302 3652 2653 3705 taciturnitas
2687 3654 2835 3708 inter
2867 3656 3196 3731 duasvoces
3223 3662 3362 3736 sim-

1773 3740 1863 3808 pla
1884 3747 1968 3791 est
1995 3740 2064 3790 ad
2124 3739 2290 3791 aliam
2327 3740 2770 3793 taciturnitatem
2819 3742 2967 3796 inter
3005 3745 3148 3803 duas
3173 3733 3356 3805 voces.

98 3820 187 3872 tim
217 3823 570 3876 commendet
592 3841 734 3878 eam.
795 3828 1114 3882 Evidentem
1148 3836 1436 3901 troporum
1469 3836 1690 3890 divisio-
1772 3828 1928 3889 Quod
1961 3827 2093 3879 dicit
2123 3844 2134 3880 :
2167 3833 2265 3880 aut
2291 3831 2583 3881 tren‘lulam
2607 3831 2858 3892 habeant,
2886 3839 3023 3902 puto
3045 3833 3358 3915 intelligen-

90 3925 220 3961 nem
241 3911 507 3975 ostendit,
524 3921 751 3983 propter
767 3917 1177 3986 quadripartita
1204 3938 1370 3989 penes
1388 3925 1687 3981 lnodernos
1769 3916 1902 3968 dum
1934 3916 2012 3967 δίε
2042 3932 2202 4005 esse-7
2227 3917 2492 3968 Tremu‘a
2520 3922 2604 3970 (δεῖ
2623 3934 2830 3971 "euma
2863 3938 3027 3990 quam
3051 3926 3358 4005 gradatum

91 3998 315 4050 laudem
349 4003 680 4068 promeruit.
716 4005 821 4057 Sed
855 4007 902 4058 si
933 4007 1054 4076 ipsa
1085 4025 1196 4061 non
1226 4013 1562 4066 naturaliter
1584 4017 1687 4069 hoc
1771 4004 1854 4056 "el
1884 4004 2147 4073 (Νηίδωῆ
2177 4004 2571 4075 ἀίθίῖηυδείίυθθ
2593 4007 2998 4078 ιοηείιυάίηθηι
3019 4012 3088 4066 de
3103 4016 3359 4086 quadiCit

89 4085 299 4139 faciens
329 4092 416 4139 est
439 4090 708 4158 gratiosa,
741 4109 961 4163 caprea,
999 4098 1332 4150 naturaliter
1371 4100 1518 4154 idem
1557 4119 1684 4156 con-

1772 4097 1932 4163 dnplo
1955 4099 2254 4162 longiorem
2285 4113 2410 4149 cum
2439 4097 2689 4167 subjecta
2721 4097 2827 4162 (7')
2863 4101 3076 4173 virgula
3104 4085 3355 4178 denotat,

91 4176 282 4228 ficiens
313 4191 426 4230 non
456 4178 531 4231 sit
551 4192 734 4234 exosa.
766 4183 822 4236 Si
860 4185 1272 4255 qnadripartita
1315 4189 1373 4240 in
1403 4207 1574 4244 unam
1614 4194 1681 4245 li-
1764 4184 1884 4236 Sine
1909 4201 2021 4254 qua
2050 4184 2398 4247 bI‘CVitatem.
2447 4203 2569 4255 quae
2625 4188 2922 4243 intimatur
2948 4210 3049 4262 per
3072 4194 3177 4262 hoc
3208 4198 3356 4268 quod

91 4279 255 4316 neam
285 4279 480 4318 omnes
511 4274 704 4322 contra
724 4277 983 4325 naturam
1017 4277 1376 4329 monochordi
1393 4281 1684 4337 conferens

1772 4272 1921 4340 dicit,
1953 4277 2031 4326 vel
2062 4276 2227 4340 duplo
2259 4277 2579 4342 breviorem,
2611 4277 2876 4332 insinuat.
2903 4282 3180 4352 Secunda
3226 4304 3358 4358 pars

91 4365 289 4417 graves
305 4349 585 4415 laudetur,
614 4362 805 4408 nostra
823 4373 1022 4427 caprea
1042 4360 1098 4411 in
1120 4375 1291 4414 unam
1312 4364 1473 4430 juxta
1494 4381 1683 4420 mono-
1764 4360 2156 4429 proportionis,
2187 4379 2309 4430 qua;
2329 4363 2674 4431 describitur
2692 4367 2777 4420 his
2807 4368 3005 4433 verbis,
3035 4379 3136 4425 aut
3163 4377 3227 4428 ίη
3253 4393 3357 4430 nu-

88 4438 283 4490 chordi
299 4440 758 4496 constitutionem
777 4444 1278 4515 collige-nseasdem
1328 4467 1437 4504 non
1473 4454 1681 4523 vitupe-
1766 4464 1914 4501 7716'1‘0
1945 4465 2154 4515 τοεωη,
2188 4450 2335 4503 hunc
2372 4457 2437 4504 Ut
2484 4453 2730 4510 arbitro"
2775 4456 2942 4512 habet
2983 4460 3354 4534 intellectum.

88 4532 264 4578 retur.
290 4527 713 4599 Quadripartita
759 4542 962 4603 quarta
1011 4538 1286 4606 gravium,
1321 4541 1502 4609 prima
1549 4529 1891 4610 tina-DIpse
1922 4557 2116 4594 vocum
2147 4555 2414 4596 numerus
2465 4545 2700 4600 inViCCm
2749 4554 2835 4602 est
2878 4553 3265 4626 conferendus,
3291 4566 3359 4630 ut

88 4615 248 4679 lium,
269 4617 422 4686 quod
445 4619 730 4688 primitiva
747 4623 1034 4693 dispositio
1052 4629 1255 4690 renuit,
1281 4630 1442 4698 longe
1474 4632 1680 4697 divisit,

85 4710 283 4758 nostra
316 4722 518 4776 caprea
547 4711 786 4779 collegit.
822 4713 878 4765 Si
908 4721 1098 4768 autem
1129 4717 1223 4769 illa
1255 4735 1513 4787 perversa
1540 4721 1683 4774 divi-

86 4793 168 4846 sio
194 4797 570 4856 commendet.
603 4799 772 4851 istam
807 4803 1080 4855 naturalis
1132 4805 1383 4859 collectio
1411 4824 1525 4860 non
1551 4819 1682 4862 con-

88 4882 338 4936 demnet.
369 4883 428 4936 Si
458 4887 868 4958 quadripartita
895 4897 1118 4961 protum
1151 4895 1560 4962 acutissimum,
1593 4906 1679 4952 te-

84 4973 342 5026 trardum
371 4974 578 5029 faciens
606 4979 1021 5049 gravissimum,
1055 4983 1417 5038 celeberrima
1457 4987 1532 5039 sit
1557 5004 1679 5041 om-

83 5060 269 5123 nibus,
304 5077 564 5131 capream
601 5081 711 5121 non
742 5067 1000 5122 obscuret
1031 5071 1279 5140 penitus,
1313 5073 1460 5143 quod
1489 5075 1683 5145 utique

81 5150 406 5202 naturalem
461 5153 794 5221 gravitatem
837 5156 996 5210 dedit
1051 5165 1105 5210 et
1148 5176 1402 5214 acumen.
1447 5162 1683 5214 Easdem

82 5237 306 5291 litteras
343 5239 402 5292 in
461 5247 654 5295 nostra
718 5260 920 5314 caprea
983 5254 1180 5301 contra
1215 5266 1274 5302 se
1313 5267 1434 5303 esse
1474 5251 1684 5319 positas

83 5343 252 5380 nemo
285 5330 679 5398 reprehendat.
720 5335 827 5387 Sed
873 5336 1038 5389 aliter
1076 5339 1387 5391 secundum
1417 5346 1681 5394 naturam

82 5416 206 5469 ﬁeri
235 5431 352 5469 non
381 5435 541 5488 posse
563 5424 954 5492 reprehendat,
977 5443 1102 5479 cum
1120 5429 1187 5480 A.
1210 5428 1395 5497 gravis
1416 5428 1489 5481 sit
1511 5430 1674 5498 proti,

82 5505 180 5573 qui
235 5507 547 5562 secundum
597 5513 1040 5568 monocbordum
1069 5520 1200 5568 tono
1233 5516 1419 5569 dillert
1455 5533 1490 5570 a
1524 5517 1681 5587 gravi

156 5663 230 5739 (7)
263 5666 388 5723 Em.
414 5674 612 5740 plana.

1768 4647 1984 4683 neumae
2021 4647 2170 4684 nunc
2228 4645 2398 4702 ze’quze
2447 4636 2641 4706 sequis,
2673 4655 2822 4704 nunc
2849 4641 3034 4712 duplae
3056 4647 3140 4700 vel
3169 4649 3352 4721 triplae

1765 4719 2108 4788 simplicibus
2146 4724 2315 4790 atque
2341 4721 2480 4775 alias
2533 4726 2830 4782 collatione
2869 4719 3359 4803 sesquialteraivel

1766 4807 2124 4876 sesquitertia
2154 4811 2548 4878 respondeant.
2566 4813 2766 4884 [Equae
2792 4819 2974 4890 aequis
2992 4827 3351 4896 respondent,

1762 4901 1828 4949 ut
1847 4913 2026 4950 semen
2056 4899 2242 4950 cecidit
2276 4901 2338 4951 in
2395 4905 2603 4955 terram
2648 4905 2862 4960 bonam.
2895 4909 3154 4981 Quinque
3199 4930 3358 4969 voces

1766 4991 1896 5042 sunt
1925 4985 1982 5038 in
2015 4985 2230 5039 duabus
2261 4987 2596 5043 dictionibus
2632 4993 2914 5061 prioribus
2951 5015 3133 5052 semen
3163 4985 3354 5057 cecidit

1766 5075 1998 5128 totidem
2027 5075 2084 5128 in
2136 5075 2313 5130 tribus
2350 5079 2734 5149 sequentibus,
2767 5086 2830 5136 in
2879 5089 3090 5140 terram
3133 5090 3354 5162 bonam,

1765 5179 1915 5222 nunc
1934 5164 2116 5233 duplte
2136 5164 2499 5235 simplicibus,
2535 5174 2613 5232 ut,
2633 5171 2714 5222 Et
2744 5173 2942 5226 obtulit
2988 5177 3259 5241 fructum.
3287 5165 3357 5234 Et

1765 5254 1981 5305 obtulit.
2007 5253 2258 5316 Quatuor
2279 5261 2411 5308 sunt
2438 5273 2617 5323 voces,
2642 5258 2763 5313 duae
2793 5259 2849 5312 in
2877 5263 3149 5330 fructum,
3185 5268 3358 5339 dupla

1765 5357 1896 5409 ergo
1935 5342 2174 5396 collatio.
2217 5344 2378 5397 Nunc
2414 5345 2592 5416 triplae
2621 5346 2964 5418 simplicibus
3005 5358 3068 5406 ut
3095 5357 3272 5419 aliud,
3321 5375 3356 5411 a

1763 5429 1933 5484 habet
1955 5448 2128 5485 unam
2159 5449 2369 5503 vocem,
2403 5436 2522 5487 liud
2549 5439 2662 5489 tres
2694 5455 2706 5489 :
2743 5438 2875 5507 quia
2912 5443 2956 5494 ti
2983 5441 3131 5496 duas
3159 5457 3356 5516 possu-

1766 5536 1889 5573 mus
1915 5521 2174 5591 colligere
2207 5539 2362 5577 voces
2383 5524 2437 5577 in
2458 5525 2704 5595 praedata
2723 5537 2947 5598 ne‘uma,
2989 5537 3161 5588 unam
3187 5535 3248 5589 in
3277 5539 3355 5590 ad

1835 5682 1892 5755 (7
1918 5688 1952 5743 ')
1971 5686 2183 5740 Microl.
2207 5685 2676 5761 Gallionis-Aret.
2700 5708 2748 5748 c.
2787 5689 2869 5749 16.
