3914 6370
483 467 622 529 1327

480 603 597 651 tres
626 591 698 647 ad
720 600 895 644 unam
923 599 959 652 p
985 576 1217 647 triplum
1250 566 1498 623 faciunt:
1530 562 1701 627 atque
1730 551 1870 605 alias
1898 547 2069 652 colla-

482 686 637 739 tione
657 673 1044 746 sesquialtera,
1068 669 1134 719 ut
1174 657 1529 714 centesimum
1561 642 1852 699 dimidium
1883 636 2071 698 dictio,

487 775 547 830 id
576 775 663 825 est
682 732 829 821 serite
857 761 998 815 duas
1027 754 1185 815 alias,
1219 744 1508 801 medietas,
1543 735 1600 789 id
1627 738 1712 787 est
1734 733 1941 783 simum
1963 732 2077 778 tres

487 812 547 830 ω
576 812 663 825 νυ-
683 812 823 821 νγ---
864 812 927 815 ,ν
1178 812 1182 815 ν

486 861 661 918 habet
681 869 867 920 voces,
886 860 1058 903 unam
1084 842 1142 894 in
1171 841 1237 898 si,
1264 834 1403 887 duas
1422 829 1481 882 in
1506 839 1683 881 mum,
1719 833 1844 889 quae
1855 812 2081 882 conqui-

492 901 661 918 ........-
694 901 867 920 .----,
899 901 921 903 ,,

492 951 823 1006 niscentem,
855 938 913 992 id
941 940 1046 996 est,
1077 922 1458 983 inclinativam
1488 911 1750 968 resultat.
1778 901 2081 959 Ternarius
2162 911 2194 945 ν

494 1037 567 1093 ad
591 1029 872 1088 binarium
888 1018 1258 1091 sesquialtera
1271 1009 1353 1063 vel
1380 999 1740 1074 sesquitertia
1761 990 2079 1053 collatione,

494 1083 919 1181 si-c'iitestvenite
936 1083 1229 1165 Benedicti.
1281 1098 1459 1152 Venite
1479 1099 1616 1156 tres,
1652 1083 1924 1141 Benedicti
1952 1094 2086 1148 qua-

493 1220 625 1270 tuor
654 1207 827 1263 habet
852 1215 1032 1255 voces.
1066 1184 1476 1258 Quaternarius
1529 1175 1604 1233 ad
1657 1169 1970 1229 ternarium
2003 1170 2090 1220 est

498 1255 911 1373 sesquitertius,
940 1255 1110 1342 tertia
1129 1296 1261 1352 pars
1292 1280 1379 1330 est
1418 1261 1814 1343 proportionis,
1849 1273 1971 1329 quae
2000 1255 2092 1308 de-

498 1359 761 1448 scribitur
784 1383 876 1437 his
902 1375 1106 1437 verbis,
1137 1375 1236 1424 aut
1256 1371 1319 1420 in
1350 1365 1565 1417 ratione
1593 1360 1847 1407 tenerum
1882 1359 2096 1400 neumw

497 1433 846 1538 :lterutrun—i
859 1433 1225 1534 conferantur
1249 1462 1297 1509 et
1318 1449 1696 1519 respondeant.
1714 1442 1898 1495 Tenor
1908 1440 1994 1489 est
2010 1433 2094 1487 ul-

498 1565 809 1626 timmvocis
823 1553 1129 1633 protensio,
1164 1562 1287 1618 quae
1321 1541 1391 1596 ad
1406 1536 1641 1593 invicem
1673 1529 1959 1584 confertur
1985 1525 2083 1586 ita,

501 1664 569 1716 ut
593 1627 866 1712 numeru-s
894 1659 1087 1700 vocum
1117 1644 1175 1692 et
1202 1629 1515 1689 intervalla,
1544 1636 1736 1678 earum
1760 1632 1910 1672 nunc
1921 1627 2091 1683 aequae

503 1701 701 1819 aequis,
720 1701 872 1796 nunc
884 1734 1066 1805 duplae
1080 1728 1167 1782 vel
1186 1723 1363 1794 triplae
1374 1711 1736 1786 simplicibus,
1758 1712 1925 1776 atque
1952 1701 2092 1755 alias

1298 1811 1311 1819 ·
1501 1805 1534 1819 ἰ
1596 1800 1680 1819 νιε-
1719 1795 2070 1819 -Α-ί-λ-Αηιην.

504 1795 831 1894 oblationes
852 1795 1221 1894 sesquialtera
1231 1811 1317 1865 vel
1330 1800 1691 1876 sesquitertia
1711 1795 2088 1855 conferantur,

503 1933 563 1984 et
573 1912 1053 1994 respondeant.De
1069 1921 1178 1978 quo
1188 1908 1384 1957 tenore
1393 1896 1478 1949 vel
1489 1887 1845 1964 protensione
1858 1883 2098 1936 domnus
2113 1900 2161 1960 B

507 1970 696 2073 Guidd
710 2007 844 2064 dicit
876 2022 888 2057 :
931 2003 1102 2056 Tener
1129 2007 1275 2054 vero,
1294 1989 1355 2042 id
1389 1988 1463 2039 est
1506 1995 1665 2033 mora
1695 1977 1907 2029 ultima:
1931 1970 2092 2030 vocis,

504 2106 605 2176 qui
626 2105 692 2156 in
709 2095 924 2168 syllaba
948 2086 1321 2158 quantuluseu
1330 2089 1469 2142 nque
1480 2074 1552 2124 est
1576 2067 1818 2134 amplior
1829 2064 1891 2115 in
1914 2061 2093 2126 parte,

1128 2172 1167 2176 μ
1206 2170 1241 2176 ..
1320 2165 1359 2176 ..
1505 2173 1528 2176 η
1590 2171 1612 2176 _
1669 2152 1812 2176 mm,
1841 2147 2093 2176 nmmum”

505 2147 858 2248 diut-issiivnus
876 2192 1000 2233 vero
1029 2178 1092 2228 in
1108 2165 1479 2223 distinctione.
1499 2173 1551 2209 υ.
1580 2171 1633 2223 g.
1658 2152 1812 2206 Dixit
1832 2147 2099 2201 Dominus

503 2274 735 2334 mulieri
763 2272 1044 2327 Cananew-
1059 2261 1239 2316 Unam
1263 2267 1395 2321 ergo
1423 2241 1841 2301 distinctionem
1861 2232 2098 2288 habetin

505 2370 669 2432 dixit,
700 2365 922 2435 partem
950 2355 1011 2408 in
1034 2351 1173 2403 dixit
1197 2344 1497 2399 Dominus;
1521 2328 1936 2387 distinctionem
1956 2323 2099 2376 dixit

1375 2428 1421 2435 "
1463 2425 1476 2435 ‘
1752 2414 1968 2435 ili-LM“
2035 2410 2095 2435 τ...

507 2410 1030 2513 Ξῖτῆέηῐς-ιίῆαιίενί
1060 2439 1343 2493 Gananeae.
1375 2415 1644 2481 Habeatis
1700 2414 1992 2487 syllabam.
2034 2410 2100 2464 In

508 2501 871 2599 diaitniinalis
886 2534 968 2587 ait
990 2521 1404 2598 aliquantulum
1432 2509 1817 2585 protendatur.
1862 2504 1927 2557 In
1955 2501 2101 2554 discit

507 2589 993 2690 ﬁdelissimis
1038 2589 1143 2670 nus
1190 2608 1532 2683 producatur
1560 2595 1820 2666 amplius.
1852 2590 1921 2644 In
1958 2589 2102 2642 dixit

606 2737 684 2774 τη.
716 2717 772 2772 0.
804 2709 990 2768 ﬁnalis
1018 2699 1386 2777 protendatur
1415 2686 1751 2746 diutissime.

580 2807 868 2879 Proponat
894 2798 998 2855 sibi
1027 2792 1272 2850 musicus
1292 2783 1493 2858 quibus
1520 2796 1584 2833 ex
1620 2775 1710 2829 his
1741 2767 2103 2826 divisionibus

1362 2871 1420 2879 ""
1548 2868 1561 2879 ‘
1778 2861 1854 2879 ’νςι
1884 2859 1988 2879 211.Δ
2032 2856 2075 2879 .1:

512 2856 867 2956 incedentem
890 2887 1062 2944 faciat
1104 2856 1329 2937 cantum
1352 2871 1449 2945 (8),
1479 2868 1565 2922 vel
1595 2881 1718 2936 quae
1746 2861 1861 2915 sint
1884 2859 1995 2912 illae
2023 2856 2105 2909 di-

511 2988 770 3043 visiones.
794 2980 953 3036 Sicut
980 2973 1128 3029 enim
1158 2972 1468 3023 metrorum
1511 2955 1768 3028 plurimae
1806 2952 1938 3002 sunt
1965 2944 2107 3000 divi-

515 3035 892 3142 sio-nesrquia
939 3062 1194 3136 quaedam
1251 3057 1384 3108 sunt
1426 3041 1811 3114 Asclepiadea,
1852 3035 2107 3108 quaedam

814 3125 1069 3230 quaedam
1126 3142 1415 3204 Alchaica,
1473 3141 1531 3189 et
1574 3132 1645 3186 ad
1699 3131 1848 3183 hunc
1880 3125 2109 3179 modum

1154 3235 1185 3237 η
1301 3229 1332 3237 ..
1466 3223 1547 3237 η..
1782 3236 1789 3237 ί
1831 3215 1906 3237 ,μ
1936 3212 2081 3237 ,Μὴ

525 3212 932 3325 Ηδῖροηειοῐῖοε,
957 3235 1231 3294 nonnulla
1261 3229 1433 3284 etiam
1463 3220 1747 3278 Gliconica
1780 3236 1790 3270 :
1828 3215 1908 3268 sic
1936 3212 2111 3265 melo-

1180 3323 1188 3325 -
1376 3317 1390 3325 .
1453 3313 1464 3325 .
1567 3317 1574 3325 .
1650 3308 1686 3325 ,.
1730 3306 1932 3325 ,λωη
1981 3301 2108 3325 num

1178 3323 1319 3369 imas
1376 3313 1585 3369 habent
1635 3306 1954 3366 divisiones,
1977 3301 2112 3353 dum

519 3478 822 3588 diiplarum
851 3478 1261 3578 triplarumque
1292 3495 1363 3550 ad
1393 3489 1692 3561 simplices,
1727 3486 1929 3554 quarta
1948 3478 2114 3548 quin-

523 3567 689 3588 “*r—"
736 3567 743 3568 ’
931 3567 948 3578 ι
1170 3567 1186 3571 -

520 3614 647 3663 tave
672 3609 738 3659 ut
766 3596 1259 3670 sesquialterarum
1298 3577 1896 3653 sesquitertiarumque
1921 3567 2116 3621 distin-

521 3698 735 3752 ctiones
792 3680 1244 3744 distinctionibus
1300 3678 1433 3728 sunt
1480 3666 1741 3738 aequales,
1775 3666 1839 3715 ut
1868 3660 1926 3712 in
1980 3657 2123 3710 bene

523 3747 842 3860 pie-ciemus
889 3772 1143 3830 cantibus
1187 3766 1423 3837 apparet
1477 3758 1621 3812 sicut
1662 3754 1720 3806 in
1763 3751 1878 3803 illo.
1914 3748 1959 3818 η.
1994 3747 2120 3800 Ecce

528 3840 682 3931 nunc
704 3878 915 3937 tempus
943 3858 1287 3928 acceptabite,
1313 3866 1428 3906 una
1467 3842 1769 3900 distinctio.
1811 3840 1938 3892 Ecce
1969 3849 2120 3888 nunc

530 3967 643 4019 dies
669 3961 891 4021 salutis,
912 3954 1109 4007 altera.
1145 3940 1594 4001 Commendemus
1626 3930 1994 3994 nosmetipsos,
2012 3929 2121 3976 ter-

752 4014 933 4102 multa
957 4037 1251 4111 patientia,
1277 4032 1503 4101 quarta.
1544 4025 1611 4077 In
1643 4018 1881 4089 jejuniis
1908 4014 2123 4077 multis,

537 4142 760 4217 quinta.
814 4138 919 4191 Per
944 4144 1109 4185 arma
1131 4122 1386 4194 justitiaz,
1423 4117 1594 4169 sexta.
1640 4108 1864 4163 Virtutis
1890 4104 2007 4161 Dei,
2047 4116 2131 4154 se-

1454 4209 1462 4217 ‘
1606 4215 1675 4217 ~7-
1695 4191 2030 4217 Αμ--ημ-ικέιηη
2057 4186 2125 4217 101

537 4186 735 4305 ptima.
759 4226 894 4289 Quae
915 4232 1108 4276 omnes
1136 4227 1309 4285 penes
1339 4209 1471 4260 sunt
1499 4191 2032 4255 commensurabiles
2057 4186 2126 4256 (9)

537 4279 605 4376 iit
630 4319 689 4373 in
710 4313 943 4369 modum
969 4303 1247 4361 currentis
1264 4296 1392 4367 equi
1414 4307 1572 4346 voces
1588 4287 1659 4341 ad
1673 4287 1857 4339 locum
1886 4279 2129 4350 respira-

542 4372 713 4464 tionis
744 4399 1029 4456 accedant.
1066 4390 1174 4463 (10)
1219 4385 1455 4459 Spissim
1497 4384 1687 4434 autem
1718 4379 1775 4428 et
1801 4387 1931 4425 raro
1968 4372 2135 4440 prout

545 4457 769 4569 oportet
786 4494 931 4544 notae
959 4457 1278 4554 compositis
1296 4474 1465 4543 hujus
1478 4469 1561 4523 rei
1579 4466 1846 4537 poterunt
1868 4457 2134 4513 indicium

546 4547 701 4643 dare.
728 4584 917 4652 Equus
938 4576 1070 4630 dum
1085 4547 1295 4632 currit,
1314 4559 1565 4618 crebrius
1585 4553 1826 4624 ungulas
1854 4547 2137 4618 ﬁgit,dum

548 4694 767 4734 cessare
791 4669 1018 4741 cogitat,
1050 4660 1236 4716 rarius
1281 4649 1519 4719 vestigia
1573 4644 1827 4702 collocat,
1871 4638 1951 4692 ita
1980 4638 2141 4706 juxta

547 4771 721 4826 ﬁnem
751 4756 1178 4819 distinctionum
1207 4750 1273 4800 ut
1300 4740 1563 4800 rariores,
1595 4733 1633 4789 i.
1662 4750 1718 4789 e.
1755 4728 2031 4784 tardiores
2051 4740 2140 4778 vo-

549 4817 968 4916 des-succedant
994 4847 1081 4898 est
1105 4829 1522 4911 procurandum
1579 4821 1705 4893 (11).
1753 4817 1914 4884 Quod
1951 4819 2141 4870 autem

550 4948 704 5014 dicit,
736 4942 955 5014 spissim
984 4936 1170 4988 autem
1192 4930 1240 4978 et
1272 4935 1403 4975 raro
1431 4918 1593 4986 prout
1622 4914 1826 4981 oportet
1854 4910 1991 4961 notae
2005 4919 2145 4957 com-

1370 5006 1596 5014 ν.
1750 5000 1765 5014 ,
1852 4993 2123 5014 ium‘“

546 4993 956 5111 positafhujus
986 5022 1070 5076 rei
1117 5013 1379 5084 poterunt
1417 5006 1694 5060 indicium
1730 5000 1866 5051 dare
1897 4993 1999 5063 (1‘2)
2030 5008 2147 5046 aro-

1046 5107 1083 5111 “
1154 5109 1161 5111 λ
1462 5093 1498 5111 ι·
1542 5089 1805 5111 1942-4;
1857 5086 2028 5111 3-..-..
2075 5080 2140 5111 m1

550 5080 669 5185 tius
698 5127 786 5178 est
808 5107 1091 5173 scribendi
1115 5109 1172 5158 et
1199 5093 1504 5156 neumandi
1530 5089 1829 5152 distinctio,
1855 5086 2030 5139 donec
2074 5080 2146 5134 ad

554 5172 1177 5281 linem‘appropinquet.
1213 5191 1380 5245 Juxta
1407 5184 1573 5239 ﬁdem
1625 5184 1812 5234 autem
1842 5172 2147 5241 dissipetur

555 5263 841 5377 scriptui'ti
867 5263 997 5349 olim
1024 5281 1263 5346 neumis,
1296 5282 1363 5333 ut
1381 5270 1594 5330 cantori
1622 5270 1696 5323 sit
1713 5263 1983 5320 indicium
2010 5275 2148 5330 pra:-

558 5593 686 5647 rari
711 5589 1008 5649 rariusque
1033 5590 1198 5649 voces,

627 5630 1281 5726 denI—eihsapissiine
1301 5642 1488 5718 autem
1483 5633 1591 5726 1pel
1608 5630 1881 5684 rarenter.

1008 5705 1142 5770 deire
1165 5713 1373 5767 desunt
1395 5707 1458 5761 in
1483 5705 1673 5760 Emer.

1681 421 2025 483 ARIBONIS
2066 406 2539 473 SCHOLASTICI

2089 546 2141 604 Α
2159 540 2320 593 dictae
2342 528 2625 589 tarditatis
2654 525 2711 578 in
2736 524 2887 577 hunc
2923 517 3175 582 modum,
3226 514 3482 566 Miserere
3510 523 3588 560 τη.
3619 506 3662 573 f.
3697 504 3757 556 d.

3604 379 3755 438 1328

2163 627 2267 699 (i3)
2302 623 2432 695 quia
2452 620 2500 673 si
2529 619 2587 670 in
2608 607 2965 668 tetrachordo
2995 604 3122 659 ﬁnis
3178 606 3263 655 est
3290 602 3491 669 quarta
3519 592 3761 657 chorda,

2161 712 2498 786 principium
2528 711 2615 759 est
2640 704 2699 756 in
2746 717 2811 754 eo
2867 696 3051 767 prima
3099 690 3328 753 chorda,
3360 686 3457 740 sed
3492 685 3600 737 hoc
3632 686 3757 746 est;

2163 776 2294 873 ergo
2318 776 2380 857 .
2413 794 2718 852 secundum
2749 790 2895 842 hanc
2911 784 3207 844 rationem,
3225 784 3283 832 et
3299 778 3501 847 quarta
3523 776 3612 826 est
3630 785 3768 841 gra-

2166 1086 2260 1124 ma
2278 1062 2685 1122 excellentium.

2174 1176 2324 1245 Quod
2346 1172 2597 1245 probatio
2620 1170 2728 1220 ista
2748 1160 3026 1245 pertineat
3041 1155 3126 1245 'ad
3146 1153 3444 1206 materiam
3472 1148 3701 1200 autenti
3721 1148 3771 1196 et

2420 1239 2425 1245 ’
2748 1228 2765 1231 “
2800 1228 3125 1298 subjugalis.

2246 1336 2368 1389 Jam
2398 1327 2778 1402 probavimus,
2810 1320 2958 1392 quod
2988 1316 3189 1371 modus
3230 1326 3380 1380 saepe
3407 1308 3591 1362 dictus
3621 1304 3777 1357 inter

2172 1425 2239 1479 D.
2259 1423 2312 1477 d.
2333 1391 2672 1477 constitutus
2698 1418 2816 1466 tam
2836 1391 3150 1462 materialis
3169 1401 3245 1455 sit
3257 1400 3438 1471 plagae
3468 1398 3696 1466 quarto,
3714 1391 3774 1444 id

2173 1516 2276 1577 est,
2302 1513 2496 1564 octavo
2511 1512 2668 1568 tono,
2692 1515 2861 1572 quam
2904 1498 3132 1550 autento
3178 1488 3381 1561 primo,
3412 1484 3599 1556 primo
3625 1480 3778 1533 vide-

2172 1569 2306 1656 licet
2333 1569 2756 1665 tono,quodq1ie
2774 1594 2896 1642 tam
2915 1600 3043 1638 vere
3053 1569 3779 1647 dicatur,hypomixolidius

2177 1705 2345 1760 quam
2376 1684 2569 1739 dorius
2605 1699 2615 1733 :
2651 1679 2785 1750 quia
2812 1691 2941 1731 cum
2999 1673 3216 1726 constet
3244 1668 3448 1736 quarta
3488 1658 3775 1731 gravium,

2176 1782 2378 1848 quarta
2392 1772 2766 1844 superiorum,
2788 1765 2971 1837 prima
2996 1759 3269 1822 ﬁnalium,
3297 1753 3482 1824 prima
3500 1747 3781 1803 excellen-

2180 1840 2346 1931 tium,
2384 1840 2734 1934 prdbandum
2761 1855 2888 1917 erit,
2923 1852 3182 1921 quartam
3202 1842 3477 1915 gravium,
3512 1840 3782 1909 quartam

2181 1954 2534 2026 superiorum
2557 1945 2765 2020 plagali
2791 1958 2910 1997 esse
2939 1936 3288 1993 materiales:
3323 1936 3423 1985 aut
3450 1926 3779 1981 audiamus.

2180 2045 2228 2099 si
2252 2012 2595 2096 naturaliter
2624 2012 2902 2106 possimus
2929 2027 3111 2081 tribus
3130 2020 3392 2093 gravibus
3408 2018 3482 2071 A.
3506 2017 3573 2071 Β.
3598 2014 3665 2068 C.
3684 2012 3785 2066 tri-

2183 2133 2285 2186 bus
2314 2103 2696 2201 superioribus
2725 2139 2778 2177 a.
2802 2120 2848 2191 ιι.
2882 2134 2929 2172 c.
2965 2113 3113 2187 quod
3134 2126 3250 2166 non
3276 2108 3389 2164 sint
3415 2103 3784 2160 constitutive

2181 2228 2239 2277 et
2266 2192 2588 2275 materiales
2629 2212 2810 2268 tribus
2864 2207 3063 2281 plagis,
3105 2210 3239 2258 tono
3266 2198 3481 2254 scilicet
3506 2192 3781 2254 secundo,

2182 2316 2402 2384 quarto,
2421 2310 2595 2368 sexto,
2616 2308 2716 2357 aut
2735 2304 2947 2372 quartae
2968 2294 3242 2365 gravium,
3284 2291 3499 2359 quartae
3528 2280 3784 2353 superio-

2180 2418 2308 2456 rum
2340 2418 2353 2453 :
2388 2394 2779 2453 concedamus,
2797 2392 2863 2442 ut
2882 2382 3204 2439 materiales
3233 2379 3347 2433 sint
3374 2376 3560 2429 claves
3576 2375 3781 2442 quarto

2183 2487 2414 2561 plagali,
2438 2489 2629 2538 octavo
2648 2478 2890 2547 denique
2908 2477 3063 2538 tono;
3096 2469 3195 2524 sed
3224 2461 3575 2536 impossibile
3599 2465 3707 2525 est,
3718 2462 3781 2512 ut

2181 2548 2364 2632 tribvus
2378 2548 2693 2648 praepositis
2708 2563 2972 2637 gravibus
2992 2565 3049 2615 et
3069 2553 3449 2629 superioribus
3467 2550 3644 2604 trium
3658 2548 3781 2619 pla-

2182 2640 2395 2739 garum.
2409 2640 2864 2718 constitutionem
2884 2653 3213 2708 adimamus.
3240 2646 3385 2715 Ergo
3400 2640 3671 2714 possibile
3698 2642 3782 2693 est

2187 2764 2245 2812 et
2269 2753 2647 2814 verissimum,
2687 2752 2752 2801 ut
2772 2748 2985 2816 quartae
3015 2737 3268 2810 gravium
3315 2739 3373 2787 et
3421 2729 3782 2801 superiorum

2187 2849 2401 2918 quarta;
2424 2843 2622 2913 plagae,
2645 2837 2703 2890 id
2721 2840 2825 2900 est,
2849 2832 2969 2886 toni
2988 2827 3167 2884 octavi
3205 2821 3564 2879 essentialem
3591 2833 3785 2872 conce-

2188 2936 2387 2989 damus
2401 2976 2413 2988 .

2225 3044 2298 3097 De
2312 3040 2646 3110 proprietate
2674 3028 3404 3110 Protprum,.Deuterorum,
3440 3021 3749 3074 Tritorum,

2792 3100 3183 3156 Tetrardorum
3194 3136 3207 3149 .

2194 3292 2347 3345 tione
2376 3304 2476 3359 per
2502 3286 2784 3355 diapente,
2818 3279 2875 3331 in
2912 3274 3262 3347 depositione
3282 3287 3383 3342 per
3408 3274 3627 3322 tonum.

2267 3356 2587 3448 Proprietas
2617 3378 2701 3426 est
2731 3370 3090 3423 deuterorum
3124 3378 3250 3417 cum
3273 3361 3497 3428 integra
3518 3356 3795 3408 diatessa-

2196 3486 2297 3525 ron
2321 3484 2421 3538 per
2451 3462 2844 3519 intensionem,
2868 3456 3058 3509 ditono
3087 3468 3188 3523 per
3215 3447 3624 3504 remissionem.

2268 3554 2590 3626 PrOprietas
2619 3555 2705 3604 est
2728 3548 3012 3609 tritorum,
3030 3547 3095 3596 ut
3114 3538 3451 3595 concordent
3477 3532 3797 3588 intensione

2204 3648 2414 3709 ditono,
2449 3643 2795 3696 diatessaron
2821 3632 3173 3689 remissione.

2274 3733 2599 3804 PrOprietas
2613 3733 2698 3783 est
2719 3722 3119 3783 tetrardorum,
3141 3715 3391 3788 utprotis
3420 3715 3796 3783 opponantur;

2203 3829 2479 3896 quatenus
2507 3820 2708 3893 horum
2732 3812 2966 3869 elevatio
2997 3811 3233 3863 istorum
3265 3805 3339 3857 sit
3366 3800 3645 3856 remissio.

2386 3927 2537 3994 Quod
2556 3940 2665 3978 non
2693 3924 2763 3975 sit
2794 3920 3013 3987 ﬁrmius
3032 3916 3430 3981 argumentum
3460 3922 3633 3976 quam

2839 3990 3168 4058 proprietas.

2281 4085 2543 4154 Quamvis
2564 4082 2699 4138 satis
2713 4080 2786 4134 sit
2806 4076 3120 4149 probatum,
3137 4071 3283 4143 quod
3310 4071 3379 4124 de
3397 4067 3605 4140 plagali
3624 4070 3804 4120 mate-

2210 4181 2315 4245 ria,
2344 4175 2600 4231 videlicet
2623 4175 2824 4242 quarta
2871 4165 3149 4237 gravium,
3200 4165 3400 4231 quarta
3427 4156 3802 4227 superiorum,

2215 4242 2415 4339 quarta
2441 4262 2679 4336 plagalis
2708 4257 2940 4329 species,
2972 4255 3029 4308 id
3052 4258 3155 4317 est,
3185 4256 3351 4304 tonus
3380 4252 3607 4301 octavus
3634 4242 3809 4315 possit

2216 4353 2573 4417 conformari,
2605 4366 2734 4404 nam
2765 4344 3005 4401 inliciari
3031 4357 3161 4396 vere
3189 4356 3302 4393 non
3326 4350 3645 4409 possumus,
3676 4330 3809 4402 quin

2217 4446 2395 4516 possit
2408 4459 2611 4499 aureus
2631 4441 2699 4494 de
2737 4453 2873 4492 auro
2915 4433 3039 4488 ﬁeri
3069 4430 3248 4492 stilus,
3283 4433 3474 4481 tamen
3502 4424 3688 4479 adhuc
3706 4420 3811 4492 ipsi

2152 4520 2202 4578 Ῑ)
2226 4533 2571 4588 sufﬁcientia;
2592 4526 2915 4582 violentiam
2944 4523 3201 4576 volumus
3247 4517 3475 4581 inferre,
3504 4513 3676 4567 etiam
3702 4525 3811 4564 non

2220 4622 2666 4683 necessariorum
2751 4614 2968 4685 copiam
3057 4607 3445 4664 ministrantes
3519 4601 3814 4674 argumen-

2222 4725 2427 4774 torum.

2291 4802 2589 4860 Efﬁcacius
2613 4798 3007 4868 argumentum
3036 4791 3161 4862 ipsa
3186 4784 3530 4860 proprietate
3557 4800 3675 4839 non
3697 4799 3816 4854 pos-

2226 4910 2421 4950 sumus
2451 4887 2718 4945 invenire.
2754 4886 2949 4955 Neque
2982 4880 3132 4935 enim
3182 4882 3394 4931 temere
3443 4873 3816 4944 proprietates

2225 4990 2515 5054 troporum
2527 4975 2891 5048 cogitavimus
2930 4969 3287 5043 praemittere.
3321 4964 3629 5018 Videamus
3667 4962 3715 5016 si
3748 4961 3811 5015 D.

2227 5075 2281 5128 d.
2306 5051 2424 5126 tam
2437 5066 2675 5124 tetrardi
2691 5079 2859 5135 quam
2893 5059 3042 5131 proti
3062 5055 3435 5130 proprietates
3447 5052 3629 5123 possit
3646 5051 3814 5104 habe-

2226 5180 2306 5219 re.
2331 5157 2732 5216 Tetrardorum
2751 5158 2834 5207 est
2852 5148 3255 5223 proprietas,ut
3272 5148 3564 5214 protorum
3578 5139 3815 5194 intensio

2228 5253 2303 5307 sit
2316 5252 2541 5305 illorum
2562 5243 2816 5301 remissio
2831 5240 2966 5300 .Sed
2984 5239 3052 5293 D.
3067 5237 3149 5290 ita
3159 5232 3467 5289 remittitur
3488 5245 3592 5301 per
3601 5234 3811 5293 tonum,

2301 5395 2411 5464 (12)
2445 5393 2565 5449 Em.
2618 5390 2840 5446 Arctius
2876 5388 3064 5439 autem
3116 5384 3193 5436 est
3238 5376 3526 5433 scribenda
3582 5379 3632 5427 et
3686 5390 3818 5427 neu-

2230 5468 2526 5607 mlfiziilfliic
2544 5533 2753 5607 desinit
2779 5530 3195 5607 Son-Emeram,
3228 5527 3285 5607 et
3319 5537 3440 5592 qua:
3471 5517 3563 5571 hic
3585 5531 3819 5588 sequun-

2232 5599 2341 5679 tur,
2374 5599 2502 5665 cum
2531 5602 2829 5679 praeteritis
2854 5617 2967 5656 non
2997 5599 3296 5654 cohaerent.
