3914 6356
141 296 286 354 1329

1625 297 1914 353 MUSICA.

3271 290 3411 349 1330

141 422 528 491 semitonium,
550 428 767 492 tonum,
784 424 930 479 sicut
942 425 1212 496 A.protus
1226 428 1382 489 tono,
1412 426 1709 482 semitonio

1820 442 1970 512 Quod
1999 457 2113 496 non
2139 444 2214 495 sit
2240 441 2473 496 dicenda
2487 442 2719 509 'quinta,
2750 441 2923 512 secta,
2949 440 3198 505 septima,
3216 440 3404 492 octava

142 518 279 567 tono
310 512 648 568 intenditur.

273 602 431 671 Quod
457 606 744 673 aequaliter
770 606 834 658 de
861 621 914 659 se
928 608 1303 674 praedicentur
1330 610 1523 675 species
1544 612 1593 660 et

810 698 1063 763 propria.

212 782 415 837 Omnis
433 782 602 837 homo
631 783 861 839 risibilis
892 788 997 850 est,
1040 790 1097 839 et
1124 801 1289 840 omne
1315 786 1528 840 risibile
1566 786 1736 839 homo

80 926 91 939 ,
139 871 456 927 est.0mnis
470 871 756 926 tetrardus
786 888 887 943 per
904 877 1120 937 tonum,
1141 874 1734 936 semitonium,tonum

138 956 497 1014 remissibilis
535 965 638 1022 est,
679 965 737 1014 et
759 962 943 1015 omnis
971 962 1229 1017 remissio
1259 963 1394 1030 toni,
1427 962 1728 1029 semitonii,

138 1047 260 1101 toni
277 1048 567 1102 tetrardus
590 1053 690 1103 est.
719 1050 828 1104 Sed
857 1051 924 1107 D.
958 1051 1011 1123 d.
1046 1052 1355 1107 remittitur
1372 1058 1525 1111 tono.
1561 1051 1733 1105 semi-

137 1136 315 1202 tonio,
347 1141 515 1205 tono;
562 1154 695 1209 ergo
733 1140 1019 1194 tetrardus
1050 1145 1152 1194 est.
1197 1140 1256 1195 Si
1293 1141 1577 1195 tetrardus
1607 1145 1728 1206 est;

138 1232 240 1281 aut
265 1231 535 1281 autentus
560 1233 665 1293 est,
700 1233 800 1283 aut
828 1229 1084 1300 plagalis.
1128 1230 1233 1284 Sed
1265 1246 1491 1283 necesse
1531 1234 1634 1292 est,
1669 1237 1734 1286 ut

139 1315 213 1368 sit
231 1314 633 1386 plagalis,quia
648 1317 836 1370 nullus
854 1322 1119 1371 autentus
1133 1317 1395 1387 gravibus
1412 1323 1469 1371 et
1485 1317 1733 1387 superio-

137 1402 297 1457 ribus
323 1408 564 1457 constat.
593 1404 1084 1474 Irrefragabilibus
1104 1405 1403 1460 transactis
1430 1422 1732 1475 argumen-

136 1491 487 1557 tationibus,’
499 1497 556 1546 et
581 1493 797 1563 prolixo
827 1500 1044 1548 naturae
1084 1511 1197 1549 suae
1249 1495 1406 1549 ﬁnito
1435 1494 1725 1560 scrutinio,

137 1581 488 1652 baptizemus
507 1581 745 1634 eundem
759 1582 1006 1647 modum,
1031 1584 1385 1637 nominantes
1405 1600 1533 1637 eum
1549 1584 1728 1653 hypo-

136 1669 584 1736 mixolidium,ut
601 1669 681 1724 sic
701 1669 776 1723 sit
796 1669 1093 1739 binomius,
1118 1672 1262 1726 sicut
1282 1689 1411 1727 eum
1430 1672 1727 1727 biformem

135 1759 414 1813 novimus.

611 1848 725 1903 Cur
751 1850 1018 1902 dicantur
1052 1850 1236 1918 Tropi.

205 1937 378 2007 Tropi
415 1935 680 1992 dicuntur
709 1954 744 1990 a
767 1937 1085 1991 reversione
1111 1957 1123 2004 ;
1154 1938 1285 2009 quia
1312 1937 1507 1992 ubiubi
1530 1942 1728 1992 cantus

139 2042 496 2096 quocumque
525 2026 793 2079 ascendat
812 2042 910 2080 seu
935 2026 1256 2094 descendat,
1280 2028 1350 2081 ad
1378 2028 1641 2081 ultimum
1669 2027 1729 2081 in

135 2114 325 2169 ﬁnalis
353 2114 655 2170 revertitur
674 2114 1041 2170 domicilium.

140 2258 341 2313 Utrum
380 2259 525 2311 Trite
545 2258 952 2326 Synemmenon
981 2260 1140 2324 infra
1166 2260 1248 2312 vel
1267 2273 1438 2325 supra
1462 2259 1728 2311 transdu-

204 2330 443 2382 ctoriam
465 2330 722 2397 ponenda
751 2332 822 2383 sit
873 2331 1098 2391 lineam,
1133 2334 1182 2381 et
1232 2334 1427 2381 utrum
1459 2331 1619 2382 molle
1656 2328 1717 2384 b.

204 2400 624 2467 rotundumque
677 2403 750 2453 sit
799 2401 977 2467 magis
1044 2402 1432 2467 necessarium,
1475 2402 1727 2453 minusve

206 2486 380 2539 quam
405 2471 744 2539 quadratum
774 2470 820 2543 ﬁ.

207 2576 395 2631 Causa
425 2581 509 2630 est
536 2576 821 2647 antiquior
849 2594 1019 2648 quam
1049 2577 1296 2639 effectus,
1323 2582 1391 2630 ut
1414 2576 1561 2646 ignis
1581 2593 1729 2630 com-

133 2665 455 2719 bustionem
484 2665 765 2736 praecedit.
817 2666 956 2721 Cum
985 2666 1171 2720 hiatus
1220 2665 1523 2732 diezeuxis,
1552 2665 1611 2719 id
1641 2671 1726 2719 est

132 2753 528 2823 disjunctionis
556 2754 1062 2820 tetrachordorum,
1084 2753 1338 2824 patribus
1361 2754 1569 2807 nostris
1598 2755 1724 2823 plu-

129 2841 281 2895 rima
303 2841 539 2895 canendi
568 2842 956 2913 praetendisset
993 2842 1325 2895 offendicula
1349 2860 1360 2893 :
1394 2840 1525 2911 quia
1554 2841 1722 2896 tritus

129 2930 319 2984 ﬁnalis
345 2930 408 2983 F.
457 2947 627 3000 supra
657 2934 877 3001 quarta,
936 2931 1104 2985 tritus
1165 2930 1439 2984 excellens
1497 2929 1535 2983 f.
1576 2929 1723 2984 infra

128 3019 314 3073 caruit
344 3018 559 3089 quinta,
583 3019 1044 3089 interposuerunt
1071 3019 1202 3072 trite
1222 3034 1629 3089 synemmenon
1650 3020 1721 3073 ad

128 3107 545 3163 emendandum
567 3107 921 3178 jubilationis
960 3108 1260 3162 defectum.
1305 3107 1390 3161 Ibi
1431 3123 1604 3161 causa
1633 3113 1719 3162 est

126 3196 429 3259 diezeuxis,
484 3196 839 3267 interpositio
868 3213 1274 3268 synemmenon
1320 3201 1407 3250 est
1463 3197 1710 3260 effectus,

127 3303 263 3356 ergo
292 3285 589 3357 posterior,
623 3286 757 3349 Quae
806 3287 881 3340 sit
931 3286 1211 3356 posterior
1256 3285 1602 3351 inventione,
1643 3286 1717 3340 sit

125 3376 296 3430 etiam
321 3375 599 3446 posterior
643 3376 704 3429 in
741 3376 1007 3441 sessione,
1041 3376 1187 3430 sicut
1217 3375 1431 3429 advena
1459 3375 1519 3427 in
1547 3374 1715 3427 domo

124 3464 329 3519 aliena.
387 3464 658 3535 Suscepta
706 3464 934 3535 quidem
990 3463 1136 3518 sicut
1182 3463 1403 3518 iambus
1435 3462 1712 3533 spondeos

123 3554 355 3608 stabiles
383 3554 441 3607 in
464 3555 597 3624 jura
623 3559 860 3625 paterna
903 3555 1132 3624 recepit,
1166 3552 1492 3607 commodus
1523 3556 1581 3604 et
1608 3566 1708 3621 pa-

123 3641 292 3708 tiens,
319 3657 432 3696 non
461 3647 527 3696 ut
572 3643 642 3696 de
670 3643 803 3696 sede
831 3642 1076 3696 secunda
1105 3643 1345 3706 cederet,
1380 3645 1478 3694 aut
1512 3643 1714 3709 quarta

120 3730 419 3785 socialiter.
454 3732 600 3801 Ergo
624 3748 1032 3803 synemmenon
1074 3731 1221 3785 infra
1251 3730 1570 3793 collocetur,
1596 3744 1709 3781 non

119 3836 310 3891 supra.
345 3820 479 3884 Quae
524 3823 727 3876 harum
766 3822 839 3875 sit
865 3821 1060 3875 utilior
1089 3820 1426 3874 chordarum
1468 3833 1710 3889 perpen-

118 3909 251 3962 dere
278 3926 599 3981 possumus,
628 3911 676 3965 si
718 3910 1104 3965 discernemus
1135 3910 1297 3979 cujus
1335 3909 1410 3962 sit
1444 3907 1708 3976 frequen-

116 3998 229 4052 tior
255 4014 414 4052 usus.

124 4121 278 4187 Quod
293 4124 463 4175 tritus
478 4124 718 4174 maxime
736 4122 983 4187 indigeat
1013 4134 1564 4188 synemmenon,cum
1586 4119 1705 4184 ipsa

415 4195 663 4260 suppleat
694 4195 857 4245 vicem
886 4194 1227 4259 superiorius
1259 4193 1399 4243 triti.

2065 516 2258 582 species
2286 514 2572 580 diapason,
2606 511 2858 578 quamvis
2874 510 2988 561 sint
3008 513 3139 562 octo.

1889 603 2043 658 Licet
2078 602 2194 657 sint
2222 607 2346 656 octo
2371 599 2584 671 species
2608 598 2898 668 diapason,
2934 595 3189 666 quintam
3208 601 3403 651 tamen

1819 698 1876 747 et
1898 697 2132 757 sextam,
2166 690 2485 761 septimam,
2517 693 2575 742 et
2603 692 2855 741 octavam
2884 685 2993 739 dici
3022 688 3237 739 natura:
3264 686 3408 740 veri-

1814 786 1903 836 tas
1923 799 2035 836 non
2062 782 2456 854 patitur.Cum
2482 778 2635 832 enim
2655 792 2821 831 omne
2849 778 3035 829 totum
3049 773 3118 827 de
3147 772 3264 828 suis
3274 789 3406 846 par-

1814 871 1965 925 tibus
1988 871 2311 926 nominetur
2335 868 2626 933 veraciter,
2655 865 2807 919 idem
2842 864 2904 917 in
2941 868 3064 917 tota
3108 862 3406 934 diapason,

1815 965 1872 1015 et
1888 961 1948 1014 in
1966 961 2083 1015 suis
2109 959 2385 1031 partibus,
2404 958 2755 1012 diatessaron
2785 952 2999 1007 scilicet
3026 967 3091 1006 ac
3116 951 3402 1023 diapente,

1813 1050 2170 1105 considerare
2202 1049 2488 1105 debemus.
2521 1044 2745 1117 Species
2789 1041 3242 1096 diatessaron'et
3276 1040 3405 1095 dia-

1814 1143 1982 1208 pente
2032 1156 2145 1194 non
2176 1139 2367 1211 plures
2397 1152 2567 1208 quam
2610 1136 2851 1204 quatuor
2880 1129 3086 1184 scimus
3117 1144 3269 1198 esse;
3302 1130 3404 1184 sed

1814 1243 1940 1281 cum
1971 1228 2181 1299 species
2238 1228 2510 1298 diapason
2536 1221 2951 1279 constituantur
2998 1219 3067 1272 de
3107 1217 3401 1289 speciebus

1812 1315 2074 1387 diapente
2116 1324 2173 1373 et
2212 1319 2583 1379 diatessaron,
2625 1329 2739 1367 non
2767 1310 3004 1381 possunt
3030 1305 3154 1360 ﬁeri
3183 1307 3397 1378 plures,

1814 1420 1982 1474 quam
2003 1406 2248 1478 partium
2272 1406 2482 1477 species
2509 1421 2521 1457 :
2550 1402 2649 1457 sed
2681 1398 2947 1472 quoniam
2985 1399 3228 1466 quatuor
3267 1412 3397 1468 spe-

1812 1493 1923 1548 cies
1955 1495 2223 1567 diapason
2240 1496 2678 1556 constituuntur,
2699 1490 2782 1543 ita
2801 1492 2868 1542 ut
2892 1486 3243 1541 diatessaron
3261 1503 3400 1558 pm-

1810 1583 1990 1648 cedat,
2020 1586 2282 1657 diapente
2311 1588 2597 1656 sequatur,
2623 1596 2749 1651 quae
2788 1580 2922 1632 sunt
2949 1575 3224 1646 plagales;
3258 1593 3400 1648 qua-

1808 1675 1939 1726 tuor
1958 1678 2148 1728 autem
2171 1674 2270 1739 ita,
2304 1679 2369 1728 ut
2396 1673 2658 1743 diapente
2698 1665 2902 1739 praevia
2938 1664 3289 1721 diatessaron
3326 1670 3403 1724 sit

1745 1757 2042 1826 Bassecla,
2090 1781 2213 1833 quae
2255 1768 2389 1818 sunt
2424 1759 2720 1816 autenticae
2754 1772 2764 1805 :
2797 1760 2955 1827 patet
3001 1753 3249 1824 profecto
3275 1760 3400 1812 octo

1810 1853 2023 1922 species
2054 1868 2194 1917 esse,
2228 1852 2326 1906 sed
2350 1851 2564 1905 nullam
2611 1862 2807 1902 earum
2837 1844 3091 1914 quintam
3124 1861 3254 1899 vere
3290 1846 3401 1901 dici

1811 1957 1993 2010 posse,
2028 1958 2156 1995 cum
2183 1956 2367 2011 neque
2396 1938 2744 1993 diatessaron
2776 1950 2879 1987 nec
2914 1933 3177 2003 diapente
3203 1935 3405 2005 quinta

1811 2031 2023 2100 species
2051 2029 2372 2083 inveniatur
2391 2043 2532 2081 esse.
2560 2024 2696 2089 Quis
2711 2023 2847 2077 dicit
2866 2022 3055 2076 aulam
3073 2022 3317 2092 ligneam
3330 2025 3403 2079 de

1810 2119 1945 2189 ligni
1975 2118 2228 2190 partibus
2250 2134 2363 2172 non
2395 2112 2805 2170 constructam?
2834 2111 3103 2167 Similiter
3123 2112 3249 2183 quis
3265 2113 3404 2168 dicit

1811 2208 2066 2279 quintam
2095 2206 2335 2278 speciem
2364 2204 2634 2275 diapason
2660 2203 2732 2256 de
2758 2200 2967 2272 quintis
3004 2199 3261 2271 partibus
3286 2217 3402 2257 non

1808 2296 2205 2351 consistentem
2229 2314 2241 2362 ;
2274 2311 2401 2349 cum
2432 2293 2591 2347 nulla
2617 2291 2881 2362 diapente
2907 2290 2983 2344 sit
3001 2290 3216 2361 quinta,
3244 2292 3403 2346 nulla

1808 2385 2175 2449 diatessaron,
2202 2400 2324 2454 quae
2343 2387 2476 2437 sunt
2495 2379 2869 2436 constitutivae
2888 2383 3077 2449 partes
3105 2379 3402 2451 diapason?

1810 2475 1919 2530 Sed
1945 2479 2137 2527 tamen
2193 2477 2315 2527 octo
2363 2470 2578 2543 species
2633 2473 2770 2523 sunt
2813 2469 3105 2539 diapason,
3144 2469 3400 2539 quamvis

1809 2561 1966 2614 nulla
1998 2562 2194 2632 quinta
2230 2579 2241 2614 :
2274 2561 2407 2631 quia
2428 2558 2751 2614 octonarius
2772 2557 3045 2612 veraciter
3062 2557 3304 2629 habetur
3330 2576 3398 2614 ac

1810 2653 2185 2718 computatur,
2219 2647 2315 2701 ubi
2345 2636 2742 2718 quaternarius
2763 2644 3101 2715 duplicatur.
3145 2645 3401 2709 Quatuor

1809 2736 2020 2806 species
2058 2742 2191 2791 sunt
2229 2737 2501 2807 diapason
2540 2735 2974 2795 autenticarum,
3005 2738 3248 2804 quatuor
3274 2735 3401 2806 pla-

1805 2825 2039 2895 galium,
2077 2842 2198 2895 quae
2228 2825 2510 2895 complent
2528 2823 2876 2877 octonarium
2901 2841 2914 2887 ;
2940 2821 3155 2876 nullam
3180 2828 3391 2891 tamen,

1805 2918 1870 2967 ut
1896 2914 2274 2984 praediximus,
2304 2913 2560 2984 quintam
2588 2928 2717 2966 vere
2745 2911 2933 2965 dicere
2961 2926 3282 2981 possumus.

1912 3004 1982 3056 De
2015 3002 2387 3055 similitudine
2415 3001 2782 3082 gemelliparz
2801 3003 3046 3066 quatuor
3074 3000 3286 3054 vicibus

2463 3086 2726 3138 geminos.

1871 3160 2192 3231 Cogitemus
2220 3160 2468 3230 aliquam
2498 3158 2580 3227 {in
2608 3162 2830 3212 tantum
2885 3174 3008 3212 esse
3037 3157 3294 3226 fetosam,
3330 3166 3396 3216 ut

1799 3253 2042 3318 quatuor
2059 3249 2269 3302 vicibus
2298 3248 2373 3302 sit
2390 3246 3053 3318 gemellipara,quosdam
3082 3264 3395 3318 germano-

1798 3354 1923 3391 rum
1954 3337 2319 3408 primigenas,
2340 3337 2448 3403 vel,
2466 3342 2531 3390 ut
2544 3336 2626 3390 ita
2655 3335 2930 3404 dicamus,
2955 3336 3382 3407 secundigenas,

1796 3426 2121 3496 tertigenas,
2156 3424 2515 3496 quartigenas
2571 3423 2757 3478 dicere
2805 3439 3124 3495 possumus,
3172 3425 3392 3480 nullum

1793 3519 1984 3568 autem
2011 3514 2415 3584 quintigenam,
2462 3529 2591 3567 cum
2619 3529 2815 3567 eorum
2854 3528 3021 3568 nemo
3051 3513 3249 3585 quinta
3273 3514 3393 3569 vice

1794 3603 1869 3657 sit
1885 3603 2132 3673 genitus,
2167 3602 2423 3674 quamvis
2454 3607 2577 3656 octo
2610 3607 2801 3657 tamen
2846 3618 2968 3657 esse
3006 3618 3121 3657 non
3171 3602 3388 3659 dubite—

1791 3708 1941 3746 mus.

1797 3780 1947 3847 Quod
1970 3782 2200 3849 quidam
2220 3797 2397 3834 unam
2427 3781 2904 3848 musam,quidam
2933 3781 3093 3846 duas,
3118 3785 3385 3848 tres,qua-

1866 3858 2011 3913 tuor,
2045 3854 2306 3919 quinque,
2335 3868 2444 3913 sex,
2471 3856 2688 3919 septem,
2723 3856 2855 3911 octo,
2892 3866 3084 3904 novem
3125 3866 3231 3905 esse
3250 3865 3374 3918 pos-

1862 3925 1977 3976 sint
2006 3924 2181 3975 dicere
2220 3923 2522 3976 secundum
2552 3924 2882 3989 multiplices
2912 3923 3198 3975 rationes.

1858 4012 2039 4065 Unam
2088 4027 2308 4064 musam
2355 4027 2652 4081 possumus
2698 4026 2969 4077 asserere,
3023 4011 3368 4080 generalem,

1788 4100 2001 4154 scilicet
2028 4100 2469 4153 monochordum
2502 4100 2647 4154 vocis
2675 4100 2954 4163 humanae,
2986 4115 3110 4169 quae
3132 4098 3220 4169 {ex
3263 4114 3380 4153 una

1786 4189 1976 4242 ﬁstula
2022 4188 2149 4242 colli
2190 4187 2577 4242 efﬁcacissime
2614 4188 2823 4258 jubilat
2870 4188 3061 4242 omnia
3096 4189 3376 4242 melorum

183 4282 399 4335 Cantus
423 4280 604 4351 quinti
635 4287 693 4334 et
728 4280 869 4333 sexti
900 4280 1019 4334 toni
1048 4279 1403 4349 potissimum
1446 4276 1760 4351 indigent_
1783 4294 2010 4348 genera,
2039 4277 2129 4330 cui
2160 4276 2327 4330 nullae
2344 4276 2672 4347 hydrauliae,
2699 4277 2866 4331 nulla:
2895 4277 3020 4331 alia;
3047 4292 3376 4348 comparan-

109 4385 537 4441 synemmenon,
567 4385 692 4424 cum
723 4371 844 4440 ipsa
881 4369 956 4422 sit
982 4368 1188 4422 vicaria
1214 4368 1335 4421 triti
1373 4366 1700 4438 superioriS'
1717 4341 1766 4399 Β
1786 4374 1879 4421 tur
1907 4367 2126 4420 ﬁstulae.
2148 4366 2277 4419 Haec
2300 4382 2427 4419 cum
2460 4370 2789 4420 cunctarum
2819 4366 3079 4437 suppleat
3103 4365 3372 4432 ofﬁcium,

109 4460 174 4515 In
194 4463 358 4529 proto
390 4475 612 4530 quoque
633 4458 888 4523 succinit,
924 4459 1021 4512 sed
1054 4457 1358 4523 rarissime,
1393 4462 1458 4510 ut
1486 4456 1543 4509 in
1572 4457 1699 4509 Ecce

108 4563 311 4601 nomen
350 4549 578 4601 Domini
614 4565 663 4600 υ.
697 4550 752 4602 d.
775 4552 811 4601 t.
838 4548 1184 4611 Quadratum
1206 4552 1394 4600 autem
1419 4561 1442 4612 η
1473 4562 1586 4598 non
1615 4561 1699 4598 so-

107 4637 225 4691 lum
261 4636 323 4690 in
353 4636 605 4699 deutero,
635 4637 729 4706 qui
758 4653 892 4690 suus
922 4636 1262 4690 domesticus
1293 4640 1395 4698 est,
1411 4634 1507 4688 sed
1529 4633 1697 4688 etiam

105 4725 163 4780 in
192 4730 375 4796 proto,
414 4725 473 4778 in
500 4726 771 4792 tetrardo,
804 4725 860 4778 in
891 4725 1013 4795 ipso
1037 4740 1257 4796 quoque
1286 4724 1421 4777 trito
1460 4740 1695 4778 conver-

103 4821 263 4870 satur
295 4813 517 4868 assidue
542 4831 554 4866 :
578 4815 832 4885 quamvis
859 4814 995 4868 trito
1024 4813 1289 4867 familiari
1315 4829 1427 4867 non
1461 4812 1536 4867 sit
1562 4812 1697 4867 vici-

101 4905 284 4958 nitate
316 4904 697 4973 conjunctum,
732 4903 863 4974 quia
895 4919 998 4957 nec
1030 4919 1064 4955 a
1090 4902 1249 4955 ﬁnali
1277 4902 1338 4955 F.
1370 4918 1473 4955 nec
1501 4901 1572 4955 ab
1598 4919 1695 4956 ex-

101 4992 332 5047 cellenti
360 4991 403 5045 f.
445 4992 637 5063 aliqua
682 4993 856 5047 distat
916 4992 1300 5045 consonantia.
1361 4991 1504 5044 Hinc
1561 4991 1694 5045 licet

98 5081 448 5153 perpendere
482 5080 537 5135 b.
570 5081 728 5148 utile,
752 5082 798 5153 η.
835 5086 1026 5147 autem
1057 5081 1299 5141 multum
1324 5079 1516 5134 utilius
1547 5097 1691 5146 esse,

96 5172 338 5240 ideoque
359 5169 660 5225 admodum
690 5187 811 5224 esse
840 5170 1275 5225 commodiorem
1297 5169 1691 5239 conjunctione

96 5258 552 5330 disjunctionem.
569 5260 691 5323 Qua
712 5260 885 5313 etiam
913 5259 1131 5313 ratione
1161 5258 1559 5329 frequentioris
1580 5259 1691 5313 uti-

94 5348 272 5403 litatis
295 5353 351 5401 et
375 5348 604 5402 rarioris
633 5366 932 5419 possumus
963 5348 1225 5419 colligere
1254 5348 1402 5401 infra
1428 5346 1483 5401 b.
1512 5365 1686 5418 supra

97 5440 137 5503 ig.
164 5436 483 5491 notandum
515 5453 637 5491 esse
667 5437 727 5492 in
751 5438 903 5491 hunc
933 5437 1181 5492 modum.

238 5542 276 5581 a
896 5527 923 5599 η
1517 5541 1547 5577 c

1782 4457 1921 4510 duas
1950 4472 2138 4509 musas
2166 4470 2464 4524 possumus
2512 4453 2785 4524 conjicere
2818 4454 2877 4509 in
2924 4460 3285 4510 autentorum
3317 4459 3377 4509 et

1778 4546 2072 4617 plagarum
2118 4559 2239 4596 esse
2286 4542 2576 4609 dualitate,
2634 4549 2734 4597 aut
2776 4544 2837 4597 in
2889 4544 3244 4614 pulsationis,
3307 4559 3374 4598 ac

1778 4635 2083 4689 inﬂationis
2112 4633 2438 4704 duplicitate
2467 4651 2478 4684 :
2516 4649 2755 4704 quarum
2798 4634 2978 4688 altera
3006 4634 3277 4706 cymbalis
3314 4639 3373 4690 et

1780 4724 2020 4789 chordis,
2052 4724 2231 4777 altera
2254 4722 2457 4776 ﬁstulis
2477 4722 2649 4776 servit
2675 4727 2732 4776 et
2758 4721 2928 4793 tybiis
2961 4740 2973 4774 :
3004 4724 3092 4777 vel
3112 4724 3168 4777 in
3198 4722 3373 4779 biﬁda

1779 4812 1921 4867 arsis
1947 4818 2005 4866 et
2029 4811 2224 4872 thesis,
2251 4811 2308 4864 id
2324 4816 2427 4874 est,
2451 4810 2777 4865 elevationis
2806 4816 2865 4864 et
2889 4810 3254 4882 depositionis
3272 4828 3370 4867 na-

1778 4908 1929 4967 tura,
1960 4902 2079 4956 sine
2104 4917 2215 4972 qua
2237 4916 2349 4955 non
2371 4901 2436 4953 ﬁt
2466 4900 2658 4969 aliqua
2684 4915 2787 4954 vox
2816 4900 3049 4954 musica.
3099 4900 3244 4964 Quid
3282 4907 3371 4957 est

1776 4991 2031 5045 musica?
2058 4991 2244 5044 Motus
2265 5005 2480 5043 vocum.
2517 4988 2713 5043 Omnis
2758 4994 2949 5043 autem
2990 4989 3140 5043 vocis
3177 4993 3367 5044 motus

1774 5081 1860 5134 vel
1887 5079 1999 5134 arsi
2026 5081 2090 5134 ﬁt
2119 5084 2218 5133 aut
2244 5078 2412 5133 thesi.

1842 5170 1978 5224 Tres
2000 5185 2190 5223 musas
2216 5167 2728 5237 intelligimus,non
2759 5166 3001 5221 absurde
3017 5168 3129 5223 tria
3153 5185 3366 5240 genera

1770 5258 2033 5313 musicae:
2068 5258 2446 5323 Diatonicum,
2470 5256 2896 5323 chromaticum,
2930 5258 3360 5314 enarmonium:

1767 5364 1868 5402 seu
1896 5353 2012 5401 tres
2043 5352 2176 5401 sunt
2203 5363 2398 5416 musae,
2423 5346 2546 5418 ipsa
2573 5363 2675 5400 vox
2702 5346 2968 5413 humana,
3007 5347 3359 5418 pulsationis,

1766 5436 2187 5507 inﬁationisque
2207 5436 2454 5490 mixtura
2472 5436 2704 5490 marinis
2731 5436 2791 5490 in
2810 5435 3053 5506 scopulis
3080 5436 3363 5492 resultans

1769 5542 1990 5597 syrena.
2030 5526 2164 5589 Quae
2192 5526 2448 5580 Graecum
2488 5525 2722 5580 sortitur
2750 5523 3083 5580 vocabulum
3112 5543 3125 5579 :
3158 5524 3355 5594 Syrin,

1774 5616 1983 5685 (συρειν)
2018 5615 2169 5669 enim
2204 5615 2395 5670 Graece
2415 5615 2622 5672 dicitur
2640 5615 2993 5684 contrahere,
3015 5615 3166 5672 unde
3181 5621 3365 5688 syrtes
