3914 6360
169 316 306 377 iﬂ‘l

3283 325 3426 384 seu

165 443 396 499 enordis
423 447 755 514 consistunt,
786 451 1310 505 tenet-memoriter.
1357 451 1485 521 Ipse
1524 469 1747 522 quoque
1767 457 1812 510 A
1838 450 2073 504 nexione
2104 450 2260 513 ﬁant,
2293 465 2513 519 semper
2525 455 2716 504 tamen
2732 458 2830 505 aut
2854 453 3175 507 innumero
3197 465 3418 520 vocum,

165 531 306 584 artis
341 532 605 586 facultate
645 536 852 604 optimc
897 538 1033 590 sciat
1072 539 1320 607 legitima
1367 539 1750 609 comprobare,

165 620 370 674 vitiosa
405 623 665 690 quaelibet
709 626 1027 692 emendare,
1080 628 1600 697 irreprebensibiles
1656 647 1755 699 per

163 710 532 778 semetipsum
561 715 872 767 cantilenas
901 716 1232 784 excogitare.

532 803 606 856 De
644 806 862 859 musica:
881 808 1024 857 artis
1051 809 1382 859 mo-ralitate.

232 892 512 957 Ethicam,
544 893 727 955 idest,
758 892 1028 947 moralem
1049 910 1169 946 esse
1199 895 1469 948 musicam
1489 897 1667 966 quivis
1688 914 1753 950 ex

157 980 266 1032 hoc
297 986 488 1050 potest.
509 981 818 1051 percipere,
854 981 1020 1050 quod,
1065 987 1130 1036 ut
1175 1000 1347 1052 supra
1376 984 1606 1047 dictum,
1651 1002 1754 1038 sua

159 1069 381 1126 confert
404 1069 676 1123 beneﬁcia
703 1069 824 1122 sine
855 1069 996 1122 artis
1034 1071 1410 1139 perceptione.
1434 1073 1602 1140 'Unde
1633 1075 1754 1141 ejus

159 1173 302 1210 usus
324 1164 761 1228 artepossessus
784 1163 943 1216 tanto
973 1158 1132 1213 nobis
1155 1159 1412 1224 stabilior.
1427 1166 1482 1214 et
1502 1179 1752 1230 perseve-

158 1246 384 1300 rantior
401 1251 611 1315 quanto
640 1247 763 1316 ipsa
791 1248 952 1302 nobis
979 1254 1062 1301 est
1083 1249 1412 1308 naturalior.
1440 1255 1504 1303 ut
1528 1251 1749 1303 diutur-

160 1334 290 1387 nius
322 1341 554 1403 argento
585 1335 820 1389 inhaeret
847 1353 1048 1390 aurum
1096 1353 1264 1406 quam
1297 1354 1488 1406 cupro.
1524 1339 1751 1391 Mor-alis

161 1439 288 1475 esse
316 1423 538 1492 penitus
568 1424 899 1489 ostenditur,
946 1442 1072 1478 cum
1127 1426 1308 1479 omnis
1356 1443 1538 1485 sexus.
1572 1428 1750 1480 omnis

160 1515 300 1564 aetas
351 1511 408 1564 in
452 1511 552 1566 illa
594 1512 920 1567 delectatur.
974 1515 1088 1567 Nec
1129 1515 1310 1568 solum
1344 1516 1616 1578 humana),
1651 1516 1748 1568 sed

161 1600 345 1653 etiam,
379 1599 569 1654 ferinae
622 1617 781 1655 suam
820 1603 1225 1670 jocunditatem
1253 1605 1633 1656 communicat
1657 1621 1751 1657 na.-

162 1693 322 1742 turaa.
355 1688 716 1758 Percepimus
743 1690 946 1758 quippe
973 1691 1574 1749 autentica,venatores
1604 1693 1748 1746 foliis

161 1777 476 1831 recinentes
506 1793 734 1846 capreas
763 1778 1013 1847 aliasque
1056 1779 1200 1831 feras
1229 1780 1299 1847 ad
1328 1797 1385 1832 se
1427 1781 1712 1849 pellexisse
1738 1800 1751 1845 ;

162 1871 428 1934 patetque
451 1882 564 1930 non
575 1867 798 1934 penitus
827 1866 1139 1922 fabulosum
1163 1884 1299 1928 esse,
1325 1869 1608 1938 Orpheum
1633 1871 1755 1940 lyra

161 1951 461 2007 Plutonem
483 1954 881 2021 placasse,cum
901 1957 1152 2023 legamus
1169 1957 1436 2010 Davi-dem
1455 1959 1751 2011 daemonia.-

1837 545 1936 593 aut
1961 540 2017 592 in
2045 539 2262 592 ratione
2276 544 2778 592 tonorumneumae
2793 541 3125 594 alterutrum
3139 543 3423 595 conferam-

1837 637 1930 681 tur
1959 634 2126 697 atque
2148 628 2524 696 respondeant
2547 647 2557 679 :
2587 643 2732 680 nunc
2755 646 2914 698 aeque
2941 630 3132 699 aequis,
3159 645 3306 684 nunc
3325 632 3424 684 du,

1835 719 1956 786 plac,
2008 717 2092 768 vel
2142 716 2322 786 triplae
2353 716 2719 785 simplicibus,
2762 724 2932 787 atque
2961 713 3104 772 alias
3129 719 3424 772 collatione

1834 804 2202 874 sesquialtera
2229 804 2674 873 velsequitertia.
2713 806 2853 858 Item
2885 812 2949 858 ut
2975 821 3134 859 more
3161 820 3423 859 versuum

1834 893 2217 947 distinctiones
2232 893 2474 961 aequales
2497 893 2626 957 sint,
2643 894 3008 964 etaliquoties
3021 895 3238 948 eadem.
3261 910 3424 964 repe-

1836 982 1971 1045 titae,
2000 987 2097 1034 aut
2113 981 2408 1049 aliquavel'
2420 996 2591 1049 parva
2610 982 2921 1034 mutatione
2938 983 3177 1043 variata,
3211 988 3269 1035 et
3295 997 3422 1046 cum

1836 1070 2166 1140 perpulchra
2193 1068 2403 1122 fuerint
2433 1069 2732 1138 duplicatae
2772 1070 3041 1124 habentes
3070 1076 3276 1140 partes,
3308 1085 3422 1134 non

1837 1159 2000 1212 nimis
2031 1159 2295 1219 diversas,
2331 1163 2392 1210 et.
2418 1175 2539 1226 quae
2569 1159 2863 1228 aliquoties
2896 1160 3104 1222 eaedem
3142 1159 3419 1214 transfor-

1839 1254 2059 1301 mentur
2079 1263 2178 1316 per
2190 1247 2509 1312 modos,aut
2530 1247 2742 1300 similes
2754 1247 2988 1302 intean
3004 1253 3061 1300 et
3075 1249 3418 1302 remissam-

1833 1336 2292 1388 venianturltem
2316 1340 2380 1387 ut
2399 1335 2740 1403 reciprocata
2766 1351 2968 1388 neuma
2991 1336 3185 1388 eadem
3215 1336 3308 1389 via
3326 1353 3417 1389 ree

1834 1424 1965 1477 deat
1994 1441 2103 1492 qua
2127 1430 2374 1487 venerat,
2404 1440 2470 1476 ac
2505 1440 2605 1492 per
2644 1425 2838 1477 eadem
2881 1425 3120 1493 vestigia
3141 1429 3416 1478 recurrat.

1834 1511 1974 1566 Item
2015 1518 2078 1565 ut
2125 1513 2350 1581 qualem
2388 1511 2638 1565 habitum
2670 1513 2760 1564 vel:
2787 1512 2994 1566 lineam
3031 1529 3149 1566 una
3171 1514 3306 1568 facit
3327 1530 3418 1567 sa-

1831 1601 2016 1654 liendo
2043 1599 2112 1653 ab
2129 1600 2501 1660 acutis,talem
2528 1601 2704 1653 altera
2726 1601 2995 1654 inclinata
3017 1619 3049 1655 e
3067 1602 3298 1671 regione
3317 1617 3418 1671 op-

1831 1695 2002 1758 ponat
2030 1689 2417 1757 respondendo
2449 1705 2482 1740 a
2503 1687 2781 1756 gravibus.
2811 1690 2952 1742 Item
2975 1689 3286 1759 aliquando
3307 1706 3422 1755 una

1772 1760 1816 1818 Β
1836 1778 2050 1846 syllaba
2077 1793 2249 1830 unam
2277 1777 2360 1830 vel
2392 1777 2580 1846 plures
2606 1777 2812 1830 habeat
2836 1794 3088 1843 neumas,
3119 1778 3422 1847 aliquando

1837 1883 1950 1920 una
1978 1883 2180 1920 neuma
2214 1867 2402 1935 plures
2423 1865 2705 1918 dividatur
2729 1866 2788 1918 in
2817 1867 3077 1936 syllabas.
3110 1889 3131 1918 1

1907 1955 2178 2019 Quoniam
2205 1955 2426 2023 quidem
2450 1955 2689 2008 domnus
2701 1955 2881 2008 Guido
2905 1956 3003 2011 has
3021 1955 3422 2026 praeceptiones

163 2058 286 2095 cam
305 2042 491 2096 Saulis
521 2043 799 2098 feritatem
825 2043 1206 2098 citharizando
1237 2046 1749 2115 mitigasse.Nonne
1833 2062 1962 2098 suas
1991 2044 2110 2097 sine
2133 2044 2398 2112 exemplis
2421 2043 2669 2112 reliquit,
2696 2044 2830 2113 quia
2848 2061 2958 2109 eas,
2995 2050 3059 2097 ut
3077 2049 3211 2098 sunt
3237 2044 3420 2108 mani-

164 2131 488 2194 modulator
516 2131 689 2186 Arion
710 2133 904 2185 mortis
932 2135 1108 2187 evasit
1129 2135 1753 2203 periculum,excutiens
1835 2133 2022 2198 festas,
2053 2132 2306 2188 credidit.
2335 2148 2436 2184 nos
2456 2133 2717 2184 easvalde
2735 2133 3080 2202 simplicibus
3108 2149 3208 2204 pro
3229 2139 3422 2189 nostro

165 2235 224 2273 se
261 2235 435 2288 super
461 2235 637 2273 unum
685 2221 754 2274 ad
800 2222 1095 2275 melodiam
1146 2239 1304 2275 suam
1351 2224 1753 2276 conﬂuentium
1836 2229 2004 2292 captu
2046 2237 2402 2290 exponemus.
2444 2222 2674 2273 Neumze
2703 2237 2903 2290 nempe
2934 2223 3098 2275 unius
3127 2223 3252 2275 soni
3276 2224 3422 2276 ﬁunt

166 2307 599 2377 delphinorum?
625 2309 850 2362 Μυεὶοεθ
883 2311 1258 2363 moralit-atem
1282 2312 1451 2363 etiam
1470 2311 1632 2364 Plato
1663 2313 1754 2376 de-

166 2401 452 2450 monstrat
467 2397 655 2450 dicens
677 2415 686 2448 :
712 2400 1044 2450 Animorum
1069 2402 1197 2451 item
1225 2401 1602 2466 placiditatem
1633 2417 1753 2453 con-

167 2487 531 2539 stituebat-mur
557 2489 622 2538 in
655 2487 1029 2538 delinimentz's
1059 2493 1107 2539 et
1148 2489 1471 2552 affabilitate
1513 2492 1748 2542 musica.

171 2573 372 2627 Merito
399 2574 535 2627 dicit
569 2574 725 2628 Plato
766 2575 1149 2644 placiditatem
1181 2576 1499 2629 animorum
1529 2594 1650 2630 esse
1694 2579 1752 2630 in

168 2663 400 2724 musica,
426 2679 560 2717 cum.
580 2665 732 2716 nulla
757 2664 1086 2733 inquietudo
1116 2682 1240 2717 cum
1272 2666 1500 2718 assidua
1525 2667 1751 2719 musica:

168 2757 532 2804 conversetur
579 2753 965 2806 delectatione.
1001 2755 1098 2806 Est
1137 2760 1342 2808 tamen.
1385 2760 1446 2806 ut
1491 2756 1745 2822 legimus,

165 2839 401 2909 quidam.
427 2847 704 2909 expertus,
739 2846 796 2893 et
825 2842 884 2894 in
911 2843 1004 2895 illa
1032 2843 1137 2894 hoc
1188 2844 1324 2895 satis
1373 2860 1494 2896 esse
1539 2851 1746 2907 ratum,

163 2928 307 2982 nihil
330 2928 481 2982 omni
498 2935 654 2998 parte
679 2929 903 2983 beatum
926 2948 935 2980 :
964 2931 1058 2998 qui
1088 2932 1357 2999 quosdam
1379 2932 1573 2984 modos
1599 2933 1750 2984 inﬁr-

162 3016 388 3077 miores,
416 3018 684 3086 quosdam
709 3018 875 3071 etiam
900 3019 1073 3072 sensit
1091 3020 1359 3082 saniores,
1383 3037 1546 3089 quem
1571 3022 1747 3091 Phry-

159 3106 284 3174 gius
328 3107 401 3160 ad
433 3107 730 3176 quemdam
775 3108 1086 3160 thalamum
1129 3109 1390 3171 traduxit,
1434 3111 1750 3181 hypophry-

158 3195 400 3263 giusque
430 3196 791 3263 paenitentem
829 3197 1067 3250 reduxit.
1110 3198 1222 3250 Nos
1280 3214 1500 3266 quoque
1545 3199 1750 3251 scimus

163 3284 439 3353 quasdam
467 3285 696 3353 species,
745 3291 807 3338 ut
864 3285 1212 3339 diatessaron
1253 3291 1308 3338 et
1337 3287 1595 3355 diapente
1625 3288 1750 3340 aliis

162 3383 284 3428 esse
307 3372 674 3442 pulchriores,
713 3380 774 3426 ut
803 3373 983 3443 prima
1021 3379 1078 3426 et
1135 3380 1354 3444 quarta,
1403 3376 1656 3429 secundae
1696 3381 1751 3428 et

162 3461 340 3523 tertiae
353 3466 623 3530 superant
634 3462 1273 3515 consonantiam.Prima
1295 3470 1349 3514 et
1370 3469 1568 3531 quarta
1589 3465 1745 3516 semi-

161 3548 380 3603 tonium
414 3549 624 3602 habent
669 3549 726 3601 in
779 3550 980 3608 medio,
1042 3550 1168 3602 ideo
1220 3552 1419 3602 melius
1465 3560 1750 3607 resonant.

164 3637 422 3691 Secunda
451 3643 507 3688 et
526 3637 693 3690 tertia
721 3638 1078 3691 somitonium
1111 3638 1337 3702 habent,
1370 3641 1484 3692 haec
1507 3640 1562 3691 in
1595 3640 1750 3708 prin-

162 3725 330 3794 cipio,
359 3726 452 3778 illa
475 3725 533 3779 in
554 3727 681 3788 ﬁne,
711 3732 766 3780 et
786 3727 912 3779 ideo
929 3728 1150 3780 surdius
1165 3734 1386 3780 sonant.
1421 3729 1527 3779 Sed
1553 3729 1610 3780 in
1639 3729 1752 3779 dia-

161 3818 421 3869 tessaron
449 3813 739 3882 speciebus
769 3814 1075 3879 tolerabilis
1091 3820 1175 3867 est
1199 3815 1512 3879 diversitas,
1545 3825 1602 3868 in
1627 3817 1752 3884 qui-

164 3901 266 3956 bus
297 3901 525 3955 diton'us
561 3902 814 3971 sequitur
852 3902 1232 3962 semitonium.
1279 3908 1344 3956 ut
1387 3903 1444 3955 in
1474 3904 1751 3968 secunda;

164 3992 248 4044 vel
277 3992 538 4061 pmicedit
569 3992 947 4055 semitonium,
984 3999 1046 4046 ut
1082 3994 1136 4044 in
1169 3993 1355 4045 tertia.
1389 3994 1452 4045 In
1492 3993 1754 4061 diapente

164 4086 359 4134 autem
389 4081 636 4134 secunda
655 4087 712 4133 et
738 4082 906 4134 tertia
934 4082 1115 4150 specie
1138 4081 1504 4134 intolerabilis
1535 4087 1755 4133 contur-

162 4169 317 4222 bavit
346 4185 448 4222 nos
477 4169 718 4223 tritonus
761 4188 771 4220 :
808 4187 974 4239 quem
1006 4175 1233 4239 propter
1271 4170 1753 4223 inconsonantiam

162 4259 490 4312 cantionum
537 4276 832 4328 possumus
887 4260 1127 4312 alterum
1173 4259 1462 4311 nominare
1519 4258 1752 4311 Corido-

161 4364 330 4413 nem;
376 4348 473 4400 sed
505 4353 695 4400 tamen
727 4353 811 4400 est
851 4348 1116 4416 obsequio
1156 4348 1447 4400 cantilena:
1490 4364 1753 4400 nonnun—

1835 2311 2272 2380 nepercussione,
2334 2325 2462 2362 cum
2499 2309 2778 2378 simplices
2811 2316 2961 2372 sunt,
2993 2311 3056 2364 id:
3078 2316 3166 2364 est
3194 2312 3281 2364 vel
3306 2328 3421 2367 una

1836 2400 2070 2468 virgula,
2103 2399 2184 2450 vel
2215 2414 2330 2462 una
2354 2398 2657 2465 jacens,vel
2679 2414 2804 2450 cum
2835 2399 3088 2469 duplices
3107 2405 3208 2463 aut
3237 2401 3420 2470 tripli-

1834 2505 1927 2540 ces
1945 2488 2002 2539 in
2026 2487 2272 2554 ejusdem
2292 2490 2424 2538 sunt
2443 2488 2563 2538 soni
2581 2488 3019 2555 repercussione,
3045 2493 3167 2542 tum
3181 2490 3420 2548 duorum

1835 2583 1933 2629 aut
1959 2576 2203 2646 plurium
2232 2575 2572 2627 connexionc
2590 2577 2744 2636 fiant.
2780 2577 3028 2638 Duorum
3058 2582 3158 2631 aut
3176 2578 3420 2647 plurium

1834 2681 2099 2718 sonorum
2131 2663 2474 2715 connexione
2511 2664 2653 2714 ﬁunt
2682 2680 2874 2716 omnes
2905 2681 3142 2727 neumze,
3177 2665 3420 2734 esceptiis

1833 2753 2192 2822 prsescriptis.
2227 2753 2354 2803 Dum
2389 2753 2626 2803 tribus...
2667 2757 2771 2803 tres
2822 2755 3075 2807 tribus...
3109 2758 3168 2805 et
3201 2753 3323 2808 alia:
3352 2753 3421 2806 de

1834 2840 2217 2909 amplioribus,
2243 2855 2380 2908 quas
2409 2840 2572 2892 modo
2593 2840 3204 2908 praeterimussemper
3231 2846 3422 2898 tamen

1831 2933 1930 2981 aut
1950 2930 2004 2980 in
2035 2944 2276 2986 numero.
2299 2943 2515 2991 vocum,
2533 2933 2634 2979 aut
2655 2927 2714 2979 in
2743 2928 2961 2980 ratione
2989 2933 3256 2988 tonorum
3280 2929 3425 2980 alter

1832 3023 2022 3070 utrum
2044 3016 2417 3078 conferantur,
2443 3033 2590 3068 nunc
2618 3032 2795 3085 aequae.
2818 3015 3008 3084 aquis.
3029 3016 3228 3085 [Equle
3249 3014 3423 3084 aequis

1833 3107 2212 3169 conferuntur,
2269 3121 2396 3157 cum
2440 3103 2718 3173 simplices
2766 3104 3132 3172 simplicibus,
3174 3104 3422 3173 duplices

1833 3196 2164 3265 duplicibus,
2197 3194 2445 3263 triplices
2474 3192 2782 3262 triplicibus
2812 3198 3188 3262 apponuntur.
3219 3193 3294 3246 Et
3319 3194 3423 3247 hoc

1833 3291 1932 3337 aut
1968 3285 2027 3336 in
2058 3300 2292 3336 numero
2317 3287 2600 3345 vocum,ut
2624 3281 2680 3333 in
2700 3281 2873 3350 aequis
2890 3282 3013 3334 duae
3041 3281 3276 3346 duabus,
3306 3287 3422 3336 tres

1831 3373 2012 3426 tribus
2042 3372 2419 3424 conferantur.
2455 3370 2515 3422 In
2540 3369 2724 3438 duplis
2754 3369 2876 3422 duae
2901 3369 3020 3443 uni,
3055 3375 3256 3440 quator
3283 3370 3422 3422 dua-

1833 3462 1956 3523 bus,
1990 3461 2170 3530 triplze
2198 3457 2429 3528 simplis,
2465 3463 2563 3510 aut
2587 3458 2643 3509 in
2670 3458 2886 3522 ratione
2914 3459 3197 3511 tonorum.
3237 3459 3420 3511 Tenor

1835 3551 2039 3602 dicitur
2078 3565 2232 3600 mora
2287 3546 2453 3602 vocis.
2505 3545 2598 3614 qui
2639 3546 2698 3598 in
2743 3546 2915 3615 aequis
2966 3551 3069 3610 est,
3103 3547 3148 3598 si
3180 3551 3422 3614 quatuor

1833 3637 2058 3689 vocibus
2089 3637 2209 3688 dua»
2240 3651 2356 3688 com
2369 3639 2654 3701 parantur,
2679 3639 2734 3686 et
2750 3639 3025 3703 quantum
3053 3633 3127 3687 sit
3155 3649 3423 3702 numerus

1834 3725 2076 3778 duarum
2107 3725 2306 3787 minor,
2335 3728 2554 3790 tantum
2573 3737 2769 3774 earum
2786 3737 2943 3774 mora
2963 3721 3036 3775 sit
3057 3721 3424 3789 major.Unde

1835 3814 1892 3865 in
1931 3813 2337 3882 antiquioribus
2389 3809 2796 3879 antiphonariis
2845 3809 3097 3878 utrisque
3153 3825 3198 3861 ε.
3248 3815 3289 3862 t.
3344 3825 3419 3862 m.

1833 3901 2144 3970 reperimus
2192 3916 2454 3969 persaepe,
2501 3915 2622 3968 qua:
2667 3897 3030 3960 celeritatem,
3072 3895 3419 3962 tarditatem,

1835 3989 2276 4054 mediocritatem
2314 3988 2570 4041 innuunt.
2606 3985 2930 4054 Antiquitas
2957 3984 3062 4039 fuit
3091 4001 3294 4053 magna
3321 3985 3423 4040 cir-

1836 4078 2175 4148 eumspectio
2198 4093 2310 4128 non
2327 4077 2506 4134 solum
2529 4072 3241 4141 cantusinventoribus,sed
3252 4073 3426 4129 etiam

1836 4168 1970 4237 ipsis
2000 4165 2340 4228 cantoribus,
2357 4171 2419 4218 ut
2451 4163 2686 4232 quilibet
2699 4161 3190 4232 proportionaliter
3203 4168 3259 4215 et
3275 4161 3426 4217 inve-

1836 4257 2021 4310 nirent
2033 4261 2084 4307 et
2098 4259 2366 4306 canerent
2376 4295 2381 4299 .
2391 4253 2524 4314 Quae
2537 4250 2911 4304 consideratio
2917 4249 3249 4318 jamdudum
3264 4249 3424 4315 obiit,

1837 4345 1948 4399 imo
1980 4343 2198 4412 sepulta
2230 4342 2500 4394 est.Nunc
2519 4346 2740 4394 tantum
2761 4339 2970 4396 sufﬁcit
2987 4344 3050 4392 ut
3065 4337 3278 4411 aliquid
3298 4338 3424 4393 dul—

161 4453 336 4506 quam
364 4437 730 4500 necessarius,
762 4437 906 4490 sicut
941 4436 1185 4490 rusticus
1223 4436 1466 4489 Coridon
1495 4436 1753 4489 domino-
1837 4429 2729 4493 cisonumcomminiscamur,non
2749 4429 3101 4498 attendentes
3117 4426 3426 4499 dulciorem

161 4540 291 4578 rum
323 4524 638 4594 sumptibus
654 4569 665 4579 .

518 4614 595 4664 De
613 4615 1022 4680 opportunitate
1048 4614 1394 4665 modulandi.

233 4701 450 4770 Duplex
477 4707 562 4756 est
586 4701 1128 4770 jubilandidulcedo,
1152 4703 1198 4754 si
1224 4702 1305 4754 ita
1330 4702 1758 4771 proportionali-

161 4795 250 4841 ter
278 4788 639 4841 conferantur
669 4789 1416 4857 neumzedistinctionesque,
1451 4791 1596 4844 sicut
1623 4791 1758 4860 ipsae

160 4877 528 4930 monocbordi
579 4894 738 4929 voces
775 4877 1077 4946 dispositae,
1110 4878 1254 4930 sicut
1305 4879 1544 4932 domnus
1575 4881 1756 4932 Guido

162 4967 326 5019 docet
354 4965 482 5032 (16),
542 4967 787 5018 musicus
836 4967 1059 5035 quidem
1106 4972 1358 5036 tempore
1399 4968 1752 5034 novissimus,

163 5054 410 5108 utilitate
441 5055 676 5125 primus,
709 5056 865 5124 cujus
898 5055 1096 5108 merito
1147 5056 1284 5108 alios
1331 5056 1576 5126 ejusdem
1618 5059 1755 5126 artis

163 5149 534 5214 praeceptores
573 5145 650 5196 ita
684 5160 1095 5212 comparamus,
1129 5151 1191 5197 ut
1231 5152 1414 5197 mutas
1455 5146 1749 5198 vocalibus.

1837 4520 2147 4574 collationis
2161 4519 2575 4588 jubilationem.
2610 4518 2752 4586 Item
2769 4522 2832 4572 ut
2858 4533 3012 4570 more
3031 4527 3290 4571 versuum
3320 4515 3430 4582 dis-

1838 4610 2134 4663 tinctiones
2163 4607 2402 4676 :equales
2418 4606 2782 4668 sint.Sicutin
2802 4604 2941 4658 bene
2963 4605 3278 4674 procuratis
3302 4620 3428 4659 can-

1837 4698 1988 4758 tibus
2017 4697 2495 4764 invenimus,quos
2517 4693 2787 4747 metricos
2805 4693 2988 4748 dicere
3009 4695 3421 4765 possumusmt:

2601 4795 2662 4834 II.

1840 4875 1962 4926 Νοη
1992 4890 2079 4925 vos
2113 4875 2426 4939 relinquam
2458 4871 2750 4936 orphanos,
2785 4871 2920 4921 alia.
2964 4870 3099 4922 Vada
3129 4873 3176 4922 et
3204 4871 3425 4921 veniam

2591 4969 2675 5009 III.

1837 5051 1909 5103 ad
1945 5066 2050 5110 res,
2074 5052 2208 5107 alla.
2251 5053 2296 5100 et
2335 5048 2589 5115 gaudebit.
2622 5061 2712 5097 cor
2740 5051 3003 5108 rastrum,
3038 5049 3174 5099 alla.

1836 5138 1985 5192 Talis
1996 5137 2364 5202 consideratio
2379 5136 2577 5188 similis
2591 5140 2676 5187 est
2688 5134 2966 5188 rhetorico
2979 5134 3170 5197 colori,
3182 5135 3273 5204 qui
3285 5151 3430 5198 com-~

158 5235 317 5301 cujus
363 5232 477 5284 haec
512 5238 642 5285 sunt
697 5232 866 5283 verba
903 5249 915 5284 :
950 5252 973 5281 «
1005 5234 1082 5284 Ac
1114 5250 1468 5302 summopere
1497 5241 1758 5287 caveatur
1837 5227 2288 5296 Ρεινάἱείωννίμιί
2319 5230 2538 5288 constat
2559 5224 2672 5275 fere
2703 5239 2766 5275 ex
2791 5221 2909 5291 Pari
2931 5238 3164 5274 numero
3183 5223 3426 5292 δγηελδει-

156 5322 287 5375 talis
318 5335 648 5374 neumarum
681 5320 1090 5378 distributio,ut
1118 5338 1472 5373 cunni'ieurme
1501 5323 1748 5390 ejusdem
1834 5325 2103 5376 rum.l{oc
2125 5341 2236 5376 non
2250 5324 2318 5376 de
2337 5320 2781 5374 murmuratione
2809 5324 2998 5371 nostra
3018 5319 3275 5381 fiet,dicit
3303 5319 3430 5398 Tul-

161 5409 280 5463 soni
303 5410 744 5479 repercussione,
780 5415 900 5461 tum
934 5406 1174 5462 duarum
1217 5417 1316 5463 aut
1342 5411 1584 5479 plurium
1617 5429 1748 5464 con-
1833 5413 1960 5477 lius,
1995 5430 2125 5466 nam
2149 5414 2204 5466 id
2218 5412 2432 5484 puerile
2456 5410 2664 5474 cst,sed
2678 5415 2897 5462 tantum
2921 5409 3118 5462 alleret
3135 5424 3289 5462 usus.
3313 5428 3340 5461 ς(
3359 5408 3430 5463 Et

232 5575 351 5648 (16)
381 5577 523 5632 Vide
559 5575 892 5647 Patrologiae
915 5583 1052 5632 tom.
1077 5577 1264 5644 CXLI.
