3914 6364
481 312 621 373 1343
1526 318 1805 374 ARIBON
1807 318 1874 375 IS
1915 319 2389 376 SCHOLASTICI
2427 319 2717 376 MUSICA.
3610 312 3767 369 13H

478 441 816 515 aliquotiens
840 441 1052 496 eaedem
1072 441 1437 512 repetitae,vel
1455 459 1627 513 parva
1646 444 1958 497 mutatione
1979 461 2067 498 va-
2084 447 2136 505 Α
2153 444 2556 499 consideratur.
2587 443 2743 498 Idem
2764 457 2985 514 quoque
3012 446 3201 497 motus
3219 444 3443 496 tantum
3462 439 3529 494 ﬁt
3549 454 3768 494 ascen-

476 532 656 598 riatae,
715 554 742 582 υ
792 530 1171 585 diversitatem
1224 548 1560 586 neumarum
1608 532 1888 599 ostendit,
1942 534 2074 603 quia
2155 534 2330 588 sione.

476 621 783 675 similitudo
822 623 1004 672 mater
1060 624 1144 673 est
1199 621 1500 685 societatis,
1552 626 1616 675 ut
1660 621 1876 675 Tullius
1907 622 2064 677 dicit.
2154 632 2227 685 De
2254 633 2635 685 commoditate
2673 635 2940 700 apposita,
2986 638 3037 685 et
3082 633 3228 699 quod
3265 636 3379 685 tam
3414 627 3772 680 ascendendo

479 708 809 778 Exemplum
846 707 920 760 sit
944 707 1095 760 istud
1128 706 1232 775 (l7)
1269 726 1281 761 :
1315 711 1382 763 In
1406 711 1802 763 Jerusalem...
2613 720 2784 771 quam
2813 704 3175 757 descendendo
3205 704 3285 769 fit.

555 815 583 850 «
614 796 836 851 Eaedem
865 796 1115 866 repetitae
1136 796 1222 848 vel
1239 813 1411 867 parva
1428 798 1737 852 mutatione
1755 799 1998 853 variatas.
2040 819 2064 851 )
2220 800 2523 870 Appositus
2561 808 2625 854 ut
2653 800 2985 864 ascensioni,
3017 800 3099 853 ita
3136 805 3222 853 est
3251 797 3522 851 obnoxius
3571 799 3631 848 et
3664 794 3773 847 de-

479 889 642 941 Pater
657 887 943 939 resuscitat
956 901 1029 938 νη.
1054 900 1131 937 νη.
1156 902 1201 938 c.
1221 886 1522 940 d.Flu.rum
1539 887 1600 942 S.
1623 903 1667 939 c.
1685 892 1734 940 et
1751 891 1977 942 satiavit
2004 890 2068 942 de
2149 888 2445 955 scensioni,
2470 893 2534 943 ut
2554 888 2683 943 Ecce
2708 906 2799 956 ego
2832 906 2904 942 m.
2939 890 3007 943 Et
3034 890 3216 941 dicent
3243 889 3425 955 gloria
3457 886 3580 947 tibi,
3614 885 3769 937 Bne.

471 976 714 1044 panibus
744 977 987 1041 quinque
1014 976 1219 1027 millia.
1248 991 1277 1025 α
1306 975 1375 1028 Et
1393 991 1520 1029 cum
1539 976 1832 1046 perpulere
1856 977 2067 1031 fuerint
2148 977 2292 1032 Item
2319 977 2572 1032 intensus
2605 996 2619 1031 :
2645 978 2873 1032 Benedic
2888 978 2951 1043 Ι),
2975 977 3070 1047 qui
3100 981 3287 1030 motus
3307 974 3601 1029 honestior
3616 971 3767 1037 erit,

478 1062 789 1132 duplicatae,
821 1079 850 1113 ι
895 1061 1055 1130 quasi
1083 1062 1333 1131 exegesis
1376 1067 1464 1116 est
1518 1068 1587 1117 et-
1614 1064 1884 1134 expositio
1913 1065 2066 1136 prio-
2148 1067 2195 1119 si
2223 1067 2280 1120 in
2327 1071 2488 1137 proto
2516 1066 2599 1120 ita
2628 1068 2727 1121 ﬁat
2753 1066 2995 1120 intensio
3031 1083 3042 1117 :
3085 1070 3151 1119 ut
3178 1065 3225 1118 si
3246 1064 3400 1135 prior
3427 1065 3629 1132 surgat
3655 1075 3773 1131 per

479 1167 625 1217 rum,
655 1155 946 1221 tamquam
964 1149 1011 1203 si
1040 1150 1252 1204 diceret
1275 1169 1286 1202 :
1313 1150 1531 1206 Eaedem
1546 1152 1660 1206 sint
1679 1154 1950 1223 repetitae,
1969 1155 2065 1207 sed
2148 1161 2363 1217 tonum,
2424 1155 2713 1227 appositus
2767 1154 3051 1221 ascendat,
3094 1158 3194 1208 aut
3238 1170 3338 1224 per
3385 1150 3770 1206 semitonium

478 1245 614 1295 tunc
641 1256 769 1295 cum
810 1240 1119 1311 perpulcrae
1148 1239 1375 1295 fuerint.
1413 1261 1435 1293 «
1470 1243 1541 1296 Et
1579 1259 1702 1313 quae
1731 1243 2068 1313 aliquotiens
2148 1244 2614 1310 trocheicum,i.e.
2633 1245 2792 1314 cujus
2816 1245 3045 1313 longum
3066 1243 3185 1297 toni
3215 1242 3465 1313 spatium
3488 1240 3660 1293 breve
3674 1254 3770 1292 se-

480 1330 691 1385 eaedem
711 1329 1184 1383 transformentur
1201 1330 1524 1399 permodos,
1552 1348 1578 1383 ι)
1601 1336 1665 1384 ut
1677 1334 1890 1385 Festum
1916 1348 2069 1386 nunc
2151 1333 2372 1386 mitonii
2400 1333 2663 1404 praecedit
2695 1351 2705 1384 :
2736 1333 2871 1403 quia
2914 1332 3222 1386 semitonus
3251 1336 3338 1385 est
3367 1330 3604 1401 quidam
3632 1333 3765 1380 tro-

475 1436 520 1473 ο.
544 1417 876 1472 semitonius
905 1422 991 1471 est
1018 1417 1323 1487 utrimque,
1356 1419 1454 1472 sed
1482 1418 1685 1472 diversi
1715 1420 1866 1473 modi
1896 1421 2069 1490 quali-
2149 1422 2363 1486 cheius,
2396 1422 2434 1474 i.
2454 1438 2504 1475 e.
2528 1438 2594 1475 ex
2615 1422 2782 1490 longo
2812 1427 2865 1475 et
2886 1421 3038 1475 brevi
3064 1440 3075 1487 ;
3106 1421 3337 1491 quidam
3376 1418 3657 1472 iambicus
3690 1432 3766 1469 ex

474 1506 720 1578 tutisque
733 1506 932 1560 similis
960 1506 1195 1561 intensaa
1222 1512 1278 1560 et
1290 1507 1555 1573 remissae,
1585 1513 1650 1561 ut
1676 1510 1775 1575 qui
1803 1511 2068 1575 cogitave-
2150 1508 2322 1576 brevi,
2361 1515 2417 1563 et
2446 1511 2598 1563 velut
2624 1511 2691 1564 D.
2727 1510 2787 1562 E.
2831 1510 2900 1566 F.
2939 1511 3007 1564 G.
3040 1509 3279 1563 Ditonus
3324 1506 3626 1562 uniformis
3670 1510 3768 1560 est

473 1600 634 1649 runt.
664 1614 689 1647 ί
717 1594 862 1649 Item
880 1600 946 1649 ut
964 1595 1308 1664 reciprocata
1321 1612 1529 1650 neuma
1547 1597 1743 1649 eadem
1765 1595 1853 1648 via
1875 1598 2071 1651 redeat
2152 1602 2376 1651 tantum
2406 1597 2757 1668 spondeicus,
2790 1602 2890 1651 aut
2943 1614 3044 1668 per
3095 1597 3445 1650 diatessaron
3486 1611 3590 1648 seu
3640 1593 3768 1647 dia-

477 1701 588 1755 qua
605 1688 872 1737 venerat)
895 1688 958 1736 ut
975 1684 1176 1752 sydcra
1202 1687 1387 1737 maria
1402 1688 1685 1738 continens
1705 1701 1862 1738 arva.
1875 1703 1899 1735 ((
1923 1687 2066 1739 Item
2158 1686 2445 1755 pente,sed
2460 1686 2919 1740 diatessarontice
2940 1686 3139 1739 melius
3160 1685 3414 1739 ascendit
3434 1684 3761 1754 appositus,

474 1779 542 1828 ut
562 1773 785 1842 qualem
796 1771 1054 1825 habitum
1073 1772 1159 1826 vel
1181 1772 1391 1826 lineam
1419 1789 1535 1826 una
1560 1773 1697 1826 facit
1724 1774 1973 1827 saliendo
1995 1774 2065 1828 ab
2089 1766 2275 1843 Bquia
2295 1775 2417 1844 ejus
2448 1774 2785 1844 principium
2803 1780 2859 1827 et
2878 1775 3006 1827 ﬁnis
3034 1773 3534 1844 proportionaliter
3562 1771 3766 1825 confe—

475 1859 677 1925 acutis,
700 1861 871 1915 talem
897 1860 1076 1914 altera
1103 1860 1372 1915 inclinata
1399 1876 1429 1914 e
1458 1860 1687 1930 regione
1719 1867 1967 1932 opponat
1988 1879 2073 1915 re-
2153 1869 2311 1915 retur
2337 1862 2609 1933 principio
2628 1870 2685 1915 et
2711 1863 2808 1915 ﬁni
2830 1863 3213 1933 praecedentis,
3248 1862 3375 1915 ﬁnis
3388 1860 3671 1932 principio
3703 1863 3769 1912 et

474 1947 799 2018 spondendo
850 1965 883 2003 a
927 1949 1211 2019 gravibus,
1246 1954 1311 2004 ut
1359 1968 1371 2002 :
1427 1950 1468 2004 0
1495 1951 1845 2006 admirabile.
1874 1968 1898 2001 ι
1930 1951 2071 2004 Item

473 2034 774 2107 aliquando
792 2051 906 2089 una
934 2035 1149 2105 syllaba
1175 2052 1348 2091 unam
1379 2038 1464 2091 vel
1484 2036 1673 2107 plures
1701 2037 1906 2091 habeat
1932 2055 2073 2092 neu-

472 2140 617 2190 mas,
646 2142 672 2176 ))
706 2128 770 2177 ut
790 2124 979 2177 laudes
996 2125 1101 2178 Deo
1118 2141 1173 2192 ;«
1201 2123 1504 2194 aliquando
1526 2141 1641 2179 una
1666 2127 2073 2197 neumaplures

474 2211 755 2267 dividatur
778 2212 836 2266 in
869 2213 1135 2284 syllabas,
1167 2232 1190 2264 ι
1223 2218 1290 2266 ut
1317 2212 1527 2267 Christi
1551 2229 1763 2280 pugna.

543 2296 691 2355 Dicit
716 2301 852 2355 item
884 2301 1125 2355 domnus
1145 2301 1326 2355 Guido
1360 2321 1372 2355 :
1400 2299 1510 2369 (18)
1532 2302 1718 2355 Motus
1740 2303 1917 2356 motui
1947 2308 2070 2356 tum

476 2388 586 2442 erit
609 2391 963 2460 praepositus,
994 2390 1032 2443 i.
1062 2406 1112 2444 e.
1143 2390 1204 2443 in
1244 2389 1626 2459 superioribus
1650 2392 1867 2460 positus
1901 2409 1911 2442 :
1945 2396 2070 2445 tum

478 2478 785 2547 appositus,
819 2478 859 2533 i.
894 2495 944 2532 e.
974 2495 1103 2532 cum
1131 2478 1191 2531 in
1221 2478 1456 2531 eandem
1491 2494 1679 2531 vocem
1730 2479 1898 2532 unius
1942 2479 2069 2533 ﬁnis

478 2565 604 2633 erit,
633 2566 977 2638 alteriusque
1004 2568 1368 2638 principium;
1392 2572 1514 2620 tum
1538 2568 1922 2638 interpositus,
1946 2569 1985 2621 i.
2016 2586 2066 2622 e.

481 2653 706 2724 quando
758 2671 905 2710 unus
952 2656 1152 2709 modus
1191 2656 1334 2709 infra
1361 2656 1536 2709 alium
1563 2657 1777 2726 positus
1805 2666 1862 2710 et
1887 2658 2072 2711 minus

2155 1951 2251 2003 ﬁni
2281 1967 2381 2020 per
2403 1950 2750 2004 diatessaron
2778 1957 2836 2005 et
2861 1951 3142 2021 diapente,
3175 1950 3512 2021 principium
3534 1948 3637 2002 ﬁni
3657 1964 3769 2018 per

2157 2044 2374 2092 tonum.
2397 2040 2503 2092 Sed
2516 2039 2864 2110 diapenticus
2893 2040 3182 2110 appositus
3206 2044 3429 2093 tantum
3452 2054 3554 2108 per
3583 2037 3769 2091 ﬁnem

2159 2127 2260 2181 ﬁni
2288 2128 2654 2198 praecedentis
2679 2128 2980 2199 respondet
3008 2145 3110 2198 per
3135 2127 3580 2199 diapente,autsi
3602 2125 3770 2196 prior

2155 2216 2335 2286 surgit
2353 2233 2450 2286 per
2462 2217 2772 2270 trocheium
2781 2217 3159 2283 ,semitonium
3181 2215 3368 2269 habet.
3380 2218 3445 2282 ,(1
3457 2213 3628 2282 9)Sed
3639 2216 3771 2270 hac

2152 2303 2402 2374 apertius
2430 2321 2491 2358 se
2517 2305 2889 2374 praesentibus
2910 2305 3146 2358 oﬁ‘erent
3166 2303 3555 2374 colloquendo,
3581 2318 3766 2372 quam

2152 2392 2477 2446 absentibus
2492 2392 2966 2456 scribendo.Quod
2978 2392 3137 2446 nobis
3156 2392 3369 2446 invidet
3390 2390 3764 2445 commodum

2152 2480 2496 2535 detestabilis
2524 2482 2880 2551 intercapedo
2911 2482 3193 2548 locorum;
3226 2481 3283 2534 in
3332 2481 3452 2534 sola
3476 2479 3629 2534 enim
3662 2479 3764 2533 ul-

2151 2571 2290 2623 tima
2318 2575 2478 2639 parte
2520 2571 2626 2623 hoc
2649 2575 3045 2639 argumentum
3069 2569 3420 2640 reliquimus,
3443 2573 3509 2622 ut
3538 2568 3765 2622 melum

2154 2672 2255 2708 suo
2277 2658 2526 2711 tetrardo
2548 2659 2882 2712 conveniens
2912 2659 3295 2712 redderemus.
3327 2657 3635 2711 Recordari
3667 2657 3775 2710 de-

477 2746 564 2796 est
589 2743 794 2812 gravis,
815 2744 1068 2798 etminus
1097 2748 1293 2798 acutus
1316 2763 1328 2810 ;
1363 2751 1486 2798 tum
1511 2745 1863 2811 commixtus,
1888 2746 1944 2798 id
1967 2750 2067 2811 est,
2154 2744 2317 2810 betis,
2354 2746 2462 2800 due
2490 2747 2629 2800 mihi
2653 2747 3415 2812 dilectissime,venerabilem
3438 2746 3772 2800 Guidonem

481 2831 689 2901 partim
716 2831 1102 2904 interpositus,
1142 2833 1466 2903 partimque
1502 2834 1841 2903 suppositus.
1873 2852 1895 2883 ‹
1930 2833 2074 2896 Quo—
2155 2833 2377 2888 dixisse.
2411 2835 2526 2890 Has
2553 2836 2746 2906 itaque
2776 2837 2842 2889 V.
2894 2836 3110 2890 vocales
3149 2852 3456 2890 sumamus.
3491 2834 3769 2889 Forsitan

477 2935 606 2974 rum
636 2922 889 2992 exempla
934 2922 1079 2979 sicut
1100 2923 1372 2993 priorum,
1402 2938 1473 2975 ne
1504 2921 1833 2992 simplicitas
1855 2919 2074 2974 laboret
2156 2923 2306 2975 enim
2338 2928 2561 2977 tantum
2601 2924 2859 2979 tribuunt
2902 2926 3212 2980 concordiae
3246 2923 3448 2990 verbis,
3481 2929 3773 2994 quantum

477 3008 1219 3081 aliquorum,proponemus.
1254 3010 1441 3065 Motus
1462 3010 1642 3064 motui
1667 3011 1775 3064 erit
1801 2998 2512 3081 praeposi-Cconcinentiae
2560 3013 2911 3085 praestabunt
2965 3019 3023 3068 et
3067 3013 3307 3068 neumis.
3359 3014 3776 3084 Supponantur

472 3100 584 3163 tus,
618 3102 683 3151 ut
712 3115 725 3152 :
753 3101 985 3154 Clarum
1007 3100 1164 3152 decus
1184 3116 1206 3166 ;
1233 3098 1542 3169 appositus,
1573 3102 1638 3151 ut
1665 3116 1677 3153 :
1712 3100 1842 3152 Ecce
1870 3114 1961 3165 ego
1990 3114 2064 3150 τη.

472 3201 524 3241 υ.
557 3186 942 3256 interpositus,
967 3191 1032 3240 ut
1063 3204 1076 3238 :
1118 3188 1385 3240 Nascetur
1414 3188 1568 3239 nobis
1591 3202 1649 3255 ρ.
1682 3191 1731 3239 et
1761 3189 2062 3249 vocabitur,

474 3273 840 3339 Commixtus,
870 3281 936 3328 ut
967 3292 979 3326 :
1013 3276 1055 3329 A
1083 3276 1291 3328 deatris
1320 3276 1504 3328 Patris
1535 3277 1636 3341 qui
1660 3291 1705 3327 s.
1739 3291 1782 3327 s.
1820 3292 1894 3330 m.
1928 3291 1985 3328 η.
2017 3291 2061 3327 s.

472 3417 546 3470 De
575 3419 981 3486 opportunitate
1030 3421 1226 3479 motus,
1260 3418 1360 3484 qui
1407 3418 1619 3470 dicitur
1641 3421 1983 3486 prapositus,
2016 3425 2065 3473 et

827 3488 970 3555 quod
998 3491 1220 3542 tantum
1248 3491 1321 3541 sit
1352 3491 1702 3542 ascensionis.

540 3629 881 3700 Praepositus
911 3630 1020 3684 erit
1046 3630 1432 3701 opportunior,
1466 3629 1514 3683 si
1538 3630 1691 3701 prior
1728 3635 1925 3700 surgat
1961 3647 2063 3701 per

466 3720 685 3783 tonum,
721 3722 779 3772 et
818 3718 1140 3772 intermisso
1177 3718 1470 3772 semitonio
1500 3719 1831 3789 praepositus
1854 3720 2057 3773 iterum

466 3813 663 3878 surgat
690 3822 792 3878 per
818 3812 1035 3873 tonum,
1066 3808 1199 3878 quia
1227 3807 1306 3860 ita
1335 3806 1498 3860 ambo
1542 3807 1601 3859 in
1637 3807 1896 3877 diapente
1925 3824 2059 3861 con-

464 3900 637 3966 stant,
668 3900 733 3950 ut
762 3910 775 3944 :
809 3896 1039 3950 Clarum
1061 3898 1255 3957 decus;
1287 3900 1387 3949 aut
1414 3911 1513 3965 per
1541 3895 1795 3949 ditonum
1824 3897 2061 3950 tendens

460 3985 795 4056 praepositus
822 3985 895 4038 ad
924 3984 1261 4055 principium
1302 3984 1506 4054 prioris
1538 4001 1636 4054 per
1680 3984 1942 4055 diapente
1972 4002 2062 4039 re-

462 4075 670 4140 sultet;
703 4073 835 4144 quia
872 4073 1380 4129 considerationem
1402 4072 1840 4143 proportionis,i
1879 4090 1926 4127 e.
1956 4075 2063 4128 col-

459 4160 687 4216 lationis
716 4162 925 4215 habere
954 4161 1221 4215 debemus
1266 4161 1324 4214 in
1371 4161 1503 4214 illis.
1537 4160 1695 4214 Unde
1726 4163 2059 4232 praepositus

458 4267 560 4323 per
587 4250 938 4305 diatessaron
967 4256 1023 4304 et
1062 4250 1323 4320 diapente
1365 4266 1478 4303 non
1498 4255 1584 4303 est
1612 4250 1957 4303 formandus.
2001 4252 2060 4305 Si

2150 3099 2340 3169 itaque
2367 3101 2573 3154 litteris
2598 3102 2987 3168 monochordi,
3010 3108 3066 3156 et
3095 3102 3229 3173 quia
3256 3102 3321 3154 V.
3346 3107 3574 3155 tantum
3606 3106 3769 3167 sunt,

2148 3190 2371 3243 tamdiu
2401 3192 2746 3260 repetantur,
2782 3192 2961 3245 donec
2992 3191 3293 3261 unicuique
3322 3206 3459 3244 sono
3487 3207 3595 3245 sua
3623 3188 3771 3244 sub-

2148 3277 2429 3332 scribatur
2455 3280 2681 3347 vocalis,
2715 3286 2775 3335 et
2793 3280 2864 3335 ad
2893 3280 3066 3334 istum
3097 3280 3343 3349 dirigent
3380 3279 3628 3334 modum.

2147 3455 2725 3510 I‘ABCDEFG.
2863 3456 3332 3528 abhcdefg.

2144 3560 2691 3598 361011.381
2854 3561 3323 3599 08.861011.
3471 3561 3712 3599 8810

2179 3648 2731 3688 ou.aeiou.a
2891 3650 3296 3687 81011.381
3459 3650 3729 3688 011.86.

2141 3721 2214 3774 Et
2242 3721 2576 3791 quibusdam
2608 3722 2959 3792 interpositis
2984 3722 3276 3792 subjungit
3307 3740 3318 3774 ε
3345 3721 3443 3775 sed
3466 3738 3539 3775 ne
3558 3724 3760 3792 gravis

2140 3808 2244 3862 tibi
2262 3810 2585 3880 imponatur
2603 3810 2924 3877 necessitas,
2960 3811 3106 3881 quod
3136 3811 3207 3864 ad
3231 3811 3379 3864 hunc
3405 3811 3637 3865 modum
3662 3812 3764 3866 vix

2144 3897 2373 3951 cuilibet
2402 3899 2824 3968 symphoniaeV.
2840 3898 3096 3952 accidant
3120 3904 3365 3963 voces,et
3394 3898 3545 3968 ipsas
3565 3905 3759 3953 trans-

2141 3987 2302 4055 gredi
2327 4003 2472 4056 saepe
2502 3988 2574 4040 ad
2596 3992 2784 4042 votum
2822 4004 2933 4041 non
2973 3988 3232 4054 sufﬁciat,
3258 3992 3323 4040 ut
3352 3987 3456 4040 tibi
3484 3988 3656 4058 paulo
3687 3988 3761 4041 li-

2142 4074 2331 4128 berius
2357 4075 2525 4128 liceat
2549 4076 2771 4145 evagari
2795 4076 2924 4140 alio,
2952 4076 3089 4129 item
3110 4092 3335 4129 versum
3351 4074 3631 4146 subjunge
3657 4092 3761 4130 vo-

2143 4164 2366 4217 calium.
2401 4164 2509 4217 Sed
2555 4164 2634 4217 ita
2665 4164 2739 4217 sit
2768 4165 3109 4230 diversus,ut
3133 4181 3167 4217 a
3193 4164 3363 4218 tertio
3392 4165 3513 4217 loco
3543 4165 3754 4235 prioris

2140 4252 2371 4321 incipiat
2399 4252 2503 4305 hoc
2537 4253 2702 4306 modo
2740 4272 2750 4305 :
2783 4254 2911 4306 Ecce
2941 4255 3207 4321 quomodo
3237 4256 3500 4309 moritur.
3535 4252 3751 4307 Omnes

459 4344 653 4393 autem
681 4339 834 4409 prior
850 4344 1044 4408 surgat
1058 4355 1157 4409 per
1172 4339 1535 4392 semitonium
1555 4337 1887 4409 interposito
1904 4345 2056 4399 tono,
2143 4341 2370 4410 syllabae
2397 4346 2593 4393 contra
2623 4358 2788 4395 suum
2818 4342 3067 4395 vocalem
3116 4347 3247 4395 sunt
3288 4340 3483 4411 positae
3514 4348 3753 4413 excepta

459 4427 791 4498 praepositus
828 4428 1061 4483 scandat
1096 4444 1196 4497 per
1241 4432 1459 4493 tonum,
1493 4431 1557 4480 ut
1602 4426 1681 4480 ita
1717 4420 2119 4498 principiumD
2140 4431 2271 4496 hau,
2306 4446 2427 4499 quae
2458 4435 2544 4482 est
2570 4429 2628 4482 in
2659 4431 2907 4494 hauriat,
2936 4431 3135 4483 ultima
3159 4430 3418 4483 videlicet
3436 4430 3608 4499 hujus
3632 4448 3758 4484 ver-

459 4517 584 4585 ejus
621 4520 678 4568 et
704 4514 831 4568 ﬁnis
860 4515 931 4568 ad
960 4515 1300 4585 principium
1346 4514 1549 4585 prioris
1580 4531 1681 4585 per
1710 4515 2057 4569 diatessaron
2139 4534 2233 4571 sus
2258 4524 2435 4588 parte,
2470 4518 2601 4588 quia
2627 4519 2739 4570 hau
2773 4518 2997 4589 syllabae
3027 4524 3181 4588 sunt,
3209 4519 3265 4571 h.
3318 4524 3376 4572 et
3420 4534 3480 4571 u.
3513 4525 3573 4572 et
3609 4535 3641 4573 e
3694 4526 3756 4574 et

459 4607 518 4657 et
546 4601 827 4673 diapente,
863 4602 934 4655 ad
962 4603 1132 4655 ﬁnem
1163 4607 1352 4656 autem
1396 4604 1517 4672 ejus
1561 4619 1662 4672 per
1691 4609 1885 4657 tonum
1915 4606 2056 4659 dito-
2138 4607 2387 4661 musicus
2415 4622 2646 4660 causam
2661 4607 2854 4673 tradit,
2876 4624 2976 4660 cur
3000 4607 3082 4661 ita
3105 4607 3431 4673 mutaverit,
3463 4607 3598 4677 quia
3621 4625 3752 4662 con-

459 4707 711 4762 numque
731 4690 997 4744 resultet:
1034 4690 1157 4745 aliis
1187 4691 1366 4745 modis
1391 4691 1578 4745 minus
1601 4691 1711 4745 erit
1741 4694 2052 4761 commode,
2137 4695 2450 4748 venientius
2489 4700 2652 4749 sonat
2683 4697 2795 4749 hau
2830 4696 2889 4748 in
2918 4696 2979 4749 F.
3005 4713 3174 4766 quam
3203 4696 3264 4749 in
3294 4695 3359 4750 G.
3390 4711 3514 4766 qua:
3542 4702 3750 4750 tetrar-

458 4795 588 4834 cum
608 4778 987 4851 proportionis
1006 4780 1482 4850 commoditasque
1502 4785 1558 4834 et
1571 4780 1920 4834 concinentia
1943 4799 2056 4836 non
2140 4784 2196 4836 di
2219 4783 2404 4837 ﬁnalis
2429 4782 2596 4837 debet
2623 4800 2743 4837 esse
2776 4782 2908 4853 (‘20).

472 4949 512 4985 es
528 4955 581 4975 --ι
599 4940 653 4984 ιτ]
672 4959 1018 4973 ---‹---
1031 4961 1260 4972 ——-—
1276 4963 1323 4973 —-
1336 4934 3375 4988 —-————-————-——-——vi—-———————————-———
3392 4964 3742 4981 -————--

472 5016 511 5056 β
544 5030 581 5060 ω
599 5013 653 5060 Ω
674 5011 2880 5060 ————-—————-————-——-———-—-——net—sum—ven——-—
2895 5037 3583 5050 ——————————-
3602 5040 3738 5050 -——

469 5093 509 5126 ο
542 5095 579 5129 σε
597 5080 652 5121 C5
668 5102 1310 5117 —————————
1326 5101 1740 5116 —-——---—
1753 5077 3743 5132 ———ror—-so—-——-—fo—-do-con———-va--———————

452 5175 508 5197 ...
542 5165 580 5203 ει
596 5146 1815 5199 π---------------ιί-
1830 5150 3096 5203 -———in—————-—--—-—-——-————-
3112 5150 3288 5202 -—ni-—
3304 5178 3741 5193 --.----

468 5237 508 5268 ω
540 5242 579 5275 ο
596 5225 650 5274 4
667 5217 3069 5287 ——-————fre——temperet—ne-—hor————--—-—-—-—-—-——-te-—-ne
3084 5252 3132 5260 —
3147 5226 3735 5276 ——tes——————

468 5311 508 5348 σε
525 5313 578 5334 --~
596 5298 649 5345 ε’)
669 5288 1543 5360 —Linguam—-—nans——-—
1554 5317 1680 5330 ——
1694 5289 1834 5343 —tis
1847 5319 1971 5331 --
1982 5298 3280 5362 —-—-——-———————————-gat———ta
3291 5322 3455 5333 ——--
3467 5293 3737 5348 -—riat.—-

468 5376 508 5416 ες
542 5381 579 5412 υ
596 5370 651 5413 ιι.
669 5364 3739 5418 —————-re————-—————————-————————-———-—-——---hau——-

530 5512 640 5580 (17)
665 5511 795 5564 Haec
815 5526 944 5583 cum
968 5510 1179 5583 notulis
1203 5511 1471 5583 antiquis,
1496 5512 1790 5583 sequentia
1810 5518 1939 5568 sunt
1958 5531 2053 5569 an-

459 5583 825 5653 tiphonarum
856 5581 1033 5653 initia.

531 5651 639 5722 (18)
672 5650 806 5707 Vid.
828 5651 927 5706 ubi
949 5668 1140 5723 supra.

2209 5513 2320 5588 (19)
2350 5515 2651 5588 Sequentia
2699 5515 2887 5568 omnia
2930 5515 3188 5587 abrupta,
3232 5532 3334 5571 nec
3364 5532 3493 5571 cum
3523 5532 3733 5588 praece-

2135 5585 2396 5639 dentibus
2423 5587 2722 5640 cohaerent.

2212 5654 2321 5725 (20)
2342 5658 2483 5712 Vide
2505 5657 2770 5712 tabellam
2799 5658 2860 5712 in
2880 5657 3157 5716 Guidone.
