3914 6358
146 334 293 392 1345

661 463 922 517 Aribonis
947 467 1238 518 sententia.

772 337 1075 393 HENRICI
1113 339 1401 395 CLERICI
1439 339 1888 396 POMPOSIANI
1928 339 2154 396 EPIST.
2194 339 2292 394 AD
2330 339 2792 399 STEPHANUM.

3289 350 3427 410 1346

1768 463 1893 528 Ain
1937 463 2260 534 antiphonis
2289 482 2301 517 :
2344 466 2472 518 Ecce
2500 479 2699 518 nomen
2726 467 2790 520 D.
2824 469 3076 537 quamvis
3103 472 3179 526 sit
3221 478 3426 529 auten-

220 550 488 615 Quamvis
514 555 705 604 autem
733 551 844 605 duo
871 568 1097 622 semper
1129 553 1248 606 toni
1278 553 1338 607 in
1367 570 1483 608 una
1513 553 1626 608 sint
1654 553 1750 607 lit-
1833 553 1964 618 tica,
1988 554 2176 624 plures
2206 558 2397 607 tamen
2421 553 2542 622 ejus
2567 569 2782 609 neumae
2813 563 3047 626 possunt
3073 560 3318 630 plagales
3341 563 3423 616 vi-

143 643 273 692 tera
304 639 390 693 vel
428 656 579 705 voce,
611 644 801 693 tamen
844 641 1019 694 multo
1064 641 1266 695 melius
1303 647 1360 694 et
1401 642 1751 712 frequentius
1833 641 1953 695 deri
1983 658 2152 712 quam
2197 641 2513 703 autenticae,
2546 647 2609 695 ut
2649 647 2822 712 puta:
2853 646 2999 710 Ecce,
3034 651 3091 700 et
3124 664 3338 714 nomen,
3371 655 3428 705 et

144 729 490 782 conveniunt
515 729 751 798 singulis
780 729 1000 782 neumis
1023 745 1088 782 ac
1119 729 1286 792 sonis,
1321 730 1579 784 formulis
1608 731 1746 795 toni,

143 815 401 882 secundi,
438 816 646 887 quarti,
681 817 841 882 sexti,
874 822 930 870 et
961 817 1160 870 octavi.
1187 818 1331 870 Nam
1361 818 1612 872 formulae
1640 817 1752 888 pri-

142 904 244 970 mi,
267 905 446 971 tertii,
473 905 672 975 quinti,
704 905 926 976 septimi
951 921 1064 958 non
1094 907 1450 971 conveniunt,
1485 906 1594 960 nisi
1620 923 1748 960 cum

141 999 348 1048 cantus
393 993 680 1048 descendit
723 993 793 1047 ab
823 994 958 1061 alto,
992 998 1049 1048 et
1078 993 1137 1047 in
1179 1011 1408 1064 gravem
1459 995 1745 1050 devenerit

141 1083 342 1137 ﬁnem.

433 1174 562 1226 Alia
599 1174 870 1225 sententia
902 1173 1121 1225 utiliter
1148 1175 1462 1239 explanata.

215 1260 486 1325 Quamvis
515 1265 714 1316 cantus
739 1261 814 1314 sit
841 1261 1178 1326 autenticus,
1201 1269 1391 1315 tamen
1419 1261 1607 1332 plures
1627 1263 1750 1332 ejus

138 1364 368 1403 neumae
415 1352 472 1402 et
512 1348 634 1402 soni
681 1353 978 1402 versantur
1003 1347 1061 1400 in
1091 1348 1157 1400 V.
1201 1349 1320 1418 ejus
1348 1348 1591 1414 chordis,
1629 1365 1750 1418 quae

139 1453 479 1492 communes
507 1443 641 1490 sunt
669 1436 914 1491 autentis
941 1443 998 1490 et
1025 1437 1358 1506 plagalibus,
1385 1453 1551 1508 quam
1582 1437 1750 1491 versi-

137 1525 272 1592 bus,
307 1542 432 1596 qute
473 1527 720 1580 autentis
750 1525 1054 1596 separatim
1087 1525 1470 1596 deputantur;
1511 1527 1750 1597 ideoque

138 1615 352 1685 saepius
377 1619 433 1668 et
460 1614 662 1668 melius
684 1613 938 1668 formulis
968 1614 1293 1685 plagalium,
1329 1615 1498 1668 etiam
1530 1631 1749 1669 neumze

138 1703 562 1758 autenticorum
575 1703 930 1762 conveniunt.
944 1703 1002 1756 in
1019 1703 1222 1774 quibus
1237 1705 1439 1775 saepius
1455 1711 1750 1759 morantur

1834 732 1961 795 Dni,
1979 737 2035 783 et
2057 733 2119 783 de
2141 732 2462 798 longinquo,
2481 746 2544 783 ac
2565 736 2623 784 et
2639 734 2888 799 claritas,
2919 739 2976 788 et
3000 739 3136 804 ejus,
3162 742 3219 790 et
3235 741 3427 808 replet,

1831 824 1886 872 et
1916 822 2118 884 orbem,
2151 825 2207 872 et
2237 825 2520 872 terrarum
2550 826 2682 872 sunt
2704 820 2972 890 plagales,
2997 829 3060 877 ut
3087 831 3218 894 pote
3246 827 3428 896 spatio

1831 907 2137 978 plagalium
2153 912 2470 974 currentes;
2495 908 2614 961 sola
2633 912 2780 961 venit
2801 917 2888 964 est
2905 912 3210 980 autentica,
3233 931 3430 970 omnes

1825 1001 2016 1049 tamen
2046 997 2167 1066 ejus
2212 1012 2430 1049 neumze
2458 996 2705 1066 plagales
2753 1003 2884 1052 sunt
2928 999 3198 1064 dicendae,
3233 1003 3369 1072 quia
3395 1019 3432 1057 a

1827 1083 2012 1138 finalis
2035 1085 2234 1154 quinta
2262 1101 2375 1138 non
2404 1085 2753 1139 transcendit
2781 1087 3050 1142 chordam
3077 1107 3088 1142 :
3122 1089 3204 1144 sic
3227 1090 3289 1144 in
3306 1092 3432 1162 plu-

1829 1172 1986 1227 ribus
2007 1173 2202 1227 eadem
2219 1173 2366 1226 ratio
2393 1177 2477 1226 est
2506 1173 2781 1241 habenda,
2805 1176 2875 1230 de
2895 1176 3098 1248 quibus
3119 1179 3286 1234 modo
3310 1197 3426 1236 non

1832 1267 1918 1314 est
1964 1261 2261 1315 dicendum
2299 1277 2400 1331 per
2441 1261 2680 1331 singula.
2715 1262 2948 1325 Quando
2993 1270 3184 1320 autem
3213 1282 3248 1320 a
3272 1267 3431 1322 ﬁnali

1832 1350 2039 1403 chorda
2065 1350 2328 1421 diapente
2343 1349 2764 1416 transcendunt,
2779 1357 2837 1405 et
2848 1358 3064 1408 sextam
3075 1394 3089 1421 ,
3106 1355 3425 1426 septimam,

1833 1444 2087 1492 octavam
2128 1443 2372 1508 tangunt
2407 1438 2679 1504 melodize,
2707 1444 2842 1494 tunc
2869 1443 3281 1499 autenticorum
3312 1445 3427 1499 for-

1832 1529 2019 1593 mulis,
2054 1545 2176 1598 quae
2207 1528 2319 1582 alte
2367 1527 2762 1593 extenduntur,
2814 1531 3168 1586 conveniunt.
3211 1533 3280 1587 Et
3319 1533 3428 1588 hoc

1833 1621 1936 1682 est,
1971 1617 2120 1686 quod
2149 1615 2284 1670 dicit
2312 1619 2428 1670 nisi
2467 1633 2594 1670 cum
2623 1622 2819 1670 cantus
2846 1622 2960 1674 alto
2985 1621 3259 1676 descendit
3283 1625 3342 1676 et
3367 1621 3429 1676 in

1834 1722 1892 1774 g.
1925 1704 1978 1758 d.
2012 1703 2051 1757 f.

1392 1821 1631 1888 Ea‘plicit
1661 1822 1871 1874 Musica
1891 1819 2175 1875 Arz'bonis.

1503 2129 1585 2172 AN
1629 2125 1846 2173 DOMINI
1887 2125 2062 2171 MXCII

179 2331 1052 2553 HENBIGUS
1202 2331 1749 2550 GLERb

1852 2329 2036 2551 US
2191 2329 3384 2552 ΡθΜΡθὲΙΛΝυὸ

437 2689 1084 2786 MONITUM
1158 2689 1302 2781 IN
1379 2688 2197 2784 OPUSCULUM
2273 2688 3124 2799 SUBSEQUENS

1132 2901 1546 2970 (Mox'rmvcox,
1588 2902 1851 2954 Dz’arium
1891 2902 2180 2966 Italicum,
2227 2917 2282 2971 p.
2325 2897 2432 2960 80,).

227 3115 240 3128 .
263 3115 275 3128 .
299 3113 352 3142 ,ρ
389 3071 722 3142 Pomposam
750 3070 1171 3135 monasterium,
1204 3069 1716 3142 olimiperamplum
1760 3070 2185 3141 sanctitatisque
2213 3070 2362 3124 fama
2401 3069 2754 3139 insignitum,
2783 3071 3044 3137 vidimus,
3071 3072 3193 3142 jam
3220 3073 3412 3126 deser-

141 3149 287 3196 tum.
319 3141 384 3195 Id
411 3141 707 3214 undecimo
735 3142 954 3214 saeculo,
987 3141 1264 3214 Guiﬁdonis
1305 3141 1525 3214 abbatis
1551 3158 1898 3214 opera._cum
1931 3142 2127 3214 primis
2168 3143 2608 3212 frequentatum,
2649 3147 2777 3214 post
2815 3159 3043 3214 accessu
3073 3141 3415 3214 principium

142 3221 201 3268 et
231 3220 580 3282 magnatum,
619 3213 714 3283 qui
743 3213 908 3266 isthic
937 3213 1189 3266 asceticee
1221 3213 1342 3265 vita:
1371 3213 1630 3266 tirocinia
1660 3212 1916 3265 Guidone
1948 3213 2214 3280 magistro
2244 3230 2497 3282 posuere,
2525 3212 2746 3283 egregie
2774 3212 3132 3268 nobilitatum
3163 3212 3273 3269 est:
3293 3215 3416 3268 Hu-

136 3286 232 3374 jus
262 3284 776 3374 GuLidAonisnnentio
806 3284 1044 3374 habet‘qu
1069 3285 1142 3374 ἰ.ηῇ
1155 3283 1478 3374 pi‘aei‘atiqne
1509 3284 1668 3374 V.Lcl.
1705 3283 2013 3364 hiabillonii
2043 3284 2113 3336 ad
2139 3284 2496 3374 saeculisexti
2521 3283 2868 3374 Ben‘edicltin'i
2899 3291 3114 3367 partem
3144 3287 3410 3374 priorem.

143 3353 279 3423 Ejus
310 3355 494 3409 obitus
543 3353 600 3408 in
643 3371 850 3408 annum
883 3355 1033 3408 cadit
1081 3353 1238 3410 10’16.
1274 3355 1475 3424 Fertur
1507 3361 1695 3408 autem
1741 3355 1799 3407 in
1835 3354 2030 3424 primis
2059 3355 2154 3424 qui
2202 3361 2573 3424 spontaneam
2604 3353 3035 3424 ﬂagellationem
3067 3353 3416 3422 invexerunt,

144 3419 384 3496 ejusque
413 3427 540 3480 Vita
568 3427 788 3498 legitur
833 3427 968 3498 ibid.
999 3443 1052 3496 p.
1086 3425 1213 3498 509.
1247 3419 1359 3479 Sub
1391 3425 1538 3498 haec,
1577 3419 1936 3498 eodem‘it'em
1967 3419 2191 3498 saeculo,
2232 3419 2470 3479 eurante
2515 3419 2842 3498 Hieronymi
2879 3425 3100 3490 abbate,
3135 3419 3420 3482 codicibus

143 3495 310 3551 benef
331 3498 523 3551 multis
561 3497 895 3550 instructum
942 3497 1093 3554 fuit:
1149 3497 1288 3549 adeo
1345 3503 1406 3549 ut
1449 3496 1574 3568 aliis
1628 3513 1728 3565 per
1771 3495 1999 3568 Italiam
2047 3495 2415 3568 bibliothecis,
2463 3513 2532 3549 ne
2580 3495 2835 3550 Romana
2887 3499 3113 3568 quidem
3169 3504 3416 3568 excepta,

141 3567 578 3638 Pomposianam
611 3569 926 3638 praecellere
969 3568 1302 3621 testiﬁcetur
1334 3567 1604 3638 Henricus
1650 3567 1884 3638 clericus
1933 3568 1991 3620 in
2036 3567 2270 3635 epistola
2313 3569 2380 3620 ad
2432 3568 2780 3637 Stephanum
2817 3567 3136 3638 quemdam,
3173 3567 3421 3626 subnexa

143 3637 500 3693 bibliothecae
531 3637 783 3708 ejusdem
813 3641 1064 3708 catalogo
1097 3657 1108 3690 :
1141 3655 1262 3708 qua}
1303 3637 1466 3706 jubet
1511 3638 1732 3690 animus
1779 3637 1867 3690 hic
1896 3643 2164 3700 attexcre,
2214 3644 2275 3692 ut
2319 3645 2669 3708 compertum
2699 3637 2895 3692 lectori
2937 3641 3010 3693 sit
3039 3645 3264 3708 quantae
3295 3657 3418 3694 mo-

141 3712 214 3764 lis
239 3717 379 3764 tunc
407 3711 577 3763 fuerit
617 3727 942 3764 numerosas
972 3725 1170 3778 parare
1200 3708 1560 3761 bibliothecas
1586 3728 1597 3773 ;
1649 3709 1872 3781 quando
1902 3709 2028 3772 ista,
2064 3726 2186 3778 quae
2217 3709 2343 3763 aliis
2383 3709 2633 3781 praeibat.
2665 3726 2735 3781 ne
2780 3708 3153 3781 mediocribus
3186 3711 3415 3781 quidem

142 3781 327 3836 nostri
347 3781 448 3834 sevi
477 3781 712 3834 conferri
743 3783 906 3834 valet.
937 3781 1242 3850 Epistolam
1275 3787 1465 3832 autem
1492 3786 1547 3832 et
1575 3780 1888 3848 catalogum
1922 3798 1985 3832 ex
2019 3781 2315 3833 Mutinensi
2377 3780 2720 3834 serenissimi
2749 3780 2904 3834 ducis
2932 3780 3266 3835 bibliotheca
3291 3799 3422 3850 pro-

146 3854 345 3913 deunt,
380 3851 629 3922 mihique
667 3853 736 3905 ab
781 3851 1118 3904 amicissimo
1151 3851 1264 3902 viro
1292 3851 1441 3904 Julio
1484 3850 1796 3904 Fontanino
1837 3851 1988 3904 card.
2035 3850 2310 3921 imperiali
2339 3850 2782 3912 bibliothecario,
2818 3859 2882 3904 ut
2926 3852 3174 3905 nondum
3215 3850 3423 3922 publici

141 3925 293 3995 juris
316 3925 482 3987 facta,
515 3923 703 3976 oblata
726 3923 918 3995 isthzec
936 3923 1132 3995 Romae
1157 3930 1307 3995 sunt.

219 3996 298 4049 Ex
330 3995 401 4048 iis
429 4010 553 4064 quae
582 3995 651 4048 de
677 3994 801 4048 Tito
832 3993 985 4047 Livio
1015 3998 1173 4046 notat
1201 3991 1482 4065 Henricus
1501 3991 1605 4044 col.
1655 3989 1786 4046 1353
1826 3992 1945 4060 jam
1975 4007 2088 4044 aevo
2118 4008 2230 4065 suo,
2249 3991 2482 4046 amissas
2512 3998 2569 4065 et
2597 3992 2915 4062 deploratas
2958 3992 3102 4065 tanti
3133 3993 3415 4065 scriptori,

145 4066 398 4120 Decades
413 4063 556 4118 bene
572 4066 778 4134 multas
806 4065 1034 4122 indicat.
1062 4063 1290 4117 tametsi
1313 4079 1424 4116 non
1443 4063 1519 4116 sic
1548 4067 1805 4134 accurate
1832 4079 1950 4115 rem
1983 4068 2188 4116 teneat.
2208 4064 2437 4132 Ignorat
2464 4064 2670 4134 quippe
2700 4079 2864 4134 nemo
2888 4079 2959 4117 ex
2987 4063 3298 4118 Decadibus
3325 4063 3418 4133 14,

146 4139 263 4192 sive
293 4154 359 4190 ex
389 4135 542 4189 libris
581 4133 695 4200 140,
725 4141 841 4198 aut,
875 4141 939 4188 ut
961 4135 1074 4196 alii,
1117 4137 1232 4196 M2,
1270 4135 1416 4206 solos
1446 4149 1735 4206 superesse
1757 4133 2200 4206 35,_acproinde
2229 4134 2466 4206 amissos
2480 4132 2642 4188 totos
2675 4132 2794 4189 107.
2824 4135 3123 4206 DeiTrogo
3153 4132 3419 4206 Pompeio

143 4225 272 4263 cum
297 4207 437 4278 agit,
458 4207 667 4260 cavesis
688 4213 850 4276 putes
871 4205 1054 4276 ipsum
1076 4207 1322 4278 Trogum
1336 4205 1630 4278 integrum
1653 4203 1832 4256 hacin
1860 4203 2193 4256 bibliotheca
2213 4205 2491 4278 exstitisse
2513 4206 2607 4278 qui
2625 4207 2742 4275 jam
2767 4223 2801 4259 a
2818 4205 3009 4260 multis
3034 4203 3186 4278 retro
3205 4203 3422 4278 seculis

145 4275 458 4335 exstinctus
475 4284 614 4332 erat.
633 4275 841 4332 verum
863 4275 930 4331 de
949 4277 1170 4331 Justino
1192 4276 1479 4344 intelligas
1503 4277 1772 4344 epitomes
1793 4282 2049 4339 auctore;
2081 4292 2192 4344 qua
2212 4275 2453 4346 epitomc
2469 4275 2722 4330 Justinus
2743 4277 2988 4345 Trogum
3007 4277 3420 4332 nobilissimum

146 4351 484 4421 scriptorem
516 4349 762 4403 confodit
784 4365 850 4421 ac
879 4349 948 4402 de
975 4348 1157 4421 medio
1181 4347 1410 4421 sustulit
1407 4365 1445 4421 _;
1467 4347 1706 4421 perinde
1728 4351 1897 4415 atque
1926 4346 2340 4421 Liviusmagna
2359 4347 2447 4400 sui
2474 4353 2632 4421 parte
2657 4348 2825 4421 periit
2852 4349 3016 4421 Floro
3037 4354 3092 4421 et
3112 4349 3422 4421 Argumen-

146 4416 340 4477 tortim
381 4426 609 4476 auctore
637 4419 942 4491 perniciem
972 4417 1359 4491 inferentibus.
1406 4417 1581 4491 Editis
1612 4417 1818 4487 quippe
1850 4416 2195 4491 compendiis
2223 4416 2490 4472 auctores"
2506 4416 2696 4489 primi,
2747 4420 2929 4474 valere
2951 4419 3115 4490 jussi,
3149 4416 3423 4491 paulatim

155 4493 378 4548 incuria
406 4493 492 4546 vel
518 4487 772 4546 funditus
800 4491 1159 4557 interierunt,
1194 4490 1279 4542 vel
1305 4488 1548 4542 mutilati
1576 4504 1784 4557 magna
1811 4487 1897 4541 sui
1926 4493 2086 4558 parte
2113 4496 2263 4542 sunt.

151 4669 3403 4700 ω

749 4831 1167 4960 EPISTOLA
1264 4828 1610 4956 HENRICI
1703 4829 2032 4957 ﬂLERlCI
2127 4828 2234 4956 All
2329 4827 2833 4956 STlPHiNUM

226 5203 512 5258 Srsrnsxo
563 5200 925 5272 philos0phiae
983 5201 1133 5254 fonte
1191 5199 1455 5252 decenter
1503 5195 1740 5264 imbuto,
1765 5197 1938 5256 Btest
1960 5201 2058 5250 tuo
2087 5195 2471 5250 indesinenter
2495 5191 2768 5249 subscribi
2797 5192 3004 5259 libello,
3041 5198 3100 5248 et
3125 5210 3427 5249 numerum

154 5289 438 5346 HENRICUS
487 5291 722 5345 clericus
778 5289 1020 5344 caelestis
1074 5287 1363 5358 sapientiae
1416 5285 1748 5339 illustratio-
1831 5302 1994 5339 nosse
2023 5302 2220 5339 eorum
2260 5302 2400 5355 quos
2442 5285 2556 5338 Deo
2586 5282 2895 5354 inspirante
2925 5299 2990 5336 ex
3032 5297 3136 5337 suo
3175 5288 3430 5354 tempore

153 5397 306 5435 nem.
1829 5375 2004 5444 gessit
2030 5373 2358 5446 [congessit]
2388 5373 2681 5439 librorum,
2706 5372 2906 5444 quidve
2930 5371 2989 5426 in
3019 5371 3108 5425 his
3135 5372 3275 5426 adeo
3305 5377 3427 5427 stu-

223 5470 434 5524 Audita
461 5470 612 5523 fama
641 5466 970 5522 venerabilis
1019 5465 1346 5536 Hieronymi
1393 5463 1751 5534 Pomposiani
1833 5464 1974 5526 duit,
2003 5470 2067 5517 ut
2089 5471 2290 5517 caetera
2311 5481 2452 5534 pene
2477 5463 2801 5532 neglegeret
2823 5459 2962 5532 (sic),
2983 5465 3040 5514 te
3073 5461 3430 5516 vehementer

155 5559 392 5625 abbatis,
429 5576 488 5613 se
512 5558 725 5628 jugiter
754 5557 1128 5620 exercitantis,
1161 5554 1432 5626 quidquid
1462 5553 1752 5606 commode
1833 5570 2035 5624 cupere
2083 5553 2296 5606 fateris.
2332 5553 2492 5616 Quod
2533 5557 2700 5623 prout
2747 5557 2958 5623 potero,
2992 5567 3182 5605 rerum
3227 5550 3428 5606 dulcis-

155 5648 288 5704 orbe
307 5649 590 5705 illustrato
617 5647 679 5703 in
698 5646 888 5702 divina
916 5645 1122 5717 pagina
1141 5660 1383 5717 usquam
1403 5642 1638 5715 reperiri
1657 5659 1748 5714 po~
1833 5643 1992 5711 sime,
2013 5641 2073 5697 in
2099 5642 2302 5698 harum
2320 5643 2724 5713 cujuscumque
2741 5641 2895 5698 modi
2922 5640 3066 5696 serie
3082 5639 3424 5716 litterarum,
