  <div class='ocr_page' id='page_1' title='image "/cluster/home/n/w/nwhite01/storage/ocr_20150623/150/umn.31951002477443u/757.png"; bbox 0 0 3914 6366; ppageno 0'>
   <div class='ocr_carea' id='block_1_1' title="bbox 475 349 610 408">
    <p class='ocr_par' dir='ltr' id='par_1_1' title="bbox 475 349 610 408">
     <span class='ocr_line' id='line_1_1' title="bbox 475 349 610 408; baseline -0.015 0"><span class='ocrx_word' id='word_1_1' title='bbox 475 349 610 408; x_wconf 68' lang='grc'>1847</span> 
     </span>
    </p>
   </div>
   <div class='ocr_carea' id='block_1_2' title="bbox 1538 343 2662 409">
    <p class='ocr_par' dir='ltr' id='par_1_2' title="bbox 1538 343 2662 409">
     <span class='ocr_line' id='line_1_2' title="bbox 1538 343 2662 409; baseline 0.004 -5"><span class='ocrx_word' id='word_1_2' title='bbox 1538 345 1852 406; x_wconf 65' lang='grc' dir='ltr'>εΗΕΝΒΙΟῘ</span> <span class='ocrx_word' id='word_1_3' title='bbox 1891 343 2180 407; x_wconf 71' lang='lat' dir='ltr'>CLERlCI</span> <span class='ocrx_word' id='word_1_4' title='bbox 2219 344 2662 409; x_wconf 70' lang='lat' dir='ltr'>POMPOSIAN-l</span> 
     </span>
    </p>
   </div>
   <div class='ocr_carea' id='block_1_3' title="bbox 3611 340 3749 411">
    <p class='ocr_par' dir='ltr' id='par_1_3' title="bbox 3611 340 3749 411">
     <span class='ocr_line' id='line_1_3' title="bbox 3611 340 3749 411; baseline 0 -59"><span class='ocrx_word' id='word_1_5' title='bbox 3611 340 3749 411; x_wconf 38' lang='lat' dir='ltr'>Mi</span> 
     </span>
    </p>
   </div>
   <div class='ocr_carea' id='block_1_4' title="bbox 469 471 3751 550">
    <p class='ocr_par' dir='ltr' id='par_1_4' title="bbox 469 471 3751 550">
     <span class='ocr_line' id='line_1_4' title="bbox 469 471 3751 550; baseline 0.001 -22"><span class='ocrx_word' id='word_1_6' title='bbox 469 482 838 545; x_wconf 76' lang='lat' dir='ltr'>quantum&#39;ex</span> <span class='ocrx_word' id='word_1_7' title='bbox 864 471 1040 544; x_wconf 81' lang='lat' dir='ltr'>ipsius</span> <span class='ocrx_word' id='word_1_8' title='bbox 1082 489 1177 527; x_wconf 87' lang='lat' dir='ltr'>ore</span> <span class='ocrx_word' id='word_1_9' title='bbox 1206 476 1437 543; x_wconf 77' lang='lat' dir='ltr'>cognovi</span> <span class='ocrx_word' id='word_1_10' title='bbox 1481 491 1670 529; x_wconf 80' lang='lat' dir='ltr'>meave</span> <span class='ocrx_word' id='word_1_11' title='bbox 1701 477 2060 545; x_wconf 79' lang='lat' dir='ltr'>experientia,</span> <span class='ocrx_word' id='word_1_12' title='bbox 2079 480 2201 536; x_wconf 78' lang='lat' dir='ltr'>Aet</span> <span class='ocrx_word' id='word_1_13' title='bbox 2232 495 2422 531; x_wconf 77' lang='lat' dir='ltr'>excors</span> <span class='ocrx_word' id='word_1_14' title='bbox 2476 480 2570 548; x_wconf 85' lang='lat' dir='ltr'>qui</span> <span class='ocrx_word' id='word_1_15' title='bbox 2623 495 2733 533; x_wconf 86' lang='lat' dir='ltr'>non</span> <span class='ocrx_word' id='word_1_16' title='bbox 2782 485 2936 549; x_wconf 82' lang='lat' dir='ltr'>Optet</span> <span class='ocrx_word' id='word_1_17' title='bbox 2967 481 3252 548; x_wconf 82' lang='lat' dir='ltr'>quiescere</span> <span class='ocrx_word' id='word_1_18' title='bbox 3282 480 3338 532; x_wconf 92' lang='lat' dir='ltr'>in</span> <span class='ocrx_word' id='word_1_19' title='bbox 3371 479 3751 550; x_wconf 87' lang='lat' dir='ltr'>Pomposiano</span> 
     </span>
    </p>
   </div>
   <div class='ocr_carea' id='block_1_5' title="bbox 467 563 2064 617">
    <p class='ocr_par' dir='ltr' id='par_1_5' title="bbox 467 563 2064 617">
     <span class='ocr_line' id='line_1_5' title="bbox 467 563 2064 617; baseline 0.001 -2"><span class='ocrx_word' id='word_1_20' title='bbox 467 569 578 617; x_wconf 62' lang='lat' dir='ltr'>tum</span> <span class='ocrx_word' id='word_1_21' title='bbox 628 563 902 617; x_wconf 83' lang='lat' dir='ltr'>ihtimabb</span> <span class='ocrx_word' id='word_1_22' title='bbox 950 563 1189 615; x_wconf 75' lang='lat' dir='ltr'>fideliter</span> <span class='ocrx_word' id='word_1_23' title='bbox 1237 565 1539 616; x_wconf 78' lang='lat' dir='ltr'>dilectioni.</span> <span class='ocrx_word' id='word_1_24' title='bbox 1578 565 1685 617; x_wconf 84' lang='lat' dir='ltr'>Sed</span> <span class='ocrx_word' id='word_1_25' title='bbox 1734 574 1797 617; x_wconf 86' lang='lat' dir='ltr'>ut</span> <span class='ocrx_word' id='word_1_26' title='bbox 1852 567 1918 617; x_wconf 79' lang='lat' dir='ltr'>ad</span> <span class='ocrx_word' id='word_1_27' title='bbox 1964 566 2064 616; x_wconf 88' lang='lat' dir='ltr'>hoc</span> 
     </span>
    </p>
   </div>
   <div class='ocr_carea' id='block_1_6' title="bbox 469 651 2059 721">
    <p class='ocr_par' dir='ltr' id='par_1_6' title="bbox 469 651 2059 721">
     <span class='ocr_line' id='line_1_6' title="bbox 469 651 2059 721; baseline 0 -17"><span class='ocrx_word' id='word_1_28' title='bbox 469 652 691 721; x_wconf 80' lang='lat' dir='ltr'>planius</span> <span class='ocrx_word' id='word_1_29' title='bbox 707 651 1062 716; x_wconf 80' lang='lat' dir='ltr'>descendam,</span> <span class='ocrx_word' id='word_1_30' title='bbox 1088 652 1507 721; x_wconf 74' lang='lat' dir='ltr'>pei‘spicuisque</span> <span class='ocrx_word' id='word_1_31' title='bbox 1523 659 1710 721; x_wconf 79' lang='lat' dir='ltr'>pateat</span> <span class='ocrx_word' id='word_1_32' title='bbox 1731 653 2059 716; x_wconf 73' lang='lat' dir='ltr'>rationibus,</span> 
     </span>
    </p>
   </div>
   <div class='ocr_carea' id='block_1_7' title="bbox 470 739 1363 808">
    <p class='ocr_par' dir='ltr' id='par_1_7' title="bbox 470 739 1363 808">
     <span class='ocr_line' id='line_1_7' title="bbox 470 739 1363 808; baseline -0.002 -16"><span class='ocrx_word' id='word_1_33' title='bbox 470 741 636 808; x_wconf 79' lang='lat' dir='ltr'>paulo</span> <span class='ocrx_word' id='word_1_34' title='bbox 665 741 833 792; x_wconf 82' lang='lat' dir='ltr'>altius</span> <span class='ocrx_word' id='word_1_35' title='bbox 867 739 1236 792; x_wconf 76' lang='lat' dir='ltr'>inchoandum</span> <span class='ocrx_word' id='word_1_36' title='bbox 1262 749 1363 793; x_wconf 90' lang='lat' dir='ltr'>est.</span> 
     </span>
    </p>
   </div>
   <div class='ocr_carea' id='block_1_8' title="bbox 541 829 2060 899">
    <p class='ocr_par' dir='ltr' id='par_1_8' title="bbox 541 829 2060 899">
     <span class='ocr_line' id='line_1_8' title="bbox 541 829 2060 899; baseline 0.001 -19"><span class='ocrx_word' id='word_1_37' title='bbox 541 829 916 898; x_wconf 82' lang='lat' dir='ltr'>Pomposiana</span> <span class='ocrx_word' id='word_1_38' title='bbox 945 845 1076 896; x_wconf 87' lang='lat' dir='ltr'>ergo</span> <span class='ocrx_word' id='word_1_39' title='bbox 1125 829 1375 888; x_wconf 77' lang='lat' dir='ltr'>basilica,</span> <span class='ocrx_word' id='word_1_40' title='bbox 1413 829 1577 881; x_wconf 84' lang='lat' dir='ltr'>sicuti</span> <span class='ocrx_word' id='word_1_41' title='bbox 1625 846 1726 897; x_wconf 88' lang='lat' dir='ltr'>ego</span> <span class='ocrx_word' id='word_1_42' title='bbox 1757 830 1964 899; x_wconf 86' lang='lat' dir='ltr'>accepi,</span> <span class='ocrx_word' id='word_1_43' title='bbox 1997 846 2060 882; x_wconf 82' lang='lat' dir='ltr'>ex</span> 
     </span>
    </p>
   </div>
   <div class='ocr_carea' id='block_1_9' title="bbox 470 917 2059 987">
    <p class='ocr_par' dir='ltr' id='par_1_9' title="bbox 470 917 2059 987">
     <span class='ocr_line' id='line_1_9' title="bbox 470 917 2059 987; baseline 0.001 -18"><span class='ocrx_word' id='word_1_44' title='bbox 470 922 722 986; x_wconf 87' lang='lat' dir='ltr'>tempore</span> <span class='ocrx_word' id='word_1_45' title='bbox 752 917 1027 969; x_wconf 85' lang='lat' dir='ltr'>Guidonis</span> <span class='ocrx_word' id='word_1_46' title='bbox 1050 917 1202 969; x_wconf 68' lang='lat' dir='ltr'>mirae</span> <span class='ocrx_word' id='word_1_47' title='bbox 1233 918 1566 983; x_wconf 76' lang='lat' dir='ltr'>sanctitatis,</span> <span class='ocrx_word' id='word_1_48' title='bbox 1601 918 1767 985; x_wconf 87' lang='lat' dir='ltr'>primi</span> <span class='ocrx_word' id='word_1_49' title='bbox 1809 920 2059 987; x_wconf 80' lang='lat' dir='ltr'>ejusdem</span> 
     </span>
    </p>
   </div>
   <div class='ocr_carea' id='block_1_10' title="bbox 471 1003 2060 1075">
    <p class='ocr_par' dir='ltr' id='par_1_10' title="bbox 471 1003 2060 1075">
     <span class='ocr_line' id='line_1_10' title="bbox 471 1003 2060 1075; baseline 0.001 -18"><span class='ocrx_word' id='word_1_50' title='bbox 471 1006 688 1058; x_wconf 77' lang='lat' dir='ltr'>colendi</span> <span class='ocrx_word' id='word_1_51' title='bbox 740 1006 845 1057; x_wconf 91' lang='lat' dir='ltr'>loci</span> <span class='ocrx_word' id='word_1_52' title='bbox 895 1005 1093 1074; x_wconf 82' lang='lat' dir='ltr'>patris,</span> <span class='ocrx_word' id='word_1_53' title='bbox 1147 1003 1380 1060; x_wconf 83' lang='lat' dir='ltr'>mirifice</span> <span class='ocrx_word' id='word_1_54' title='bbox 1432 1007 1716 1059; x_wconf 81' lang='lat' dir='ltr'>honest-ari</span> <span class='ocrx_word' id='word_1_55' title='bbox 1761 1023 1825 1059; x_wconf 86' lang='lat' dir='ltr'>ac</span> <span class='ocrx_word' id='word_1_56' title='bbox 1868 1008 2060 1075; x_wconf 86' lang='lat' dir='ltr'>augeri</span> 
     </span>
    </p>
   </div>
   <div class='ocr_carea' id='block_1_11' title="bbox 470 1089 2064 1158">
    <p class='ocr_par' dir='ltr' id='par_1_11' title="bbox 470 1089 2064 1158">
     <span class='ocr_line' id='line_1_11' title="bbox 470 1089 2064 1158; baseline 0 -16"><span class='ocrx_word' id='word_1_57' title='bbox 470 1090 633 1158; x_wconf 83' lang='lat' dir='ltr'>cepit.</span> <span class='ocrx_word' id='word_1_58' title='bbox 653 1090 823 1158; x_wconf 84' lang='lat' dir='ltr'>Cujus</span> <span class='ocrx_word' id='word_1_59' title='bbox 837 1089 1131 1141; x_wconf 76' lang='lat' dir='ltr'>sanctitate</span> <span class='ocrx_word' id='word_1_60' title='bbox 1157 1089 1255 1141; x_wconf 85' lang='lat' dir='ltr'>viri</span> <span class='ocrx_word' id='word_1_61' title='bbox 1278 1106 1416 1157; x_wconf 87' lang='lat' dir='ltr'>gens</span> <span class='ocrx_word' id='word_1_62' title='bbox 1437 1089 1647 1147; x_wconf 80' lang='lat' dir='ltr'>afflatu.</span> <span class='ocrx_word' id='word_1_63' title='bbox 1663 1097 1830 1158; x_wconf 82' lang='lat' dir='ltr'>atque</span> <span class='ocrx_word' id='word_1_64' title='bbox 1859 1089 2064 1142; x_wconf 81' lang='lat' dir='ltr'>exhila-</span> 
     </span>
    </p>
   </div>
   <div class='ocr_carea' id='block_1_12' title="bbox 469 1177 2066 1247">
    <p class='ocr_par' dir='ltr' id='par_1_12' title="bbox 469 1177 2066 1247">
     <span class='ocr_line' id='line_1_12' title="bbox 469 1177 2066 1247; baseline -0.001 -17"><span class='ocrx_word' id='word_1_65' title='bbox 469 1182 611 1242; x_wconf 84' lang='lat' dir='ltr'>rata,</span> <span class='ocrx_word' id='word_1_66' title='bbox 645 1178 1004 1247; x_wconf 81' lang='lat' dir='ltr'>quamplu&#39;res</span> <span class='ocrx_word' id='word_1_67' title='bbox 1025 1177 1270 1246; x_wconf 86' lang='lat' dir='ltr'>undique</span> <span class='ocrx_word' id='word_1_68' title='bbox 1289 1178 1357 1229; x_wconf 89' lang='lat' dir='ltr'>ad</span> <span class='ocrx_word' id='word_1_69' title='bbox 1389 1177 1490 1229; x_wconf 85' lang='lat' dir='ltr'>hoc</span> <span class='ocrx_word' id='word_1_70' title='bbox 1519 1178 1833 1230; x_wconf 84' lang='lat' dir='ltr'>venerabile</span> <span class='ocrx_word' id='word_1_71' title='bbox 1855 1184 2066 1230; x_wconf 88' lang='lat' dir='ltr'>tutum-</span> 
     </span>
    </p>
   </div>
   <div class='ocr_carea' id='block_1_13' title="bbox 469 1266 2062 1336">
    <p class='ocr_par' dir='ltr' id='par_1_13' title="bbox 469 1266 2062 1336">
     <span class='ocr_line' id='line_1_13' title="bbox 469 1266 2062 1336; baseline 0 -18"><span class='ocrx_word' id='word_1_72' title='bbox 469 1283 578 1335; x_wconf 84' lang='lat' dir='ltr'>que</span> <span class='ocrx_word' id='word_1_73' title='bbox 600 1266 977 1336; x_wconf 75' lang='lat' dir='ltr'>properabant</span> <span class='ocrx_word' id='word_1_74' title='bbox 1002 1266 1257 1318; x_wconf 83' lang='lat' dir='ltr'>certatim</span> <span class='ocrx_word' id='word_1_75' title='bbox 1289 1266 1556 1334; x_wconf 75' lang='lat' dir='ltr'>effugium</span> <span class='ocrx_word' id='word_1_76' title='bbox 1587 1285 1598 1331; x_wconf 89' lang='lat'><strong>;</strong></span> <span class='ocrx_word' id='word_1_77' title='bbox 1635 1267 1921 1335; x_wconf 86' lang='lat' dir='ltr'>cupientes</span> <span class='ocrx_word' id='word_1_78' title='bbox 1951 1275 2062 1318; x_wconf 82' lang='lat' dir='ltr'>tam</span> 
     </span>
    </p>
   </div>
   <div class='ocr_carea' id='block_1_14' title="bbox 468 1352 2065 1423">
    <p class='ocr_par' dir='ltr' id='par_1_14' title="bbox 468 1352 2065 1423">
     <span class='ocr_line' id='line_1_14' title="bbox 468 1352 2065 1423; baseline -0.001 -15"><span class='ocrx_word' id='word_1_79' title='bbox 468 1354 647 1410; x_wconf 82' lang='lat' dir='ltr'>sancti</span> <span class='ocrx_word' id='word_1_80' title='bbox 703 1355 956 1423; x_wconf 78' lang='lat' dir='ltr'>magistri</span> <span class='ocrx_word' id='word_1_81' title='bbox 999 1354 1202 1406; x_wconf 81' lang='lat' dir='ltr'>instrui</span> <span class='ocrx_word' id='word_1_82' title='bbox 1255 1353 1581 1423; x_wconf 80' lang='lat' dir='ltr'>disciplinis,</span> <span class='ocrx_word' id='word_1_83' title='bbox 1624 1355 1906 1423; x_wconf 80' lang='lat' dir='ltr'>vitamque</span> <span class='ocrx_word' id='word_1_84' title='bbox 1963 1352 2065 1406; x_wconf 87' lang='lat' dir='ltr'>sub</span> 
     </span>
    </p>
   </div>
   <div class='ocr_carea' id='block_1_15' title="bbox 469 1443 2067 1512">
    <p class='ocr_par' dir='ltr' id='par_1_15' title="bbox 469 1443 2067 1512">
     <span class='ocr_line' id='line_1_15' title="bbox 469 1443 2067 1512; baseline -0.001 -16"><span class='ocrx_word' id='word_1_85' title='bbox 469 1444 795 1496; x_wconf 85' lang='lat' dir='ltr'>monachica</span> <span class='ocrx_word' id='word_1_86' title='bbox 820 1443 1093 1511; x_wconf 85' lang='lat' dir='ltr'>castigare</span> <span class='ocrx_word' id='word_1_87' title='bbox 1123 1443 1353 1494; x_wconf 79' lang='lat' dir='ltr'>trutina.</span> <span class='ocrx_word' id='word_1_88' title='bbox 1394 1444 1548 1494; x_wconf 88' lang='lat' dir='ltr'>Inter</span> <span class='ocrx_word' id='word_1_89' title='bbox 1576 1459 1714 1512; x_wconf 89' lang='lat' dir='ltr'>quos</span> <span class='ocrx_word' id='word_1_90' title='bbox 1744 1444 1912 1495; x_wconf 87' lang='lat' dir='ltr'>etiam</span> <span class='ocrx_word' id='word_1_91' title='bbox 1941 1443 2067 1511; x_wconf 89' lang='lat' dir='ltr'>qui-</span> 
     </span>
    </p>
   </div>
   <div class='ocr_carea' id='block_1_16' title="bbox 469 1530 2064 1600">
    <p class='ocr_par' dir='ltr' id='par_1_16' title="bbox 469 1530 2064 1600">
     <span class='ocr_line' id='line_1_16' title="bbox 469 1530 2064 1600; baseline -0.001 -16"><span class='ocrx_word' id='word_1_92' title='bbox 469 1532 597 1584; x_wconf 88' lang='lat' dir='ltr'>dam</span> <span class='ocrx_word' id='word_1_93' title='bbox 623 1531 1029 1593; x_wconf 82' lang='lat' dir='ltr'>m‘archionum,</span> <span class='ocrx_word' id='word_1_94' title='bbox 1055 1530 1317 1582; x_wconf 82' lang='lat' dir='ltr'>comitum</span> <span class='ocrx_word' id='word_1_95' title='bbox 1344 1545 1748 1600; x_wconf 85' lang='lat' dir='ltr'>procerumque</span> <span class='ocrx_word' id='word_1_96' title='bbox 1770 1531 1890 1594; x_wconf 81' lang='lat' dir='ltr'>lilii,</span> <span class='ocrx_word' id='word_1_97' title='bbox 1925 1531 2064 1582; x_wconf 88' lang='lat' dir='ltr'>deli-</span> 
     </span>
    </p>
   </div>
   <div class='ocr_carea' id='block_1_17' title="bbox 469 1619 2065 1688">
    <p class='ocr_par' dir='ltr' id='par_1_17' title="bbox 469 1619 2065 1688">
     <span class='ocr_line' id='line_1_17' title="bbox 469 1619 2065 1688; baseline -0.001 -16"><span class='ocrx_word' id='word_1_98' title='bbox 469 1620 563 1672; x_wconf 82' lang='lat' dir='ltr'>tiis</span> <span class='ocrx_word' id='word_1_99' title='bbox 608 1621 826 1672; x_wconf 87' lang='lat' dir='ltr'>omissis</span> <span class='ocrx_word' id='word_1_100' title='bbox 857 1636 1174 1688; x_wconf 89' lang='lat' dir='ltr'>pompaque</span> <span class='ocrx_word' id='word_1_101' title='bbox 1205 1619 1453 1670; x_wconf 68' lang='lat' dir='ltr'>saeculari</span> <span class='ocrx_word' id='word_1_102' title='bbox 1486 1619 1824 1688; x_wconf 80' lang='lat' dir='ltr'>posthabita,</span> <span class='ocrx_word' id='word_1_103' title='bbox 1867 1636 2065 1672; x_wconf 84' lang='lat' dir='ltr'>conve-</span> 
     </span>
    </p>
   </div>
   <div class='ocr_carea' id='block_1_18' title="bbox 468 1707 2064 1776">
    <p class='ocr_par' dir='ltr' id='par_1_18' title="bbox 468 1707 2064 1776">
     <span class='ocr_line' id='line_1_18' title="bbox 468 1707 2064 1776; baseline -0.001 -15"><span class='ocrx_word' id='word_1_104' title='bbox 468 1714 696 1771; x_wconf 90' lang='lat' dir='ltr'>nerunt,</span> <span class='ocrx_word' id='word_1_105' title='bbox 721 1709 945 1776; x_wconf 87' lang='lat' dir='ltr'>Deoque</span> <span class='ocrx_word' id='word_1_106' title='bbox 968 1713 1232 1776; x_wconf 87' lang='lat' dir='ltr'>operante</span> <span class='ocrx_word' id='word_1_107' title='bbox 1258 1724 1431 1775; x_wconf 87' lang='lat' dir='ltr'>usque</span> <span class='ocrx_word' id='word_1_108' title='bbox 1452 1708 1614 1760; x_wconf 86' lang='lat' dir='ltr'>hodie</span> <span class='ocrx_word' id='word_1_109' title='bbox 1637 1725 1745 1760; x_wconf 88' lang='lat' dir='ltr'>non</span> <span class='ocrx_word' id='word_1_110' title='bbox 1768 1707 2064 1760; x_wconf 86' lang='lat' dir='ltr'>desistunt.</span> 
     </span>
    </p>
   </div>
   <div class='ocr_carea' id='block_1_19' title="bbox 471 1795 2062 1865">
    <p class='ocr_par' dir='ltr' id='par_1_19' title="bbox 471 1795 2062 1865">
     <span class='ocr_line' id='line_1_19' title="bbox 471 1795 2062 1865; baseline 0 -17"><span class='ocrx_word' id='word_1_111' title='bbox 471 1796 593 1860; x_wconf 88' lang='lat' dir='ltr'>Quo</span> <span class='ocrx_word' id='word_1_112' title='bbox 638 1796 695 1847; x_wconf 91' lang='lat' dir='ltr'>in</span> <span class='ocrx_word' id='word_1_113' title='bbox 733 1801 985 1864; x_wconf 88' lang='lat' dir='ltr'>tempore</span> <span class='ocrx_word' id='word_1_114' title='bbox 1025 1795 1126 1847; x_wconf 88' lang='lat' dir='ltr'>iste</span> <span class='ocrx_word' id='word_1_115' title='bbox 1160 1795 1420 1846; x_wconf 88' lang='lat' dir='ltr'>dominus</span> <span class='ocrx_word' id='word_1_116' title='bbox 1458 1812 1632 1858; x_wconf 85' lang='lat' dir='ltr'>meus,</span> <span class='ocrx_word' id='word_1_117' title='bbox 1671 1797 1738 1848; x_wconf 90' lang='lat' dir='ltr'>de</span> <span class='ocrx_word' id='word_1_118' title='bbox 1765 1813 1872 1865; x_wconf 91' lang='lat' dir='ltr'>quo</span> <span class='ocrx_word' id='word_1_119' title='bbox 1904 1796 2062 1848; x_wconf 90' lang='lat' dir='ltr'>nobis</span> 
     </span>
    </p>
   </div>
   <div class='ocr_carea' id='block_1_20' title="bbox 472 1883 2062 1952">
    <p class='ocr_par' dir='ltr' id='par_1_20' title="bbox 472 1883 2062 1952">
     <span class='ocr_line' id='line_1_20' title="bbox 472 1883 2062 1952; baseline -0.001 -14"><span class='ocrx_word' id='word_1_120' title='bbox 472 1901 675 1949; x_wconf 90' lang='lat' dir='ltr'>sermo,</span> <span class='ocrx_word' id='word_1_121' title='bbox 722 1884 1096 1952; x_wconf 79' lang='lat' dir='ltr'>Hieronymus</span> <span class='ocrx_word' id='word_1_122' title='bbox 1126 1883 1314 1936; x_wconf 80' lang='lat' dir='ltr'>abbas.</span> <span class='ocrx_word' id='word_1_123' title='bbox 1355 1901 1384 1935; x_wconf 87' lang='lat' dir='ltr'>a</span> <span class='ocrx_word' id='word_1_124' title='bbox 1418 1901 1590 1952; x_wconf 88' lang='lat' dir='ltr'>puero</span> <span class='ocrx_word' id='word_1_125' title='bbox 1618 1885 1897 1948; x_wconf 86' lang='lat' dir='ltr'>advectus,</span> <span class='ocrx_word' id='word_1_126' title='bbox 1945 1885 2062 1936; x_wconf 90' lang='lat' dir='ltr'>suf-</span> 
     </span>
    </p>
   </div>
   <div class='ocr_carea' id='block_1_21' title="bbox 470 1957 2061 2026">
    <p class='ocr_par' dir='ltr' id='par_1_21' title="bbox 470 1967 2061 2026">
     <span class='ocr_line' id='line_1_21' title="bbox 470 1967 2061 2026; baseline -0.001 0"><span class='ocrx_word' id='word_1_127' title='bbox 470 1967 721 2026; x_wconf 74' lang='lat' dir='ltr'>ficienter</span> <span class='ocrx_word' id='word_1_128' title='bbox 749 1969 943 2024; x_wconf 85' lang='lat' dir='ltr'>didicit</span> <span class='ocrx_word' id='word_1_129' title='bbox 972 1971 1353 2025; x_wconf 86' lang='lat' dir='ltr'>monachicam</span> <span class='ocrx_word' id='word_1_130' title='bbox 1395 1988 1648 2024; x_wconf 86' lang='lat' dir='ltr'>normam</span> <span class='ocrx_word' id='word_1_131' title='bbox 1697 1989 1707 2021; x_wconf 94' lang='lat'><strong>:</strong></span> <span class='ocrx_word' id='word_1_132' title='bbox 1754 1973 1953 2025; x_wconf 87' lang='lat' dir='ltr'>deinde</span> <span class='ocrx_word' id='word_1_133' title='bbox 2007 1973 2061 2025; x_wconf 90' lang='lat' dir='ltr'>in</span> 
     </span>
    </p>
   </div>
   <div class='ocr_carea' id='block_1_22' title="bbox 466 2060 2062 2132">
    <p class='ocr_par' dir='ltr' id='par_1_22' title="bbox 466 2060 2062 2132">
     <span class='ocr_line' id='line_1_22' title="bbox 466 2060 2062 2132; baseline 0 -18"><span class='ocrx_word' id='word_1_134' title='bbox 466 2062 850 2132; x_wconf 66' lang='lat' dir='ltr'>grammaticae</span> <span class='ocrx_word' id='word_1_135' title='bbox 879 2061 1096 2114; x_wconf 86' lang='lat' dir='ltr'>studuit</span> <span class='ocrx_word' id='word_1_136' title='bbox 1121 2060 1518 2126; x_wconf 85' lang='lat' dir='ltr'>fundamento;</span> <span class='ocrx_word' id='word_1_137' title='bbox 1563 2062 1656 2113; x_wconf 87' lang='lat' dir='ltr'>sed</span> <span class='ocrx_word' id='word_1_138' title='bbox 1691 2067 1747 2114; x_wconf 90' lang='lat' dir='ltr'>et</span> <span class='ocrx_word' id='word_1_139' title='bbox 1776 2062 2062 2114; x_wconf 84' lang='lat' dir='ltr'>dialectica</span> 
     </span>
    </p>
   </div>
   <div class='ocr_carea' id='block_1_23' title="bbox 468 2149 2061 2220">
    <p class='ocr_par' dir='ltr' id='par_1_23' title="bbox 468 2149 2061 2220">
     <span class='ocr_line' id='line_1_23' title="bbox 468 2149 2061 2220; baseline -0.001 -18"><span class='ocrx_word' id='word_1_140' title='bbox 468 2151 770 2220; x_wconf 85' lang='lat' dir='ltr'>aliquando</span> <span class='ocrx_word' id='word_1_141' title='bbox 805 2150 999 2203; x_wconf 79' lang='lat' dir='ltr'>libavit</span> <span class='ocrx_word' id='word_1_142' title='bbox 1024 2149 1298 2213; x_wconf 86' lang='lat' dir='ltr'>acumina,</span> <span class='ocrx_word' id='word_1_143' title='bbox 1333 2150 1390 2201; x_wconf 91' lang='lat' dir='ltr'>in</span> <span class='ocrx_word' id='word_1_144' title='bbox 1422 2150 1698 2219; x_wconf 81' lang='lat' dir='ltr'>brevique,</span> <span class='ocrx_word' id='word_1_145' title='bbox 1735 2151 1850 2203; x_wconf 86' lang='lat' dir='ltr'>Deo</span> <span class='ocrx_word' id='word_1_146' title='bbox 1882 2150 2061 2218; x_wconf 82' lang='lat' dir='ltr'>magi-</span> 
     </span>
    </p>
   </div>
   <div class='ocr_carea' id='block_1_24' title="bbox 469 2239 1540 2308">
    <p class='ocr_par' dir='ltr' id='par_1_24' title="bbox 469 2239 1540 2308">
     <span class='ocr_line' id='line_1_24' title="bbox 469 2239 1540 2308; baseline -0.002 -16"><span class='ocrx_word' id='word_1_147' title='bbox 469 2245 702 2302; x_wconf 89' lang='lat' dir='ltr'>strante,</span> <span class='ocrx_word' id='word_1_148' title='bbox 736 2241 974 2292; x_wconf 89' lang='lat' dir='ltr'>multum</span> <span class='ocrx_word' id='word_1_149' title='bbox 1008 2239 1239 2308; x_wconf 81' lang='lat' dir='ltr'>profecit</span> <span class='ocrx_word' id='word_1_150' title='bbox 1266 2245 1540 2307; x_wconf 89' lang='lat' dir='ltr'>tempore.</span> 
     </span>
    </p>
   </div>
   <div class='ocr_carea' id='block_1_25' title="bbox 536 2326 2067 2398">
    <p class='ocr_par' dir='ltr' id='par_1_25' title="bbox 536 2326 2067 2398">
     <span class='ocr_line' id='line_1_25' title="bbox 536 2326 2067 2398; baseline -0.002 -17"><span class='ocrx_word' id='word_1_151' title='bbox 536 2330 695 2381; x_wconf 90' lang='lat' dir='ltr'>Tunc</span> <span class='ocrx_word' id='word_1_152' title='bbox 713 2345 773 2380; x_wconf 88' lang='lat' dir='ltr'>ex</span> <span class='ocrx_word' id='word_1_153' title='bbox 796 2329 982 2398; x_wconf 85' lang='lat' dir='ltr'>priore</span> <span class='ocrx_word' id='word_1_154' title='bbox 1003 2327 1171 2380; x_wconf 84' lang='lat' dir='ltr'>abbas</span> <span class='ocrx_word' id='word_1_155' title='bbox 1194 2344 1227 2379; x_wconf 86' lang='lat' dir='ltr'>a</span> <span class='ocrx_word' id='word_1_156' title='bbox 1247 2327 1515 2380; x_wconf 86' lang='lat' dir='ltr'>fratribus</span> <span class='ocrx_word' id='word_1_157' title='bbox 1533 2331 1826 2394; x_wconf 79' lang='lat' dir='ltr'>gratanter</span> <span class='ocrx_word' id='word_1_158' title='bbox 1847 2326 2067 2378; x_wconf 86' lang='lat' dir='ltr'>ordina-</span> 
     </span>
    </p>
   </div>
   <div class='ocr_carea' id='block_1_26' title="bbox 469 2415 2066 2486">
    <p class='ocr_par' dir='ltr' id='par_1_26' title="bbox 469 2415 2066 2486">
     <span class='ocr_line' id='line_1_26' title="bbox 469 2415 2066 2486; baseline -0.002 -18"><span class='ocrx_word' id='word_1_159' title='bbox 469 2423 561 2469; x_wconf 91' lang='lat' dir='ltr'>tus</span> <span class='ocrx_word' id='word_1_160' title='bbox 592 2423 695 2471; x_wconf 80' lang='lat' dir='ltr'>est.</span> <span class='ocrx_word' id='word_1_161' title='bbox 719 2418 824 2479; x_wconf 87' lang='lat' dir='ltr'>Qui</span> <span class='ocrx_word' id='word_1_162' title='bbox 856 2417 1118 2486; x_wconf 89' lang='lat' dir='ltr'>quoniam</span> <span class='ocrx_word' id='word_1_163' title='bbox 1151 2422 1270 2468; x_wconf 87' lang='lat' dir='ltr'>erat</span> <span class='ocrx_word' id='word_1_164' title='bbox 1295 2415 1517 2484; x_wconf 86' lang='lat' dir='ltr'>ingenio</span> <span class='ocrx_word' id='word_1_165' title='bbox 1543 2421 1854 2484; x_wconf 85' lang='lat' dir='ltr'>promptus,</span> <span class='ocrx_word' id='word_1_166' title='bbox 1880 2415 2066 2466; x_wconf 87' lang='lat' dir='ltr'>animo</span> 
     </span>
    </p>
   </div>
   <div class='ocr_carea' id='block_1_27' title="bbox 470 2504 2068 2574">
    <p class='ocr_par' dir='ltr' id='par_1_27' title="bbox 470 2504 2068 2574">
     <span class='ocr_line' id='line_1_27' title="bbox 470 2504 2068 2574; baseline -0.002 -17"><span class='ocrx_word' id='word_1_167' title='bbox 470 2505 742 2574; x_wconf 87' lang='lat' dir='ltr'>placidus,</span> <span class='ocrx_word' id='word_1_168' title='bbox 769 2506 1006 2556; x_wconf 80' lang='lat' dir='ltr'>fratrum</span> <span class='ocrx_word' id='word_1_169' title='bbox 1035 2510 1271 2567; x_wconf 89' lang='lat' dir='ltr'>amator,</span> <span class='ocrx_word' id='word_1_170' title='bbox 1299 2521 1519 2556; x_wconf 90' lang='lat' dir='ltr'>morum</span> <span class='ocrx_word' id='word_1_171' title='bbox 1549 2506 1717 2571; x_wconf 88' lang='lat' dir='ltr'>longe</span> <span class='ocrx_word' id='word_1_172' title='bbox 1749 2504 1952 2572; x_wconf 91' lang='lat' dir='ltr'>politus</span> <span class='ocrx_word' id='word_1_173' title='bbox 1975 2504 2068 2554; x_wconf 88' lang='lat' dir='ltr'>ho-</span> 
     </span>
    </p>
   </div>
   <div class='ocr_carea' id='block_1_28' title="bbox 472 2593 2065 2662">
    <p class='ocr_par' dir='ltr' id='par_1_28' title="bbox 472 2593 2065 2662">
     <span class='ocr_line' id='line_1_28' title="bbox 472 2593 2065 2662; baseline -0.003 -16"><span class='ocrx_word' id='word_1_174' title='bbox 472 2599 710 2657; x_wconf 89' lang='lat' dir='ltr'>nestate,</span> <span class='ocrx_word' id='word_1_175' title='bbox 737 2598 922 2645; x_wconf 87' lang='lat' dir='ltr'>mente</span> <span class='ocrx_word' id='word_1_176' title='bbox 955 2593 1233 2662; x_wconf 87' lang='lat' dir='ltr'>providus,</span> <span class='ocrx_word' id='word_1_177' title='bbox 1261 2609 1494 2644; x_wconf 88' lang='lat' dir='ltr'>cernens</span> <span class='ocrx_word' id='word_1_178' title='bbox 1523 2598 1738 2644; x_wconf 85' lang='lat' dir='ltr'>tantam</span> <span class='ocrx_word' id='word_1_179' title='bbox 1760 2610 1817 2643; x_wconf 87' lang='lat' dir='ltr'>se</span> <span class='ocrx_word' id='word_1_180' title='bbox 1840 2601 2065 2659; x_wconf 84' lang='lat' dir='ltr'>gentem</span> 
     </span>
    </p>
   </div>
   <div class='ocr_carea' id='block_1_29' title="bbox 472 2680 2068 2746">
    <p class='ocr_par' dir='ltr' id='par_1_29' title="bbox 472 2680 2068 2746">
     <span class='ocr_line' id='line_1_29' title="bbox 472 2680 2068 2746; baseline -0.001 -13"><span class='ocrx_word' id='word_1_181' title='bbox 472 2681 594 2734; x_wconf 91' lang='lat' dir='ltr'>sine</span> <span class='ocrx_word' id='word_1_182' title='bbox 624 2698 864 2746; x_wconf 86' lang='lat' dir='ltr'>vomere,</span> <span class='ocrx_word' id='word_1_183' title='bbox 898 2695 962 2733; x_wconf 88' lang='lat' dir='ltr'>ac</span> <span class='ocrx_word' id='word_1_184' title='bbox 988 2693 1175 2733; x_wconf 80' lang='lat' dir='ltr'>murra</span> <span class='ocrx_word' id='word_1_185' title='bbox 1201 2681 1371 2733; x_wconf 88' lang='lat' dir='ltr'>divini</span> <span class='ocrx_word' id='word_1_186' title='bbox 1407 2681 1589 2735; x_wconf 89' lang='lat' dir='ltr'>cultus</span> <span class='ocrx_word' id='word_1_187' title='bbox 1620 2680 1848 2732; x_wconf 87' lang='lat' dir='ltr'>minime</span> <span class='ocrx_word' id='word_1_188' title='bbox 1878 2681 2068 2732; x_wconf 85' lang='lat' dir='ltr'>fructi-</span> 
     </span>
    </p>
   </div>
   <div class='ocr_carea' id='block_1_30' title="bbox 470 2768 2066 2840">
    <p class='ocr_par' dir='ltr' id='par_1_30' title="bbox 470 2768 2066 2840">
     <span class='ocr_line' id='line_1_30' title="bbox 470 2768 2066 2840; baseline -0.001 -17"><span class='ocrx_word' id='word_1_189' title='bbox 470 2771 637 2823; x_wconf 86' lang='lat' dir='ltr'>ﬁcare</span> <span class='ocrx_word' id='word_1_190' title='bbox 670 2787 850 2840; x_wconf 87' lang='lat' dir='ltr'>posse,</span> <span class='ocrx_word' id='word_1_191' title='bbox 881 2769 1026 2822; x_wconf 88' lang='lat' dir='ltr'>illico</span> <span class='ocrx_word' id='word_1_192' title='bbox 1071 2769 1200 2822; x_wconf 86' lang='lat' dir='ltr'>data</span> <span class='ocrx_word' id='word_1_193' title='bbox 1233 2787 1401 2838; x_wconf 81' lang='lat' dir='ltr'>opera</span> <span class='ocrx_word' id='word_1_194' title='bbox 1428 2769 1648 2821; x_wconf 89' lang='lat' dir='ltr'>curiose</span> <span class='ocrx_word' id='word_1_195' title='bbox 1681 2768 1886 2838; x_wconf 86' lang='lat' dir='ltr'>ubique</span> <span class='ocrx_word' id='word_1_196' title='bbox 1914 2787 2066 2838; x_wconf 66' lang='lat' dir='ltr'>quae-</span> 
     </span>
    </p>
   </div>
   <div class='ocr_carea' id='block_1_31' title="bbox 471 2859 2066 2930">
    <p class='ocr_par' dir='ltr' id='par_1_31' title="bbox 471 2859 2066 2930">
     <span class='ocr_line' id='line_1_31' title="bbox 471 2859 2066 2930; baseline -0.003 -16"><span class='ocrx_word' id='word_1_197' title='bbox 471 2877 596 2914; x_wconf 90' lang='lat' dir='ltr'>rere</span> <span class='ocrx_word' id='word_1_198' title='bbox 617 2859 761 2930; x_wconf 87' lang='lat' dir='ltr'>cepit</span> <span class='ocrx_word' id='word_1_199' title='bbox 781 2861 1125 2912; x_wconf 88' lang='lat' dir='ltr'>diversorum</span> <span class='ocrx_word' id='word_1_200' title='bbox 1148 2859 1429 2911; x_wconf 85' lang='lat' dir='ltr'>volumina</span> <span class='ocrx_word' id='word_1_201' title='bbox 1449 2859 1757 2917; x_wconf 88' lang='lat' dir='ltr'>doctorum,</span> <span class='ocrx_word' id='word_1_202' title='bbox 1787 2874 1907 2926; x_wconf 65' lang='lat' dir='ltr'>qua)</span> <span class='ocrx_word' id='word_1_203' title='bbox 1932 2874 2066 2926; x_wconf 64' lang='lat' dir='ltr'>prae-</span> 
     </span>
    </p>
   </div>
   <div class='ocr_carea' id='block_1_32' title="bbox 473 2946 2064 3018">
    <p class='ocr_par' dir='ltr' id='par_1_32' title="bbox 473 2946 2064 3018">
     <span class='ocr_line' id='line_1_32' title="bbox 473 2946 2064 3018; baseline -0.003 -16"><span class='ocrx_word' id='word_1_204' title='bbox 473 2948 724 3002; x_wconf 86' lang='lat' dir='ltr'>sentibus</span> <span class='ocrx_word' id='word_1_205' title='bbox 785 2947 1132 3018; x_wconf 85' lang='lat' dir='ltr'>posterisque</span> <span class='ocrx_word' id='word_1_206' title='bbox 1191 2947 1524 2999; x_wconf 87' lang='lat' dir='ltr'>documenta</span> <span class='ocrx_word' id='word_1_207' title='bbox 1567 2946 1943 3014; x_wconf 79' lang='lat' dir='ltr'>relinqueret;</span> <span class='ocrx_word' id='word_1_208' title='bbox 2004 2951 2064 2998; x_wconf 90' lang='lat' dir='ltr'>ut</span> 
     </span>
    </p>
   </div>
   <div class='ocr_carea' id='block_1_33' title="bbox 470 3034 2071 3110">
    <p class='ocr_par' dir='ltr' id='par_1_33' title="bbox 470 3034 2071 3110">
     <span class='ocr_line' id='line_1_33' title="bbox 470 3034 2071 3110; baseline -0.002 -19"><span class='ocrx_word' id='word_1_209' title='bbox 470 3038 616 3091; x_wconf 91' lang='lat' dir='ltr'>sicut</span> <span class='ocrx_word' id='word_1_210' title='bbox 633 3053 837 3106; x_wconf 85' lang='lat' dir='ltr'>genere</span> <span class='ocrx_word' id='word_1_211' title='bbox 857 3036 1152 3104; x_wconf 84' lang='lat' dir='ltr'>studioque</span> <span class='ocrx_word' id='word_1_212' title='bbox 1174 3035 1376 3088; x_wconf 78' lang='lat' dir='ltr'>diversi</span> <span class='ocrx_word' id='word_1_213' title='bbox 1401 3041 1583 3096; x_wconf 86' lang='lat' dir='ltr'>erant,</span> <span class='ocrx_word' id='word_1_214' title='bbox 1609 3035 1687 3085; x_wconf 89' lang='lat' dir='ltr'>sic</span> <span class='ocrx_word' id='word_1_215' title='bbox 1712 3035 1768 3086; x_wconf 92' lang='lat' dir='ltr'>in</span> <span class='ocrx_word' id='word_1_216' title='bbox 1787 3034 1871 3085; x_wconf 90' lang='lat' dir='ltr'>his</span> <span class='ocrx_word' id='word_1_217' title='bbox 1899 3050 2071 3110; x_wconf 30' lang='lat' dir='ltr'>unus:</span> 
     </span>
    </p>
   </div>
   <div class='ocr_carea' id='block_1_34' title="bbox 471 3122 2064 3196">
    <p class='ocr_par' dir='ltr' id='par_1_34' title="bbox 471 3122 2064 3196">
     <span class='ocr_line' id='line_1_34' title="bbox 471 3122 2064 3196; baseline -0.003 -17"><span class='ocrx_word' id='word_1_218' title='bbox 471 3127 705 3196; x_wconf 88' lang='lat' dir='ltr'>quisque</span> <span class='ocrx_word' id='word_1_219' title='bbox 735 3126 1116 3194; x_wconf 87' lang='lat' dir='ltr'>specularetur</span> <span class='ocrx_word' id='word_1_220' title='bbox 1135 3124 1268 3193; x_wconf 86' lang='lat' dir='ltr'>quid</span> <span class='ocrx_word' id='word_1_221' title='bbox 1292 3123 1645 3182; x_wconf 87' lang='lat' dir='ltr'>imitandum,</span> <span class='ocrx_word' id='word_1_222' title='bbox 1663 3122 1862 3191; x_wconf 84' lang='lat' dir='ltr'>quidve</span> <span class='ocrx_word' id='word_1_223' title='bbox 1877 3139 2064 3192; x_wconf 83' lang='lat' dir='ltr'>asper-</span> 
     </span>
    </p>
   </div>
   <div class='ocr_carea' id='block_1_35' title="bbox 470 3212 2060 3281">
    <p class='ocr_par' dir='ltr' id='par_1_35' title="bbox 470 3212 2060 3281">
     <span class='ocr_line' id='line_1_35' title="bbox 470 3212 2060 3281; baseline -0.004 -12"><span class='ocrx_word' id='word_1_224' title='bbox 470 3216 718 3269; x_wconf 85' lang='lat' dir='ltr'>nandum</span> <span class='ocrx_word' id='word_1_225' title='bbox 742 3214 844 3266; x_wconf 83' lang='lat' dir='ltr'>sibi</span> <span class='ocrx_word' id='word_1_226' title='bbox 868 3214 1026 3266; x_wconf 87' lang='lat' dir='ltr'>foret.</span> <span class='ocrx_word' id='word_1_227' title='bbox 1055 3213 1292 3264; x_wconf 80' lang='lat' dir='ltr'>Difficile</span> <span class='ocrx_word' id='word_1_228' title='bbox 1314 3213 1449 3263; x_wconf 81' lang='lat' dir='ltr'>milii</span> <span class='ocrx_word' id='word_1_229' title='bbox 1476 3213 1714 3274; x_wconf 85' lang='lat' dir='ltr'>videtur,</span> <span class='ocrx_word' id='word_1_230' title='bbox 1740 3212 2060 3281; x_wconf 85' lang='lat' dir='ltr'>quempiam</span> 
     </span>
    </p>
   </div>
   <div class='ocr_carea' id='block_1_36' title="bbox 468 3300 2065 3370">
    <p class='ocr_par' dir='ltr' id='par_1_36' title="bbox 468 3300 2065 3370">
     <span class='ocr_line' id='line_1_36' title="bbox 468 3300 2065 3370; baseline -0.003 -13"><span class='ocrx_word' id='word_1_231' title='bbox 468 3305 702 3357; x_wconf 87' lang='lat' dir='ltr'>virtutes</span> <span class='ocrx_word' id='word_1_232' title='bbox 725 3302 936 3355; x_wconf 84' lang='lat' dir='ltr'>ac&#39;vitia</span> <span class='ocrx_word' id='word_1_233' title='bbox 960 3302 1277 3354; x_wconf 81' lang='lat' dir='ltr'>discernere</span> <span class='ocrx_word' id='word_1_234' title='bbox 1298 3300 1470 3353; x_wconf 74' lang='lat' dir='ltr'>libere</span> <span class='ocrx_word' id='word_1_235' title='bbox 1499 3317 1676 3370; x_wconf 83' lang='lat' dir='ltr'>posse,</span> <span class='ocrx_word' id='word_1_236' title='bbox 1711 3300 2065 3368; x_wconf 86' lang='lat' dir='ltr'>ignorantem</span> 
     </span>
    </p>
   </div>
   <div class='ocr_carea' id='block_1_37' title="bbox 471 3389 2067 3461">
    <p class='ocr_par' dir='ltr' id='par_1_37' title="bbox 471 3389 2067 3461">
     <span class='ocr_line' id='line_1_37' title="bbox 471 3389 2067 3461; baseline -0.002 -16"><span class='ocrx_word' id='word_1_237' title='bbox 471 3390 774 3461; x_wconf 76' lang='lat' dir='ltr'>aenigmata</span> <span class='ocrx_word' id='word_1_238' title='bbox 826 3395 881 3443; x_wconf 84' lang='lat' dir='ltr'>et</span> <span class='ocrx_word' id='word_1_239' title='bbox 929 3391 1237 3442; x_wconf 84' lang='lat' dir='ltr'>sententias</span> <span class='ocrx_word' id='word_1_240' title='bbox 1283 3391 1717 3459; x_wconf 85' lang='lat' dir='ltr'>Scripturarum.</span> <span class='ocrx_word' id='word_1_241' title='bbox 1753 3390 1887 3451; x_wconf 77' lang='lat' dir='ltr'>Quis</span> <span class='ocrx_word' id='word_1_242' title='bbox 1917 3389 2067 3442; x_wconf 90' lang='lat' dir='ltr'>enim</span> 
     </span>
    </p>
   </div>
   <div class='ocr_carea' id='block_1_38' title="bbox 469 3478 2067 3551">
    <p class='ocr_par' dir='ltr' id='par_1_38' title="bbox 469 3478 2067 3551">
     <span class='ocr_line' id='line_1_38' title="bbox 469 3478 2067 3551; baseline -0.002 -17"><span class='ocrx_word' id='word_1_243' title='bbox 469 3480 1010 3551; x_wconf 53' lang='lat' dir='ltr'>aegrotoantidotum</span> <span class='ocrx_word' id='word_1_244' title='bbox 1034 3481 1166 3532; x_wconf 90' lang='lat' dir='ltr'>dare</span> <span class='ocrx_word' id='word_1_245' title='bbox 1190 3479 1358 3544; x_wconf 89' lang='lat' dir='ltr'>novit,</span> <span class='ocrx_word' id='word_1_246' title='bbox 1382 3479 1491 3530; x_wconf 88' lang='lat' dir='ltr'>nisi</span> <span class='ocrx_word' id='word_1_247' title='bbox 1513 3478 1610 3546; x_wconf 89' lang='lat' dir='ltr'>qui</span> <span class='ocrx_word' id='word_1_248' title='bbox 1630 3478 1856 3530; x_wconf 72' lang='lat' dir='ltr'>didicit?</span> <span class='ocrx_word' id='word_1_249' title='bbox 1878 3479 2067 3546; x_wconf 78' lang='lat' dir='ltr'>quisve</span> 
     </span>
    </p>
   </div>
   <div class='ocr_carea' id='block_1_39' title="bbox 467 3575 2066 3648">
    <p class='ocr_par' dir='ltr' id='par_1_39' title="bbox 467 3575 2066 3648">
     <span class='ocr_line' id='line_1_39' title="bbox 467 3575 2066 3648; baseline -0.002 -17"><span class='ocrx_word' id='word_1_250' title='bbox 467 3578 691 3648; x_wconf 83' lang='lat' dir='ltr'>remigii</span> <span class='ocrx_word' id='word_1_251' title='bbox 746 3579 973 3646; x_wconf 86' lang='lat' dir='ltr'>ignarus</span> <span class='ocrx_word' id='word_1_252' title='bbox 1021 3584 1201 3630; x_wconf 86' lang='lat' dir='ltr'>ratem</span> <span class='ocrx_word' id='word_1_253' title='bbox 1239 3577 1588 3631; x_wconf 88' lang='lat' dir='ltr'>committere</span> <span class='ocrx_word' id='word_1_254' title='bbox 1628 3575 1882 3644; x_wconf 80' lang='lat' dir='ltr'>fragilem</span> <span class='ocrx_word' id='word_1_255' title='bbox 1925 3593 2066 3629; x_wconf 70' lang='lat' dir='ltr'>saevo</span> 
     </span>
    </p>
   </div>
   <div class='ocr_carea' id='block_1_40' title="bbox 473 3666 928 3737">
    <p class='ocr_par' dir='ltr' id='par_1_40' title="bbox 473 3666 928 3737">
     <span class='ocr_line' id='line_1_40' title="bbox 473 3666 928 3737; baseline -0.004 -17"><span class='ocrx_word' id='word_1_256' title='bbox 473 3666 681 3721; x_wconf 90' lang='lat' dir='ltr'>audeat</span> <span class='ocrx_word' id='word_1_257' title='bbox 713 3672 882 3737; x_wconf 88' lang='lat' dir='ltr'>ponto</span> <span class='ocrx_word' id='word_1_258' title='bbox 905 3668 928 3718; x_wconf 66' lang='grc' dir='ltr'>ἲ)</span> 
     </span>
    </p>
   </div>
   <div class='ocr_carea' id='block_1_41' title="bbox 543 3755 2066 3826">
    <p class='ocr_par' dir='ltr' id='par_1_41' title="bbox 543 3755 2066 3826">
     <span class='ocr_line' id='line_1_41' title="bbox 543 3755 2066 3826; baseline -0.001 -16"><span class='ocrx_word' id='word_1_259' title='bbox 543 3757 645 3810; x_wconf 86' lang='lat' dir='ltr'>Sed</span> <span class='ocrx_word' id='word_1_260' title='bbox 698 3757 959 3826; x_wconf 87' lang='lat' dir='ltr'>quoniam</span> <span class='ocrx_word' id='word_1_261' title='bbox 1004 3755 1176 3808; x_wconf 84' lang='lat' dir='ltr'>bonos</span> <span class='ocrx_word' id='word_1_262' title='bbox 1228 3755 1521 3807; x_wconf 81' lang='lat' dir='ltr'>lividorum</span> <span class='ocrx_word' id='word_1_263' title='bbox 1567 3755 1741 3808; x_wconf 81' lang='lat' dir='ltr'>aculei</span> <span class='ocrx_word' id='word_1_264' title='bbox 1778 3756 2066 3808; x_wconf 87' lang='lat' dir='ltr'>stimulare</span> 
     </span>
    </p>
   </div>
   <div class='ocr_carea' id='block_1_42' title="bbox 469 3845 2060 3914">
    <p class='ocr_par' dir='ltr' id='par_1_42' title="bbox 469 3845 2060 3914">
     <span class='ocr_line' id='line_1_42' title="bbox 469 3845 2060 3914; baseline -0.002 -15"><span class='ocrx_word' id='word_1_265' title='bbox 469 3847 673 3900; x_wconf 84' lang='lat' dir='ltr'>acriter</span> <span class='ocrx_word' id='word_1_266' title='bbox 701 3847 904 3910; x_wconf 87' lang='lat' dir='ltr'>solent,</span> <span class='ocrx_word' id='word_1_267' title='bbox 928 3845 1183 3898; x_wconf 85' lang='lat' dir='ltr'>nonnulli</span> <span class='ocrx_word' id='word_1_268' title='bbox 1218 3845 1419 3914; x_wconf 87' lang='lat' dir='ltr'>quibus</span> <span class='ocrx_word' id='word_1_269' title='bbox 1446 3861 1600 3896; x_wconf 88' lang='lat' dir='ltr'>mens</span> <span class='ocrx_word' id='word_1_270' title='bbox 1631 3845 1825 3898; x_wconf 89' lang='lat' dir='ltr'>insana</span> <span class='ocrx_word' id='word_1_271' title='bbox 1858 3845 2060 3908; x_wconf 82' lang='lat' dir='ltr'>fuerat,</span> 
     </span>
    </p>
   </div>
   <div class='ocr_carea' id='block_1_43' title="bbox 465 3933 2061 4002">
    <p class='ocr_par' dir='ltr' id='par_1_43' title="bbox 465 3933 2061 4002">
     <span class='ocr_line' id='line_1_43' title="bbox 465 3933 2061 4002; baseline -0.003 -14"><span class='ocrx_word' id='word_1_272' title='bbox 465 3934 756 4000; x_wconf 88' lang='lat' dir='ltr'>dissidere,</span> <span class='ocrx_word' id='word_1_273' title='bbox 781 3933 1076 3986; x_wconf 87' lang='lat' dir='ltr'>dissentire</span> <span class='ocrx_word' id='word_1_274' title='bbox 1099 3950 1162 3986; x_wconf 90' lang='lat' dir='ltr'>ac</span> <span class='ocrx_word' id='word_1_275' title='bbox 1191 3933 1487 4002; x_wconf 86' lang='lat' dir='ltr'>objurgare</span> <span class='ocrx_word' id='word_1_276' title='bbox 1512 3950 1574 3985; x_wconf 79' lang='lat' dir='ltr'>ex</span> <span class='ocrx_word' id='word_1_277' title='bbox 1606 3933 1709 3984; x_wconf 90' lang='lat' dir='ltr'>hoc</span> <span class='ocrx_word' id='word_1_278' title='bbox 1730 3934 2061 4002; x_wconf 66' lang='lat' dir='ltr'>przeclarum</span> 
     </span>
    </p>
   </div>
   <div class='ocr_carea' id='block_1_44' title="bbox 466 4022 2062 4093">
    <p class='ocr_par' dir='ltr' id='par_1_44' title="bbox 466 4022 2062 4093">
     <span class='ocr_line' id='line_1_44' title="bbox 466 4022 2062 4093; baseline -0.002 -17"><span class='ocrx_word' id='word_1_279' title='bbox 466 4027 736 4093; x_wconf 86' lang='lat' dir='ltr'>ceperunt</span> <span class='ocrx_word' id='word_1_280' title='bbox 762 4023 1021 4077; x_wconf 82' lang='lat' dir='ltr'>abbatem</span> <span class='ocrx_word' id='word_1_281' title='bbox 1048 4041 1057 4074; x_wconf 92' lang='lat'>:</span> <span class='ocrx_word' id='word_1_282' title='bbox 1091 4023 1185 4076; x_wconf 87' lang='lat' dir='ltr'>alii</span> <span class='ocrx_word' id='word_1_283' title='bbox 1217 4039 1344 4074; x_wconf 90' lang='lat' dir='ltr'>eum</span> <span class='ocrx_word' id='word_1_284' title='bbox 1373 4022 1584 4074; x_wconf 81' lang='lat' dir='ltr'>frustra</span> <span class='ocrx_word' id='word_1_285' title='bbox 1627 4022 1685 4074; x_wconf 90' lang='lat' dir='ltr'>in</span> <span class='ocrx_word' id='word_1_286' title='bbox 1716 4024 1879 4091; x_wconf 87' lang='lat' dir='ltr'>nugis</span> <span class='ocrx_word' id='word_1_287' title='bbox 1919 4022 2062 4074; x_wconf 87' lang='lat' dir='ltr'>bona</span> 
     </span>
    </p>
   </div>
   <div class='ocr_carea' id='block_1_45' title="bbox 467 4110 2059 4182">
    <p class='ocr_par' dir='ltr' id='par_1_45' title="bbox 467 4110 2059 4182">
     <span class='ocr_line' id='line_1_45' title="bbox 467 4110 2059 4182; baseline -0.002 -17"><span class='ocrx_word' id='word_1_288' title='bbox 467 4113 793 4166; x_wconf 82' lang='lat' dir='ltr'>monasterii</span> <span class='ocrx_word' id='word_1_289' title='bbox 842 4112 1149 4182; x_wconf 82' lang='lat' dir='ltr'>dissipare;</span> <span class='ocrx_word' id='word_1_290' title='bbox 1196 4110 1289 4162; x_wconf 87' lang='lat' dir='ltr'>alii</span> <span class='ocrx_word' id='word_1_291' title='bbox 1333 4117 1520 4163; x_wconf 86' lang='lat' dir='ltr'>autem</span> <span class='ocrx_word' id='word_1_292' title='bbox 1567 4111 1724 4162; x_wconf 89' lang='lat' dir='ltr'>illum</span> <span class='ocrx_word' id='word_1_293' title='bbox 1777 4112 1877 4162; x_wconf 90' lang='lat' dir='ltr'>hoc</span> <span class='ocrx_word' id='word_1_294' title='bbox 1907 4111 1975 4162; x_wconf 90' lang='lat' dir='ltr'>ob</span> <span class='ocrx_word' id='word_1_295' title='bbox 2008 4111 2059 4162; x_wconf 93' lang='lat' dir='ltr'>id</span> 
     </span>
    </p>
   </div>
   <div class='ocr_carea' id='block_1_46' title="bbox 468 4199 2059 4270">
    <p class='ocr_par' dir='ltr' id='par_1_46' title="bbox 468 4199 2059 4270">
     <span class='ocr_line' id='line_1_46' title="bbox 468 4199 2059 4270; baseline -0.002 -16"><span class='ocrx_word' id='word_1_296' title='bbox 468 4217 654 4270; x_wconf 78' lang='lat' dir='ltr'>agere,</span> <span class='ocrx_word' id='word_1_297' title='bbox 678 4207 743 4254; x_wconf 89' lang='lat' dir='ltr'>ut</span> <span class='ocrx_word' id='word_1_298' title='bbox 762 4201 1062 4269; x_wconf 86' lang='lat' dir='ltr'>aliquando</span> <span class='ocrx_word' id='word_1_299' title='bbox 1083 4217 1212 4252; x_wconf 89' lang='lat' dir='ltr'>cum</span> <span class='ocrx_word' id='word_1_300' title='bbox 1233 4200 1365 4252; x_wconf 91' lang='lat' dir='ltr'>totis</span> <span class='ocrx_word' id='word_1_301' title='bbox 1396 4200 1551 4252; x_wconf 91' lang='lat' dir='ltr'>libris</span> <span class='ocrx_word' id='word_1_302' title='bbox 1576 4199 1796 4267; x_wconf 85' lang='lat' dir='ltr'>fugiens</span> <span class='ocrx_word' id='word_1_303' title='bbox 1815 4199 2059 4269; x_wconf 88' lang='lat' dir='ltr'>aliquem</span> 
     </span>
    </p>
   </div>
   <div class='ocr_carea' id='block_1_47' title="bbox 468 4287 2058 4360">
    <p class='ocr_par' dir='ltr' id='par_1_47' title="bbox 468 4287 2058 4360">
     <span class='ocr_line' id='line_1_47' title="bbox 468 4287 2058 4360; baseline -0.001 -18"><span class='ocrx_word' id='word_1_304' title='bbox 468 4291 784 4359; x_wconf 87' lang='lat' dir='ltr'>acquireret</span> <span class='ocrx_word' id='word_1_305' title='bbox 814 4289 1190 4360; x_wconf 79' lang='lat' dir='ltr'>episCOpatum</span> <span class='ocrx_word' id='word_1_306' title='bbox 1237 4287 1361 4352; x_wconf 87' lang='lat' dir='ltr'>sibi,</span> <span class='ocrx_word' id='word_1_307' title='bbox 1399 4289 1675 4340; x_wconf 84' lang='lat' dir='ltr'>instanter</span> <span class='ocrx_word' id='word_1_308' title='bbox 1702 4289 2058 4354; x_wconf 83' lang='lat' dir='ltr'>asserebant;</span> 
     </span>
    </p>
   </div>
   <div class='ocr_carea' id='block_1_48' title="bbox 2145 565 3754 638">
    <p class='ocr_par' dir='ltr' id='par_1_48' title="bbox 2145 565 3754 638">
     <span class='ocr_line' id='line_1_48' title="bbox 2145 565 3754 638; baseline 0.001 -20"><span class='ocrx_word' id='word_1_309' title='bbox 2145 568 2386 619; x_wconf 87' lang='lat' dir='ltr'>claustro</span> <span class='ocrx_word' id='word_1_310' title='bbox 2410 586 2441 620; x_wconf 63' lang='grc' dir='ltr'>τι</span> <span class='ocrx_word' id='word_1_311' title='bbox 2463 569 2699 637; x_wconf 77' lang='lat' dir='ltr'>strepitu</span> <span class='ocrx_word' id='word_1_312' title='bbox 2724 570 3017 621; x_wconf 59' lang='lat' dir='ltr'>niundanre</span> <span class='ocrx_word' id='word_1_313' title='bbox 3049 571 3240 638; x_wconf 87' lang='lat' dir='ltr'>pestis.</span> <span class='ocrx_word' id='word_1_314' title='bbox 3262 565 3354 621; x_wconf 90' lang='lat' dir='ltr'>ubi</span> <span class='ocrx_word' id='word_1_315' title='bbox 3383 569 3597 637; x_wconf 85' lang='lat' dir='ltr'>jugiter</span> <span class='ocrx_word' id='word_1_316' title='bbox 3618 569 3754 622; x_wconf 64' lang='lat' dir='ltr'>redi-</span> 
     </span>
    </p>
   </div>
   <div class='ocr_carea' id='block_1_49' title="bbox 2146 657 3757 725">
    <p class='ocr_par' dir='ltr' id='par_1_49' title="bbox 2146 657 3757 725">
     <span class='ocr_line' id='line_1_49' title="bbox 2146 657 3757 725; baseline 0.002 -18"><span class='ocrx_word' id='word_1_317' title='bbox 2146 657 2440 718; x_wconf 86' lang='lat' dir='ltr'>ficationis,</span> <span class='ocrx_word' id='word_1_318' title='bbox 2475 663 2530 708; x_wconf 84' lang='lat' dir='ltr'>et</span> <span class='ocrx_word' id='word_1_319' title='bbox 2560 658 2882 710; x_wconf 80' lang='lat' dir='ltr'>salvationis</span> <span class='ocrx_word' id='word_1_320' title='bbox 2915 665 3164 709; x_wconf 87' lang='lat' dir='ltr'>meretur</span> <span class='ocrx_word' id='word_1_321' title='bbox 3193 658 3505 725; x_wconf 87' lang='lat' dir='ltr'>intelligere</span> <span class='ocrx_word' id='word_1_322' title='bbox 3539 657 3710 709; x_wconf 88' lang='lat' dir='ltr'>verba</span> <span class='ocrx_word' id='word_1_323' title='bbox 3732 659 3757 709; x_wconf 72' lang='grc' dir='ltr'>ἰ)</span> 
     </span>
    </p>
   </div>
   <div class='ocr_carea' id='block_1_50' title="bbox 2148 744 3757 815">
    <p class='ocr_par' dir='ltr' id='par_1_50' title="bbox 2148 744 3757 815">
     <span class='ocr_line' id='line_1_50' title="bbox 2148 744 3757 815; baseline 0.002 -20"><span class='ocrx_word' id='word_1_324' title='bbox 2148 744 2305 797; x_wconf 86' lang='lat' dir='ltr'>Sicut</span> <span class='ocrx_word' id='word_1_325' title='bbox 2361 746 2508 797; x_wconf 89' lang='lat' dir='ltr'>enim</span> <span class='ocrx_word' id='word_1_326' title='bbox 2565 747 2765 814; x_wconf 88' lang='lat' dir='ltr'>probos</span> <span class='ocrx_word' id='word_1_327' title='bbox 2820 751 3002 797; x_wconf 83' lang='lat' dir='ltr'>mores</span> <span class='ocrx_word' id='word_1_328' title='bbox 3058 746 3332 814; x_wconf 86' lang='lat' dir='ltr'>colloquia</span> <span class='ocrx_word' id='word_1_329' title='bbox 3377 753 3757 815; x_wconf 83' lang='lat' dir='ltr'>corrumpunt</span> 
     </span>
    </p>
   </div>
   <div class='ocr_carea' id='block_1_51' title="bbox 2145 833 3755 903">
    <p class='ocr_par' dir='ltr' id='par_1_51' title="bbox 2145 833 3755 903">
     <span class='ocr_line' id='line_1_51' title="bbox 2145 833 3755 903; baseline 0.001 -19"><span class='ocrx_word' id='word_1_330' title='bbox 2145 849 2317 902; x_wconf 83' lang='lat' dir='ltr'>prava</span> <span class='ocrx_word' id='word_1_331' title='bbox 2360 852 2369 885; x_wconf 93' lang='lat'>:</span> <span class='ocrx_word' id='word_1_332' title='bbox 2421 834 2499 885; x_wconf 87' lang='lat' dir='ltr'>sic</span> <span class='ocrx_word' id='word_1_333' title='bbox 2537 851 2568 884; x_wconf 87' lang='lat' dir='ltr'>e</span> <span class='ocrx_word' id='word_1_334' title='bbox 2611 850 2874 886; x_wconf 88' lang='lat' dir='ltr'>converso</span> <span class='ocrx_word' id='word_1_335' title='bbox 2924 833 3069 885; x_wconf 89' lang='lat' dir='ltr'>bona</span> <span class='ocrx_word' id='word_1_336' title='bbox 3119 834 3397 903; x_wconf 81' lang='lat' dir='ltr'>colloquia</span> <span class='ocrx_word' id='word_1_337' title='bbox 3440 834 3618 898; x_wconf 80' lang='lat' dir='ltr'>malos</span> <span class='ocrx_word' id='word_1_338' title='bbox 3650 835 3755 886; x_wconf 86' lang='lat' dir='ltr'>de-</span> 
     </span>
    </p>
   </div>
   <div class='ocr_carea' id='block_1_52' title="bbox 2147 923 3289 991">
    <p class='ocr_par' dir='ltr' id='par_1_52' title="bbox 2147 923 3289 991">
     <span class='ocr_line' id='line_1_52' title="bbox 2147 923 3289 991; baseline 0 -18"><span class='ocrx_word' id='word_1_339' title='bbox 2147 928 2373 974; x_wconf 86' lang='lat' dir='ltr'>struunt</span> <span class='ocrx_word' id='word_1_340' title='bbox 2406 929 2610 984; x_wconf 86' lang='lat' dir='ltr'>&#39;mores,</span> <span class='ocrx_word' id='word_1_341' title='bbox 2645 923 3070 991; x_wconf 88' lang='lat' dir='ltr'>immittuntque</span> <span class='ocrx_word' id='word_1_342' title='bbox 3099 923 3289 975; x_wconf 89' lang='lat' dir='ltr'>bonos.</span> 
     </span>
    </p>
   </div>
   <div class='ocr_carea' id='block_1_53' title="bbox 2218 1010 3753 1080">
    <p class='ocr_par' dir='ltr' id='par_1_53' title="bbox 2218 1010 3753 1080">
     <span class='ocr_line' id='line_1_53' title="bbox 2218 1010 3753 1080; baseline 0 -18"><span class='ocrx_word' id='word_1_343' title='bbox 2218 1011 2322 1062; x_wconf 89' lang='lat' dir='ltr'>Sed</span> <span class='ocrx_word' id='word_1_344' title='bbox 2356 1027 2424 1062; x_wconf 90' lang='lat' dir='ltr'>ne</span> <span class='ocrx_word' id='word_1_345' title='bbox 2453 1010 2552 1062; x_wconf 90' lang='lat' dir='ltr'>tibi</span> <span class='ocrx_word' id='word_1_346' title='bbox 2595 1025 2789 1080; x_wconf 88' lang='lat' dir='ltr'>parum</span> <span class='ocrx_word' id='word_1_347' title='bbox 2823 1012 3078 1064; x_wconf 83' lang='lat' dir='ltr'>sufﬁcere</span> <span class='ocrx_word' id='word_1_348' title='bbox 3110 1011 3363 1064; x_wconf 72' lang='lat' dir='ltr'>videatm‘</span> <span class='ocrx_word' id='word_1_349' title='bbox 3404 1011 3550 1080; x_wconf 89' lang='lat' dir='ltr'>quod</span> <span class='ocrx_word' id='word_1_350' title='bbox 3583 1011 3653 1063; x_wconf 88' lang='lat' dir='ltr'>de</span> <span class='ocrx_word' id='word_1_351' title='bbox 3685 1012 3753 1063; x_wconf 85' lang='lat' dir='ltr'>li-</span> 
     </span>
    </p>
   </div>
   <div class='ocr_carea' id='block_1_54' title="bbox 2146 1098 3753 1169">
    <p class='ocr_par' dir='ltr' id='par_1_54' title="bbox 2146 1098 3753 1169">
     <span class='ocr_line' id='line_1_54' title="bbox 2146 1098 3753 1169; baseline 0.001 -19"><span class='ocrx_word' id='word_1_352' title='bbox 2146 1098 2258 1150; x_wconf 91' lang='lat' dir='ltr'>bris</span> <span class='ocrx_word' id='word_1_353' title='bbox 2291 1100 2610 1158; x_wconf 86' lang='lat' dir='ltr'>memoravi,</span> <span class='ocrx_word' id='word_1_354' title='bbox 2647 1099 2780 1151; x_wconf 89' lang='lat' dir='ltr'>libet</span> <span class='ocrx_word' id='word_1_355' title='bbox 2819 1100 2984 1152; x_wconf 85' lang='lat' dir='ltr'>etiam</span> <span class='ocrx_word' id='word_1_356' title='bbox 3031 1099 3257 1152; x_wconf 88' lang='lat' dir='ltr'>titulum</span> <span class='ocrx_word' id='word_1_357' title='bbox 3301 1100 3753 1169; x_wconf 78' lang='lat' dir='ltr'>uniuscujdsque</span> 
     </span>
    </p>
   </div>
   <div class='ocr_carea' id='block_1_55' title="bbox 2148 1187 3750 1258">
    <p class='ocr_par' dir='ltr' id='par_1_55' title="bbox 2148 1187 3750 1258">
     <span class='ocr_line' id='line_1_55' title="bbox 2148 1187 3750 1258; baseline 0.001 -19"><span class='ocrx_word' id='word_1_358' title='bbox 2148 1187 2274 1239; x_wconf 88' lang='lat' dir='ltr'>libri</span> <span class='ocrx_word' id='word_1_359' title='bbox 2303 1187 2543 1240; x_wconf 83' lang='lat' dir='ltr'>scribere</span> <span class='ocrx_word' id='word_1_360' title='bbox 2571 1206 2581 1251; x_wconf 92' lang='lat'><strong>;</strong></span> <span class='ocrx_word' id='word_1_361' title='bbox 2615 1193 2678 1240; x_wconf 90' lang='lat' dir='ltr'>ut</span> <span class='ocrx_word' id='word_1_362' title='bbox 2699 1189 2844 1257; x_wconf 89' lang='lat' dir='ltr'>quod</span> <span class='ocrx_word' id='word_1_363' title='bbox 2871 1189 3024 1258; x_wconf 88' lang='lat' dir='ltr'>puris</span> <span class='ocrx_word' id='word_1_364' title='bbox 3057 1201 3167 1240; x_wconf 89' lang='lat' dir='ltr'>non</span> <span class='ocrx_word' id='word_1_365' title='bbox 3195 1189 3374 1240; x_wconf 89' lang='lat' dir='ltr'>credis</span> <span class='ocrx_word' id='word_1_366' title='bbox 3401 1188 3604 1249; x_wconf 84' lang='lat' dir='ltr'>verbis,</span> <span class='ocrx_word' id='word_1_367' title='bbox 3631 1190 3750 1240; x_wconf 86' lang='lat' dir='ltr'>sal-</span> 
     </span>
    </p>
   </div>
   <div class='ocr_carea' id='block_1_56' title="bbox 2148 1276 3750 1345">
    <p class='ocr_par' dir='ltr' id='par_1_56' title="bbox 2148 1276 3750 1345">
     <span class='ocr_line' id='line_1_56' title="bbox 2148 1276 3750 1345; baseline 0.001 -18"><span class='ocrx_word' id='word_1_368' title='bbox 2148 1281 2259 1327; x_wconf 89' lang='lat' dir='ltr'>tem</span> <span class='ocrx_word' id='word_1_369' title='bbox 2287 1276 2542 1328; x_wconf 84' lang='lat' dir='ltr'>ﬁdelibus</span> <span class='ocrx_word' id='word_1_370' title='bbox 2562 1276 2870 1345; x_wconf 84' lang='lat' dir='ltr'>subjectum</span> <span class='ocrx_word' id='word_1_371' title='bbox 2900 1277 3094 1329; x_wconf 88' lang='lat' dir='ltr'>credas</span> <span class='ocrx_word' id='word_1_372' title='bbox 3111 1277 3304 1329; x_wconf 81' lang='lat' dir='ltr'>Oculis.</span> <span class='ocrx_word' id='word_1_373' title='bbox 3331 1278 3444 1329; x_wconf 85' lang='lat' dir='ltr'>Nec</span> <span class='ocrx_word' id='word_1_374' title='bbox 3468 1276 3750 1330; x_wconf 88' lang='lat' dir='ltr'>enim-hoc</span> 
     </span>
    </p>
   </div>
   <div class='ocr_carea' id='block_1_57' title="bbox 2149 1364 3750 1436">
    <p class='ocr_par' dir='ltr' id='par_1_57' title="bbox 2149 1364 3750 1436">
     <span class='ocr_line' id='line_1_57' title="bbox 2149 1364 3750 1436; baseline 0.002 -21"><span class='ocrx_word' id='word_1_375' title='bbox 2149 1364 2206 1416; x_wconf 91' lang='lat' dir='ltr'>in</span> <span class='ocrx_word' id='word_1_376' title='bbox 2238 1381 2437 1417; x_wconf 83' lang='lat' dir='ltr'>vanum</span> <span class='ocrx_word' id='word_1_377' title='bbox 2487 1367 2669 1418; x_wconf 86' lang='lat' dir='ltr'>conati</span> <span class='ocrx_word' id='word_1_378' title='bbox 2701 1381 2928 1428; x_wconf 83' lang='lat' dir='ltr'>sumus;</span> <span class='ocrx_word' id='word_1_379' title='bbox 2981 1366 3244 1434; x_wconf 84' lang='lat' dir='ltr'>quoniam</span> <span class='ocrx_word' id='word_1_380' title='bbox 3277 1365 3527 1418; x_wconf 79' lang='lat' dir='ltr'>accidere</span> <span class='ocrx_word' id='word_1_381' title='bbox 3558 1371 3750 1436; x_wconf 77' lang='lat' dir='ltr'>potest</span> 
     </span>
    </p>
   </div>
   <div class='ocr_carea' id='block_1_58' title="bbox 2149 1454 3748 1522">
    <p class='ocr_par' dir='ltr' id='par_1_58' title="bbox 2149 1454 3748 1522">
     <span class='ocr_line' id='line_1_58' title="bbox 2149 1454 3748 1522; baseline 0.001 -17"><span class='ocrx_word' id='word_1_382' title='bbox 2149 1459 2212 1505; x_wconf 92' lang='lat' dir='ltr'>ut</span> <span class='ocrx_word' id='word_1_383' title='bbox 2242 1467 2431 1506; x_wconf 88' lang='lat' dir='ltr'>errore</span> <span class='ocrx_word' id='word_1_384' title='bbox 2477 1455 2679 1522; x_wconf 87' lang='lat' dir='ltr'>aliquis</span> <span class='ocrx_word' id='word_1_385' title='bbox 2721 1471 2783 1507; x_wconf 84' lang='lat' dir='ltr'>ex</span> <span class='ocrx_word' id='word_1_386' title='bbox 2832 1454 2918 1507; x_wconf 89' lang='lat' dir='ltr'>his</span> <span class='ocrx_word' id='word_1_387' title='bbox 2965 1454 3281 1507; x_wconf 85' lang='lat' dir='ltr'>subtractus</span> <span class='ocrx_word' id='word_1_388' title='bbox 3319 1455 3561 1506; x_wconf 86' lang='lat' dir='ltr'>latenter</span> <span class='ocrx_word' id='word_1_389' title='bbox 3603 1454 3748 1506; x_wconf 85' lang='lat' dir='ltr'>liber</span> 
     </span>
    </p>
   </div>
   <div class='ocr_carea' id='block_1_59' title="bbox 2148 1541 3746 1613">
    <p class='ocr_par' dir='ltr' id='par_1_59' title="bbox 2148 1541 3746 1613">
     <span class='ocr_line' id='line_1_59' title="bbox 2148 1541 3746 1613; baseline 0.001 -19"><span class='ocrx_word' id='word_1_390' title='bbox 2148 1541 2407 1594; x_wconf 85' lang='lat' dir='ltr'>oblivioni</span> <span class='ocrx_word' id='word_1_391' title='bbox 2437 1543 2726 1604; x_wconf 84' lang='lat' dir='ltr'>tradatur;</span> <span class='ocrx_word' id='word_1_392' title='bbox 2773 1544 2871 1596; x_wconf 89' lang='lat' dir='ltr'>sed</span> <span class='ocrx_word' id='word_1_393' title='bbox 2913 1544 3157 1612; x_wconf 84' lang='lat' dir='ltr'>perlecta</span> <span class='ocrx_word' id='word_1_394' title='bbox 3187 1544 3289 1595; x_wconf 87' lang='lat' dir='ltr'>hac</span> <span class='ocrx_word' id='word_1_395' title='bbox 3318 1544 3524 1613; x_wconf 84' lang='lat' dir='ltr'>pagina</span> <span class='ocrx_word' id='word_1_396' title='bbox 3563 1544 3746 1595; x_wconf 81' lang='lat' dir='ltr'>fidelis</span> 
     </span>
    </p>
   </div>
   <div class='ocr_carea' id='block_1_60' title="bbox 2151 1629 3746 1701">
    <p class='ocr_par' dir='ltr' id='par_1_60' title="bbox 2151 1629 3746 1701">
     <span class='ocr_line' id='line_1_60' title="bbox 2151 1629 3746 1701; baseline 0.001 -20"><span class='ocrx_word' id='word_1_397' title='bbox 2151 1629 2418 1683; x_wconf 86' lang='lat' dir='ltr'>librorum</span> <span class='ocrx_word' id='word_1_398' title='bbox 2467 1640 2651 1684; x_wconf 87' lang='lat' dir='ltr'>custos</span> <span class='ocrx_word' id='word_1_399' title='bbox 2698 1648 2826 1684; x_wconf 90' lang='lat' dir='ltr'>cum</span> <span class='ocrx_word' id='word_1_400' title='bbox 2868 1629 3164 1701; x_wconf 86' lang='lat' dir='ltr'>diligenter</span> <span class='ocrx_word' id='word_1_401' title='bbox 3209 1631 3476 1700; x_wconf 81' lang='lat' dir='ltr'>inquirat,</span> <span class='ocrx_word' id='word_1_402' title='bbox 3512 1633 3557 1684; x_wconf 87' lang='lat' dir='ltr'>si</span> <span class='ocrx_word' id='word_1_403' title='bbox 3600 1632 3746 1684; x_wconf 87' lang='lat' dir='ltr'>forte.</span> 
     </span>
    </p>
   </div>
   <div class='ocr_carea' id='block_1_61' title="bbox 2149 1720 3747 1784">
    <p class='ocr_par' dir='ltr' id='par_1_61' title="bbox 2149 1720 3747 1784">
     <span class='ocr_line' id='line_1_61' title="bbox 2149 1720 3747 1784; baseline 0.003 -16"><span class='ocrx_word' id='word_1_404' title='bbox 2149 1720 2233 1770; x_wconf 82' lang='lat' dir='ltr'>vel</span> <span class='ocrx_word' id='word_1_405' title='bbox 2258 1736 2320 1771; x_wconf 83' lang='lat' dir='ltr'>ex</span> <span class='ocrx_word' id='word_1_406' title='bbox 2351 1720 2635 1784; x_wconf 81' lang='lat' dir='ltr'>fratribus,</span> <span class='ocrx_word' id='word_1_407' title='bbox 2665 1722 2747 1772; x_wconf 88' lang='lat' dir='ltr'>vel</span> <span class='ocrx_word' id='word_1_408' title='bbox 2771 1721 2982 1772; x_wconf 89' lang='lat' dir='ltr'>advena</span> <span class='ocrx_word' id='word_1_409' title='bbox 3012 1721 3257 1784; x_wconf 85' lang='lat' dir='ltr'>sustulit,</span> <span class='ocrx_word' id='word_1_410' title='bbox 3296 1721 3541 1773; x_wconf 86' lang='lat' dir='ltr'>armario</span> <span class='ocrx_word' id='word_1_411' title='bbox 3575 1721 3747 1772; x_wconf 87' lang='lat' dir='ltr'>resti-</span> 
     </span>
    </p>
   </div>
   <div class='ocr_carea' id='block_1_62' title="bbox 2147 1809 3748 1880">
    <p class='ocr_par' dir='ltr' id='par_1_62' title="bbox 2147 1809 3748 1880">
     <span class='ocr_line' id='line_1_62' title="bbox 2147 1809 3748 1880; baseline 0.001 -20"><span class='ocrx_word' id='word_1_412' title='bbox 2147 1813 2341 1860; x_wconf 87' lang='lat' dir='ltr'>tuatur</span> <span class='ocrx_word' id='word_1_413' title='bbox 2368 1809 2648 1860; x_wconf 89' lang='lat' dir='ltr'>continuo.</span> <span class='ocrx_word' id='word_1_414' title='bbox 2684 1810 2829 1861; x_wconf 77' lang='lat' dir='ltr'>Nota</span> <span class='ocrx_word' id='word_1_415' title='bbox 2860 1816 3067 1870; x_wconf 87' lang='lat' dir='ltr'>autem,</span> <span class='ocrx_word' id='word_1_416' title='bbox 3102 1811 3347 1880; x_wconf 87' lang='lat' dir='ltr'>prudens</span> <span class='ocrx_word' id='word_1_417' title='bbox 3375 1811 3569 1872; x_wconf 79' lang='lat' dir='ltr'>lector,</span> <span class='ocrx_word' id='word_1_418' title='bbox 3610 1809 3748 1878; x_wconf 88' lang='lat' dir='ltr'>quia</span> 
     </span>
    </p>
   </div>
   <div class='ocr_carea' id='block_1_63' title="bbox 2145 1896 3742 1968">
    <p class='ocr_par' dir='ltr' id='par_1_63' title="bbox 2145 1896 3742 1968">
     <span class='ocr_line' id='line_1_63' title="bbox 2145 1896 3742 1968; baseline 0.002 -22"><span class='ocrx_word' id='word_1_419' title='bbox 2145 1896 2307 1947; x_wconf 89' lang='lat' dir='ltr'>citius</span> <span class='ocrx_word' id='word_1_420' title='bbox 2337 1902 2400 1948; x_wconf 90' lang='lat' dir='ltr'>ut</span> <span class='ocrx_word' id='word_1_421' title='bbox 2442 1897 2768 1965; x_wconf 88' lang='lat' dir='ltr'>dignoscere</span> <span class='ocrx_word' id='word_1_422' title='bbox 2798 1898 2980 1950; x_wconf 85' lang='lat' dir='ltr'>valeas</span> <span class='ocrx_word' id='word_1_423' title='bbox 3011 1915 3466 1968; x_wconf 83' lang='lat' dir='ltr'>unumquemque</span> <span class='ocrx_word' id='word_1_424' title='bbox 3508 1897 3742 1962; x_wconf 89' lang='lat' dir='ltr'>librum,</span> 
     </span>
    </p>
   </div>
   <div class='ocr_carea' id='block_1_64' title="bbox 2147 1985 3745 2056">
    <p class='ocr_par' dir='ltr' id='par_1_64' title="bbox 2147 1985 3745 2056">
     <span class='ocr_line' id='line_1_64' title="bbox 2147 1985 3745 2056; baseline 0.003 -21"><span class='ocrx_word' id='word_1_425' title='bbox 2147 1985 2407 2053; x_wconf 86' lang='lat' dir='ltr'>quoniam</span> <span class='ocrx_word' id='word_1_426' title='bbox 2441 1986 2627 2054; x_wconf 88' lang='lat' dir='ltr'>plures</span> <span class='ocrx_word' id='word_1_427' title='bbox 2670 1986 2726 2037; x_wconf 88' lang='lat' dir='ltr'>in</span> <span class='ocrx_word' id='word_1_428' title='bbox 2766 2003 2877 2038; x_wconf 89' lang='lat' dir='ltr'>uno</span> <span class='ocrx_word' id='word_1_429' title='bbox 2919 1987 3198 2038; x_wconf 89' lang='lat' dir='ltr'>volumine</span> <span class='ocrx_word' id='word_1_430' title='bbox 3231 1993 3379 2050; x_wconf 87' lang='lat' dir='ltr'>sunt,</span> <span class='ocrx_word' id='word_1_431' title='bbox 3418 1987 3745 2056; x_wconf 87' lang='lat' dir='ltr'>ubicunque</span> 
     </span>
    </p>
   </div>
   <div class='ocr_carea' id='block_1_65' title="bbox 2145 2074 3747 2144">
    <p class='ocr_par' dir='ltr' id='par_1_65' title="bbox 2145 2074 3747 2144">
     <span class='ocr_line' id='line_1_65' title="bbox 2145 2074 3747 2144; baseline 0.002 -20"><span class='ocrx_word' id='word_1_432' title='bbox 2145 2074 2325 2141; x_wconf 82' lang='lat' dir='ltr'>figura</span> <span class='ocrx_word' id='word_1_433' title='bbox 2351 2075 2403 2125; x_wconf 91' lang='lat' dir='ltr'>in</span> <span class='ocrx_word' id='word_1_434' title='bbox 2435 2075 2661 2126; x_wconf 89' lang='lat' dir='ltr'>modum</span> <span class='ocrx_word' id='word_1_435' title='bbox 2682 2075 2880 2127; x_wconf 68' lang='lat' dir='ltr'>littera:</span> <span class='ocrx_word' id='word_1_436' title='bbox 2905 2076 2945 2128; x_wconf 86' lang='grc' dir='ltr'>Γ</span> <span class='ocrx_word' id='word_1_437' title='bbox 2968 2081 3023 2127; x_wconf 91' lang='lat' dir='ltr'>et</span> <span class='ocrx_word' id='word_1_438' title='bbox 3043 2082 3318 2144; x_wconf 85' lang='lat' dir='ltr'>quotquot</span> <span class='ocrx_word' id='word_1_439' title='bbox 3346 2076 3498 2128; x_wconf 88' lang='lat' dir='ltr'>tituli</span> <span class='ocrx_word' id='word_1_440' title='bbox 3527 2076 3681 2128; x_wconf 87' lang='lat' dir='ltr'>intra</span> <span class='ocrx_word' id='word_1_441' title='bbox 3702 2078 3747 2130; x_wconf 91' lang='lat' dir='ltr'>T</span> 
     </span>
    </p>
   </div>
   <div class='ocr_carea' id='block_1_66' title="bbox 2146 2162 3747 2218">
    <p class='ocr_par' dir='ltr' id='par_1_66' title="bbox 2146 2162 3747 2218">
     <span class='ocr_line' id='line_1_66' title="bbox 2146 2162 3747 2218; baseline 0.002 -3"><span class='ocrx_word' id='word_1_442' title='bbox 2146 2169 2201 2215; x_wconf 88' lang='lat' dir='ltr'>et</span> <span class='ocrx_word' id='word_1_443' title='bbox 2225 2162 2264 2214; x_wconf 98' lang='grc' dir='ltr'>Γ</span> <span class='ocrx_word' id='word_1_444' title='bbox 2288 2163 2643 2215; x_wconf 87' lang='lat' dir='ltr'>continentur</span> <span class='ocrx_word' id='word_1_445' title='bbox 2672 2164 2730 2215; x_wconf 89' lang='lat' dir='ltr'>in</span> <span class='ocrx_word' id='word_1_446' title='bbox 2752 2181 2862 2216; x_wconf 89' lang='lat' dir='ltr'>uno</span> <span class='ocrx_word' id='word_1_447' title='bbox 2895 2169 3114 2216; x_wconf 89' lang='lat' dir='ltr'>tantum</span> <span class='ocrx_word' id='word_1_448' title='bbox 3146 2165 3352 2216; x_wconf 88' lang='lat' dir='ltr'>adsunt</span> <span class='ocrx_word' id='word_1_449' title='bbox 3379 2165 3617 2217; x_wconf 75' lang='lat' dir='ltr'>connexi</span> <span class='ocrx_word' id='word_1_450' title='bbox 3649 2182 3747 2218; x_wconf 90' lang='lat' dir='ltr'>v0-</span> 
     </span>
    </p>
   </div>
   <div class='ocr_carea' id='block_1_67' title="bbox 2147 2251 3750 2321">
    <p class='ocr_par' dir='ltr' id='par_1_67' title="bbox 2147 2251 3750 2321">
     <span class='ocr_line' id='line_1_67' title="bbox 2147 2251 3750 2321; baseline 0.002 -19"><span class='ocrx_word' id='word_1_451' title='bbox 2147 2251 2378 2303; x_wconf 90' lang='lat' dir='ltr'>lumine.</span> <span class='ocrx_word' id='word_1_452' title='bbox 2420 2253 2534 2304; x_wconf 89' lang='lat' dir='ltr'>Hoc</span> <span class='ocrx_word' id='word_1_453' title='bbox 2563 2259 2750 2305; x_wconf 89' lang='lat' dir='ltr'>autem</span> <span class='ocrx_word' id='word_1_454' title='bbox 2783 2253 2931 2321; x_wconf 85' lang='lat' dir='ltr'>quod</span> <span class='ocrx_word' id='word_1_455' title='bbox 2969 2252 3037 2304; x_wconf 89' lang='lat' dir='ltr'>de</span> <span class='ocrx_word' id='word_1_456' title='bbox 3067 2253 3179 2305; x_wconf 84' lang='lat' dir='ltr'>vita</span> <span class='ocrx_word' id='word_1_457' title='bbox 3207 2252 3384 2304; x_wconf 82' lang='lat' dir='ltr'>sancti</span> <span class='ocrx_word' id='word_1_458' title='bbox 3415 2251 3519 2304; x_wconf 91' lang='lat' dir='ltr'>viri</span> <span class='ocrx_word' id='word_1_459' title='bbox 3549 2253 3750 2306; x_wconf 88' lang='lat' dir='ltr'>lIiero-</span> 
     </span>
    </p>
   </div>
   <div class='ocr_carea' id='block_1_68' title="bbox 2148 2340 3747 2410">
    <p class='ocr_par' dir='ltr' id='par_1_68' title="bbox 2148 2340 3747 2410">
     <span class='ocr_line' id='line_1_68' title="bbox 2148 2340 3747 2410; baseline 0.002 -19"><span class='ocrx_word' id='word_1_460' title='bbox 2148 2341 2301 2409; x_wconf 85' lang='lat' dir='ltr'>nymi</span> <span class='ocrx_word' id='word_1_461' title='bbox 2344 2340 2561 2393; x_wconf 88' lang='lat' dir='ltr'>abbatis</span> <span class='ocrx_word' id='word_1_462' title='bbox 2602 2342 2781 2410; x_wconf 86' lang='lat' dir='ltr'>deque</span> <span class='ocrx_word' id='word_1_463' title='bbox 2827 2340 3065 2393; x_wconf 87' lang='lat' dir='ltr'>fratrum</span> <span class='ocrx_word' id='word_1_464' title='bbox 3100 2357 3336 2393; x_wconf 88' lang='lat' dir='ltr'>numero</span> <span class='ocrx_word' id='word_1_465' title='bbox 3377 2346 3434 2393; x_wconf 90' lang='lat' dir='ltr'>et</span> <span class='ocrx_word' id='word_1_466' title='bbox 3464 2342 3534 2393; x_wconf 89' lang='lat' dir='ltr'>de</span> <span class='ocrx_word' id='word_1_467' title='bbox 3567 2342 3747 2394; x_wconf 89' lang='lat' dir='ltr'>eremi</span> 
     </span>
    </p>
   </div>
   <div class='ocr_carea' id='block_1_69' title="bbox 2149 2429 3748 2499">
    <p class='ocr_par' dir='ltr' id='par_1_69' title="bbox 2149 2429 3748 2499">
     <span class='ocr_line' id='line_1_69' title="bbox 2149 2429 3748 2499; baseline 0.001 -18"><span class='ocrx_word' id='word_1_468' title='bbox 2149 2429 2491 2484; x_wconf 78' lang='lat' dir='ltr'>amoenitate.</span> <span class='ocrx_word' id='word_1_469' title='bbox 2531 2435 2588 2482; x_wconf 87' lang='lat' dir='ltr'>et</span> <span class='ocrx_word' id='word_1_470' title='bbox 2616 2431 2789 2482; x_wconf 89' lang='lat' dir='ltr'>totius</span> <span class='ocrx_word' id='word_1_471' title='bbox 2822 2431 2927 2483; x_wconf 91' lang='lat' dir='ltr'>loci</span> <span class='ocrx_word' id='word_1_472' title='bbox 2956 2430 3220 2491; x_wconf 68' lang='lat' dir='ltr'>aedificiis,</span> <span class='ocrx_word' id='word_1_473' title='bbox 3247 2430 3451 2499; x_wconf 71' lang='lat' dir='ltr'>qumvis</span> <span class='ocrx_word' id='word_1_474' title='bbox 3476 2431 3534 2482; x_wconf 91' lang='lat' dir='ltr'>in</span> <span class='ocrx_word' id='word_1_475' title='bbox 3557 2431 3748 2483; x_wconf 89' lang='lat' dir='ltr'>libello</span> 
     </span>
    </p>
   </div>
   <div class='ocr_carea' id='block_1_70' title="bbox 2150 2519 3744 2588">
    <p class='ocr_par' dir='ltr' id='par_1_70' title="bbox 2150 2519 3744 2588">
     <span class='ocr_line' id='line_1_70' title="bbox 2150 2519 3744 2588; baseline 0.003 -20"><span class='ocrx_word' id='word_1_476' title='bbox 2150 2534 2312 2586; x_wconf 89' lang='lat' dir='ltr'>quem</span> <span class='ocrx_word' id='word_1_477' title='bbox 2346 2520 2567 2587; x_wconf 87' lang='lat' dir='ltr'>proprie</span> <span class='ocrx_word' id='word_1_478' title='bbox 2591 2520 2657 2570; x_wconf 89' lang='lat' dir='ltr'>de</span> <span class='ocrx_word' id='word_1_479' title='bbox 2685 2536 2751 2570; x_wconf 90' lang='lat' dir='ltr'>ea</span> <span class='ocrx_word' id='word_1_480' title='bbox 2772 2535 2831 2571; x_wconf 87' lang='lat' dir='ltr'>re</span> <span class='ocrx_word' id='word_1_481' title='bbox 2853 2519 3046 2588; x_wconf 89' lang='lat' dir='ltr'>scripsi</span> <span class='ocrx_word' id='word_1_482' title='bbox 3073 2519 3320 2570; x_wconf 83' lang='lat' dir='ltr'>invenias</span> <span class='ocrx_word' id='word_1_483' title='bbox 3345 2538 3354 2570; x_wconf 93' lang='lat'><em>:</em></span> <span class='ocrx_word' id='word_1_484' title='bbox 3390 2525 3580 2571; x_wconf 91' lang='lat' dir='ltr'>actum</span> <span class='ocrx_word' id='word_1_485' title='bbox 3614 2537 3744 2572; x_wconf 87' lang='lat' dir='ltr'>vero</span> 
     </span>
    </p>
   </div>
   <div class='ocr_carea' id='block_1_71' title="bbox 2150 2605 3625 2675">
    <p class='ocr_par' dir='ltr' id='par_1_71' title="bbox 2150 2605 3625 2675">
     <span class='ocr_line' id='line_1_71' title="bbox 2150 2605 3625 2675; baseline 0.001 -18"><span class='ocrx_word' id='word_1_486' title='bbox 2150 2606 2205 2658; x_wconf 94' lang='lat' dir='ltr'>in</span> <span class='ocrx_word' id='word_1_487' title='bbox 2237 2606 2377 2658; x_wconf 91' lang='lat' dir='ltr'>libro</span> <span class='ocrx_word' id='word_1_488' title='bbox 2412 2607 2733 2675; x_wconf 85' lang='lat' dir='ltr'>pontificum</span> <span class='ocrx_word' id='word_1_489' title='bbox 2767 2624 2912 2660; x_wconf 86' lang='lat' dir='ltr'>anno</span> <span class='ocrx_word' id='word_1_490' title='bbox 2945 2606 3012 2658; x_wconf 87' lang='lat' dir='ltr'>ab</span> <span class='ocrx_word' id='word_1_491' title='bbox 3043 2607 3435 2659; x_wconf 85' lang='lat' dir='ltr'>lncarnatione</span> <span class='ocrx_word' id='word_1_492' title='bbox 3465 2605 3625 2662; x_wconf 78' lang='lat'>1093.</span> 
     </span>
    </p>
   </div>
   <div class='ocr_carea' id='block_1_72' title="bbox 2224 2695 3743 2765">
    <p class='ocr_par' dir='ltr' id='par_1_72' title="bbox 2224 2695 3743 2765">
     <span class='ocr_line' id='line_1_72' title="bbox 2224 2695 3743 2765; baseline 0.002 -18"><span class='ocrx_word' id='word_1_493' title='bbox 2224 2696 2264 2747; x_wconf 90' lang='grc' dir='ltr'>Γ</span> <span class='ocrx_word' id='word_1_494' title='bbox 2287 2695 2385 2747; x_wconf 79' lang='lat' dir='ltr'>XlI</span> <span class='ocrx_word' id='word_1_495' title='bbox 2419 2695 2545 2747; x_wconf 87' lang='lat' dir='ltr'>libri</span> <span class='ocrx_word' id='word_1_496' title='bbox 2577 2696 2874 2764; x_wconf 74' lang='lat' dir='ltr'>Augustini</span> <span class='ocrx_word' id='word_1_497' title='bbox 2895 2695 3064 2765; x_wconf 82' lang='lat' dir='ltr'>super</span> <span class='ocrx_word' id='word_1_498' title='bbox 3093 2696 3352 2748; x_wconf 81' lang='lat' dir='ltr'>Genesim</span> <span class='ocrx_word' id='word_1_499' title='bbox 3377 2696 3449 2749; x_wconf 81' lang='lat' dir='ltr'>&#39;ad</span> <span class='ocrx_word' id='word_1_500' title='bbox 3469 2697 3743 2750; x_wconf 86' lang='lat' dir='ltr'>litteram.</span> 
     </span>
    </p>
   </div>
   <div class='ocr_carea' id='block_1_73' title="bbox 2223 2782 3653 2852">
    <p class='ocr_par' dir='ltr' id='par_1_73' title="bbox 2223 2782 3653 2852">
     <span class='ocr_line' id='line_1_73' title="bbox 2223 2782 3653 2852; baseline 0.001 -16"><span class='ocrx_word' id='word_1_501' title='bbox 2223 2784 2264 2836; x_wconf 89' lang='grc' dir='ltr'><strong>Γ</strong></span> <span class='ocrx_word' id='word_1_502' title='bbox 2287 2782 2391 2834; x_wconf 78' lang='grc' dir='ltr'>ΧΗ</span> <span class='ocrx_word' id='word_1_503' title='bbox 2418 2783 2540 2834; x_wconf 89' lang='lat' dir='ltr'>libri</span> <span class='ocrx_word' id='word_1_504' title='bbox 2573 2783 2649 2836; x_wconf 89' lang='lat' dir='ltr'>De</span> <span class='ocrx_word' id='word_1_505' title='bbox 2680 2784 2898 2835; x_wconf 85' lang='lat' dir='ltr'>civitate</span> <span class='ocrx_word' id='word_1_506' title='bbox 2924 2784 3019 2836; x_wconf 85' lang='lat' dir='ltr'>Dei</span> <span class='ocrx_word' id='word_1_507' title='bbox 3053 2784 3302 2852; x_wconf 88' lang='lat' dir='ltr'>ejusdem</span> <span class='ocrx_word' id='word_1_508' title='bbox 3333 2783 3653 2851; x_wconf 76' lang='lat' dir='ltr'>Augustini.</span> 
     </span>
    </p>
   </div>
   <div class='ocr_carea' id='block_1_74' title="bbox 2225 2871 3744 2942">
    <p class='ocr_par' dir='ltr' id='par_1_74' title="bbox 2225 2871 3744 2942">
     <span class='ocr_line' id='line_1_74' title="bbox 2225 2871 3744 2942; baseline 0.003 -18"><span class='ocrx_word' id='word_1_509' title='bbox 2225 2873 2263 2924; x_wconf 88' lang='grc' dir='ltr'>Γ</span> <span class='ocrx_word' id='word_1_510' title='bbox 2294 2873 2370 2925; x_wconf 94' lang='lat' dir='ltr'>lll</span> <span class='ocrx_word' id='word_1_511' title='bbox 2402 2871 2527 2923; x_wconf 90' lang='lat' dir='ltr'>libri</span> <span class='ocrx_word' id='word_1_512' title='bbox 2575 2873 2654 2924; x_wconf 90' lang='lat' dir='ltr'>De</span> <span class='ocrx_word' id='word_1_513' title='bbox 2698 2872 2879 2924; x_wconf 87' lang='lat' dir='ltr'>verbis</span> <span class='ocrx_word' id='word_1_514' title='bbox 2929 2872 3153 2925; x_wconf 90' lang='lat' dir='ltr'>Domini</span> <span class='ocrx_word' id='word_1_515' title='bbox 3199 2889 3365 2942; x_wconf 87' lang='lat' dir='ltr'>super</span> <span class='ocrx_word' id='word_1_516' title='bbox 3398 2873 3744 2938; x_wconf 73' lang='lat' dir='ltr'>Mattllzeum,</span> 
     </span>
    </p>
   </div>
   <div class='ocr_carea' id='block_1_75' title="bbox 2149 2960 3164 3030">
    <p class='ocr_par' dir='ltr' id='par_1_75' title="bbox 2149 2960 3164 3030">
     <span class='ocr_line' id='line_1_75' title="bbox 2149 2960 3164 3030; baseline 0 -18"><span class='ocrx_word' id='word_1_517' title='bbox 2149 2977 2316 3030; x_wconf 89' lang='lat' dir='ltr'>super</span> <span class='ocrx_word' id='word_1_518' title='bbox 2345 2961 2571 3020; x_wconf 87' lang='lat' dir='ltr'>Lucam,</span> <span class='ocrx_word' id='word_1_519' title='bbox 2603 2966 2658 3012; x_wconf 88' lang='lat' dir='ltr'>et</span> <span class='ocrx_word' id='word_1_520' title='bbox 2678 2977 2846 3029; x_wconf 90' lang='lat' dir='ltr'>super</span> <span class='ocrx_word' id='word_1_521' title='bbox 2868 2960 3164 3013; x_wconf 88' lang='lat' dir='ltr'>Joannem.</span> 
     </span>
    </p>
   </div>
   <div class='ocr_carea' id='block_1_76' title="bbox 2223 3049 3751 3118">
    <p class='ocr_par' dir='ltr' id='par_1_76' title="bbox 2223 3049 3751 3118">
     <span class='ocr_line' id='line_1_76' title="bbox 2223 3049 3751 3118; baseline 0.005 -17"><span class='ocrx_word' id='word_1_522' title='bbox 2223 3050 2262 3101; x_wconf 87' lang='grc' dir='ltr'><strong><em>Γ</em></strong></span> <span class='ocrx_word' id='word_1_523' title='bbox 2295 3049 2554 3116; x_wconf 86' lang='lat' dir='ltr'>Ejusdem</span> <span class='ocrx_word' id='word_1_524' title='bbox 2597 3049 2676 3101; x_wconf 90' lang='lat' dir='ltr'>De</span> <span class='ocrx_word' id='word_1_525' title='bbox 2723 3050 3127 3102; x_wconf 72' lang='lat' dir='ltr'>catecbimndis</span> <span class='ocrx_word' id='word_1_526' title='bbox 3152 3049 3382 3104; x_wconf 86' lang='lat' dir='ltr'>rudibus</span> <span class='ocrx_word' id='word_1_527' title='bbox 3414 3070 3427 3104; x_wconf 84' lang='lat'>1</span> <span class='ocrx_word' id='word_1_528' title='bbox 3457 3071 3467 3118; x_wconf 86' lang='lat'><strong>;</strong></span> <span class='ocrx_word' id='word_1_529' title='bbox 3521 3055 3602 3107; x_wconf 88' lang='lat' dir='ltr'>De</span> <span class='ocrx_word' id='word_1_530' title='bbox 3634 3072 3751 3108; x_wconf 87' lang='lat' dir='ltr'>ma-</span> 
     </span>
    </p>
   </div>
   <div class='ocr_carea' id='block_1_77' title="bbox 2147 3137 3752 3210">
    <p class='ocr_par' dir='ltr' id='par_1_77' title="bbox 2147 3137 3752 3210">
     <span class='ocr_line' id='line_1_77' title="bbox 2147 3137 3752 3210; baseline 0.005 -21"><span class='ocrx_word' id='word_1_531' title='bbox 2147 3138 2320 3206; x_wconf 88' lang='lat' dir='ltr'>gistro</span> <span class='ocrx_word' id='word_1_532' title='bbox 2353 3137 2492 3190; x_wconf 82' lang='lat' dir='ltr'>liber</span> <span class='ocrx_word' id='word_1_533' title='bbox 2524 3153 2558 3202; x_wconf 89' lang='lat'><strong>1,</strong></span> <span class='ocrx_word' id='word_1_534' title='bbox 2612 3137 2708 3190; x_wconf 91' lang='lat' dir='ltr'>lib.</span> <span class='ocrx_word' id='word_1_535' title='bbox 2743 3138 3123 3200; x_wconf 68' lang='lat' dir='ltr'>Quiestionum</span> <span class='ocrx_word' id='word_1_536' title='bbox 3159 3153 3211 3205; x_wconf 87' lang='lat'>1;</span> <span class='ocrx_word' id='word_1_537' title='bbox 3263 3141 3343 3192; x_wconf 88' lang='lat' dir='ltr'>De</span> <span class='ocrx_word' id='word_1_538' title='bbox 3371 3147 3555 3210; x_wconf 83' lang='lat' dir='ltr'>agone</span> <span class='ocrx_word' id='word_1_539' title='bbox 3594 3145 3752 3197; x_wconf 89' lang='lat' dir='ltr'>Chri-</span> 
     </span>
    </p>
   </div>
   <div class='ocr_carea' id='block_1_78' title="bbox 2149 3226 3752 3294">
    <p class='ocr_par' dir='ltr' id='par_1_78' title="bbox 2149 3226 3752 3294">
     <span class='ocr_line' id='line_1_78' title="bbox 2149 3226 3752 3294; baseline 0.005 -16"><span class='ocrx_word' id='word_1_540' title='bbox 2149 3227 2331 3279; x_wconf 84' lang='lat' dir='ltr'>stiano</span> <span class='ocrx_word' id='word_1_541' title='bbox 2373 3227 2465 3278; x_wconf 90' lang='lat' dir='ltr'>lib.</span> <span class='ocrx_word' id='word_1_542' title='bbox 2490 3244 2538 3290; x_wconf 91' lang='lat'><strong>1;</strong></span> <span class='ocrx_word' id='word_1_543' title='bbox 2573 3228 2642 3279; x_wconf 66' lang='lat' dir='ltr'>lle</span> <span class='ocrx_word' id='word_1_544' title='bbox 2684 3227 2790 3279; x_wconf 80' lang='lat' dir='ltr'>fide</span> <span class='ocrx_word' id='word_1_545' title='bbox 2821 3228 3096 3280; x_wconf 88' lang='lat' dir='ltr'>catholica</span> <span class='ocrx_word' id='word_1_546' title='bbox 3125 3226 3215 3280; x_wconf 90' lang='lat' dir='ltr'>lib.</span> <span class='ocrx_word' id='word_1_547' title='bbox 3246 3245 3298 3294; x_wconf 87' lang='lat'>1;</span> <span class='ocrx_word' id='word_1_548' title='bbox 3336 3233 3529 3282; x_wconf 84' lang='lat' dir='ltr'>contra</span> <span class='ocrx_word' id='word_1_549' title='bbox 3565 3251 3594 3282; x_wconf 74' lang='grc' dir='ltr'><strong>ν</strong></span> <span class='ocrx_word' id='word_1_550' title='bbox 3637 3234 3752 3287; x_wconf 83' lang='lat' dir='ltr'>hae-</span> 
     </span>
    </p>
   </div>
   <div class='ocr_carea' id='block_1_79' title="bbox 2152 3315 3749 3386">
    <p class='ocr_par' dir='ltr' id='par_1_79' title="bbox 2152 3315 3749 3386">
     <span class='ocr_line' id='line_1_79' title="bbox 2152 3315 3749 3386; baseline 0.005 -19"><span class='ocrx_word' id='word_1_551' title='bbox 2152 3332 2321 3378; x_wconf 87' lang='lat' dir='ltr'>reses,</span> <span class='ocrx_word' id='word_1_552' title='bbox 2359 3315 2413 3367; x_wconf 90' lang='lat' dir='ltr'>id</span> <span class='ocrx_word' id='word_1_553' title='bbox 2445 3322 2525 3368; x_wconf 86' lang='lat' dir='ltr'>est</span> <span class='ocrx_word' id='word_1_554' title='bbox 2571 3323 2766 3368; x_wconf 85' lang='lat' dir='ltr'>contra</span> <span class='ocrx_word' id='word_1_555' title='bbox 2805 3316 3076 3384; x_wconf 85' lang='lat' dir='ltr'>Paganos,</span> <span class='ocrx_word' id='word_1_556' title='bbox 3113 3317 3350 3385; x_wconf 71' lang='lat' dir='ltr'>Judzeos,</span> <span class='ocrx_word' id='word_1_557' title='bbox 3384 3315 3749 3386; x_wconf 72' lang='lat' dir='ltr'>Manichzeos,</span> 
     </span>
    </p>
   </div>
   <div class='ocr_carea' id='block_1_80' title="bbox 2153 3403 3751 3473">
    <p class='ocr_par' dir='ltr' id='par_1_80' title="bbox 2153 3403 3751 3473">
     <span class='ocr_line' id='line_1_80' title="bbox 2153 3403 3751 3473; baseline 0.005 -16"><span class='ocrx_word' id='word_1_558' title='bbox 2153 3403 2498 3457; x_wconf 87' lang='lat' dir='ltr'>Sabellianos</span> <span class='ocrx_word' id='word_1_559' title='bbox 2527 3413 2582 3458; x_wconf 86' lang='lat' dir='ltr'>et</span> <span class='ocrx_word' id='word_1_560' title='bbox 2611 3404 2863 3468; x_wconf 83' lang='lat' dir='ltr'>Arianos,</span> <span class='ocrx_word' id='word_1_561' title='bbox 2900 3406 2992 3457; x_wconf 90' lang='lat' dir='ltr'>lib.</span> <span class='ocrx_word' id='word_1_562' title='bbox 3031 3424 3076 3473; x_wconf 83' lang='lat'><strong>1;</strong></span> <span class='ocrx_word' id='word_1_563' title='bbox 3130 3407 3208 3459; x_wconf 91' lang='lat' dir='ltr'>De</span> <span class='ocrx_word' id='word_1_564' title='bbox 3245 3407 3614 3463; x_wconf 82' lang='lat' dir='ltr'>altercatione</span> <span class='ocrx_word' id='word_1_565' title='bbox 3647 3412 3751 3465; x_wconf 85' lang='lat' dir='ltr'>Ec-</span> 
     </span>
    </p>
   </div>
   <div class='ocr_carea' id='block_1_81' title="bbox 2152 3494 3741 3564">
    <p class='ocr_par' dir='ltr' id='par_1_81' title="bbox 2152 3494 3741 3564">
     <span class='ocr_line' id='line_1_81' title="bbox 2152 3494 3741 3564; baseline 0.005 -18"><span class='ocrx_word' id='word_1_566' title='bbox 2152 3494 2331 3547; x_wconf 63' lang='lat' dir='ltr'>clesia:</span> <span class='ocrx_word' id='word_1_567' title='bbox 2354 3500 2410 3545; x_wconf 89' lang='lat' dir='ltr'>et</span> <span class='ocrx_word' id='word_1_568' title='bbox 2432 3495 2741 3562; x_wconf 63' lang='lat' dir='ltr'>Synagogze</span> <span class='ocrx_word' id='word_1_569' title='bbox 2775 3495 2866 3547; x_wconf 88' lang='lat' dir='ltr'>lib.</span> <span class='ocrx_word' id='word_1_570' title='bbox 2892 3510 2931 3547; x_wconf 90' lang='lat'><strong>1.</strong></span> <span class='ocrx_word' id='word_1_571' title='bbox 2955 3513 3138 3549; x_wconf 87' lang='lat' dir='ltr'>sermo</span> <span class='ocrx_word' id='word_1_572' title='bbox 3161 3497 3237 3549; x_wconf 88' lang='lat' dir='ltr'>De</span> <span class='ocrx_word' id='word_1_573' title='bbox 3259 3498 3452 3550; x_wconf 85' lang='lat' dir='ltr'>decem</span> <span class='ocrx_word' id='word_1_574' title='bbox 3483 3499 3708 3554; x_wconf 74' lang='lat' dir='ltr'>choniis</span> <span class='ocrx_word' id='word_1_575' title='bbox 3731 3521 3741 3564; x_wconf 86' lang='lat'><strong>;</strong></span> 
     </span>
    </p>
   </div>
   <div class='ocr_carea' id='block_1_82' title="bbox 2149 3583 2899 3636">
    <p class='ocr_par' dir='ltr' id='par_1_82' title="bbox 2149 3583 2899 3636">
     <span class='ocr_line' id='line_1_82' title="bbox 2149 3583 2899 3636; baseline 0 0"><span class='ocrx_word' id='word_1_576' title='bbox 2149 3584 2228 3636; x_wconf 87' lang='lat' dir='ltr'>De</span> <span class='ocrx_word' id='word_1_577' title='bbox 2263 3584 2371 3635; x_wconf 84' lang='lat' dir='ltr'>vita</span> <span class='ocrx_word' id='word_1_578' title='bbox 2394 3584 2713 3636; x_wconf 81' lang='lat' dir='ltr'>Christiana</span> <span class='ocrx_word' id='word_1_579' title='bbox 2742 3583 2837 3636; x_wconf 93' lang='lat' dir='ltr'>lib.</span> <span class='ocrx_word' id='word_1_580' title='bbox 2866 3602 2899 3636; x_wconf 80' lang='lat'><strong>1.</strong></span> 
     </span>
    </p>
   </div>
   <div class='ocr_carea' id='block_1_83' title="bbox 2224 3672 3751 3738">
    <p class='ocr_par' dir='ltr' id='par_1_83' title="bbox 2224 3672 3751 3738">
     <span class='ocr_line' id='line_1_83' title="bbox 2224 3672 3751 3738; baseline 0.006 -13"><span class='ocrx_word' id='word_1_581' title='bbox 2224 3674 2264 3725; x_wconf 85' lang='grc' dir='ltr'>Γ</span> <span class='ocrx_word' id='word_1_582' title='bbox 2315 3673 2394 3724; x_wconf 79' lang='lat' dir='ltr'>Ad</span> <span class='ocrx_word' id='word_1_583' title='bbox 2428 3672 2790 3738; x_wconf 77' lang='lat' dir='ltr'>ilonifacium</span> <span class='ocrx_word' id='word_1_584' title='bbox 2835 3678 3028 3727; x_wconf 86' lang='lat' dir='ltr'>contra</span> <span class='ocrx_word' id='word_1_585' title='bbox 3075 3675 3395 3731; x_wconf 81' lang='lat' dir='ltr'>Donatistas</span> <span class='ocrx_word' id='word_1_586' title='bbox 3451 3680 3751 3734; x_wconf 72' lang='lat' dir='ltr'>haereticos</span> 
     </span>
    </p>
   </div>
   <div class='ocr_carea' id='block_1_84' title="bbox 2149 3761 3750 3838">
    <p class='ocr_par' dir='ltr' id='par_1_84' title="bbox 2149 3761 3750 3838">
     <span class='ocr_line' id='line_1_84' title="bbox 2149 3761 3750 3838; baseline 0.006 -26"><span class='ocrx_word' id='word_1_587' title='bbox 2149 3761 2242 3812; x_wconf 86' lang='lat' dir='ltr'>lib.</span> <span class='ocrx_word' id='word_1_588' title='bbox 2273 3779 2308 3813; x_wconf 88' lang='lat'><strong>1.</strong></span> <span class='ocrx_word' id='word_1_589' title='bbox 2343 3766 2537 3812; x_wconf 74' lang='lat' dir='ltr'>Sermo</span> <span class='ocrx_word' id='word_1_590' title='bbox 2565 3762 2642 3813; x_wconf 89' lang='lat' dir='ltr'>De</span> <span class='ocrx_word' id='word_1_591' title='bbox 2677 3762 2918 3814; x_wconf 81' lang='lat' dir='ltr'>Emerito</span> <span class='ocrx_word' id='word_1_592' title='bbox 2949 3763 3218 3834; x_wconf 89' lang='lat' dir='ltr'>episcopo.</span> <span class='ocrx_word' id='word_1_593' title='bbox 3256 3767 3517 3835; x_wconf 82' lang='lat' dir='ltr'>Ejusdem</span> <span class='ocrx_word' id='word_1_594' title='bbox 3553 3772 3750 3838; x_wconf 83' lang='lat' dir='ltr'>Augu-</span> 
     </span>
    </p>
   </div>
   <div class='ocr_carea' id='block_1_85' title="bbox 2149 3849 3745 3922">
    <p class='ocr_par' dir='ltr' id='par_1_85' title="bbox 2149 3849 3745 3922">
     <span class='ocr_line' id='line_1_85' title="bbox 2149 3849 3745 3922; baseline 0.006 -22"><span class='ocrx_word' id='word_1_595' title='bbox 2149 3849 2282 3901; x_wconf 90' lang='lat' dir='ltr'>stini</span> <span class='ocrx_word' id='word_1_596' title='bbox 2339 3849 2574 3918; x_wconf 83' lang='lat' dir='ltr'>epistola.</span> <span class='ocrx_word' id='word_1_597' title='bbox 2633 3850 2876 3902; x_wconf 82' lang='lat' dir='ltr'>Honorio</span> <span class='ocrx_word' id='word_1_598' title='bbox 2931 3859 2987 3903; x_wconf 88' lang='lat' dir='ltr'>et</span> <span class='ocrx_word' id='word_1_599' title='bbox 3034 3853 3344 3907; x_wconf 88' lang='lat' dir='ltr'>Theodosio</span> <span class='ocrx_word' id='word_1_600' title='bbox 3402 3857 3745 3922; x_wconf 84' lang='lat' dir='ltr'>consulibus,</span> 
     </span>
    </p>
   </div>
   <div class='ocr_carea' id='block_1_86' title="bbox 2142 3938 3742 4016">
    <p class='ocr_par' dir='ltr' id='par_1_86' title="bbox 2142 3938 3742 4016">
     <span class='ocr_line' id='line_1_86' title="bbox 2142 3938 3742 4016; baseline 0.005 -25"><span class='ocrx_word' id='word_1_601' title='bbox 2142 3944 2334 3991; x_wconf 86' lang='lat' dir='ltr'>contra</span> <span class='ocrx_word' id='word_1_602' title='bbox 2357 3938 2614 3990; x_wconf 87' lang='lat' dir='ltr'>eumdem</span> <span class='ocrx_word' id='word_1_603' title='bbox 2629 3938 2938 3991; x_wconf 79' lang='lat' dir='ltr'>Emeritum</span> <span class='ocrx_word' id='word_1_604' title='bbox 2954 3941 3373 3995; x_wconf 88' lang='lat' dir='ltr'>Donatistarum</span> <span class='ocrx_word' id='word_1_605' title='bbox 3398 3945 3718 4016; x_wconf 88' lang='lat' dir='ltr'>episcopum</span> <span class='ocrx_word' id='word_1_606' title='bbox 3731 3989 3742 3998; x_wconf 91' lang='lat'>.</span> 
     </span>
    </p>
   </div>
   <div class='ocr_carea' id='block_1_87' title="bbox 2142 4027 3746 4098">
    <p class='ocr_par' dir='ltr' id='par_1_87' title="bbox 2142 4027 3746 4098">
     <span class='ocr_line' id='line_1_87' title="bbox 2142 4027 3746 4098; baseline 0.006 -18"><span class='ocrx_word' id='word_1_607' title='bbox 2142 4027 2450 4096; x_wconf 82' lang='lat' dir='ltr'>Responsio</span> <span class='ocrx_word' id='word_1_608' title='bbox 2465 4034 2659 4080; x_wconf 85' lang='lat' dir='ltr'>contra</span> <span class='ocrx_word' id='word_1_609' title='bbox 2675 4027 2704 4079; x_wconf 90' lang='lat' dir='ltr'>d</span> <span class='ocrx_word' id='word_1_610' title='bbox 2717 4043 2812 4080; x_wconf 87' lang='lat' dir='ltr'>uas</span> <span class='ocrx_word' id='word_1_611' title='bbox 2830 4029 3089 4098; x_wconf 86' lang='lat' dir='ltr'>epistolas</span> <span class='ocrx_word' id='word_1_612' title='bbox 3107 4031 3406 4085; x_wconf 87' lang='lat' dir='ltr'>Gaudentii</span> <span class='ocrx_word' id='word_1_613' title='bbox 3425 4034 3746 4089; x_wconf 86' lang='lat' dir='ltr'>Donatista-</span> 
     </span>
    </p>
   </div>
   <div class='ocr_carea' id='block_1_88' title="bbox 2143 4116 3741 4191">
    <p class='ocr_par' dir='ltr' id='par_1_88' title="bbox 2143 4116 3741 4191">
     <span class='ocr_line' id='line_1_88' title="bbox 2143 4116 3741 4191; baseline 0.006 -22"><span class='ocrx_word' id='word_1_614' title='bbox 2143 4134 2267 4169; x_wconf 88' lang='lat' dir='ltr'>rum</span> <span class='ocrx_word' id='word_1_615' title='bbox 2314 4116 2556 4185; x_wconf 81' lang='lat' dir='ltr'>episcopi</span> <span class='ocrx_word' id='word_1_616' title='bbox 2602 4117 2669 4168; x_wconf 90' lang='lat' dir='ltr'>ad</span> <span class='ocrx_word' id='word_1_617' title='bbox 2717 4118 3042 4171; x_wconf 86' lang='lat' dir='ltr'>Dulcitium.</span> <span class='ocrx_word' id='word_1_618' title='bbox 3077 4121 3199 4172; x_wconf 76' lang='lat' dir='ltr'>Alia</span> <span class='ocrx_word' id='word_1_619' title='bbox 3228 4123 3514 4191; x_wconf 85' lang='lat' dir='ltr'>responsio</span> <span class='ocrx_word' id='word_1_620' title='bbox 3545 4132 3741 4178; x_wconf 83' lang='lat' dir='ltr'>contra</span> 
     </span>
    </p>
   </div>
   <div class='ocr_carea' id='block_1_89' title="bbox 2145 4204 3740 4275">
    <p class='ocr_par' dir='ltr' id='par_1_89' title="bbox 2145 4204 3740 4275">
     <span class='ocr_line' id='line_1_89' title="bbox 2145 4204 3740 4275; baseline 0.006 -18"><span class='ocrx_word' id='word_1_621' title='bbox 2145 4205 2444 4258; x_wconf 87' lang='lat' dir='ltr'>secundam</span> <span class='ocrx_word' id='word_1_622' title='bbox 2477 4204 2765 4274; x_wconf 87' lang='lat' dir='ltr'>epistolam</span> <span class='ocrx_word' id='word_1_623' title='bbox 2789 4207 3038 4275; x_wconf 86' lang='lat' dir='ltr'>ejusdem</span> <span class='ocrx_word' id='word_1_624' title='bbox 3061 4209 3359 4262; x_wconf 85' lang='lat' dir='ltr'>Gaudentii</span> <span class='ocrx_word' id='word_1_625' title='bbox 3385 4212 3455 4263; x_wconf 90' lang='lat' dir='ltr'>ad</span> <span class='ocrx_word' id='word_1_626' title='bbox 3477 4215 3740 4266; x_wconf 88' lang='lat' dir='ltr'>eumdem</span> 
     </span>
    </p>
   </div>
   <div class='ocr_carea' id='block_1_90' title="bbox 2147 4294 3739 4365">
    <p class='ocr_par' dir='ltr' id='par_1_90' title="bbox 2147 4294 3739 4365">
     <span class='ocr_line' id='line_1_90' title="bbox 2147 4294 3739 4365; baseline 0.008 -20"><span class='ocrx_word' id='word_1_627' title='bbox 2147 4294 2471 4346; x_wconf 83' lang='lat' dir='ltr'>Dulcitium.</span> <span class='ocrx_word' id='word_1_628' title='bbox 2490 4294 2749 4363; x_wconf 83' lang='lat' dir='ltr'>Ejusdem</span> <span class='ocrx_word' id='word_1_629' title='bbox 2765 4297 3000 4365; x_wconf 86' lang='lat' dir='ltr'>epistola</span> <span class='ocrx_word' id='word_1_630' title='bbox 3021 4299 3088 4350; x_wconf 85' lang='lat' dir='ltr'>ad</span> <span class='ocrx_word' id='word_1_631' title='bbox 3111 4299 3508 4353; x_wconf 73' lang='lat' dir='ltr'>Maximianum</span> <span class='ocrx_word' id='word_1_632' title='bbox 3528 4302 3610 4355; x_wconf 90' lang='lat' dir='ltr'>De</span> <span class='ocrx_word' id='word_1_633' title='bbox 3628 4319 3739 4356; x_wconf 90' lang='lat' dir='ltr'>non</span> 
     </span>
    </p>
   </div>
   <div class='ocr_carea' id='block_1_91' title="bbox 467 4377 3736 4481">
    <p class='ocr_par' dir='ltr' id='par_1_91' title="bbox 467 4377 3736 4481">
     <span class='ocr_line' id='line_1_91' title="bbox 467 4377 3736 4481; baseline -0 -36"><span class='ocrx_word' id='word_1_634' title='bbox 467 4397 502 4433; x_wconf 64' lang='grc' dir='ltr'>ἃ</span> <span class='ocrx_word' id='word_1_635' title='bbox 539 4379 740 4449; x_wconf 57' lang='lat' dir='ltr'>(imbus</span> <span class='ocrx_word' id='word_1_636' title='bbox 782 4393 939 4431; x_wconf 59' lang='lat' dir='ltr'>mens</span> <span class='ocrx_word' id='word_1_637' title='bbox 987 4394 1110 4430; x_wconf 59' lang='lat' dir='ltr'>mea</span> <span class='ocrx_word' id='word_1_638' title='bbox 1158 4378 1319 4446; x_wconf 73' lang='lat' dir='ltr'>longe</span> <span class='ocrx_word' id='word_1_639' title='bbox 1351 4377 1531 4430; x_wconf 58' lang='lat' dir='ltr'>alien”</span> <span class='ocrx_word' id='word_1_640' title='bbox 1561 4377 1684 4441; x_wconf 62' lang='lat' dir='ltr'>milia</span> <span class='ocrx_word' id='word_1_641' title='bbox 1728 4394 2058 4447; x_wconf 65' lang='lat' dir='ltr'>semperque</span> <span class='ocrx_word' id='word_1_642' title='bbox 2080 4382 2556 4481; x_wconf 81' lang='lat' dir='ltr'>Drebaptizando.</span> <span class='ocrx_word' id='word_1_643' title='bbox 2584 4385 2777 4437; x_wconf 87' lang='lat' dir='ltr'>Sermo</span> <span class='ocrx_word' id='word_1_644' title='bbox 2797 4386 3106 4453; x_wconf 81' lang='lat' dir='ltr'>gratiarum</span> <span class='ocrx_word' id='word_1_645' title='bbox 3126 4389 3445 4443; x_wconf 79' lang='lat' dir='ltr'>Maximiani</span> <span class='ocrx_word' id='word_1_646' title='bbox 3468 4391 3736 4463; x_wconf 83' lang='lat' dir='ltr'>episcopi,</span> 
     </span>
    </p>
   </div>
   <div class='ocr_carea' id='block_1_92' title="bbox 470 4466 2060 4539">
    <p class='ocr_par' dir='ltr' id='par_1_92' title="bbox 470 4466 2060 4539">
     <span class='ocr_line' id='line_1_92' title="bbox 470 4466 2060 4539; baseline -0.001 -18"><span class='ocrx_word' id='word_1_647' title='bbox 470 4469 618 4539; x_wconf 90' lang='lat' dir='ltr'>quod</span> <span class='ocrx_word' id='word_1_648' title='bbox 641 4467 847 4520; x_wconf 91' lang='lat' dir='ltr'>bonum</span> <span class='ocrx_word' id='word_1_649' title='bbox 869 4472 923 4520; x_wconf 90' lang='lat' dir='ltr'>et</span> <span class='ocrx_word' id='word_1_650' title='bbox 943 4484 1162 4537; x_wconf 70' lang='lat' dir='ltr'>aequum</span> <span class='ocrx_word' id='word_1_651' title='bbox 1184 4467 1286 4520; x_wconf 83' lang='lat' dir='ltr'>sub</span> <span class='ocrx_word' id='word_1_652' title='bbox 1308 4467 1411 4519; x_wconf 90' lang='lat' dir='ltr'>hoc</span> <span class='ocrx_word' id='word_1_653' title='bbox 1439 4466 1675 4519; x_wconf 87' lang='lat' dir='ltr'>credidit</span> <span class='ocrx_word' id='word_1_654' title='bbox 1695 4467 1936 4535; x_wconf 68' lang='lat' dir='ltr'>i&#39;iegotio.</span> <span class='ocrx_word' id='word_1_655' title='bbox 1957 4467 2060 4520; x_wconf 83' lang='lat' dir='ltr'>Cui</span> 
     </span>
    </p>
   </div>
   <div class='ocr_carea' id='block_1_93' title="bbox 469 4555 2061 4627">
    <p class='ocr_par' dir='ltr' id='par_1_93' title="bbox 469 4555 2061 4627">
     <span class='ocr_line' id='line_1_93' title="bbox 469 4555 2061 4627; baseline -0.002 -17"><span class='ocrx_word' id='word_1_656' title='bbox 469 4557 626 4627; x_wconf 90' lang='lat' dir='ltr'>operi</span> <span class='ocrx_word' id='word_1_657' title='bbox 656 4573 720 4609; x_wconf 85' lang='lat' dir='ltr'>ex</span> <span class='ocrx_word' id='word_1_658' title='bbox 750 4555 965 4609; x_wconf 86' lang='lat' dir='ltr'>abbatis</span> <span class='ocrx_word' id='word_1_659' title='bbox 1009 4557 1169 4625; x_wconf 89' lang='lat' dir='ltr'>jussu</span> <span class='ocrx_word' id='word_1_660' title='bbox 1216 4556 1402 4607; x_wconf 88' lang='lat' dir='ltr'>Bonus</span> <span class='ocrx_word' id='word_1_661' title='bbox 1447 4556 1670 4607; x_wconf 89' lang='lat' dir='ltr'>nomine</span> <span class='ocrx_word' id='word_1_662' title='bbox 1717 4563 1772 4607; x_wconf 88' lang='lat' dir='ltr'>et</span> <span class='ocrx_word' id='word_1_663' title='bbox 1810 4557 2061 4624; x_wconf 78' lang='lat' dir='ltr'>exemplo</span> 
     </span>
    </p>
   </div>
   <div class='ocr_carea' id='block_1_94' title="bbox 468 4643 2062 4714">
    <p class='ocr_par' dir='ltr' id='par_1_94' title="bbox 468 4643 2062 4714">
     <span class='ocr_line' id='line_1_94' title="bbox 468 4643 2062 4714; baseline -0.002 -15"><span class='ocrx_word' id='word_1_664' title='bbox 468 4646 774 4699; x_wconf 73' lang='lat' dir='ltr'>monachus</span> <span class='ocrx_word' id='word_1_665' title='bbox 813 4662 878 4697; x_wconf 82' lang='lat' dir='ltr'>ex</span> <span class='ocrx_word' id='word_1_666' title='bbox 923 4645 1158 4697; x_wconf 87' lang='lat' dir='ltr'>eremita</span> <span class='ocrx_word' id='word_1_667' title='bbox 1197 4649 1469 4714; x_wconf 76' lang='lat' dir='ltr'>praeerat,</span> <span class='ocrx_word' id='word_1_668' title='bbox 1513 4643 1763 4696; x_wconf 86' lang='lat' dir='ltr'>omnium</span> <span class='ocrx_word' id='word_1_669' title='bbox 1801 4644 2062 4712; x_wconf 82' lang='lat' dir='ltr'>dogmate</span> 
     </span>
    </p>
   </div>
   <div class='ocr_carea' id='block_1_95' title="bbox 467 4732 2060 4804">
    <p class='ocr_par' dir='ltr' id='par_1_95' title="bbox 467 4732 2060 4804">
     <span class='ocr_line' id='line_1_95' title="bbox 467 4732 2060 4804; baseline -0.003 -16"><span class='ocrx_word' id='word_1_670' title='bbox 467 4734 669 4788; x_wconf 90' lang='lat' dir='ltr'>ditium</span> <span class='ocrx_word' id='word_1_671' title='bbox 703 4735 932 4804; x_wconf 89' lang='lat' dir='ltr'>peritus,</span> <span class='ocrx_word' id='word_1_672' title='bbox 961 4735 1054 4803; x_wconf 89' lang='lat' dir='ltr'>qui</span> <span class='ocrx_word' id='word_1_673' title='bbox 1087 4733 1256 4786; x_wconf 89' lang='lat' dir='ltr'>etiam</span> <span class='ocrx_word' id='word_1_674' title='bbox 1280 4742 1522 4786; x_wconf 77' lang='lat' dir='ltr'>aestuans</span> <span class='ocrx_word' id='word_1_675' title='bbox 1552 4738 1613 4785; x_wconf 91' lang='lat' dir='ltr'>ut</span> <span class='ocrx_word' id='word_1_676' title='bbox 1641 4739 1857 4785; x_wconf 90' lang='lat' dir='ltr'>tantum</span> <span class='ocrx_word' id='word_1_677' title='bbox 1890 4732 2060 4785; x_wconf 51' lang='lat' dir='ltr'>libro.-</span> 
     </span>
    </p>
   </div>
   <div class='ocr_carea' id='block_1_96' title="bbox 467 4821 2062 4893">
    <p class='ocr_par' dir='ltr' id='par_1_96' title="bbox 467 4821 2062 4893">
     <span class='ocr_line' id='line_1_96' title="bbox 467 4821 2062 4893; baseline -0.003 -16"><span class='ocrx_word' id='word_1_678' title='bbox 467 4841 594 4878; x_wconf 89' lang='lat' dir='ltr'>rum</span> <span class='ocrx_word' id='word_1_679' title='bbox 637 4823 888 4893; x_wconf 82' lang='lat' dir='ltr'>exempla</span> <span class='ocrx_word' id='word_1_680' title='bbox 932 4823 1237 4891; x_wconf 85' lang='lat' dir='ltr'>colligeret,</span> <span class='ocrx_word' id='word_1_681' title='bbox 1279 4838 1391 4874; x_wconf 89' lang='lat' dir='ltr'>non</span> <span class='ocrx_word' id='word_1_682' title='bbox 1425 4821 1655 4874; x_wconf 85' lang='lat' dir='ltr'>curabat</span> <span class='ocrx_word' id='word_1_683' title='bbox 1685 4821 1976 4874; x_wconf 88' lang='lat' dir='ltr'>distinctas</span> <span class='ocrx_word' id='word_1_684' title='bbox 2008 4827 2062 4874; x_wconf 89' lang='lat' dir='ltr'>et</span> 
     </span>
    </p>
   </div>
   <div class='ocr_carea' id='block_1_97' title="bbox 470 4911 2061 4980">
    <p class='ocr_par' dir='ltr' id='par_1_97' title="bbox 470 4911 2061 4980">
     <span class='ocr_line' id='line_1_97' title="bbox 470 4911 2061 4980; baseline -0.003 -14"><span class='ocrx_word' id='word_1_685' title='bbox 470 4913 700 4966; x_wconf 88' lang='lat' dir='ltr'>decoras</span> <span class='ocrx_word' id='word_1_686' title='bbox 729 4913 947 4964; x_wconf 86' lang='lat' dir='ltr'>litteras</span> <span class='ocrx_word' id='word_1_687' title='bbox 971 4925 980 4957; x_wconf 95' lang='lat'>:</span> <span class='ocrx_word' id='word_1_688' title='bbox 1008 4912 1102 4964; x_wconf 87' lang='lat' dir='ltr'>sed</span> <span class='ocrx_word' id='word_1_689' title='bbox 1127 4912 1518 4980; x_wconf 86' lang='lat' dir='ltr'>quoquomodo</span> <span class='ocrx_word' id='word_1_690' title='bbox 1549 4911 1834 4963; x_wconf 85' lang='lat' dir='ltr'>formatas.</span> <span class='ocrx_word' id='word_1_691' title='bbox 1861 4912 2061 4963; x_wconf 90' lang='lat' dir='ltr'>Decre-</span> 
     </span>
    </p>
   </div>
   <div class='ocr_carea' id='block_1_98' title="bbox 467 4999 2064 5071">
    <p class='ocr_par' dir='ltr' id='par_1_98' title="bbox 467 4999 2064 5071">
     <span class='ocr_line' id='line_1_98' title="bbox 467 4999 2064 5071; baseline -0.002 -16"><span class='ocrx_word' id='word_1_692' title='bbox 467 5003 630 5056; x_wconf 87' lang='lat' dir='ltr'>derat</span> <span class='ocrx_word' id='word_1_693' title='bbox 657 5002 806 5055; x_wconf 91' lang='lat' dir='ltr'>enim</span> <span class='ocrx_word' id='word_1_694' title='bbox 833 4999 1132 5071; x_wconf 63' lang='lat' dir='ltr'>praedictus</span> <span class='ocrx_word' id='word_1_695' title='bbox 1172 4999 1342 5052; x_wconf 87' lang='lat' dir='ltr'>abbas</span> <span class='ocrx_word' id='word_1_696' title='bbox 1373 5001 1597 5052; x_wconf 89' lang='lat' dir='ltr'>eosdem</span> <span class='ocrx_word' id='word_1_697' title='bbox 1641 5001 1965 5064; x_wconf 87' lang='lat' dir='ltr'>rescribere,</span> <span class='ocrx_word' id='word_1_698' title='bbox 2008 5007 2064 5052; x_wconf 86' lang='lat' dir='ltr'>et</span> 
     </span>
    </p>
   </div>
   <div class='ocr_carea' id='block_1_99' title="bbox 466 5089 2063 5158">
    <p class='ocr_par' dir='ltr' id='par_1_99' title="bbox 466 5089 2063 5158">
     <span class='ocr_line' id='line_1_99' title="bbox 466 5089 2063 5158; baseline -0.003 -13"><span class='ocrx_word' id='word_1_699' title='bbox 466 5091 525 5145; x_wconf 91' lang='lat' dir='ltr'>in</span> <span class='ocrx_word' id='word_1_700' title='bbox 555 5107 729 5144; x_wconf 89' lang='lat' dir='ltr'>unum</span> <span class='ocrx_word' id='word_1_701' title='bbox 772 5089 1122 5142; x_wconf 62' lang='lat' dir='ltr'>bibliothecae</span> <span class='ocrx_word' id='word_1_702' title='bbox 1153 5105 1354 5158; x_wconf 89' lang='lat' dir='ltr'>corpus</span> <span class='ocrx_word' id='word_1_703' title='bbox 1399 5089 1678 5158; x_wconf 88' lang='lat' dir='ltr'>colligere.</span> <span class='ocrx_word' id='word_1_704' title='bbox 1730 5090 1889 5142; x_wconf 89' lang='lat' dir='ltr'>Unde</span> <span class='ocrx_word' id='word_1_705' title='bbox 1932 5106 2063 5158; x_wconf 89' lang='lat' dir='ltr'>quo-</span> 
     </span>
    </p>
   </div>
   <div class='ocr_carea' id='block_1_100' title="bbox 467 5177 2061 5236">
    <p class='ocr_par' dir='ltr' id='par_1_100' title="bbox 467 5177 2061 5236">
     <span class='ocr_line' id='line_1_100' title="bbox 467 5177 2061 5236; baseline -0.004 -1"><span class='ocrx_word' id='word_1_706' title='bbox 467 5198 587 5236; x_wconf 85' lang='lat' dir='ltr'>sam</span> <span class='ocrx_word' id='word_1_707' title='bbox 621 5197 687 5233; x_wconf 82' lang='lat' dir='ltr'>ex</span> <span class='ocrx_word' id='word_1_708' title='bbox 714 5178 979 5232; x_wconf 87' lang='lat' dir='ltr'>fratribus</span> <span class='ocrx_word' id='word_1_709' title='bbox 1005 5179 1264 5231; x_wconf 79' lang='lat' dir='ltr'>adversus</span> <span class='ocrx_word' id='word_1_710' title='bbox 1296 5177 1471 5230; x_wconf 87' lang='lat' dir='ltr'>habeo</span> <span class='ocrx_word' id='word_1_711' title='bbox 1514 5178 1582 5230; x_wconf 90' lang='lat' dir='ltr'>ob</span> <span class='ocrx_word' id='word_1_712' title='bbox 1614 5177 1843 5230; x_wconf 87' lang='lat' dir='ltr'>nimiam</span> <span class='ocrx_word' id='word_1_713' title='bbox 1870 5178 2061 5230; x_wconf 89' lang='lat' dir='ltr'>titula-</span> 
     </span>
    </p>
   </div>
   <div class='ocr_carea' id='block_1_101' title="bbox 461 5267 1948 5337">
    <p class='ocr_par' dir='ltr' id='par_1_101' title="bbox 461 5267 1948 5337">
     <span class='ocr_line' id='line_1_101' title="bbox 461 5267 1948 5337; baseline -0.004 -13"><span class='ocrx_word' id='word_1_714' title='bbox 461 5270 674 5324; x_wconf 80' lang='lat' dir='ltr'>tionem</span> <span class='ocrx_word' id='word_1_715' title='bbox 695 5286 803 5322; x_wconf 89' lang='lat' dir='ltr'>non</span> <span class='ocrx_word' id='word_1_716' title='bbox 835 5269 1078 5321; x_wconf 82' lang='lat' dir='ltr'>valentes</span> <span class='ocrx_word' id='word_1_717' title='bbox 1103 5268 1287 5337; x_wconf 85' lang='lat' dir='ltr'>legere</span> <span class='ocrx_word' id='word_1_718' title='bbox 1314 5267 1486 5319; x_wconf 89' lang='lat' dir='ltr'>libros</span> <span class='ocrx_word' id='word_1_719' title='bbox 1517 5283 1548 5319; x_wconf 91' lang='lat' dir='ltr'>a</span> <span class='ocrx_word' id='word_1_720' title='bbox 1576 5284 1663 5318; x_wconf 88' lang='lat' dir='ltr'>me</span> <span class='ocrx_word' id='word_1_721' title='bbox 1694 5267 1948 5336; x_wconf 86' lang='lat' dir='ltr'>scriptos.</span> 
     </span>
    </p>
   </div>
   <div class='ocr_carea' id='block_1_102' title="bbox 531 5356 2057 5424">
    <p class='ocr_par' dir='ltr' id='par_1_102' title="bbox 531 5356 2057 5424">
     <span class='ocr_line' id='line_1_102' title="bbox 531 5356 2057 5424; baseline -0.004 -11"><span class='ocrx_word' id='word_1_722' title='bbox 531 5359 706 5413; x_wconf 79' lang='lat' dir='ltr'>Nulla</span> <span class='ocrx_word' id='word_1_723' title='bbox 725 5363 914 5410; x_wconf 85' lang='lat' dir='ltr'>autem</span> <span class='ocrx_word' id='word_1_724' title='bbox 949 5358 1201 5420; x_wconf 88' lang='lat' dir='ltr'>ecclesia,</span> <span class='ocrx_word' id='word_1_725' title='bbox 1235 5373 1337 5409; x_wconf 87' lang='lat' dir='ltr'>nec</span> <span class='ocrx_word' id='word_1_726' title='bbox 1361 5356 1513 5416; x_wconf 90' lang='lat' dir='ltr'>urbs,</span> <span class='ocrx_word' id='word_1_727' title='bbox 1545 5372 1727 5424; x_wconf 90' lang='lat' dir='ltr'>neque</span> <span class='ocrx_word' id='word_1_728' title='bbox 1757 5356 2057 5424; x_wconf 87' lang='lat' dir='ltr'>provincia,</span> 
     </span>
    </p>
   </div>
   <div class='ocr_carea' id='block_1_103' title="bbox 458 5445 2060 5516">
    <p class='ocr_par' dir='ltr' id='par_1_103' title="bbox 458 5445 2060 5516">
     <span class='ocr_line' id='line_1_103' title="bbox 458 5445 2060 5516; baseline -0.002 -14"><span class='ocrx_word' id='word_1_729' title='bbox 458 5449 688 5502; x_wconf 86' lang='lat' dir='ltr'>tandem</span> <span class='ocrx_word' id='word_1_730' title='bbox 721 5464 822 5500; x_wconf 89' lang='lat' dir='ltr'>nec</span> <span class='ocrx_word' id='word_1_731' title='bbox 852 5448 972 5516; x_wconf 86' lang='lat' dir='ltr'>ipsa</span> <span class='ocrx_word' id='word_1_732' title='bbox 1005 5448 1183 5500; x_wconf 83' lang='lat' dir='ltr'>Roma</span> <span class='ocrx_word' id='word_1_733' title='bbox 1213 5445 1362 5498; x_wconf 89' lang='lat' dir='ltr'>orbis</span> <span class='ocrx_word' id='word_1_734' title='bbox 1391 5450 1575 5514; x_wconf 84' lang='lat' dir='ltr'>caput,</span> <span class='ocrx_word' id='word_1_735' title='bbox 1599 5449 1774 5496; x_wconf 87' lang='lat' dir='ltr'>certet</span> <span class='ocrx_word' id='word_1_736' title='bbox 1802 5445 2060 5498; x_wconf 89' lang='lat' dir='ltr'>laudibus</span> 
     </span>
    </p>
   </div>
   <div class='ocr_carea' id='block_1_104' title="bbox 459 5534 2059 5606">
    <p class='ocr_par' dir='ltr' id='par_1_104' title="bbox 459 5534 2059 5606">
     <span class='ocr_line' id='line_1_104' title="bbox 459 5534 2059 5606; baseline -0.003 -16"><span class='ocrx_word' id='word_1_737' title='bbox 459 5536 771 5606; x_wconf 80' lang='lat' dir='ltr'>Pomposiae</span> <span class='ocrx_word' id='word_1_738' title='bbox 788 5537 947 5606; x_wconf 82' lang='lat' dir='ltr'>copia</span> <span class='ocrx_word' id='word_1_739' title='bbox 967 5541 1293 5590; x_wconf 88' lang='lat' dir='ltr'>sanctorum</span> <span class='ocrx_word' id='word_1_740' title='bbox 1314 5536 1611 5588; x_wconf 74' lang='lat' dir='ltr'>fortunatae</span> <span class='ocrx_word' id='word_1_741' title='bbox 1626 5534 2059 5598; x_wconf 74' lang='lat' dir='ltr'>libi‘orum.Quis</span> 
     </span>
    </p>
   </div>
   <div class='ocr_carea' id='block_1_105' title="bbox 459 5623 2053 5694">
    <p class='ocr_par' dir='ltr' id='par_1_105' title="bbox 459 5623 2053 5694">
     <span class='ocr_line' id='line_1_105' title="bbox 459 5623 2053 5694; baseline -0.001 -15"><span class='ocrx_word' id='word_1_742' title='bbox 459 5623 632 5693; x_wconf 73' lang='lat' dir='ltr'>igitur</span> <span class='ocrx_word' id='word_1_743' title='bbox 650 5629 770 5685; x_wconf 82' lang='lat' dir='ltr'>tam</span> <span class='ocrx_word' id='word_1_744' title='bbox 788 5625 1023 5693; x_wconf 86' lang='lat' dir='ltr'>ferreus,</span> <span class='ocrx_word' id='word_1_745' title='bbox 1045 5625 1172 5694; x_wconf 87' lang='lat' dir='ltr'>quis</span> <span class='ocrx_word' id='word_1_746' title='bbox 1197 5631 1310 5678; x_wconf 85' lang='lat' dir='ltr'>tam</span> <span class='ocrx_word' id='word_1_747' title='bbox 1338 5623 1597 5690; x_wconf 84' lang='lat' dir='ltr'>immitis,</span> <span class='ocrx_word' id='word_1_748' title='bbox 1617 5629 1800 5678; x_wconf 87' lang='lat' dir='ltr'>tamve</span> <span class='ocrx_word' id='word_1_749' title='bbox 1821 5623 2053 5692; x_wconf 81' lang='lat' dir='ltr'>bestius,</span> 
     </span>
    </p>
   </div>
   <div class='ocr_carea' id='block_1_106' title="bbox 2145 4471 3740 4551">
    <p class='ocr_par' dir='ltr' id='par_1_106' title="bbox 2145 4471 3740 4551">
     <span class='ocr_line' id='line_1_106' title="bbox 2145 4471 3740 4551; baseline 0.008 -29"><span class='ocrx_word' id='word_1_750' title='bbox 2145 4471 2292 4540; x_wconf 89' lang='lat' dir='ltr'>quod</span> <span class='ocrx_word' id='word_1_751' title='bbox 2319 4487 2570 4524; x_wconf 87' lang='lat' dir='ltr'>reversus</span> <span class='ocrx_word' id='word_1_752' title='bbox 2600 4472 2673 4524; x_wconf 89' lang='lat' dir='ltr'>sit</span> <span class='ocrx_word' id='word_1_753' title='bbox 2701 4473 2771 4524; x_wconf 89' lang='lat' dir='ltr'>ad</span> <span class='ocrx_word' id='word_1_754' title='bbox 2801 4473 3129 4526; x_wconf 85' lang='lat' dir='ltr'>catholicam</span> <span class='ocrx_word' id='word_1_755' title='bbox 3161 4493 3225 4528; x_wconf 87' lang='lat' dir='ltr'>ex</span> <span class='ocrx_word' id='word_1_756' title='bbox 3257 4477 3583 4533; x_wconf 86' lang='lat' dir='ltr'>Donatistis.</span> <span class='ocrx_word' id='word_1_757' title='bbox 3608 4482 3740 4551; x_wconf 81' lang='lat' dir='ltr'>Epi-</span> 
     </span>
    </p>
   </div>
   <div class='ocr_carea' id='block_1_107' title="bbox 2145 4560 3740 4635">
    <p class='ocr_par' dir='ltr' id='par_1_107' title="bbox 2145 4560 3740 4635">
     <span class='ocr_line' id='line_1_107' title="bbox 2145 4560 3740 4635; baseline 0.008 -23"><span class='ocrx_word' id='word_1_758' title='bbox 2145 4561 2286 4612; x_wconf 90' lang='lat' dir='ltr'>stola</span> <span class='ocrx_word' id='word_1_759' title='bbox 2315 4560 2542 4624; x_wconf 87' lang='lat' dir='ltr'>Silvani,</span> <span class='ocrx_word' id='word_1_760' title='bbox 2567 4567 2623 4612; x_wconf 90' lang='lat' dir='ltr'>et</span> <span class='ocrx_word' id='word_1_761' title='bbox 2649 4561 2944 4628; x_wconf 81' lang='lat' dir='ltr'>Valentini,</span> <span class='ocrx_word' id='word_1_762' title='bbox 2975 4564 3189 4616; x_wconf 81' lang='lat' dir='ltr'>Aurelii</span> <span class='ocrx_word' id='word_1_763' title='bbox 3209 4567 3524 4635; x_wconf 82' lang='lat' dir='ltr'>Augustini.</span> <span class='ocrx_word' id='word_1_764' title='bbox 3555 4579 3612 4622; x_wconf 90' lang='lat' dir='ltr'>et</span> <span class='ocrx_word' id='word_1_765' title='bbox 3641 4588 3740 4624; x_wconf 68' lang='lat' dir='ltr'>ca:-</span> 
     </span>
    </p>
   </div>
   <div class='ocr_carea' id='block_1_108' title="bbox 2143 4650 3742 4719">
    <p class='ocr_par' dir='ltr' id='par_1_108' title="bbox 2143 4650 3742 4719">
     <span class='ocr_line' id='line_1_108' title="bbox 2143 4650 3742 4719; baseline 0.008 -19"><span class='ocrx_word' id='word_1_766' title='bbox 2143 4654 2394 4701; x_wconf 86' lang='lat' dir='ltr'>terorum</span> <span class='ocrx_word' id='word_1_767' title='bbox 2437 4650 2826 4719; x_wconf 86' lang='lat' dir='ltr'>episcoporum</span> <span class='ocrx_word' id='word_1_768' title='bbox 2873 4652 3093 4705; x_wconf 88' lang='lat' dir='ltr'>concilii</span> <span class='ocrx_word' id='word_1_769' title='bbox 3137 4655 3416 4708; x_wconf 86' lang='lat' dir='ltr'>Zertensis</span> <span class='ocrx_word' id='word_1_770' title='bbox 3454 4658 3742 4712; x_wconf 64' lang='lat' dir='ltr'>ari-Dona-</span> 
     </span>
    </p>
   </div>
   <div class='ocr_carea' id='block_1_109' title="bbox 2144 4736 3740 4816">
    <p class='ocr_par' dir='ltr' id='par_1_109' title="bbox 2144 4736 3740 4816">
     <span class='ocr_line' id='line_1_109' title="bbox 2144 4736 3740 4816; baseline 0.008 -28"><span class='ocrx_word' id='word_1_771' title='bbox 2144 4736 2320 4789; x_wconf 87' lang='lat' dir='ltr'>tistas.</span> <span class='ocrx_word' id='word_1_772' title='bbox 2370 4737 2626 4805; x_wconf 84' lang='lat' dir='ltr'>Ejusdem</span> <span class='ocrx_word' id='word_1_773' title='bbox 2673 4739 2742 4790; x_wconf 88' lang='lat' dir='ltr'>ad</span> <span class='ocrx_word' id='word_1_774' title='bbox 2789 4740 3128 4793; x_wconf 88' lang='lat' dir='ltr'>Macrobium</span> <span class='ocrx_word' id='word_1_775' title='bbox 3163 4749 3225 4795; x_wconf 88' lang='lat' dir='ltr'>ut</span> <span class='ocrx_word' id='word_1_776' title='bbox 3263 4761 3372 4796; x_wconf 91' lang='lat' dir='ltr'>non</span> <span class='ocrx_word' id='word_1_777' title='bbox 3411 4745 3740 4816; x_wconf 85' lang='lat' dir='ltr'>rebaptizet.</span> 
     </span>
    </p>
   </div>
   <div class='ocr_carea' id='block_1_110' title="bbox 2144 4825 3742 4894">
    <p class='ocr_par' dir='ltr' id='par_1_110' title="bbox 2144 4825 3742 4894">
     <span class='ocr_line' id='line_1_110' title="bbox 2144 4825 3742 4894; baseline 0.007 -16"><span class='ocrx_word' id='word_1_778' title='bbox 2144 4825 2410 4894; x_wconf 86' lang='lat' dir='ltr'>Ejusdem</span> <span class='ocrx_word' id='word_1_779' title='bbox 2432 4826 2729 4894; x_wconf 81' lang='lat' dir='ltr'>Augustini</span> <span class='ocrx_word' id='word_1_780' title='bbox 2752 4828 2831 4880; x_wconf 91' lang='lat' dir='ltr'>De</span> <span class='ocrx_word' id='word_1_781' title='bbox 2854 4831 3200 4884; x_wconf 85' lang='lat' dir='ltr'>continentia</span> <span class='ocrx_word' id='word_1_782' title='bbox 3227 4831 3368 4885; x_wconf 88' lang='lat' dir='ltr'>liber</span> <span class='ocrx_word' id='word_1_783' title='bbox 3398 4850 3564 4887; x_wconf 91' lang='lat' dir='ltr'>unus.</span> <span class='ocrx_word' id='word_1_784' title='bbox 3585 4837 3742 4890; x_wconf 81' lang='lat' dir='ltr'>Alius</span> 
     </span>
    </p>
   </div>
   <div class='ocr_carea' id='block_1_111' title="bbox 2145 4914 3742 4986">
    <p class='ocr_par' dir='ltr' id='par_1_111' title="bbox 2145 4914 3742 4986">
     <span class='ocr_line' id='line_1_111' title="bbox 2145 4914 3742 4986; baseline 0.008 -20"><span class='ocrx_word' id='word_1_785' title='bbox 2145 4915 2223 4967; x_wconf 92' lang='lat' dir='ltr'>De</span> <span class='ocrx_word' id='word_1_786' title='bbox 2245 4914 2534 4984; x_wconf 87' lang='lat' dir='ltr'>patientia.</span> <span class='ocrx_word' id='word_1_787' title='bbox 2557 4916 2850 4969; x_wconf 80' lang='lat' dir='ltr'>’l‘ractatus</span> <span class='ocrx_word' id='word_1_788' title='bbox 2875 4918 3124 4986; x_wconf 88' lang='lat' dir='ltr'>ejusdem</span> <span class='ocrx_word' id='word_1_789' title='bbox 3158 4921 3235 4973; x_wconf 90' lang='lat' dir='ltr'>De</span> <span class='ocrx_word' id='word_1_790' title='bbox 3269 4923 3501 4976; x_wconf 88' lang='lat' dir='ltr'>muliere</span> <span class='ocrx_word' id='word_1_791' title='bbox 3534 4925 3666 4978; x_wconf 89' lang='lat' dir='ltr'>forti</span> <span class='ocrx_word' id='word_1_792' title='bbox 3684 4926 3742 4979; x_wconf 90' lang='lat' dir='ltr'>in</span> 
     </span>
    </p>
   </div>
   <div class='ocr_carea' id='block_1_112' title="bbox 2147 5004 3743 5084">
    <p class='ocr_par' dir='ltr' id='par_1_112' title="bbox 2147 5004 3743 5084">
     <span class='ocr_line' id='line_1_112' title="bbox 2147 5004 3743 5084; baseline 0.007 -28"><span class='ocrx_word' id='word_1_793' title='bbox 2147 5004 2460 5057; x_wconf 86' lang='lat' dir='ltr'>Salomone.</span> <span class='ocrx_word' id='word_1_794' title='bbox 2498 5005 2742 5073; x_wconf 87' lang='lat' dir='ltr'>Epistola</span> <span class='ocrx_word' id='word_1_795' title='bbox 2775 5009 3026 5075; x_wconf 87' lang='lat' dir='ltr'>ejusdem</span> <span class='ocrx_word' id='word_1_796' title='bbox 3065 5010 3132 5061; x_wconf 88' lang='lat' dir='ltr'>ad</span> <span class='ocrx_word' id='word_1_797' title='bbox 3182 5011 3570 5065; x_wconf 86' lang='lat' dir='ltr'>Marcellinum</span> <span class='ocrx_word' id='word_1_798' title='bbox 3602 5032 3743 5084; x_wconf 89' lang='lat' dir='ltr'>quo—</span> 
     </span>
    </p>
   </div>
   <div class='ocr_carea' id='block_1_113' title="bbox 2146 5093 3742 5164">
    <p class='ocr_par' dir='ltr' id='par_1_113' title="bbox 2146 5093 3742 5164">
     <span class='ocr_line' id='line_1_113' title="bbox 2146 5093 3742 5164; baseline 0.008 -20"><span class='ocrx_word' id='word_1_799' title='bbox 2146 5093 2311 5145; x_wconf 90' lang='lat' dir='ltr'>modo</span> <span class='ocrx_word' id='word_1_800' title='bbox 2344 5094 2657 5146; x_wconf 86' lang='lat' dir='ltr'>invenerint</span> <span class='ocrx_word' id='word_1_801' title='bbox 2697 5095 2844 5163; x_wconf 86' lang='lat' dir='ltr'>Magi</span> <span class='ocrx_word' id='word_1_802' title='bbox 2875 5096 3201 5164; x_wconf 86' lang='lat' dir='ltr'>Pharaonis,</span> <span class='ocrx_word' id='word_1_803' title='bbox 3235 5115 3500 5154; x_wconf 86' lang='lat' dir='ltr'>conversa</span> <span class='ocrx_word' id='word_1_804' title='bbox 3530 5102 3589 5155; x_wconf 89' lang='lat' dir='ltr'>in</span> <span class='ocrx_word' id='word_1_805' title='bbox 3619 5121 3742 5156; x_wconf 86' lang='lat' dir='ltr'>san-</span> 
     </span>
    </p>
   </div>
   <div class='ocr_carea' id='block_1_114' title="bbox 2143 5181 3738 5260">
    <p class='ocr_par' dir='ltr' id='par_1_114' title="bbox 2143 5181 3738 5260">
     <span class='ocr_line' id='line_1_114' title="bbox 2143 5181 3738 5260; baseline 0.008 -26"><span class='ocrx_word' id='word_1_806' title='bbox 2143 5181 2370 5249; x_wconf 81' lang='lat' dir='ltr'>guinem</span> <span class='ocrx_word' id='word_1_807' title='bbox 2408 5187 2527 5233; x_wconf 86' lang='lat' dir='ltr'>tota</span> <span class='ocrx_word' id='word_1_808' title='bbox 2563 5199 2708 5251; x_wconf 87' lang='lat' dir='ltr'>aqua</span> <span class='ocrx_word' id='word_1_809' title='bbox 2736 5185 2982 5254; x_wconf 56' lang='lat' dir='ltr'>ngypti,</span> <span class='ocrx_word' id='word_1_810' title='bbox 3016 5187 3163 5239; x_wconf 90' lang='lat' dir='ltr'>unde</span> <span class='ocrx_word' id='word_1_811' title='bbox 3208 5188 3389 5240; x_wconf 91' lang='lat' dir='ltr'>simile</span> <span class='ocrx_word' id='word_1_812' title='bbox 3437 5191 3738 5260; x_wconf 87' lang='lat' dir='ltr'>aliquando</span> 
     </span>
    </p>
   </div>
   <div class='ocr_carea' id='block_1_115' title="bbox 2144 5270 3739 5349">
    <p class='ocr_par' dir='ltr' id='par_1_115' title="bbox 2144 5270 3739 5349">
     <span class='ocr_line' id='line_1_115' title="bbox 2144 5270 3739 5349; baseline 0.008 -27"><span class='ocrx_word' id='word_1_813' title='bbox 2144 5270 2407 5324; x_wconf 85' lang='lat' dir='ltr'>facerent.</span> <span class='ocrx_word' id='word_1_814' title='bbox 2457 5270 2704 5341; x_wconf 87' lang='lat' dir='ltr'>Epistola</span> <span class='ocrx_word' id='word_1_815' title='bbox 2733 5273 3039 5326; x_wconf 87' lang='lat' dir='ltr'>Marcellini</span> <span class='ocrx_word' id='word_1_816' title='bbox 3067 5276 3135 5327; x_wconf 89' lang='lat' dir='ltr'>ad</span> <span class='ocrx_word' id='word_1_817' title='bbox 3177 5285 3430 5330; x_wconf 82' lang='lat' dir='ltr'>sanctum</span> <span class='ocrx_word' id='word_1_818' title='bbox 3475 5281 3739 5349; x_wconf 79' lang='lat' dir='ltr'>Augusti-</span> 
     </span>
    </p>
   </div>
   <div class='ocr_carea' id='block_1_116' title="bbox 2143 5361 3736 5431">
    <p class='ocr_par' dir='ltr' id='par_1_116' title="bbox 2143 5361 3736 5431">
     <span class='ocr_line' id='line_1_116' title="bbox 2143 5361 3736 5431; baseline 0.006 -21"><span class='ocrx_word' id='word_1_819' title='bbox 2143 5376 2278 5411; x_wconf 88' lang='lat' dir='ltr'>num</span> <span class='ocrx_word' id='word_1_820' title='bbox 2321 5361 2401 5412; x_wconf 87' lang='lat' dir='ltr'>De</span> <span class='ocrx_word' id='word_1_821' title='bbox 2443 5361 2720 5429; x_wconf 89' lang='lat' dir='ltr'>aliquibus</span> <span class='ocrx_word' id='word_1_822' title='bbox 2769 5363 3173 5431; x_wconf 70' lang='lat' dir='ltr'>qumstionibus</span> <span class='ocrx_word' id='word_1_823' title='bbox 3213 5367 3580 5420; x_wconf 84' lang='lat' dir='ltr'>exsolvendis.</span> <span class='ocrx_word' id='word_1_824' title='bbox 3626 5370 3736 5422; x_wconf 90' lang='lat' dir='ltr'>Cur</span> 
     </span>
    </p>
   </div>
   <div class='ocr_carea' id='block_1_117' title="bbox 2142 5447 3734 5517">
    <p class='ocr_par' dir='ltr' id='par_1_117' title="bbox 2142 5447 3734 5517">
     <span class='ocr_line' id='line_1_117' title="bbox 2142 5447 3734 5517; baseline 0.007 -18"><span class='ocrx_word' id='word_1_825' title='bbox 2142 5447 2232 5500; x_wconf 92' lang='lat' dir='ltr'>hic</span> <span class='ocrx_word' id='word_1_826' title='bbox 2255 5449 2417 5514; x_wconf 87' lang='lat' dir='ltr'>Deus,</span> <span class='ocrx_word' id='word_1_827' title='bbox 2443 5449 2536 5517; x_wconf 87' lang='lat' dir='ltr'>qui</span> <span class='ocrx_word' id='word_1_828' title='bbox 2567 5455 2622 5501; x_wconf 88' lang='lat' dir='ltr'>et</span> <span class='ocrx_word' id='word_1_829' title='bbox 2646 5450 2861 5503; x_wconf 77' lang='lat' dir='ltr'>Veteris</span> <span class='ocrx_word' id='word_1_830' title='bbox 2887 5452 3231 5506; x_wconf 85' lang='lat' dir='ltr'>Testamenti</span> <span class='ocrx_word' id='word_1_831' title='bbox 3263 5455 3410 5507; x_wconf 88' lang='lat' dir='ltr'>Deus</span> <span class='ocrx_word' id='word_1_832' title='bbox 3443 5472 3565 5509; x_wconf 90' lang='lat' dir='ltr'>esse</span> <span class='ocrx_word' id='word_1_833' title='bbox 3591 5459 3734 5510; x_wconf 71' lang='lat' dir='ltr'>affir-</span> 
     </span>
    </p>
   </div>
   <div class='ocr_carea' id='block_1_118' title="bbox 2142 5538 3727 5609">
    <p class='ocr_par' dir='ltr' id='par_1_118' title="bbox 2142 5538 3727 5609">
     <span class='ocr_line' id='line_1_118' title="bbox 2142 5538 3727 5609; baseline 0.007 -20"><span class='ocrx_word' id='word_1_834' title='bbox 2142 5543 2346 5603; x_wconf 81' lang='lat' dir='ltr'>matur,</span> <span class='ocrx_word' id='word_1_835' title='bbox 2386 5538 2589 5608; x_wconf 87' lang='lat' dir='ltr'>spretis</span> <span class='ocrx_word' id='word_1_836' title='bbox 2638 5539 2915 5592; x_wconf 88' lang='lat' dir='ltr'>veteribus</span> <span class='ocrx_word' id='word_1_837' title='bbox 2947 5543 3249 5609; x_wconf 84' lang='lat' dir='ltr'>sacri-ﬁciis,</span> <span class='ocrx_word' id='word_1_838' title='bbox 3299 5544 3611 5600; x_wconf 84' lang='lat' dir='ltr'>delectatus</span> <span class='ocrx_word' id='word_1_839' title='bbox 3642 5548 3727 5600; x_wconf 86' lang='lat' dir='ltr'>sit.</span> 
     </span>
    </p>
   </div>
   <div class='ocr_carea' id='block_1_119' title="bbox 2139 5625 3734 5700">
    <p class='ocr_par' dir='ltr' id='par_1_119' title="bbox 2139 5625 3734 5700">
     <span class='ocr_line' id='line_1_119' title="bbox 2139 5625 3734 5700; baseline 0.006 -22"><span class='ocrx_word' id='word_1_840' title='bbox 2139 5625 2388 5696; x_wconf 87' lang='lat' dir='ltr'>Epistola</span> <span class='ocrx_word' id='word_1_841' title='bbox 2416 5625 2595 5681; x_wconf 82' lang='lat' dir='ltr'>sancti</span> <span class='ocrx_word' id='word_1_842' title='bbox 2622 5628 2924 5697; x_wconf 82' lang='lat' dir='ltr'>Augustini</span> <span class='ocrx_word' id='word_1_843' title='bbox 2943 5630 3018 5683; x_wconf 85' lang='lat' dir='ltr'>ad</span> <span class='ocrx_word' id='word_1_844' title='bbox 3048 5632 3328 5699; x_wconf 10' lang='lat' dir='ltr'>Evodiumr</span> <span class='ocrx_word' id='word_1_845' title='bbox 3345 5634 3428 5688; x_wconf 88' lang='lat' dir='ltr'>De</span> <span class='ocrx_word' id='word_1_846' title='bbox 3455 5636 3734 5700; x_wconf 75' lang='lat' dir='ltr'>sententia</span> 
     </span>
    </p>
   </div>
  </div>
