3914 6356
146 313 291 373 1349

1355 321 1578 379 EPIST;
1618 323 1716 379 AB
1753 319 2216 378 STEPHANUM.

3278 325 3417 390 1330

144 439 207 494 in
232 438 484 515 Epistola
520 440 699 513 sancti
736 441 908 495 Petri.
949 443 1254 514 Spiritibus
1283 446 1381 517 qui
1419 447 1479 500 in
1517 452 1800 508 carcereA
1822 447 2072 529 Galatas,
2091 446 2164 500 ad
2180 445 2468 516 Ephesios,
2502 445 2574 498 ad
2602 444 3008 515 Philippenses,
3026 447 3098 501 ad
3116 448 3413 504 Thessalo-

145 530 312 579 erant
339 526 587 599 conclusi
616 526 1007 583 advenientem
1058 532 1342 586 Christum
1382 533 1734 604 praedicasse,

146 614 246 684 qui
274 613 498 677 Christo
529 615 831 691 aliquando
879 618 1154 674 increduli
1196 621 1439 676 fuerunt.
1474 624 1735 692 Ejusdem

140 702 225 755 De
249 703 592 758 divinatione
609 704 922 773 daemonum
936 725 1140 761 sermo.
1160 710 1417 779 Eiusdem
1437 712 1738 779 Augustini

139 791 224 845 De
250 808 416 846 versu
458 794 710 863 Apostoli
740 794 835 848 ubi
875 796 1012 855 dicit
1043 817 1054 850 :
1088 800 1361 851 chitores
1404 816 1595 853 sumus
1628 816 1739 854 non

140 882 326 933 carni.
362 866 560 934 Sermo
582 883 834 951 ejusdem
864 885 944 938 De
976 887 1190 954 psalmo
1219 887 1557 942 alleluiatico
1589 892 1735 957 (sic).

138 967 410 1037 Ejusdem
462 971 700 1040 August.
751 972 949 1026 Sermo
1000 975 1082 1028 De
1131 976 1374 1029 alleluia.
1428 978 1622 1030 Sermo
1662 978 1741 1031 De

137 1062 310 1111 nocte
332 1064 391 1112 ct
410 1058 500 1112 die
530 1060 962 1116 resurrectionis
984 1062 1207 1117 Domini
1226 1071 1418 1118 contra
1444 1066 1665 1120 Judaeos
1686 1072 1743 1119 et

140 1145 459 1200 haereticos.
498 1148 762 1217 Ejusdem
788 1156 932 1220 post,
979 1152 1056 1205 De
1098 1153 1579 1223 concupiscentias
1609 1172 1738 1209 suas

138 1251 256 1288 non
315 1236 498 1288 eundo
558 1236 719 1291 liber.
767 1236 1032 1307 Ejusdem
1087 1242 1540 1296 exhortationum
1592 1243 1739 1311 beati

134 1324 445 1394 Augustini
476 1312 546 1379 ad
576 1325 862 1380 Valerium
895 1329 1156 1382 comitem
1188 1331 1581 1386 charissimum
1611 1333 1733 1397 sibi,

134 1412 396 1483 Gregorii
427 1430 584 1494 papae
637 1416 708 1468 ad
756 1401 1101 1471 Recaredum
1130 1417 1325 1491 [eodem
1354 1420 1735 1494 Regaredum]

134 1518 353 1572 regem.
387 1490 652 1573 Ejusdem
697 1506 1001 1575 Augustini
1050 1490 1192 1561 liber
1234 1526 1256 1563 1
1298 1510 1379 1563 De
1423 1490 1730 1565 mendacio:

132 1591 302 1645 Alius
332 1592 585 1669 ejusdem
613 1599 811 1647 contra
832 1596 1203 1669 mendacium.
1238 1598 1317 1651 De
1347 1599 1460 1651 vita
1486 1604 1542 1652 et
1572 1600 1737 1653 mori-

133 1677 249 1733 bus
281 1666 572 1755 catholicis
601 1693 803 1761 contra
825 1666 1158 1737 Manichaeos
1185 1685 1334 1739 lib.1.
1372 1687 1636 1757 Ejusdem
1665 1688 1736 1742 ad

1819 536 2075 589 nicenses
2103 549 2165 597 11,
2206 534 2278 587 ad
2324 533 2684 586 Colossenses
2730 549 2765 597 1,
2816 533 2886 586 ad
2929 534 3118 588 Titum
3144 552 3184 600 1,
3220 536 3291 589 ad
3318 536 3413 590 Ti-

1820 622 2106 676 motheum
2140 637 2174 675 1.
2214 623 2356 676 Item
2378 618 2447 674 ad
2468 620 2845 685 Timotheum,
2871 622 2938 674 ad
2964 622 3344 677 Philemonem
3370 642 3409 681 1.

1821 711 2051 765 Joannis
2076 710 2463 779 Chrysostomi
2496 708 2552 762 in
2585 709 2889 779 Epistolam
2918 710 2988 763 ad
3018 710 3279 766 Hebraeos
3307 729 3419 765 ser-
3446 732 3458 746 α

1822 816 2017 852 mones
2056 790 2241 852 xxxiv.
2275 799 2456 868 Super
2500 796 2609 850 Job
2653 797 2911 867 Origenis
2952 798 3049 853 lib.
3088 813 3169 852 111.
3201 816 3233 852 '1'
3265 800 3421 869 Ejus-

1822 888 1947 941 dem
1979 906 2148 959 super
2175 886 2408 941 Cantica
2436 886 2784 941 caiiticorum
2814 886 2912 940 lib.
2942 902 3023 943 111.

1893 979 1937 1032 Γ
1967 977 2048 1031 De
2075 977 2349 1032 Trinitate
2376 976 2576 1030 Hilarii
2604 976 2700 1028 lib.
2733 991 2825 1030 x11-

1892 1085 1923 1121 1‘
1962 1067 2224 1135 Ejusdem
2257 1065 2541 1136 Expositio
2588 1065 2719 1118 ﬁdei
2750 1066 2821 1119 ad
2853 1066 3150 1136 synodum.
3181 1068 3303 1123 Lib.
3334 1068 3418 1127 De

1820 1155 2097 1209 Trinitate
2145 1153 2401 1223 Gregorii
2440 1153 2838 1225 Hispaniensis
2874 1155 3232 1211 Eliberitanae
3270 1157 3422 1211 sedis

1823 1244 2067 1314 episcopi
2097 1243 2166 1297 ad
2195 1243 2415 1296 Gallam
2470 1242 2798 1296 Placidiam.
2831 1242 2851 1263 ‘
2879 1244 2968 1297 Est
3006 1247 3263 1298 Faustini
3303 1249 3419 1312 epi-

1821 1335 1962 1386 stola
1986 1334 2062 1385 ad
2093 1334 2432 1385 Flacci/Iam.
2457 1330 2882 1400 Apologeticum
2905 1332 3162 1401 Gregorii
3185 1333 3420 1388 Nazian-

1820 1420 1938 1474 zeni
1970 1420 2234 1490 episcopi.
2264 1419 2529 1488 Ejusdem
2550 1418 2652 1471 lib.
2677 1419 2758 1471 De
2790 1420 3092 1474 Nativitate
3122 1422 3345 1477 Domini
3374 1440 3414 1479 1.

1819 1510 1900 1562 De
1923 1509 2239 1579 Epiphania
2262 1524 2299 1560 1.
2330 1508 2469 1560 Cum
2484 1506 2552 1560 de
2570 1523 2705 1576 agro
2727 1514 3103 1562 reverteretur
3129 1509 3201 1563 ad
3230 1510 3410 1580 impe-

1819 1604 2085 1651 ratorem.
2120 1588 2200 1650 De
2242 1595 2405 1649 dictis
2435 1595 2734 1649 Hieremiae
2773 1612 2813 1648 1.
2859 1597 2937 1649 De
2975 1597 3324 1662 Pentecoste,
3357 1604 3415 1653 et

1820 1686 2031 1757 Spiritu
2060 1691 2253 1738 sancto
2300 1698 2339 1737 1.
2384 1685 2463 1737 De
2506 1684 2855 1738 continentia
2884 1690 2943 1737 et
2972 1685 3187 1740 unitate
3215 1703 3414 1741 mona-

132 1766 437 1845 Aurelium
464 1752 747 1834 abbatem,
784 1754 872 1849 De
921 1788 1088 1843 opere
1125 1752 1533 1828 monachorum
1564 1776 1660 1829 lib.
1693 1791 1799 1855 1..B
1818 1752 2052 1828 chorum
2082 1789 2123 1828 1.
2152 1775 2236 1827 De
2264 1773 2559 1843 grandinis
2598 1773 2911 1828 vastatione
2942 1791 3067 1830 cum
3090 1775 3267 1829 'Pater
3294 1775 3413 1846 epi-

132 1853 221 1908 De
262 1856 754 1925 priedestinatione
783 1858 879 1912 lib.
915 1877 951 1913 1.
986 1861 1180 1915 Sermo
1213 1863 1464 1931 ejusdem
1488 1865 1568 1917 De
1598 1853 1787 1917 tem-v
1820 1880 2020 1934 scopus
2050 1879 2131 1919 re.
2178 1903 2189 1914 .
2242 1910 2245 1913 .
2297 1901 2310 1914 .

136 1959 278 2013 pore
308 1943 618 2024 barbarico.
655 1946 958 2002 Sermones
990 1950 1069 2003 De
1098 1952 1278 2003 Adam
1311 1967 1368 2015 11,
1394 1952 1442 2005 -Γ
1472 1952 1736 2024 Epistolaa

136 2020 385 2101 August.
418 2034 498 2088 De
528 2035 787 2090 omnibus
825 2037 1131 2092 hmresibus
1171 2040 1311 2093 liber
1338 2058 1379 2095 1.

211 2135 249 2175 ἰ’
272 2120 353 2201 De
370 2104 715 2201 perfectione
730 2126 967 2195 justitiae
986 2128 1057 2181 ad
1072 2129 1311 2182 Paulum
1333 2135 1389 2183 et
1408 2130 1740 2201 Eutropium

138 2198 240 2283 lib.
270 2224 309 2264 1.
332 2198 413 2295 De
434 2198 637 2295 natura
658 2221 714 2268 et
741 2216 926 2285 gratia
953 2217 1025 2295 ad
1053 2218 1361 2273 Timasium
1389 2225 1446 2273 et
1471 2198 1741 2275 Jacobum

139 2298 239 2353 lib.
264 2314 304 2353 Ι.
338 2288 589 2371 Epistola
628 2288 896 2375 'Prosperi
922 2311 978 2358 et
1004 2288 1203 2360 Hilarii
1234 2308 1304 2361 ad
1333 2314 1589 2362 sanctum
1619 2311 1736 2362 Au-

139 2388 435 2458 gustinum
465 2390 545 2464 De
571 2393 800 2462 querela
839 2394 1148 2457 Gallorum.
1178 2397 1262 2449 Ad
1294 2398 1518 2451 eosdem
1557 2398 1737 2464 sancti

141 2474 451 2547 Augustini
477 2460 557 2533 De
586 2460 1082 2550 praedestination'e
1103 2484 1197 2537 lib.
1231 2499 1270 2538 Ι.
1300 2460 1737 2555 EpistolaHila-

140 2565 352 2644 ri_{sic)
382 2567 455 2622 ad
502 2568 883 2638 Augustinum
933 2573 1277 2643 episcopum.
1316 2576 1620 2644 Augustini
1665 2576 1736 2629 ad

140 2642 422 2709 Hilarum.
471 2657 738 2731 Ejusdem
786 2662 1086 2730 Augustini
1117 2642 1186 2715 ad
1218 2642 1624 2734 Hieronymum
1655 2666 1736 2718 De

140 2743 392 2814 Epistola
438 2734 602 2827 Pauli
648 2748 723 2821 ad
766 2748 1013 2802 Galatas.
1050 2751 1093 2803 Γ
1125 2752 1314 2806 Sancti
1344 2752 1627 2805 Ambrosii
1657 2753 1737 2807 De

141 2833 525 2911 consolatione
571 2836 952 2901 Valentiniani
987 2840 1113 2909 (sic)
1160 2840 1254 2897 lib.
1309 2841 1735 2894 Confessionum

143 2918 230 2974 l3.
278 2910 348 2997 In
395 2922 793 2978 salutationem
844 2926 1102 2997 Epistolae
1133 2928 1293 2982 Pauli
1335 2929 1405 2983 ad
1454 2930 1736 2984 Romanos

140 3008 240 3064 lib.
269 3025 307 3064 1.
340 2990 605 3081 Ejusdem
638 3015 943 3082 Augustini
971 3033 1141 3086 super
1167 3016 1468 3071 Joannem.

1893 1953 1934 2007 Γ
1968 1951 2252 2023 Expositio
2277 1950 2478 2004 Hilarii
2507 1963 2678 2021 super
2707 1952 3055 2022 psalterium.

1892 2041 1933 2094 Γ
1972 2040 2309 2094 Psalterium
2353 2040 2686 2110 Hieronymi
2726 2042 3039 2095 secundum
3079 2040 3412 2101 Hobraicam

1820 2129 2112 2199 veritatem
2123 2170 2134 2182 .

1894 2219 1936 2272 Γ
1962 2218 2113 2272 Libri
2142 2218 2515 2289 Collationum
2546 2219 2780 2273 Patrum
2810 2219 3084 2274 Cassiani.
3120 2221 3199 2274 De
3219 2236 3411 2292 corpo-

1822 2324 1882 2361 re
1912 2313 1969 2361 et
1996 2307 2270 2378 sanguine
2299 2307 2542 2374 Domini,
2585 2307 2879 2362 Lanfranci
2911 2314 3107 2362 contra
3130 2310 3414 2381 Berenga-

1819 2397 1986 2451 rium.
2020 2397 2222 2451 Itidem
2251 2397 2329 2449 De
2359 2412 2591 2467 corpore
2621 2401 2678 2451 et
2706 2397 2984 2467 sanguine
3034 2398 3257 2453 Domini
3309 2416 3409 2455 ou-

1813 2486 2041 2555 jusdam
2072 2484 2364 2556 sapientis.

1891 2576 1933 2628 I‘
1966 2574 2131 2627 Liber
2157 2575 2336 2628 sancti
2370 2574 2649 2628 Ambrosii
2668 2577 2746 2629 De
2776 2576 3412 2645 virginitatellexame—

1820 2679 1923 2716 ron
1977 2663 2246 2732 ejusdem.
2293 2664 2371 2715 De
2427 2665 2674 2733 paschali
2731 2664 3098 2719 hebdomada.
3153 2666 3410 2737 Epistolae

1822 2751 2144 2820 Hieronymi
2172 2751 2617 2821 quamplurimae.

1892 2839 1933 2892 Γ
1960 2836 2279 2891 Cassiodori
2325 2838 2418 2893 lib.
2467 2856 2506 2891 1.
2558 2838 2701 2909 Lupi
2748 2839 2963 2894 Servati
3012 2840 3111 2894 lib.
3156 2841 3408 2897 Historia

1818 2925 2100 2979 Africana.
2134 2927 2416 2997 Expositio
2448 2944 2618 2998 super
2667 2929 2898 2983 Cantica
2942 2929 3286 2985 canticorum
3317 2947 3413 2985 se-

1823 3016 2068 3070 cundum
2101 3016 2420 3073 modernos.

214 3094 250 3151 'i‘
271 3078 473 3153 Itidem
503 3078 769 3183 Cypriani
798 3078 1102 3183 sermones,
1125 3108 1180 3160 et
1202 3107 1449 3177 epistolae
1480 3122 1639 3161 1.xxx1
1662 3109 1741 3162 De
1763 3112 1806 3171 Ο
1893 3105 1937 3157 Γ
1968 3104 2227 3158 Historiae
2264 3103 2389 3157 libri
2418 3121 2508 3158 x11.
2540 3078 2800 3159 Historias
2828 3106 3093 3161 Africana
3121 3107 3222 3162 lib.
3254 3122 3335 3161 111.

140 3176 783 3245 Judaicaincredulitate
803 3193 871 3244 ad
894 3178 1157 3264 Vigilium
1179 3176 1737 3266 episcopum.Versus

141 3274 357 3356 domini
386 3274 615 3351 Joannis
642 3278 720 3333 De
744 3286 901 3335 caena
931 3283 1040 3336 Mai
1075 3285 1199 3353 (sic)
1231 3285 1518 3356 Cypriani.

210 3363 259 3419 Γ
280 3350 463 3421 XVIII
492 3356 929 3440 linicronymi
954 3372 1012 3425 in
1037 3350 1393 3443 Expositione
1413 3373 1582 3428 Isaia:
1604 3392 1736 3446 pro-

139 3453 388 3541 Phaen.
462 3518 469 3541 .
622 3532 625 3537 .

216 3536 260 3598 Γ
287 3532 431 3599 XIV.
462 3532 739 3625 Ejusdem
771 3566 896 3621 sup.
933 3551 1298 3606 Ezechielem.

211 3628 247 3689 Τ
278 3628 415 3705 Sup.
447 3628 793 3692 Hieremiam
825 3640 1074 3710 ejusdem
1106 3641 1201 3695 lib.
1234 3656 1306 3694 γι.

196 3716 247 3773 ’λι
274 3712 543 3790 Ejusdem
598 3726 867 3795 expositio
923 3728 995 3780 ad
1049 3729 1278 3802 Galatas
1333 3727 1430 3781 lib.
1480 3768 1492 3780 .
1540 3769 1552 3781 .
1598 3765 1611 3779 .
1651 3730 1734 3784 Ad

142 3804 421 3895 Ephesios
451 3826 532 3870 111.
564 3814 634 3867 ad
662 3815 850 3868 Titum
876 3830 915 3881 1,
948 3817 1019 3870 ad
1050 3817 1432 3870 Philemonem
1462 3832 1498 3869 1.

219 3888 263 3977 Γ
284 3887 559 3977 Ejusdem
589 3920 757 3974 super
786 3905 1109 3959 Matthaeum
1139 3923 1173 3965 1.
1198 3923 1369 3977 super
1392 3906 1660 3960 Marcum.

215 3970 261 4041 Γ
280 3966 446 4065 ᾷλῖδΐί
476 3995 533 4043 et
559 3990 788 4046 diversa:
821 3994 1067 4063 epistolae
1096 3995 1352 4063 ejusdem
1385 4010 1541 4047 LXXX.

213 4065 247 4129 ὼ
275 4060 389 4130 3111
415 4072 525 4163 11‘s.
546 4070 830 4163 Ambrosii
855 4060 958 4136 "De
999 4060 1294 4163 Trinitate.
1336 4080 1617 4152 Fulgentii
1654 4082 1735 4161 De

143 4163 423 4219 Trinitate
459 4156 613 4222 liber
658 4183 697 4222 1.
748 4169 1014 4240 Ejusdem
1041 4172 1121 4226 De
1151 4160 1424 4226 creaturis
1448 4190 1482 4225 a
1508 4171 1626 4225 Deo
1666 4156 1735 4224 de

143 4250 321 4307 nihilo
351 4254 554 4310 creatis
600 4257 743 4311 liber
785 4276 822 4314 1.
874 4260 1083 4315 Nicetae
1127 4261 1371 4331 episcopi
1402 4262 1481 4315 De
1513 4260 1736 4314 ratione

1892 3194 1934 3248 Γ
1964 3192 2084 3247 Lib.
2115 3193 2438 3247 Of‘liciorum
2464 3194 2735 3247 Amalarii
2766 3194 3032 3265 episcopi.

1888 3299 1920 3334 τ
1956 3266 2140 3335 Orosii
2160 3278 2505 3335 diversarum
2526 3281 2902 3336 Historiarum
2924 3283 3022 3336 lib.
3048 3284 3411 3355 v11.'Eutropii

1819 3375 1875 3424 et
1901 3370 2063 3424 Pauli
2092 3370 2161 3423 de
2198 3370 2448 3423 Historia
2467 3370 2718 3424 Romana
2740 3371 2834 3424 lib.
2864 3372 2998 3426 "xv.
3027 3373 3276 3427 Historia
3296 3389 3412 3427 ma-

1816 3460 1913 3529 gni
1943 3459 2241 3512 Alexandri
2272 3458 2366 3512 lib.
2401 3474 2484 3513 xv.
2518 3459 2686 3513 Liber
2713 3461 2881 3514 Plinii
2903 3466 2959 3515 et
2981 3462 3177 3516 Solini.

1893 3548 1935 3601 Γ
1965 3548 2253 3618 Expositio
2277 3554 2342 3601 ut
2364 3548 2656 3601 deﬂoratio
2690 3549 2933 3603 Hrabani
2960 3567 3134 3620 super
3156 3568 3208 3614 ν,
3243 3550 3336 3604 lib.

1892 3639 1935 3691 Γ
1967 3639 2109 3691 Item
2130 3636 2225 3690 lib.
2246 3637 2413 3691 Plinii
2438 3643 2493 3690 et
2514 3638 2713 3701 Solini,
2732 3644 2787 3691 et
2818 3639 3064 3693 Historia
3086 3640 3409 3699 Alexandri.

1892 3727 1933 3780 Γ
1962 3726 2127 3780 Liber
2147 3726 2504 3796 gratissimus
2534 3726 2685 3779 Petri
2715 3727 3000 3781 Damiani.

1890 3816 1932 3883 Γ
1962 3806 2248 3885 Expositio
2269 3831 2438 3886 super
2469 3815 2816 3885 psalterium.

1892 3905 1932 3957 Γ
1960 3903 2248 3975 Expositio
2282 3904 2540 3973 Origenis
2569 3921 2737 3974 super
2758 3906 2996 3960 Lucam.

1890 3992 1931 4045 Γ
1958 3982 2174 4062 Regula
2220 3993 2428 4054 Basilii,
2478 3999 2535 4047 et
2573 3994 2769 4063 regula
2807 3994 3139 4049 Columbaui
3168 3994 3407 4050 abbatis.

1816 4079 2029 4133 Monita
2055 4080 2303 4133 Porcarii
2331 4080 2567 4134 abbatis.
2601 4082 2816 4151 Regula
2862 4082 3180 4152 Augustini,
3216 4083 3413 4153 regula

1818 4167 1979 4221 Pauli
2005 4174 2063 4221 et
2092 4168 2380 4238 Stephani.
2425 4170 2727 4236 Augustini
2774 4169 2854 4224 De
2900 4186 3069 4240 Opere
3116 4171 3414 4224 monacho-
3458 4219 3466 4226 .

1817 4274 1964 4311 rum.
2000 4258 2194 4311 Sermo
2235 4259 2538 4327 Augustini
2576 4260 2643 4313 ad
2686 4260 3011 4314 monachos.
3049 4259 3302 4313 Pinulius
3332 4260 3415 4314 De

146 4342 280 4396 ﬁdei
304 4357 342 4396 1.
373 4332 636 4415 Ejusdem
683 4347 763 4402 De
802 4348 1045 4419 Spiritus
1082 4350 1260 4403 sancti
1284 4350 1541 4423 potentia
1568 4349 1665 4403 lib.
1695 4363 1733 4402 1.
1819 4347 2172 4401 institutione
2201 4347 2459 4400 monachi
2488 4348 2680 4402 decem
2712 4349 2986 4403 homeliae.
3018 4349 3274 4403 Homelia
3304 4350 3415 4403 Au-

147 4430 415 4503 Ejusdem
434 4435 514 4488 De
533 4422 765 4489 diversis
793 4438 1264 4507 appellationibus
1288 4438 1527 4493 Domino
1550 4443 1743 4492 nostro
1759 4422 2038 4507 ΠερεῐὶΗί
2086 4436 2172 4491 De
2230 4437 2622 4507 persecutione
2673 4438 3139 4494 Christianorum.
3199 4437 3416 4491 Hildel-

145 4522 175 4575 Ι
181 4524 283 4576 esu
314 4514 535 4577 Christo
556 4520 1032 4581 convenientibus.

222 4602 268 4664 Γ
290 4604 578 4666 Ambrosii
608 4608 688 4667 De
715 4614 910 4668 ofﬁciis
959 4614 1056 4669 lib.
1104 4630 1184 4670 111.
1239 4616 1491 4686 Epistola
1520 4617 1643 4688 ejus
1671 4617 1740 4670 ad

146 4698 454 4783 Ecclesiam
489 4692 898 4757 Vercellensem
930 4718 968 4757 1.
1013 4705 1279 4774 Ejusdem
1306 4707 1385 4760 De
1411 4706 1743 4783 poenitentia

145 4804 191 4843 11
204 4776 368 4871 libri.
390 4778 651 4860 Ejusdem
675 4792 753 4845 De
781 4793 974 4847 fratris
993 4810 1220 4871 excessu
1263 4794 1360 4851 lib.
1388 4776 1424 4849 1.
1462 4776 1546 4851 De
1575 4794 1743 4851 rebus

143 4869 408 4955 gestis'in
432 4878 681 4936 Ecclesia
707 4881 1111 4939 Mediolanensi
1132 4872 1236 4938 lib.
1259 4902 1295 4938 1.

206 4952 559 5053 TEjusdem
591 4970 672 5025 De
701 4972 983 5042 paradiso.
1192 5046 1197 5053 ο
1446 5036 1471 5051 μ
1614 5034 1619 5039 .

218 5074 252 5111 τ
266 5050 610 5130 Ὀεῐειιοειιω
624 5061 750 5133 (sic)
764 5064 1087 5117 sancto’rum
1109 5080 1145 5117 1.
1174 5050 1423 5118 Historia
1437 5050 1742 5118 illustrium

144 5143 397 5200 virorum
428 5161 467 5200 1.
484 5210 487 5215 ξ

218 5253 252 5290 Τ
271 5228 462 5313 Super
484 5226 812 5293 Matthzeum
843 5226 1075 5295 Ioannis
1102 5241 1510 5313 Chrysostomi.

495 5324 764 5383 Homelise
814 5330 1067 5409 ejusdem
1127 5332 1207 5385 De
1261 5330 1499 5384 diversis
1559 5329 1742 5384 causis

143 5410 368 5471 Veteris
398 5423 455 5471 et
483 5408 622 5472 Novi
651 5404 1121 5476 Testameriti.'De
1148 5421 1503 5492 reparatione
1532 5420 1675 5491 lapsi
1702 5438 1740 5474 1.

144 5505 228 5562 De
256 5496 687 5587 cqinpunctione
704 5495 757 5564 .1.

210 5576 581 5670 'P'E'xpos‘itio
622 5578 907 5656 Ambrosii
926 5617 1103 5673 super
1147 5600 1425 5673 Epistolas
1466 5599 1629 5657 Pauli
1674 5601 1747 5656 ad

1826 4527 2074 4596 phonsus
2102 4526 2182 4579 De
2210 4520 2501 4589 Trinitate,
2534 4525 2615 4579 De
2643 4526 2967 4592 hteresibus,
2989 4532 3049 4582 et
3068 4526 3295 4597 quidam
3320 4525 3417 4580 alii

1824 4615 1951 4669 libri
1978 4606 2037 4669 in
2062 4616 2167 4669 hoc
2190 4615 2493 4670 volumine.

1897 4706 1939 4759 I‘
1968 4704 2265 4776 Augustini
2291 4720 2460 4774 super
2487 4704 2763 4775 Epistolas
2796 4706 2981 4760 Pauli.

1897 4794 1940 4847 Γ
1977 4792 2244 4864 Epistolae
2271 4788 2495 4846 Senecae
2527 4793 2598 4845 ad
2622 4794 2919 4848 Lucilium.

1898 4884 1940 4937 Γ
1972 4882 2235 4951 Ejusdem
2263 4883 2343 4936 De
2371 4881 2571 4936 dandis
2622 4888 2684 4935 et
2734 4883 3082 4953 accipiendis
3139 4884 3419 4939 beneﬁciis

1827 4989 1920 5026 vn.
1954 4971 2118 5026 Liber
2138 4971 2387 5041 ejusdem
2415 4971 2487 5024 ad
2508 4972 2788 5025 Neronem
2817 4972 2885 5025 de
2911 4974 3211 5028 clementia
3235 4973 3331 5028 lib.
3356 4988 3416 5038 II,

1828 5067 1885 5116 et
1911 5076 1995 5116 111.
2027 5060 2137 5116 Alii
2166 5061 2332 5115 utiles
2362 5059 2490 5113 libri
2528 5059 2584 5113 in
2611 5060 2807 5114 eodem
2830 5061 3132 5118 volumine.

1899 5165 1933 5205 Τ
1972 5150 2236 5221 Ejusdem
2267 5149 2693 5220 tragoediarum.

1899 5242 1942 5295 Γ
1973 5240 2209 5294 Cronica
2243 5256 2411 5311 quam
2442 5238 2655 5308 Regino
2686 5238 3033 5292 Prumiensis
3059 5238 3232 5295 abbas
3263 5259 3415 5296 com-

1825 5331 2030 5406 posuit.
2063 5330 2226 5384 Liber
2252 5329 2577 5400 pontiﬁcum
2603 5329 3004 5382 Romanorum.

1899 5421 1941 5474 Γ
1971 5419 2253 5474 Paschasii
2279 5419 2359 5473 De
2372 5434 2604 5488 corpore
2621 5423 2676 5471 et
2707 5417 2981 5487 sanguine
3003 5418 3249 5472 Domini.
3283 5419 3413 5474 Um-

1827 5509 1970 5583 berti
2009 5509 2253 5580 episcopi
2291 5510 2370 5563 De
2395 5524 2625 5579 corpore
2650 5512 2707 5562 et
2735 5508 3010 5576 sanguine
3028 5508 3272 5562 Domini.

1899 5600 1943 5654 Γ
1972 5599 2108 5656 Duae
2137 5597 2401 5671 Epistolas
2444 5595 2743 5671 Augustini
2767 5595 2842 5651 ad
2867 5594 3128 5653 abbatem
3176 5597 3423 5659 Valenti.
