3934 6368
436 357 567 418 1351

1506 354 1807 412 HENRIGI
1846 353 2133 411 CLERICI
2170 348 2621 408 POMPOSIANI

3579 333 3719 393 1352

432 500 590 549 num,
621 497 750 536 cum
778 480 998 534 duobus
1039 480 1403 549 sequentibus
1443 480 1604 535 libris
1644 482 1723 535 De
1768 479 1954 551 gratia
1979 482 2035 532 et
2050 477 2196 540 Λεία
2222 474 2420 545 incipit
2454 490 2470 528 :
2499 474 2567 528 In
2591 471 2724 525 aliis
2747 470 2907 524 libris
2936 469 3073 522 satis
3092 467 3291 533 opinor
3307 463 3474 551 egisse
3493 475 3614 551 nos.
3635 459 3722 514 De

434 572 610 626 libero
632 569 886 624 arbitrio.
910 569 1027 622 Hoc
1056 585 1195 639 opus
1224 570 1303 622 sic
1325 570 1545 640 incipit:
1569 549 1796 638 Propter
1823 585 1909 622 eos
1929 570 2028 636 qui
2110 563 2429 637 quantitate
2459 560 2659 615 animae
2686 557 2781 613 lib.
2818 574 2856 612 1.
2890 556 2997 611 Hic
3021 553 3164 609 liber
3191 552 3273 607 sic
3297 550 3539 640 incipit:

438 661 679 713 hominis
712 660 946 710 liberum
966 658 1293 711 arbitrium.
1316 657 1618 711 Altercatio
1646 655 1948 726 Augustini
1975 659 2032 708 et

435 747 704 802 Feliciani
732 747 811 798 Ar
854 785 866 797 .
910 784 921 797 .
970 788 983 800 .
1029 785 1040 796 .
1087 785 1097 796 .
1146 786 1158 797 .
1203 787 1214 797 .
1258 745 1515 799 LiberDe
1544 743 2034 815 praedestinatione

440 842 498 890 et
528 836 713 906 gratia
754 874 765 887 .
809 876 821 889 .
870 874 883 888 .
929 874 940 886 .
987 877 997 886 .
1044 878 1055 889 .
1098 833 1263 887 Liber
1302 833 1450 888 beati
1472 833 1773 904 Augustini
1811 834 1892 887 De
1919 832 2034 886 uti-

439 925 598 979 litate
627 923 887 978 credendi
917 923 987 976 ad
1018 923 1387 989 Honoratum,
1406 923 1496 976 hic
1516 922 1660 976 liber
1686 922 1764 975 sic
1788 921 1987 992 incipit
2016 940 2027 975 :

439 1015 504 1070 Si
524 1015 666 1067 mihi
701 1014 1010 1066 honorabit.
1058 1053 1070 1064 .
1118 1052 1129 1063 .
1176 1053 1187 1064 .
1238 1054 1251 1066 .
1292 1010 2035 1081 LiberbeatiAugustiniDe

440 1101 623 1171 gratia
648 1101 788 1154 Novi
818 1100 1166 1153 Testamenti
1189 1100 1259 1153 ad
1281 1100 1650 1154 Honoratum.
1675 1099 1785 1153 Hic
1802 1098 1944 1153 liber
1957 1098 2037 1153 sic

440 1188 635 1260 incipit
664 1202 675 1235 :
708 1189 851 1242 Mihi
880 1192 1215 1257 proposuisti
1236 1190 1657 1256 pertractandos
1696 1190 2032 1257 quastiones.

442 1276 609 1332 Alius
639 1276 732 1330 lib.
769 1277 1018 1346 ejusdem
1042 1277 1123 1330 De
1155 1282 1356 1331 natura
1379 1276 1531 1331 boni.
1565 1277 1667 1331 Hic
1685 1277 1829 1330 liber
1851 1276 1930 1330 sic
1956 1275 2040 1329 in-

443 1366 579 1436 cipit
611 1384 623 1419 :
651 1367 950 1421 Summum
981 1367 1178 1418 bonum
1215 1383 1319 1433 quo
1343 1369 1618 1434 superius.
1656 1407 1669 1418 .
1707 1405 1719 1419 .
1756 1406 1767 1418 .
1807 1405 1819 1418 .
1857 1406 1869 1417 .
1893 1363 2036 1418 Item

444 1454 695 1525 ejusdem
744 1453 826 1507 De
873 1458 997 1507 octo
1060 1453 1462 1523 quaestionibus
1505 1470 1570 1506 ex
1612 1452 1801 1507 Veteri
1841 1453 2037 1506 Testa-

444 1549 655 1599 mento.
684 1542 789 1597 Hic
824 1541 969 1596 liber
1009 1541 1089 1596 sic
1131 1542 1327 1613 incipit
1358 1563 1369 1597 :
1408 1542 1725 1597 Generalem
1757 1544 2039 1610 justitiam

445 1649 559 1687 non
601 1634 771 1685 violat
806 1670 818 1683 .
859 1673 870 1683 .
912 1671 965 1684 ..
1008 1670 1020 1683 .
1058 1672 1069 1684 .
1108 1670 1121 1685 .
1156 1631 1418 1700 Ejusdem
1461 1630 1571 1684 duo
1617 1629 1745 1683 libri
1791 1631 1871 1684 De
1905 1646 2039 1684 con-

445 1721 720 1776 solatione
749 1724 1119 1773 mortuorum.
1136 1719 1253 1773 Hoc
1269 1736 1410 1790 Opus
1426 1719 1506 1772 sic
1531 1718 1751 1789 incipit:
1772 1717 1840 1772 In
1860 1719 2039 1789 primo

2113 658 2270 708 niam
2292 653 2440 706 rideo
2463 656 2510 704 te
2529 651 2817 704 abundare
2846 650 2973 701 otio.
3004 645 3086 699 De
3112 641 3286 696 libero
3315 639 3550 695 arbitrio
3580 636 3720 692 libri

2115 758 2191 797 111.
2226 742 2344 795 Hoc
2371 756 2510 810 opus
2540 738 2619 792 sic
2637 736 2863 808 incipit:
2897 736 2996 789 Dic
3024 734 3185 794 mihi,
3217 746 3394 800 quaeso
3414 734 3480 791 te,
3514 733 3723 782 utrum

2114 832 2255 884 Deus
2294 846 2402 883 non
2427 831 2498 882 sit
2527 832 2722 881 auctor
2756 827 2915 879 mali.
2944 823 3025 878 De
3063 819 3269 875 Genesi
3297 819 3564 873 adversus
3592 816 3723 871 Ma-

2115 919 2356 973 nichaeos
2384 916 2480 972 lib.
2519 931 2575 970 11.
2622 916 2742 970 Hoc
2776 931 2917 985 opus
2955 912 3036 966 sic
3063 910 3262 981 incipit
3302 927 3315 962 :
3361 908 3423 964 Si
3451 909 3724 975 eligerent

2116 1007 2406 1062 Manicha’i
2442 1021 2574 1073 quos
2601 1005 2946 1071 decepissent.
2978 1001 3059 1054 De
3109 996 3378 1068 magistro
3406 994 3506 1049 lib.
3534 1011 3577 1049 ι.
3610 992 3724 1047 Hic

2117 1097 2259 1150 liber
2287 1095 2367 1148 sic
2390 1092 2587 1164 incipit
2620 1110 2631 1146 :
2662 1092 2807 1159 Quid
2852 1091 2953 1144 tibi
2974 1090 3230 1144 videmur
3255 1087 3462 1155 efﬁcere
3490 1098 3622 1138 cum
3643 1084 3725 1136 lo-

2119 1189 2369 1255 quimur.
2788 1194 2791 1195 '
3456 1176 3467 1180 ’
3586 1174 3593 1181 ’

2190 1275 2271 1329 De
2289 1289 2423 1328 vera
2440 1270 2708 1341 religione
2736 1267 2833 1323 lib.
2860 1285 2897 1323 1.
2930 1267 3033 1322 Hic
3049 1264 3192 1320 liber
3211 1263 3291 1318 sic
3316 1262 3514 1334 incipit
3539 1279 3551 1314 :
3575 1261 3722 1317 Cum

2119 1365 2299 1417 omnis
2319 1365 2440 1415 vita
2470 1362 2616 1415 bona;
2660 1374 2725 1412 ac
2766 1359 2928 1411 beata
2961 1359 3135 1409 uiam.
3186 1353 3268 1408 De
3302 1351 3549 1408 utilitate
3591 1366 3725 1404 cre-

2119 1451 2289 1505 dendi
2323 1448 2465 1503 liber
2490 1466 2527 1503 1.
2560 1449 2663 1502 Hic
2689 1445 2832 1501 liber
2859 1445 2938 1501 sic
2964 1442 3162 1515 incipit
3192 1457 3205 1493 :
3235 1441 3299 1498 Si
3326 1442 3489 1504 mihi,
3531 1440 3724 1494 Hono—

2121 1545 2257 1601 rate,
2292 1554 2473 1592 unum
2500 1542 2662 1606 atque
2686 1537 2831 1589 idem
2859 1535 3079 1588 videtur
3105 1547 3229 1586 esse.
3253 1530 3334 1585 De
3352 1529 3574 1584 duabus
3601 1527 3726 1582 ani-

2121 1627 2319 1683 mabus
2345 1627 2489 1681 liber
2514 1641 2553 1680 1.
2589 1625 2692 1679 Hic
2713 1623 2859 1679 liber
2886 1623 2965 1677 sic
2991 1620 3193 1692 incipit
3219 1639 3231 1674 :
3264 1619 3583 1688 Opitulante
3623 1618 3727 1671 Dei

2122 1717 2522 1772 misericordia.
2549 1714 2691 1768 Acta
2717 1716 2915 1766 contra
2938 1711 3311 1765 Fortunatum
3340 1706 3721 1762 Manichmum

445 1809 590 1863 libro
624 1827 634 1861 :
674 1809 903 1862 Prabete
931 1811 1238 1872 silentium,
1270 1809 1493 1874 fratres.
1531 1808 1690 1861 Alter
1735 1824 1865 1861 vero
1898 1798 2260 1862 liberBliber
2284 1823 2322 1861 1.
2348 1803 2613 1858 Hiclib’er
2640 1802 2719 1857 sic
2745 1800 2984 1872 incipit:
3021 1801 3297 1867 Quoniam
3322 1798 3598 1865 scriptum
3618 1799 3716 1848 est.

446 1898 527 1952 sic
549 1897 747 1968 incipit
774 1896 1099 1965 :Superiori
1126 1898 1348 1964 quidem
1380 1898 1556 1950 libello
1577 1899 2033 1964 perstrinximus.

518 1987 563 2042 I‘
589 1987 783 2041 Sermo
826 1987 1065 2055 August.
1096 1986 1176 2039 De
1205 2001 1436 2056 corpore
1484 1990 1538 2039 et
1583 1985 1791 2050 anima,
1833 1990 1891 2039 et
1930 1984 2038 2038 mi-

445 2092 572 2131 sera
641 2075 780 2143 vita;
825 2080 883 2129 et
936 2075 1017 2129 sic
1073 2074 1308 2146 incipit!
1378 2075 1420 2130 0
1481 2077 1615 2137 vita,
1685 2092 1803 2144 qua:
1860 2079 2038 2129 tantos

444 2167 588 2234 desp.
627 2206 639 2217 .
677 2206 689 2218 .
727 2204 738 2218 .
774 2205 788 2218 .
826 2205 838 2218 .
879 2203 890 2217 .
933 2165 1129 2218 Sermo
1158 2163 1337 2218 sancti
1366 2163 1598 2218 Joannis
1639 2163 2037 2218 Constantino-

444 2254 680 2326 politani
742 2254 823 2309 De
880 2253 1312 2324 compunctione
1370 2253 1586 2321 cordis;
1644 2258 1701 2306 et
1753 2253 1831 2307 sic
1893 2252 2038 2306 inci-

445 2344 547 2415 pit.
581 2390 592 2401 .
629 2384 639 2394 .
676 2384 686 2395 .
726 2388 739 2400 .
775 2383 787 2395 .
826 2385 838 2396 .
877 2388 888 2398 .
927 2385 938 2395 .
968 2342 1139 2396 Liber
1178 2342 1357 2396 sancti
1395 2341 1694 2412 Augustini
1739 2342 1811 2396 ad
1848 2341 2038 2396 Pauli-

445 2449 583 2487 num
611 2432 955 2502 episcopum,
984 2432 1066 2485 De
1094 2432 1471 2485 consolatione
1518 2436 1886 2485 mortuorum.
1935 2431 2039 2484 Hic

444 2520 591 2575 liber
614 2519 693 2573 sic
712 2518 911 2589 incipit
937 2536 950 2572 :
977 2519 1088 2572 Diu
1109 2521 1397 2572 sanctitati
1419 2524 1540 2580 tua,
1557 2520 1865 2572 venerande
1891 2520 2039 2572 Pau—

2119 1895 2199 1948 De
2229 1893 2431 1948 Genesi
2461 1892 2532 1945 ad
2560 1892 2809 1945 litteram
2827 1888 2968 1943 liber
2994 1904 3035 1951 1,
3056 1885 3434 1959 imperfectus.
3475 1882 3581 1938 Hic
3606 1882 3726 1953 igi-

2117 1989 2213 2037 tur
2239 1983 2320 2036 sic
2346 1981 2543 2053 incipit
2571 1999 2583 2035 :
2612 1982 2684 2035 De
2709 1981 2951 2034 obscuris
2993 1978 3352 2031 naturalium
3378 1989 3574 2028 rerum
3602 1986 3727 2042 qua:

2120 2074 2482 2141 omnipotenti
2506 2071 2610 2125 Deo
2629 2071 2839 2136 artiﬁce
2879 2068 3029 2135 facta
3071 2068 3357 2127 sentimus,
3403 2078 3519 2118 non
3550 2063 3726 2129 afﬁr-

2120 2162 2324 2215 mando
2349 2161 2441 2214 sed
2467 2160 2756 2228 quaerendo
2786 2157 3142 2211 tractandum
3186 2159 3283 2207 est.
3333 2153 3415 2208 De
3457 2165 3729 2207 sermone

2117 2248 2345 2304 Domini
2372 2247 2432 2303 in
2459 2252 2651 2302 monte
2675 2246 2806 2300 libri
2833 2259 2895 2300 11.
2924 2243 3044 2299 Hoc
3069 2259 3210 2315 opus
3231 2241 3313 2296 sic
3338 2239 3536 2312 incipit
3554 2257 3568 2294 :
3585 2240 3726 2297 Ser-

2120 2354 2337 2393 monem
2365 2354 2526 2407 quem
2555 2339 2766 2391 locutus
2791 2339 2870 2389 est
2893 2334 3181 2389 Dominus.

2191 2428 2466 2482 Psalmus.
2501 2472 2515 2485 .
2551 2467 2566 2481 .
2601 2469 2613 2480 .
2650 2466 2662 2479 .
2700 2464 2714 2479 .
2746 2465 2759 2479 .
2797 2464 2810 2478 .
2842 2427 3063 2496 partem
3120 2420 3323 2476 Donati
3367 2419 3466 2475 lib.
3517 2432 3557 2475 Ι.
3609 2418 3729 2475 Iste

2121 2518 2371 2587 psalmus
2401 2516 2482 2571 sic
2527 2515 2726 2586 incipit
2757 2531 2770 2567 :
2808 2514 3005 2569 Omnes
3046 2514 3149 2581 qui
3182 2511 3434 2580 gaudetis
3467 2510 3533 2563 de
3565 2524 3722 2579 pace,

451 2611 581 2662 line.
638 2608 834 2661 Sermo
896 2606 1075 2660 sancti
1116 2606 1418 2676 Augustini
1470 2606 1543 2660 ad
1589 2606 1918 2674 Martinum,
1957 2607 2039 2660 De
2120 2608 2345 2660 modum
2368 2607 2760 2674 rerijudicate,
2791 2603 2935 2671 quod
2957 2603 3009 2655 ei
3023 2601 3381 2670 hypopsatma
3395 2603 3489 2654 est.
3509 2599 3729 2654 Contra

448 2696 685 2753 muliere
721 2696 865 2749 forte
896 2694 1022 2766 (sic)
1057 2696 1188 2761 Quis
1234 2698 1509 2760 inveniet;
1560 2700 1619 2749 et
1665 2695 1745 2749 sic
1793 2695 1990 2766 incipit
2021 2713 2033 2748 :
2120 2695 2413 2767 epistolam
2435 2693 2641 2748 Donati
2677 2690 2925 2746 haeretici
2951 2689 3048 2744 lib.
3081 2703 3140 2744 11.
3169 2688 3273 2743 Hic
3302 2687 3446 2742 liber
3473 2687 3556 2743 sic
3576 2688 3725 2743 inci-

448 2787 733 2841 Prasstabit
770 2786 924 2839 nobis
963 2786 1105 2852 quod
1151 2786 1294 2837 diem
1332 2786 1504 2838 istum
1545 2787 1610 2838 it.
1646 2824 1660 2836 .
1698 2823 1711 2838 .
1747 2825 1760 2839 .
1801 2824 1813 2838 .
1850 2826 1863 2839 .
1896 2785 2040 2838 Item
2127 2784 2358 2856 pitzAbs
2387 2788 2433 2837 te
2464 2785 2579 2851 ipso
2602 2785 2865 2850 praesente
2883 2777 3414 2834 audieram.C-ontra
3445 2775 3728 2830 Adiman-

451 2891 637 2929 sermo
658 2873 836 2927 sancti
858 2872 1160 2943 Augustini
1190 2872 1250 2926 in
1279 2873 1631 2928 dedicatione
1662 2873 1917 2928 Ecclesiae
1940 2892 1953 2941 ;
1987 2878 2045 2927 et
2125 2879 2245 2928 tum
2263 2871 2558 2927 Manichaei
2576 2869 2911 2940 discipulum
2934 2866 3029 2922 lib.
3050 2881 3090 2921 1.
3108 2865 3211 2921 Hic
3234 2865 3377 2920 liber
3391 2864 3470 2919 sic
3482 2864 3722 2937 incipit:

452 2964 530 3018 sic
555 2963 755 3034 incipit
786 2981 797 3015 :
845 2963 1136 3018 Celebritas
1187 2964 1354 3030 hujus
1404 2965 1861 3030 congregationis.
1900 2963 2043 3017 Item
2124 2964 2198 3016 De
2227 2978 2284 3016 eo
2312 2962 2456 3030 quod
2474 2962 2745 3028 scriptum
2772 2963 2868 3012 est.
2906 2960 2974 3013 In
2995 2958 3276 3025 principio
3304 2956 3447 3010 Deus
3475 2955 3607 3022 fecit
3631 2969 3731 3008 οω-

450 3052 593 3107 alius
622 3051 692 3105 de
722 3051 918 3105 eadem
961 3067 1041 3117 re,
1086 3056 1144 3105 et
1189 3051 1271 3105 sic
1312 3051 1509 3122 incipit
1555 3066 1565 3098 ε
1604 3054 1879 3106 Admoneo
1929 3068 2038 3115 vos,
2070 3117 2102 3122 _
2128 3053 2246 3105 tum
2263 3054 2314 3104 et
2344 3054 2570 3103 terram.
2605 3048 2683 3102 Ex
2713 3046 2961 3118 Epistola
2988 3042 3361 3117 quarumdam
3389 3042 3730 3116 propositio-

449 3143 652 3209 fratres
680 3142 1044 3195 dilectissimi.
1072 3139 1317 3193 Libellus
1345 3117 1698 3210 De-quatuor
1722 3139 2040 3207 virtutibus,
2060 3117 2104 3177 Ο
2126 3155 2284 3193 num.
2316 3138 2394 3192 Ex
2426 3137 2676 3208 Epistola
2702 3117 2863 3190 Pauli
2883 3134 2954 3188 ad
2974 3134 3256 3189 Romanos
3272 3132 3369 3187 lib.
3393 3149 3436 3188 1.
3463 3131 3563 3186 Hic
3580 3129 3730 3186 liber

449 3230 769 3301 prudentia,
801 3227 1149 3294 fortitudine,
1191 3229 1582 3300 temperantia,
1618 3234 1675 3283 et
1697 3229 1939 3299 justitia,
1989 3233 2047 3283 et
2127 3227 2207 3281 sic
2236 3226 2435 3297 incipit
2466 3243 2478 3277 :
2506 3226 2710 3282 Sensus
2735 3226 2796 3279 hi
2821 3229 2953 3279 sunt
2982 3226 3046 3278 in
3068 3225 3311 3292 Epistola
3334 3224 3408 3278 ad
3449 3224 3728 3278 Romanos

449 3318 804 3389 particularis
832 3316 1075 3371 formula
1102 3317 1350 3371 honestae
1382 3317 1507 3371 vitae
1536 3317 1688 3371 edita
1709 3318 1834 3387 (sic)
1858 3334 1892 3371 a
1912 3333 2045 3388 quo-
2125 3317 2294 3369 Pauli
2318 3317 2564 3383 apostoli.
2589 3313 2871 3385 Expositio
2903 3311 3164 3383 Epistolze
3197 3311 3269 3366 ad
3292 3311 3524 3366 Galatas
3552 3310 3652 3365 lib.
3683 3328 3726 3365 1.

452 3408 582 3460 dam
610 3404 896 3476 ‘Martyrio
929 3405 1189 3475 episcopo
1228 3405 1299 3459 ad
1346 3406 1609 3460 Mitonem
1655 3405 1781 3476 (sic)
1828 3423 2040 3476 regem.
2128 3405 2231 3458 Hic
2277 3403 2419 3458 liber
2458 3402 2537 3457 sic
2577 3402 2814 3472 incipit:
2851 3402 3027 3457 Causa
3060 3408 3286 3469 propter
3324 3416 3497 3469 quam
3533 3402 3731 3455 scribit

452 3495 556 3549 Hic
585 3493 729 3548 liber
758 3494 836 3547 sic
865 3492 1060 3563 incipit
1089 3512 1100 3546 :
1135 3494 1536 3549 Gloriosissimo
1582 3511 1647 3548 ac
1690 3498 2044 3563 tranquillis-

451 3588 610 3639 simo.
638 3583 887 3652 Epistola
919 3581 1139 3636 Paulini
1167 3588 1222 3636 et
1242 3582 1523 3637 Therasiae
1547 3584 1618 3637 ad
1641 3584 2039 3654 Augustinum,

453 3689 576 3743 quae
601 3671 683 3725 sic
719 3670 910 3741 incipit
943 3689 953 3725 :
984 3672 1215 3725 Domino
1243 3673 1418 3739 fratri
1448 3675 1720 3726 unanimo
1750 3678 1798 3726 et
1827 3689 2048 3726 venera-

453 3761 554 3814 bili
575 3762 713 3828 Aug.
749 3761 889 3814 Item
911 3760 1076 3828 epist.
1102 3761 1156 3813 S.
1184 3760 1484 3830 Augustini
1505 3761 1576 3814 ad
1597 3760 1893 3814 Paulinum
1925 3776 2047 3831 quae

454 3848 534 3903 sic
562 3849 793 3920 incipit:
823 3851 1056 3903 Domino
1098 3865 1219 3902 rere
1250 3854 1437 3903 sancto
1476 3854 1524 3901 et
1554 3851 1872 3904 venerabili.
1915 3849 2047 3921 Epi-

452 3939 597 3993 stola
642 3940 878 4009 August.
912 3937 983 3991 ad
1015 3938 1344 4007 Maximum,
1394 3954 1516 4008 quae
1551 3937 1629 3992 sic
1667 3937 1864 4009 incipit
1896 3957 1907 3992 :
1940 3940 2048 3993 Do-

2124 3495 2407 3561 Apostotus
2426 3493 2499 3546 ad
2520 3492 2760 3557 Galatas,
2793 3491 2900 3544 hac
2919 3495 3015 3543 est.
3046 3488 3312 3560 Epistola:
3330 3489 3403 3543 ad
3433 3489 3731 3544 Romanos

2126 3581 2389 3635 inchoata
2419 3579 2690 3650 expositio
2710 3578 2854 3633 liber
2886 3593 2926 3633 1.
2961 3578 3065 3632 Hic
3092 3576 3236 3632 liber
3264 3577 3345 3631 sic
3383 3577 3585 3649 incipit
3612 3595 3625 3631 :
3657 3579 3732 3632 In

2127 3671 2368 3739 Epistola
2381 3685 2551 3739 quam
2568 3670 2778 3723 Paulus
2789 3669 3060 3737 apostolus
3088 3669 3308 3736 scripsit
3335 3667 3409 3720 ad
3434 3668 3728 3723 Romanos.

2127 3760 2208 3813 De
2227 3759 2459 3813 diversis
2487 3757 2885 3829 quaestionibus
2908 3755 3192 3827 octoginta
3241 3755 3422 3811 tribus
3441 3754 3539 3811 lib.
3561 3769 3599 3810 1.
3624 3755 3734 3811 Hic

2128 3847 2273 3902 liber
2284 3848 2364 3902 sic
2384 3847 2585 3918 incipit
2610 3866 2621 3900 :
2644 3847 2840 3902 Utrum
2861 3848 3057 3901 anima
3077 3861 3112 3899 a
3131 3861 3183 3900 se
3210 3848 3327 3913 ipsa
3350 3848 3442 3899 sit.
3465 3846 3631 3913 Item,
3650 3846 3731 3901 De

2129 3937 2420 3992 mendacio
2449 3936 2673 4007 scripsit
2705 3927 2911 3991 librum
2942 3951 3140 3991 unum.
3173 3934 3276 3989 Hic
3302 3933 3445 3989 liber
3471 3933 3555 3989 sic
3583 3933 3731 3990 inci-

451 4031 604 4081 mino
629 4029 981 4081 dilectissimo
1009 4031 1059 4080 et
1088 4028 1404 4081 honorabili
1418 4028 1597 4094 fratri
1617 4029 1922 4081 Maximino
1938 4028 2049 4081 Au-
2130 4028 2215 4098 pit
2247 4046 2259 4081 :
2291 4028 2494 4094 Magna
2523 4027 2743 4094 quastio
2772 4030 2846 4079 est
2875 4026 2938 4078 de
2959 4026 3260 4079 mendacio.
3283 4023 3492 4078 Contra
3520 4023 3731 4096 episto-

450 4118 728 4186 gustinus.
772 4114 1029 4186 Gregorii
1060 4131 1217 4185 papae
1260 4114 1497 4184 epistola
1536 4115 1852 4169 Secundino
1890 4131 2048 4169 servo
2129 4118 2244 4171 lam
2273 4114 2581 4180 Manichaei,
2616 4130 2785 4185 quam
2811 4118 3011 4168 vocant
3052 4113 3480 4168 fundamentum
3508 4111 3656 4168 liber
3682 4131 3721 4169 1.

452 4205 555 4260 Dei
585 4205 818 4270 incluso,
837 4221 959 4274 quae
980 4203 1058 4257 sic
1086 4203 1657 4274 incipit:D~ilectionis
1687 4209 1790 4257 tua
1814 4207 2045 4260 litteras.
2129 4205 2233 4260 Hic
2275 4204 2417 4259 liber
2460 4204 2539 4258 sic
2575 4203 2774 4274 incipit
2813 4220 2824 4256 :
2863 4203 3045 4257 Unum
3102 4203 3331 4257 Verbum
3386 4203 3583 4257 Deum.
3638 4202 3728 4259 De

457 4294 703 4365 Epistola
742 4294 922 4347 sancti
971 4291 1173 4346 Isidori
1207 4292 1449 4363 episcopi
1492 4292 1559 4346 ad
1604 4293 1915 4347 Mastonem
1942 4290 2044 4364 [al.
2129 4312 2309 4367 agone
2337 4293 2658 4349 Christiano
2684 4293 2827 4346 liber
2852 4309 2889 4347 1.
2922 4292 3027 4346 Hic
3064 4291 3209 4347 liber
3240 4292 3320 4346 sic
3346 4291 3544 4364 incipit
3577 4310 3589 4344 :
3624 4293 3727 4348 Go-

453 4384 788 4446 Massonem,
819 4383 1160 4446 Massanum,
1207 4383 1550 4453 Masscnum]
1593 4383 1933 4453 episcopum,
1965 4383 2270 4453 Denrona
2305 4387 2562 4438 victorias.
2594 4382 2958 4452 Dezdoctrina
2997 4381 3317 4436 Christiana
3351 4381 3448 4436 lib.
3489 4396 3565 4436 1v.
3606 4382 3730 4437 Hoc

454 4473 745 4529 sacerdote
775 4434 935 4544 lapso
975 4489 1077 4543 per
1120 4434 1508 4543 paenitentiam
1531 4434 1715 4542 Jposse
1752 4434 2111 4543 resurgereD
2132 4488 2271 4544 Opus
2299 4471 2379 4526 sic
2405 4470 2603 4541 incipit
2647 4434 3732 4539 iprwceptaquav'daijontra

453 4559 515 4616 in
542 4560 854 4632 gratiarum
899 4565 1109 4615 statum
1154 4561 1484 4632 pristinum;
1527 4561 1644 4615 hac
1690 4562 1773 4615 ita
1809 4562 2006 4633 incipit
2035 4581 2047 4617 :
2132 4566 2351 4634 partem
2378 4560 2585 4615 Donati
2632 4558 2762 4613 libri
2790 4573 2854 4613 11.
2882 4558 3002 4613 Hoc
3029 4575 3169 4630 opus
3194 4558 3275 4613 sic
3302 4557 3499 4629 incipit
3532 4570 3543 4605 ε
3580 4560 3731 4627 Quo-

464 4653 712 4705 Veniente
739 4653 812 4704 ad
840 4667 936 4705 nos
957 4652 1172 4718 famulo
1200 4656 1392 4705 vestro.
1424 4649 1594 4704 Liber
1616 4649 2050 4707 Retractationis
2133 4654 2297 4706 nium
2315 4653 2626 4722 (Donatista
2652 4650 2825 4704 nobis.
2858 4648 3282 4703 Confessionum
3313 4647 3410 4702 lib.
3442 4661 3569 4703 x111.
3610 4649 3734 4704 Hoc

451 4740 727 4795 librorum
754 4739 904 4811 Aug.
937 4739 997 4793 in
1019 4738 1220 4810 quibus
1237 4740 1334 4809 qui
1361 4739 1490 4793 libri
1521 4744 1577 4792 et
1606 4740 1851 4810 epistolae
1877 4741 2050 4795 conti-
2133 4757 2271 4812 opus
2299 4740 2380 4794 sic
2407 4738 2606 4811 incipit
2633 4752 2644 4786 ε
2672 4740 2907 4807 Magnus
2936 4754 3007 4800 es,
3040 4738 3286 4792 Domine.
3326 4736 3537 4792 Contra
3577 4738 3732 4793 Fau-

452 4834 699 4886 neantur
728 4827 875 4883 infra
907 4827 1234 4883 scribemus.
1269 4828 1478 4882 Contra
1515 4829 1879 4885 Academicos
1900 4835 1956 4885 et
1974 4831 2044 4885 de
2126 4835 2278 4885 stum
2298 4828 2671 4884 Manicheum
2698 4828 2829 4883 libri
2851 4840 3039 4883 xxxm.
3070 4827 3188 4882 Hoc
3218 4842 3358 4898 opus
3379 4825 3458 4880 sic
3481 4826 3683 4899 incipit
3713 4847 3729 4897 ;

452 4917 802 4974 Academicis
829 4917 1074 4988 primum
1113 4915 1310 4986 scripsi
1337 4915 1530 4970 libros.
1555 4918 1671 4971 Hoc
1697 4924 1887 4973 autem
1906 4936 2046 4991 opus
2127 4922 2360 4973 Faustus
2384 4920 2615 4987 quidam
2639 4920 2772 4986 fuit.
2804 4918 3014 4974 Contra
3057 4916 3305 4971 Felicem
3347 4914 3728 4973 Manichaeum

455 5008 535 5063 sic
591 5006 791 5077 incipit
842 5024 854 5059 :
906 5007 947 5060 0
1001 5008 1242 5069 utinam,
1302 5006 1557 5067 Romane,
1617 5007 1894 5063 hominem
1941 5010 2051 5063 sibi
2129 5008 2259 5063 libri
2299 5022 2357 5065 11.
2397 5008 2516 5063 Hoc
2544 5024 2683 5079 opus
2726 5007 2807 5063 sic
2850 5007 3096 5080 incipit:
3151 5006 3295 5074 Opus
3344 5009 3602 5060 nostrum
3650 5009 3735 5061 ita

455 5101 649 5163 aptum
675 5100 693 5147 Ι
720 5094 802 5148 De
830 5092 996 5147 beata
1026 5093 1141 5147 vita
1166 5093 1310 5148 liber
1334 5111 1501 5150 unus.
1533 5096 1638 5151 Hic
1663 5098 1807 5152 liber
1843 5097 1923 5153 sic
1959 5098 2047 5152 in-
2129 5101 2400 5167 scriptum
2420 5102 2513 5152 est.
2543 5096 2949 5152 Annotationes
2965 5095 3024 5151 in
3043 5094 3147 5151 Job
3161 5093 3260 5150 lib.
3283 5109 3324 5149 1.
3353 5094 3457 5149 Hic
3482 5093 3629 5150 liber
3654 5095 3737 5150 sic

454 5185 591 5256 cipit
631 5203 643 5237 :
674 5184 741 5240 Si
767 5185 841 5237 ad
860 5183 1216 5252 philosophiae
1241 5190 1489 5251 portum.
1522 5186 1602 5240 De
1628 5187 1823 5242 ordine
1854 5187 1951 5243 lib.
1983 5202 2046 5243 11.
2129 5187 2331 5258 incipit
2361 5205 2372 5240 :
2407 5187 2581 5255 Opera
2607 5203 2814 5255 magna
2842 5190 3024 5240 erant.
3056 5185 3134 5240 De
3161 5183 3612 5240 cathechizandis
3633 5202 3737 5241 ru-

454 5276 575 5329 Hoc
604 5290 744 5344 opus
784 5272 865 5326 sic
903 5272 1102 5343 incipit
1132 5291 1144 5325 :
1173 5274 1247 5327 De
1277 5274 1469 5328 ordine
1497 5290 1691 5329 rerum
1719 5278 1938 5331 Zenobi.
1971 5277 2051 5331 De

455 5363 766 5433 soliloquiis
784 5360 881 5428 lib,
906 5376 964 5415 11.
998 5362 1116 5415 Hoc
1143 5378 1283 5432 opus
1311 5362 1388 5423 sic
1411 5363 1791 5435 incipit:Vol.
1830 5406 1841 5417 .
1883 5405 1894 5417 .
1932 5405 1945 5420 .
1982 5405 1994 5417 .
2035 5406 2047 5419 .

454 5454 536 5508 De
560 5452 984 5506 immortalitate
1014 5451 1156 5505 liber
1187 5468 1225 5506 1.
1257 5450 1366 5506 Hic
1393 5453 1536 5506 liber
1580 5453 1659 5506 sic
1705 5452 1901 5523 incipit
1938 5466 1949 5500 ε
1990 5454 2052 5509 Si

455 5543 665 5595 alicubi
692 5546 768 5594 est
796 5543 1109 5610 disciplina.
1134 5542 1214 5595 De
1234 5542 1484 5596 moribus
1514 5541 1772 5596 Ecclesiae
1815 5542 2051 5597 catholi-

459 5645 557 5699 cae,
592 5635 652 5685 et
668 5630 750 5685 De
778 5629 1028 5684 moribus
1056 5629 1495 5705 Manichaeorum
1521 5631 1651 5687 libri
1677 5645 1741 5689 11.
1772 5632 1890 5688 Hoc
1912 5649 2051 5706 opus

2132 5275 2295 5330 dibus
2320 5275 2416 5329 lib.
2457 5288 2495 5343 1,
2522 5275 2627 5330 Hic
2651 5275 2796 5330 liber
2831 5274 2911 5329 sic
2937 5273 3152 5346 incipit.
3193 5314 3206 5328 .
3245 5315 3258 5328 .
3296 5313 3309 5326 .
3344 5313 3357 5327 .
3394 5313 3408 5327 .
3434 5273 3518 5328 De
3544 5273 3737 5331 Trini-

2133 5369 2249 5419 tate
2280 5364 2376 5419 lib.
2409 5378 2497 5419 xv.
2533 5365 2652 5420 Hoc
2675 5381 2815 5436 opus
2846 5369 3078 5436 excepta
3123 5362 3382 5435 epistola,
3413 5379 3537 5433 quae
3575 5368 3735 5435 post-

2133 5454 2363 5509 modum
2406 5454 2477 5509 ad
2518 5455 2639 5525 ejus
2680 5460 2850 5526 caput
2904 5454 3170 5524 adjuncta
3215 5460 3322 5517 est,
3359 5452 3439 5507 sic
3484 5453 3726 5525 incipit:

2133 5547 2378 5599 Lecturis
2399 5545 2507 5599 haec
2535 5561 2654 5613 quae
2699 5545 2762 5598 de
2813 5545 3102 5599 Trinitate.
3146 5542 3228 5599 De
3267 5559 3542 5599 consensu
3566 5559 3732 5598 evan-

2131 5633 2463 5706 gelistarum
2508 5632 2638 5692 libri
2685 5647 2770 5696 Iv.
2821 5631 2941 5689 Hoc
2984 5649 3126 5706 opus
3152 5633 3235 5690 sic
3272 5632 3472 5707 incipit
3502 5651 3515 5689 :
3547 5634 3728 5689 Multa
