3934 6354
169 325 309 390 1353

1385 338 1610 395 EPIST.
1652 339 1750 394 AD
1791 340 2232 398 STEPHANUM

3295 357 3434 416 1354

161 457 388 523 quidem
433 460 578 512 alias
633 459 892 513 adversus
945 461 1274 514 Donatistas.
1335 461 1418 515 De
1475 460 1756 533 baptismo
1773 465 1826 525 Α
1835 463 2226 536 presbyterum
2260 473 2458 522 contra
2498 469 2954 528 Priscillianistas
2981 482 3040 530 et
3065 477 3431 549 Origcnistas,

158 542 290 598 libri
328 559 426 599 vn.
470 546 589 600 Hoc
623 563 764 618 opus
802 547 882 602 sic
907 547 1106 620 incipit
1135 560 1146 595 ε
1181 549 1248 603 In
1277 551 1354 603 eis
1385 551 1476 604 lib.
1509 567 1642 620 quos
1665 553 1762 606 ad-

157 649 348 688 versus
386 637 676 703 epistolam
704 636 1096 692 Parmeniani.
1131 639 1340 692 Contra
1377 639 1527 710 quod
1569 639 1760 694 attulit

157 723 464 777 Centurius
485 740 517 778 a
537 724 845 780 Donatistis
860 725 990 780 libri
1013 741 1097 780 nr.
1123 727 1240 781 Hoc
1269 744 1408 798 opus
1428 727 1506 782 sic
1526 728 1752 800 incipit:

153 812 308 866 Dicis
344 829 402 866 eo
431 814 575 882 quod
609 817 880 882 scriptum
909 820 984 868 est
1012 817 1076 868 in
1104 816 1394 871 Salomone
1427 836 1442 870 :
1487 819 1566 871 Ab
1609 834 1756 887 aqua

152 902 348 954 aliena
375 903 588 956 abstine
619 906 687 956 te.
709 903 794 957 Ad
823 903 1215 974 inquisitiones
1242 905 1497 960 Januarii
1528 905 1656 960 libri
1689 921 1752 960 II.

153 989 276 1044 Hoc
316 1006 458 1061 opus
485 989 566 1044 sic
592 990 784 1062 incipit
819 1011 832 1046 :
867 995 949 1046 Ad
994 1009 1057 1046 ea
1103 1011 1222 1060 qua:
1259 1011 1344 1047 me
1373 997 1753 1062 interrogasti.

151 1077 236 1132 De
261 1094 432 1148 opere
460 1079 860 1134 monachorum
891 1080 986 1135 lib.
1021 1096 1061 1134 Ι.
1097 1081 1200 1136 Hic
1227 1081 1372 1136 liber
1397 1082 1476 1137 sic
1507 1083 1707 1154 incipit
1739 1101 1750 1136 :

148 1167 407 1221 Jussioni
435 1172 541 1222 tua
567 1173 784 1231 sanctae,
812 1171 995 1236 frater
1021 1172 1235 1224 Aureli.
1269 1171 1350 1224 De
1381 1171 1524 1226 bono
1557 1173 1755 1242 conju-

147 1255 271 1326 gali
301 1255 443 1310 liber
468 1271 508 1310 ι.
541 1257 660 1311 Hoc
701 1273 841 1330 Opus
873 1257 953 1312 sic
997 1257 1195 1330 incipit
1221 1275 1233 1314 :
1269 1261 1544 1326 Quoniam
1575 1277 1754 1315 unus-

149 1347 387 1413 quisque
409 1347 568 1400 homo
590 1347 835 1401 humano
853 1351 1044 1415 generi
1058 1363 1169 1416 par
1189 1354 1283 1402 est.
1314 1350 1395 1403 De
1419 1355 1614 1404 sancta
1632 1349 1754 1404 Vir-

145 1431 413 1504 ginitate,
435 1433 531 1489 lib.
566 1452 600 1489 ι.
627 1435 743 1490 Hoc
768 1452 908 1507 opus
934 1437 1014 1490 sic
1043 1436 1278 1508 incipit:
1309 1439 1382 1492 De
1403 1439 1538 1492 bono
1564 1443 1754 1508 conju-

145 1526 272 1589 gati
303 1539 482 1592 nuper
508 1525 782 1578 edidimus
809 1526 1038 1579 librum.
1062 1526 1144 1580 De
1169 1525 1375 1580 Genesi
1400 1525 1470 1580 ad
1501 1527 1752 1582 litteram

145 1610 285 1665 libri
311 1626 407 1666 χιι.
441 1612 558 1666 Hoc
582 1629 720 1684 opus
747 1613 828 1668 sic
855 1613 1053 1684 incipit
1083 1633 1095 1668 :
1135 1615 1328 1670 Omnis
1353 1617 1548 1670 divina
1566 1616 1750 1684 Scrip-

1840 551 1986 608 liber
2011 571 2050 607 1.
2083 553 2188 608 Hic
2233 553 2376 610 liber
2411 556 2493 610 sic
2535 557 2774 630 incipit:
2815 563 3104 631 Respondit
3145 573 3428 635 querenti,

1840 645 2191 697 dilectissime
2202 645 2306 710 ﬁli.
2323 645 2504 700 Orosii
2520 647 2590 700 ad
2603 647 3007 720 Hieronymum
3022 653 3432 726 presbyterum,

1838 730 1965 784 libri
1995 745 2066 795 II;
2101 747 2246 785 unus
2276 731 2346 786 de
2377 733 2608 804 Origine
2645 736 2868 804 animae,
2911 744 2970 793 et
2994 739 3140 794 alius
3180 742 3261 797 De
3307 761 3436 800 sen-

1838 819 2019 874 tentia
2055 818 2265 874 Jacobi.
2293 822 2408 876 Hoc
2437 839 2576 893 opus
2601 825 2682 879 sic
2706 825 2904 897 incipit
2935 845 2946 880 :
2978 829 3154 884 Deum
3183 837 3438 888 nostrum

1839 911 1940 978 qui
1967 924 2064 961 nos
2095 911 2419 964 vocavit.Ad
2443 911 2750 968 Emeritum
2772 915 3092 987 episcopum
3119 919 3438 974 Donatista-

1838 1012 1962 1050 rum
1995 1001 2122 1067 post
2149 997 2526 1070 collationem,
2559 993 2758 1058 liberi.
2789 1005 2892 1058 Hic
2917 1004 3060 1060 liber
3087 1007 3169 1060 sic
3191 1007 3392 1079 incipit
3419 1026 3430 1061 :

1837 1084 1904 1140 Si
1929 1101 2100 1151 nunc,
2123 1087 2211 1152 ﬁli
2233 1086 2491 1142 Emerite.
2521 1090 2602 1144 De
2627 1091 2806 1160 gestis
2831 1093 3118 1164 Pelagian.
3147 1095 3308 1152 liber.
3333 1096 3437 1152 Hic

1837 1171 1981 1225 liber
2021 1172 2102 1225 sic
2137 1172 2338 1244 incipit
2367 1193 2378 1228 :
2421 1177 2607 1231 Postea
2637 1195 2804 1246 quam
2842 1183 2906 1235 in
2941 1197 3146 1236 manus
3192 1189 3434 1240 nostras.

1836 1259 1918 1314 De
1947 1261 2293 1316 correctione
2321 1263 2766 1332 Donatistarum,
2797 1267 2944 1322 liber
2967 1283 3008 1322 Ι.
3056 1270 3161 1325 Hic
3187 1271 3329 1326 liber
3354 1273 3435 1328 sic

1837 1347 2036 1418 incipit
2059 1367 2070 1401 :
2105 1352 2310 1416 Laudo,
2337 1356 2386 1404 et
2411 1357 2668 1419 gratulor
2695 1361 2744 1408 el
2773 1359 3046 1410 admiror.
3078 1358 3159 1414 De
3186 1377 3433 1432 presen-

1832 1437 1915 1491 tia
1941 1437 2063 1502 Dei,
2087 1438 2158 1492 ad
2187 1439 2532 1507 Dardanum,
2557 1441 2701 1496 liber
2728 1457 2764 1496 Ι.
2793 1444 2896 1498 Hic
2923 1444 3066 1500 liber
3090 1447 3169 1502 sic
3195 1449 3428 1522 incipit:

1837 1526 2046 1590 Frater,
2071 1528 2253 1593 frater
2279 1529 2628 1584 dilectissime
2651 1533 2931 1588 Dardane.

1905 1613 2113 1668 Contra
2128 1614 2419 1686 Pelagium
2447 1622 2505 1670 et
2529 1618 2873 1684 Coelestium,
2898 1622 2980 1676 De
2996 1625 3183 1694 gratia
3203 1625 3430 1695 Christi,

148 1703 306 1754 tura.
331 1701 541 1756 Contra
566 1701 783 1757 litteras
810 1703 1069 1757 Petiliani
1111 1703 1236 1758 libri
1265 1718 1349 1758 III.
1374 1704 1491 1758 Hoc
1520 1721 1662 1775 opus
1690 1704 1803 1779 in_
1831 1705 1890 1754 et
1918 1699 1998 1755 De
2029 1707 2254 1772 peccato
2293 1703 2553 1774 originali
2599 1707 2672 1761 ad
2721 1707 3008 1779 Albinum,
3040 1711 3338 1769 Pinianum
3377 1719 3437 1770 et

143 1787 298 1843 libro
327 1803 348 1843 Ι
377 1789 458 1844 sic
493 1789 690 1862 incipit
717 1809 746 1854 ε,
774 1792 954 1846 Nostis
986 1809 1082 1846 nos
1127 1796 1476 1862 praevaluisse
1497 1811 1513 1856 ;
1550 1773 1610 1848 in
1651 1773 1812 1849 se-B
1832 1788 2154 1856 Melaniam,
2177 1789 2274 1844 lib.
2301 1804 2363 1844 Il.
2388 1773 2507 1846 Hoc
2525 1809 2667 1864 OPIIS
2691 1795 2770 1848 sic
2799 1773 3031 1868 incipit:
3066 1801 3352 1868 Quantum
3371 1805 3438 1858 de

147 1879 338 1933 cundo
377 1884 570 1934 autem
601 1881 684 1935 sic
713 1881 912 1952 incipit
945 1900 958 1934 :
998 1883 1209 1936 Primis
1231 1884 1487 1952 partibus
1516 1885 1750 1950 epistolae

149 1969 450 2035 Petiliani;
481 1971 542 2024 in
569 1971 738 2026 tertio
767 1976 956 2026 autem
985 1971 1095 2026 sic:
1125 1973 1273 2039 Lege,
1299 1974 1586 2034 Petiliane,
1611 1975 1750 2026 litte-

147 2073 247 2112 ras
278 2063 422 2112 tuas.
462 2059 549 2113 Ad
577 2061 937 2116 Cresconium
965 2061 1399 2132 grammaticum
1429 2061 1606 2132 partis
1635 2061 1749 2114 Do-

146 2145 272 2200 nati
297 2146 430 2202 libri
458 2163 531 2202 Iv.
567 2149 688 2204 Hoc
715 2166 855 2220 opus
882 2150 964 2204 sic
993 2149 1193 2221 incipit
1223 2167 1238 2205 :
1269 2151 1543 2216 Quoniam
1569 2150 1644 2203 ad
1677 2154 1748 2216 te,

149 2237 429 2306 Cresconi,
461 2254 583 2292 mea
615 2243 823 2308 scripta
846 2241 1137 2308 pervenire
1169 2245 1406 2308 possent.
1454 2236 1748 2292 Probatio-

146 2341 290 2379 num
334 2330 390 2380 et
434 2326 884 2382 testimoniorum
933 2332 1128 2382 contra
1175 2327 1498 2382 Donatistae
1528 2324 1670 2379 liber
1693 2339 1740 2383 Ι.

148 2413 255 2468 Hic
288 2413 432 2468 liber
459 2415 540 2469 sic
557 2415 754 2487 incipit
771 2417 1082 2484 aQuoniam
1105 2419 1308 2470 timet-is
1331 2417 1637 2470 consentire
1655 2415 1751 2468 Ec-

147 2505 323 2557 clesia:
351 2505 644 2562 catholicae.
670 2505 882 2559 Contra
909 2503 1095 2559 nescio
1125 2521 1293 2576 quem
1319 2503 1749 2558 Donatistarum

147 2591 294 2646 liber
323 2610 364 2648 1.
388 2593 492 2647 llic
519 2593 662 2648 liber
690 2593 770 2648 sic
797 2593 996 2664 incipit
1019 2611 1032 2646 :
1065 2594 1415 2646 Probationes
1442 2608 1636 2646 rerum
1661 2608 1750 2645 ne-

151 2684 526 2736 cessariarum
546 2684 783 2751 quodam
805 2685 1080 2737 breviario
1107 2685 1352 2736 collectas
1370 2683 1745 2750 permisimus.

225 2769 554 2825 Admonitio
573 2771 996 2826 Donatistarum
1020 2770 1090 2825 de
1108 2768 1538 2824 Maximianistis
1565 2768 1662 2822 lib.
1687 2783 1743 2822 Π.

157 2859 262 2914 Hic
281 2859 426 2914 liber
445 2859 523 2913 sic
543 2859 769 2930 incipit:
789 2861 1112 2928 Quicunque
1135 2860 1438 2912 calumniis
1459 2858 1752 2910 hominum

1831 1880 2012 1929 vestra
2042 1881 2092 1930 et
2119 1881 2414 1946 corporali,
2439 1885 2490 1934 et
2519 1884 2762 1936 maxime
2781 1887 3074 1951 spirituali
3096 1891 3277 1943 salute
3297 1907 3435 1958 gau-

1831 1964 2076 2018 deamus.
2111 1964 2282 2020 Gesta
2311 1982 2436 2022 cum
2471 1969 2716 2024 Emerito
2748 1971 3061 2041 Donatista,
3087 1975 3233 2032 liber
3263 1992 3302 2032 Ι.
3332 1979 3438 2034 Hic

1830 2051 1976 2106 liber
2001 2053 2081 2108 sic
2103 2053 2301 2125 incipit
2325 2073 2336 2108 :
2365 2057 2770 2112 Gloriosissimo
2791 2061 3296 2133 HonorioAugusto
3315 2069 3430 2131 XII,

1831 2145 1879 2192 et
1933 2141 2274 2197 Constantio.
2309 2144 2520 2199 Contra
2569 2163 2888 2202 sermonem
2936 2150 3296 2208 Arianorum.
3331 2155 3436 2212 Hic

1832 2227 1976 2282 liber
2003 2229 2083 2283 sic
2101 2230 2332 2302 incipit:
2365 2233 2574 2288 Eorum
2593 2238 2924 2302 praecedenti
2941 2240 3312 2308 disputationi
3331 2245 3434 2300 hac

1833 2319 2206 2387 disputatione
2220 2323 2534 2390 respondeo.
2559 2324 2630 2377 De
2648 2325 2862 2395 nuptiis
2883 2332 2940 2380 et
2959 2330 3434 2402 concupiscentia,

1831 2405 1904 2459 ad
1947 2407 2254 2474 Valerium,
2285 2409 2416 2464 libri
2445 2423 2508 2464 II.
2552 2412 2776 2468 Primus
2800 2414 2881 2469 sic
2909 2416 3108 2488 incipit
3139 2435 3150 2469 :
3185 2422 3438 2478 Haeretici

1833 2497 1978 2558 noci,
2033 2497 2384 2552 dilectissime
2413 2500 2501 2567 ﬁli
2540 2501 2738 2555 Valeri.
2770 2503 3058 2560 Secundus
3081 2524 3212 2563 vero
3241 2510 3320 2565 sic
3347 2511 3437 2566 in-

1831 2583 1965 2653 cipit
1991 2601 2002 2636 :
2037 2584 2183 2641 Sunt
2215 2589 2434 2641 militia:
2464 2593 2569 2644 tua
2595 2606 2735 2645 cura
2779 2592 3150 2650 Locutionum
3179 2597 3310 2654 libri
3337 2614 3432 2655 vn.

1832 2673 1951 2726 Hoc
1980 2689 2120 2744 opus
2148 2674 2228 2728 sic
2257 2675 2458 2746 incipit
2483 2696 2496 2728 :
2531 2678 2669 2732 Cum
2708 2679 3030 2750 Scripturas
3057 2692 3272 2741 sanctas
3297 2706 3436 2756 quas

1831 2763 2111 2828 appellant
2128 2769 2442 2818 canonicas.
2466 2765 2546 2820 De
2565 2767 2757 2821 anima
2775 2775 2834 2822 et
2847 2771 2970 2840 ejus
2990 2773 3208 2844 origine
3225 2775 3354 2831 libri
3373 2795 3433 2834 ιι.

1837 2848 1954 2902 Hoc
1996 2867 2136 2920 opus
2171 2851 2251 2905 sic
2299 2851 2514 2924 incipit,
2546 2855 2601 2908 id
2653 2862 2758 2916 est.
2806 2857 2949 2912 liber
2986 2861 3057 2914 ad
3105 2863 3432 2923 Renatum:

157 2954 206 3004 et
234 2950 728 3003 criminationibus
749 2950 1066 3002 moremini.
1082 2948 1164 3002 De
1183 2945 1525 3000 divinatione
1552 2945 1756 3000 daemo~
1834 2937 2220 2994 δίηοϐνίιαίϐνη
2249 2945 2406 2996 tuam
2435 2958 2566 3011 erga
2598 2959 2712 2998 nos.
2748 2945 3039 3002 Secundus
3065 2967 3196 3007 vero
3226 2955 3297 3009 ad
3326 2956 3434 3010 Pe-

156 3053 294 3092 num
337 3035 415 3090 lib
443 3051 484 3090 I.
513 3037 617 3091 Hic
655 3035 800 3091 liber
827 3035 907 3090 sic
941 3035 1138 3107 incipit
1176 3047 1187 3080 ε
1247 3035 1491 3100 Quodam
1549 3035 1635 3088 die
1689 3036 1753 3088 in

148 3127 340 3181 diebus
365 3129 572 3180 sanctis
601 3131 940 3180 octavarum.
970 3125 1318 3190 Quaestiones
1342 3122 1602 3193 exposita;
1621 3139 1750 3177 con-

146 3221 238 3269 tra
263 3231 538 3287 paganos,
571 3231 805 3269 numero
833 3231 948 3270 sex.
979 3213 1083 3268 Hic
1105 3212 1250 3267 liber
1276 3217 1403 3283 post
1430 3211 1744 3283 epistolam,

148 3319 271 3374 qua
319 3303 677 3376 postmodum
707 3321 743 3358 a
771 3303 955 3374 capite
1001 3302 1194 3357 addita
1241 3307 1344 3366 est,
1379 3301 1460 3354 sic
1505 3300 1743 3372 incipit:

145 3393 316 3447 Movit
363 3395 629 3462 quosdam
680 3400 728 3448 et
774 3394 1110 3461 requiritur.
1157 3391 1441 3462 Expositio
1487 3389 1748 3460 Epistolzn

143 3480 339 3536 Jacobi
367 3481 441 3536 ad
465 3496 543 3536 x11
572 3481 772 3536 tribus.
807 3481 910 3536 Hic
937 3481 1078 3535 liber
1105 3480 1184 3535 sic
1209 3479 1435 3552 incipit:
1463 3481 1588 3547 Quae
1615 3483 1747 3533 sunt

143 3573 208 3624 in
247 3571 582 3640 dispersione
628 3573 882 3626 salutem.
929 3569 1010 3624 De
1057 3574 1414 3640 peccatorum
1443 3567 1662 3621 meritis
1691 3573 1748 3621 et

140 3658 499 3722 remissione,
523 3665 581 3714 et
607 3659 676 3714 de
704 3659 984 3730 baptismo
1003 3659 1361 3730 parvulorum
1385 3657 1453 3710 ad
1477 3655 1748 3710 Marcelli-

141 3765 283 3803 num
314 3747 444 3802 libri
469 3763 530 3802 η.
563 3747 686 3804 Hoc
713 3765 854 3820 opus
881 3749 959 3802 sic
985 3747 1181 3818 incipit
1206 3765 1220 3801 :
1255 3747 1512 3812 Quamvis
1537 3747 1600 3798 in
1630 3761 1744 3798 me-

139 3839 252 3892 diis
283 3843 334 3892 et
360 3841 580 3906 magnis
609 3854 880 3892 curarum
908 3839 1140 3892 astibus.
1164 3837 1244 3890 De
1264 3834 1428 3888 unico
1461 3832 1742 3904 baptismo

139 3932 344 3982 contra
363 3927 698 3983 Petilianum
721 3927 793 3982 ad
813 3927 1266 3992 Constantinum,
1288 3924 1430 3980 liber
1449 3940 1614 3978 unus.
1639 3922 1742 3976 Hic

136 4016 288 4070 liber
317 4015 397 4070 sic
424 4015 622 4088 incipit
653 4035 665 4068 :
708 4017 1038 4086 Respondere
1083 4017 1314 4070 adversa
1357 4014 1736 4069 sentientibus.

135 4105 222 4160 De
241 4103 678 4160 Maximianistis
701 4111 758 4160 et
775 4105 1102 4170 Donatistis,
1117 4103 1259 4158 liber
1277 4119 1443 4158 unus.
1471 4102 1572 4156 Hic
1595 4100 1740 4154 liber

135 4195 216 4248 sic
241 4193 438 4266 incipit
473 4213 485 4248 :
518 4195 696 4250 Multa
713 4199 842 4263 jam
864 4196 1130 4257 diximus,
1162 4196 1343 4247 multa
1359 4196 1485 4261 jam
1519 4193 1739 4260 scripsi-

134 4301 290 4341 mus.
343 4283 425 4339 De
467 4283 653 4355 gratia
695 4283 832 4338 Novi
862 4283 1226 4346 Testamenti,
1258 4283 1327 4336 ad
1364 4282 1732 4346 Honoratum,

1835 3030 1988 3080 trum
2011 3026 2091 3080 sic
2119 3027 2346 3099 incipit:
2370 3031 2608 3086 Domino
2628 3034 2985 3090 dilectissimo
3011 3039 3192 3106 fratri
3217 3049 3268 3098 et
3295 3060 3436 3099 com-

1824 3117 2141 3184 presbytero
2184 3119 2358 3172 Petro.
2408 3119 2658 3174 Duorum
2700 3138 2831 3176 vero
2878 3126 3311 3186 novissimorum
3359 3133 3432 3189 ad

1829 3203 2208 3271 Vincentium,
2241 3206 2544 3264 Victorem.
2597 3208 2824 3266 Primus
2869 3213 2949 3268 sic
2998 3215 3236 3289 incipit:
3280 3223 3434 3289 Quod

1831 3293 1976 3348 mihi
2011 3295 2084 3348 ad
2115 3299 2164 3348 te
2185 3297 2538 3351 scribendum
2559 3303 2776 3367 putavi.

1903 3381 1990 3436 Ad
2014 3383 2362 3438 Pullentium
2388 3388 2499 3456 (sic)
2527 3386 2607 3440 De
2625 3387 2958 3447 adulterinis
2985 3395 3280 3466 conjugiis,
3299 3397 3431 3456 libri

1829 3484 1892 3525 II.
1924 3471 2148 3527 Primus
2194 3473 2396 3528 horum
2435 3473 2514 3530 sic
2556 3474 2756 3548 incipit
2789 3497 2801 3532 :
2836 3481 3032 3536 Pri-ma
3073 3489 3295 3552 quaestio
3331 3492 3429 3556 est,

1828 3561 2009 3626 frater
2039 3563 2388 3617 dilectissime
2413 3565 2678 3620 Pullenti.
2708 3568 2997 3626 Secundus
3021 3579 3213 3629 autem
3239 3575 3318 3630 sic
3346 3577 3430 3632 in-

1831 3649 1967 3720 cipit
1999 3671 2010 3706 :
2043 3652 2126 3705 Ad
2151 3667 2212 3706 ea
2240 3668 2358 3721 qua:
2389 3653 2534 3706 mihi
2559 3658 2884 3724 scripseras.
2924 3659 3134 3716 Contra
3169 3643 3432 3720 adversa-

1827 3737 1975 3790 rium
2001 3737 2140 3808 legis
2168 3744 2226 3793 et
2255 3739 2677 3810 prophetarum,
2710 3743 2840 3800 libni
2867 3747 2998 3801 duo.
3033 3749 3152 3804 Hoc
3179 3769 3320 3823 opus
3349 3753 3430 3810 sic

1827 3825 2068 3897 incipit:
2113 3829 2275 3882 Libro
2319 3845 2478 3896 quem
2525 3833 2776 3895 misistis,
2828 3837 3034 3902 fratres
3079 3840 3422 3897 dilectissmi.

1825 3913 2035 3968 Contra
2052 3915 2428 3969 Gaudentium
2438 3917 2858 3976 Donatistarum
2877 3924 3199 3999 episcopum
3217 3929 3346 3984 libri
3360 3946 3420 3986 ιι.

1823 4003 1941 4056 Hoc
1989 4019 2130 4074 Opus
2179 4003 2259 4058 sic
2303 4003 2502 4076 incipit
2541 4028 2554 4062 :
2605 4007 2944 4066 Gaudentius
3001 4017 3423 4076 Donatistarum

1827 4093 2298 4160 Tamugaudensis
2327 4093 2463 4168 [Sic.
2499 4097 2563 4150 In
2593 4097 2759 4153 editis
2795 4101 3284 4179 Thamugadensis]
3315 4113 3424 4179 epi-

1819 4196 2026 4250 scopus.
2068 4181 2278 4236 Contra
2329 4185 2686 4240 mendacium
2731 4187 2873 4243 liber
2920 4205 2957 4245 I.
3012 4193 3116 4248 Hic
3157 4195 3301 4252 liber
3340 4199 3422 4254 sic

1817 4268 2015 4340 incipit
2043 4292 2054 4326 :
2105 4271 2284 4324 Multa
2336 4273 2478 4326 mihi
2509 4276 2731 4342 legenda
2762 4282 2990 4340 misisti.
3043 4282 3253 4339 Contra
3278 4287 3420 4343 duas

133 4373 284 4428 liber
307 4389 474 4428 unus.
503 4373 605 4428 Hic
633 4371 775 4427 liber
799 4373 878 4428 sic
902 4372 1098 4444 incipit
1125 4390 1136 4424 :
1171 4372 1421 4440 Quinque
1444 4371 1588 4422 mihi
1610 4385 1734 4438 pro-
1819 4358 2082 4428 epismlas
2109 4358 2563 4429 Pelagianorum,
2594 4362 2723 4418 libri
2749 4380 2824 4420 Ιν-
2854 4369 2974 4424 Hoc
3000 4388 3140 4442 opus
3168 4373 3250 4430 sic
3275 4374 3421 4432 inci-

129 4463 374 4532 posuisti
403 4465 724 4518 tractandas
747 4465 1083 4531 quaestiones.
1102 4461 1183 4515 De
1211 4460 1413 4531 spiritu
1437 4464 1495 4512 et
1521 4458 1730 4525 littera,
1749 4445 1798 4503 D
1816 4446 1901 4518 pit
1933 4465 1945 4500 ε
1988 4447 2260 4502 Noveram
2291 4453 2338 4502 te
2377 4451 2618 4518 quidem,
2651 4455 2810 4519 fama
2838 4460 3188 4518 celeberrima
3210 4468 3419 4533 praedi-

136 4551 208 4606 ad
245 4551 656 4619 Marcellinum,
687 4551 830 4606 liber
871 4567 1037 4605 unus.
1075 4549 1177 4604 Hic
1213 4549 1356 4603 liber
1385 4547 1464 4602 sic
1493 4547 1730 4618 incipit:

137 4643 308 4695 Lectis
335 4644 610 4710 opusculis
639 4658 757 4710 quae
784 4643 860 4695 ad
905 4645 951 4694 te
981 4655 1157 4708 nuper
1187 4639 1480 4699 elaboravi,
1515 4639 1621 4705 ﬁli.
1655 4637 1734 4691 De

135 4729 251 4784 ﬁde
289 4735 348 4784 et
389 4730 669 4802 operibus,
701 4729 846 4785 liber
871 4745 1037 4784 unus.
1089 4727 1194 4782 Hic
1220 4727 1362 4782 liber
1405 4725 1486 4780 sic
1515 4725 1728 4797 incipit.

99 4813 104 4817 ’
137 4821 482 4888 Quibusdam
505 4823 742 4874 videtur.
773 4818 1094 4874 Breviculus
1122 4815 1438 4871 collationis
1466 4830 1592 4870 cum
1627 4814 1732 4869 Do-

133 4907 381 4974 natistis,
403 4908 532 4963 libri
549 4923 632 4963 1n.
652 4909 771 4962 Hoc
795 4925 934 4980 opus
961 4907 1040 4962 sic
1063 4905 1292 4976 incipit:
1319 4907 1456 4959 Cum
1479 4903 1734 4958 catholici

134 4999 373 5068 episcopi
415 5001 468 5051 et
503 4999 688 5066 partis
718 4998 940 5052 Donati.
981 4997 1119 5050 Post
1167 4993 1492 5048 collationes
1535 4997 1732 5046 contra

132 5084 480 5149 Donatistae,
510 5084 654 5140 liber
680 5100 852 5142 unus.
891 5083 994 5138 Hic
1021 5083 1162 5138 liber
1190 5081 1270 5137 sic
1305 5081 1499 5153 incipit
1532 5099 1546 5134 :
1589 5081 1732 5148 Quid

133 5175 336 5242 adhuc,
366 5175 680 5236 Donatistae,
730 5175 1090 5230 seducimini.
1134 5173 1215 5227 De
1255 5170 1490 5226 videndo
1528 5170 1726 5236 Deum,

131 5263 282 5318 liber
303 5279 470 5318 unus.
496 5263 598 5318 Hic
619 5263 758 5318 liber
777 5263 858 5318 sic
878 5262 1076 5335 incipit
1104 5281 1115 5316 :
1146 5263 1350 5317 Memor
1370 5259 1556 5322 debiti,
1579 5259 1724 5313 illud

1819 4540 1994 4590 cante.
2018 4536 2229 4590 Contra
2251 4535 2566 4605 Julianum,
2597 4540 2727 4596 libri
2756 4558 2829 4600 vI.
2857 4546 2976 4602 Hoc
3004 4565 3144 4621 opus
3167 4552 3248 4608 sic
3275 4555 3416 4610 inci-

1818 4625 1903 4696 pit
1935 4643 1949 4680 :
1992 4625 2364 4680 Contumelias
2409 4632 2532 4681 tuas
2563 4633 2612 4682 et
2641 4633 2804 4686 verba
2829 4639 3142 4708 maledicta,
3167 4644 3413 4702 Juliane.

1817 4715 1903 4770 Ad
1925 4712 2288 4768 Laurentium
2317 4714 2398 4768 De
2419 4715 2548 4782 ﬁde,
2573 4734 2672 4788 spe
2697 4726 2754 4773 et
2770 4721 3064 4794 charitate,
3084 4728 3230 4784 liber
3248 4746 3288 4786 Ι.
3313 4734 3418 4790 Hic

1815 4804 1958 4859 liber
1984 4803 2064 4856 sic
2101 4802 2302 4874 incipit
2333 4823 2345 4858 :
2385 4805 2510 4858 Dici
2538 4821 2651 4860 non
2688 4813 2881 4876 potest,
2931 4815 3280 4874 dilectissime
3329 4825 3418 4889 ﬁli

1819 4893 2098 4952 Laurenti,
2128 4895 2406 4958 quantum
2437 4896 2531 4946 tua
2561 4895 2871 4952 eruditione
2899 4901 3143 4958 delecter.
3168 4907 3250 4961 De
3277 4925 3415 4965 cura

1813 4999 1914 5055 pro
1939 4979 2174 5036 mortuis
2187 4979 2436 5050 gerenda
2455 4981 2527 5035 ad
2547 4981 2848 5040 Paulinum
2871 4988 3194 5063 episcopum
3215 4995 3412 5056 liberi.

1815 5073 1917 5128 Hic
1946 5070 2088 5125 liber
2113 5069 2194 5124 sic
2229 5068 2424 5140 incipit
2453 5087 2465 5124 :
2500 5072 2609 5125 Diu
2639 5077 2928 5130 sanctitati
2957 5083 3078 5144 tuae,
3115 5089 3410 5156 coepiscope

1813 5161 2122 5216 venerande
2147 5160 2406 5213 Pauline.
2911 5161 2919 5166 '

1877 5251 1958 5304 De
1998 5253 2122 5302 octo
2172 5247 2402 5302 Dulcitii
2431 5248 2852 5319 quaestionibus,
2881 5252 3025 5310 liber
3051 5271 3098 5316 Ι.
3137 5260 3240 5316 Hic
3267 5263 3410 5321 liber

133 5357 328 5408 autem
357 5355 436 5410 sic
459 5355 668 5422 rogavi,
701 5357 750 5408 et
789 5369 941 5407 nunc
968 5368 1295 5406 commoneo.
1330 5349 1408 5403 De
1438 5353 1642 5402 natura
1670 5353 1727 5402 et
1807 5339 1888 5394 sic
1917 5335 2115 5408 incipit
2149 5358 2159 5392 :
2191 5337 2477 5403 Ουαηίωη
2507 5338 2652 5390 mihi
2674 5341 2919 5407 υίάϐίῖιν,
2943 5345 3296 5407 dilectissime
3321 5359 3383 5422 ﬁt

131 5440 338 5512 gratia,
378 5438 521 5494 liber
563 5457 732 5495 unus.
775 5439 878 5494 Hic
917 5439 1058 5495 liber
1101 5439 1182 5494 sic
1215 5437 1454 5508 incipit:
1501 5438 1727 5490 Librum

133 5544 298 5599 quem
326 5531 576 5586 misistis.
611 5530 693 5584 De
718 5528 941 5584 civitate
968 5528 1086 5595 Dei,
1130 5527 1258 5582 libri
1284 5540 1416 5580 xm.
1445 5524 1563 5578 Hoc
1591 5539 1732 5593 opus

135 5617 217 5674 sic
229 5616 459 5690 incipit:
477 5617 941 5674 Gtoriosissimam
959 5620 1236 5674 civitatem
1255 5613 1458 5672 Dei.Ad
1473 5611 1736 5669 Orosium

376 5717 642 5782 PATROL.
688 5718 808 5806 GL.

1811 5429 2036 5484 Dulciti.
2065 5425 2150 5479 Ad
2178 5423 2540 5479 Valentinum
2566 5431 2623 5480 et
2653 5426 2724 5480 ad
2754 5444 2848 5483 eos
2873 5433 2970 5500 qui
2993 5449 3120 5490 cum
3150 5437 3247 5495 illo
3275 5451 3410 5499 sunt

1812 5515 2134 5580 monachos,
2165 5514 2248 5568 De
2285 5514 2472 5584 gratia
2504 5519 2562 5568 et
2599 5515 2774 5572 libero
2815 5519 3070 5586 arbitrio,
3101 5525 3198 5582 lib.
3239 5545 3278 5585 ι.
3305 5533 3411 5590 Hic

1815 5605 1958 5661 liber
1983 5603 2063 5658 sic
2099 5601 2301 5674 incipit
2335 5620 2346 5656 :
2377 5605 2606 5672 Propter
2645 5621 2729 5661 eos
2765 5610 2865 5677 qui
2891 5610 3134 5670 hominis
3172 5620 3411 5681 liberum

3094 5713 3174 5778 43
