3934 6362
516 319 650 380 1355

1601 297 1906 356 HENRICI
1946 288 2238 352 CLERICI
2278 286 2724 341 POMPOSIANI

3656 274 3795 336 1356

513 446 840 500 arbitrium.
865 399 951 490 Ad
981 449 1119 506 quos
1150 445 1316 502 super
1335 429 1416 484 De
1445 424 1790 480 correctione
1819 426 1875 480 et
1899 417 2102 490 gratia,
2121 412 2313 481 Alogo
2345 411 2412 463 ad
2444 417 2612 480 caput
2650 412 2878 480 juncto;
2913 421 3153 479 quorum
3183 404 3399 478 primus
3428 403 3509 456 sic
3548 401 3744 472 incipit
3778 419 3794 454 :

513 533 611 587 lib.
653 547 691 583 ι.
725 528 828 583 Hic
877 523 1019 578 liber
1070 519 1149 574 sic
1194 517 1388 588 incipit
1419 535 1428 569 :
1467 516 1632 569 Lectis
1666 513 1864 568 litteris
1895 508 2105 566 vestris,

529 621 803 674 Valentine
833 617 1014 683 frater
1043 609 1408 662 dilectissime.

586 707 630 760 T
657 701 960 759 Clementis
996 697 1148 752 urbis
1181 697 1366 749 Romae
1394 691 1636 763 episc0pi
1668 685 2110 756 recognitionum

519 795 647 848 libri
673 809 726 859 Χ,
758 794 986 862 excepta
1012 786 1240 859 epistola
1265 788 1323 837 et
1345 782 1572 860 prologo
1594 779 1663 832 ad
1685 783 1850 846 caput
1871 772 2108 842 junctis;

516 899 754 955 quorum
794 861 1009 950 primus
1039 875 1118 928 sic
1162 872 1400 942 incipit:
1443 871 1552 936 Ego
1602 868 1843 922 Clemens
1879 866 1940 914 in
1982 861 2111 912 urbe

517 952 684 1028 Beina
713 976 879 1024 natus
900 984 963 1020 ea;
987 968 1176 1034 prima
1197 967 1348 1014 aetate
1378 960 1656 1027 pudicitia
1678 955 1926 1010 studium
1948 952 2102 1018 gessi.

517 1059 805 1116 Secundus
840 1062 1028 1109 autem
1067 1052 1148 1105 sic
1185 1047 1380 1118 incipit
1414 1066 1424 1098 :
1469 1049 1603 1102 Cum
1637 1049 1821 1098 autem
1850 1043 1962 1092 dies
1993 1054 2110 1106 quae

516 1153 587 1204 ad
599 1147 1000 1217 disputandum
1023 1156 1270 1194 sermone
1288 1141 1496 1190 statuta
1519 1136 1724 1201 fuerat.
1744 1130 1967 1184 Tertius
1982 1143 2107 1181 vero

515 1239 592 1294 sic
617 1235 814 1306 incipit
844 1251 856 1292 ;
894 1236 1110 1287 Interea
1140 1231 1332 1281 Petrus
1359 1227 1641 1292 gallorum
1680 1220 1932 1274 cantibus
1979 1232 2108 1268 sur-

512 1343 668 1398 gens.
711 1325 956 1387 Quartus
985 1319 1064 1372 sic
1092 1315 1287 1387 incipit
1317 1334 1327 1368 :
1363 1314 1598 1379 Profecti
1630 1311 1868 1364 Ca'sarea
1897 1310 1957 1358 ut
1994 1306 2110 1357 Tri-

508 1396 684 1485 polim
709 1425 1078 1481 pergeremus.
1101 1405 1341 1468 Quintus
1363 1402 1441 1454 sic
1470 1399 1694 1470 incipit:
1719 1396 1980 1466 Sequenti
2003 1410 2107 1445 au.-

516 1481 622 1557 tem
643 1504 727 1554 die
743 1501 913 1568 paulo
939 1500 1103 1549 citius
1122 1510 1287 1562 quam
1311 1491 1527 1544 solebat.
1559 1488 1757 1541 Sextus
1774 1484 1852 1538 sic
1875 1481 2101 1552 incipit:

518 1593 616 1649 Ubi
640 1606 762 1646 vero
789 1585 1189 1640 rarescentibus
1212 1581 1462 1634 tenebris.
1479 1576 1759 1647 Septimus
1780 1573 1856 1626 sic
1875 1570 2068 1640 incipit
2092 1587 2103 1621 :

513 1680 732 1746 Egressi
765 1676 987 1730 tandem
1019 1674 1185 1724 etiam
1224 1669 1431 1735 Tripoli
1462 1667 1729 1722 Pha’nz'ces
1761 1663 1950 1713 urbem
1992 1661 2108 1727 pri-

2193 504 2543 568 Apocalgpsis
2566 503 2798 554 Joannis
2822 500 3031 554 Christi
3047 497 3311 563 discipuli
3339 509 3506 566 quam
3528 493 3678 546 dedit
3708 491 3802 543 illi

2195 591 2333 648 Deus
2361 591 2548 656 palam
2574 590 2753 655 facere
2772 591 2940 640 servis
2971 587 3108 645 suis,
3133 584 3374 651 fundata
3399 597 3499 650 per
3525 582 3799 648 apostolos

2197 680 2449 734 Ecclesia.
2485 677 2774 730 Secundus
2814 677 2891 730 sic
2921 673 3118 746 incipit
3151 691 3162 724 :
3200 672 3266 724 Et
3301 671 3418 724 vidi
3455 674 3657 740 septem
3689 684 3802 721 an—

2193 769 2332 834 gelos
2374 772 2578 819 stantes
2620 771 2682 819 in
2725 770 3007 834 conspectu
3038 765 3151 817 Dei.
3178 759 3398 814 Tertius
3437 759 3516 811 sic
3544 757 3748 828 incipit
3782 776 3796 810 :

2193 857 2259 908 Et
2285 857 2402 907 ridi
2427 857 2586 909 aliud
2623 858 2845 920 sign-um
2877 855 2939 906 in
2967 854 3091 905 calo
3122 865 3390 916 magnum
3429 852 3476 899 et
3508 847 3794 899 mirabile.

2266 942 2466 1014 Incipit
2518 947 2790 996 tractatus
2829 941 2909 995 De
2964 939 3179 1011 psalmo
3235 936 3540 991 centesimo
3599 940 3803 989 octavo

2191 1032 2406 1085 decimo
2432 1030 2712 1086 Ambrosii
2743 1027 3176 1087 Mediolanensis
3197 1025 3458 1098 episcopi,
3484 1026 3644 1094 cujus
3669 1040 3802 1093 pro-

2190 1121 2353 1190 logus
2383 1120 2461 1172 sic
2509 1119 2706 1191 incipit
2739 1137 2750 1172 :
2796 1121 2933 1172 Licet
2965 1120 3195 1185 mystica
3227 1132 3434 1184 quoque
3465 1116 3611 1166 velut
3655 1113 3801 1165 tubae

2192 1211 2528 1275 increpuerit
2547 1225 2692 1261 sono.
2711 1207 2877 1262 Liber
2897 1222 3025 1262 vero
3048 1205 3126 1258 sic
3148 1202 3370 1280 incipit:
3387 1204 3556 1264 Beati,
3581 1203 3794 1270 inquit,

2192 1300 2560 1357 immaculati,
2608 1303 2701 1350 etc.
2740 1297 2891 1349 Beati
2936 1298 3035 1362 qui
3068 1297 3414 1358 scrutantur,
3449 1295 3569 1353 etc.,
3621 1307 3800 1361 quam.

2185 1387 2417 1455 pulcher
2438 1388 2588 1446 ordo,
2605 1402 2773 1451 (luam
2790 1387 2985 1453 plenus
3002 1383 3277 1435 doctrinae.
3300 1379 3501 1453 Incipit
3517 1384 3798 1432 tractatus

2190 1475 2368 1528 sancti
2400 1474 2680 1532 Ambrosii
2711 1470 3141 1528 Mediolanensis
3183 1469 3426 1542 episcopi
3467 1468 3524 1521 in
3557 1468 3800 1525 Cantica

2189 1564 2553 1628 canticorum,
2588 1562 2716 1615 llbl'l
2743 1580 2791 1626 v,
2825 1567 3054 1632 excepto
3085 1559 3313 1630 prologo
3357 1559 3428 1611 ad
3457 1564 3628 1630 caput
3651 1559 3796 1627 jun—

2190 1658 2297 1712 cto.
2326 1669 2563 1723 quorum
2590 1651 2805 1726 primus
2830 1651 2908 1704 sic
2933 1648 3131 1720 incipit
3153 1667 3163 1700 :
3197 1649 3482 1703 Osculetur
3506 1664 3590 1700 me
3611 1648 3799 1700 osculo

515 1783 686 1820 mam.
705 1765 944 1819 Octavus
974 1761 1052 1813 sic
1075 1758 1300 1828 incipit:
1330 1759 1548 1809 Postera
1577 1758 1762 1806 autem.
1783 1752 1869 1802 die
1888 1752 2100 1802 Petrus.
2126 1771 2173 1831 B
2190 1745 2300 1793 oris
2321 1745 2427 1801 sui,
2452 1744 2717 1808 quoniam
2738 1743 2942 1807 optima
2965 1739 3152 1792 ubera.
3181 1736 3468 1791 Secundus
3492 1739 3687 1790 autem
3713 1735 3798 1788 sic

513 1856 709 1909 Nonus
751 1857 938 1906 autem
984 1848 1062 1902 sic
1090 1847 1287 1918 incipit
1318 1864 1328 1896 :
1363 1843 1622 1911 Sequenti
1649 1842 1734 1892 die
1756 1842 1949 1892 Petrus
1982 1852 2098 1889 una

513 1945 820 1998 nobiscum.
853 1939 1120 1994 Decimus
1150 1941 1338 1991 autem
1367 1934 1446 1986 sic
1477 1929 1671 2001 incipit
1702 1947 1712 1981 :
1741 1929 1900 1982 Mane
1923 1930 2102 1978 autem

511 2037 714 2095 exorto,
743 2032 1010 2084 Clemens.

585 2119 867 2193 Expositio
903 2117 961 2170 in
992 2111 1364 2186 Apocalypsin
1393 2107 1623 2164 Joannis
1655 2105 1893 2178 apostoli
1933 2101 2110 2155 sancti

513 2192 793 2264 Ambrosii
824 2203 1083 2276 episcopi,
1118 2219 1240 2273 quae
1282 2201 1472 2254 decem
1507 2203 1562 2251 et
1594 2202 1716 2250 octo
1745 2193 1901 2248 libris
1933 2192 2111 2248 conti-

515 2304 702 2355 netur.
739 2297 990 2364 Quorum
1022 2293 1236 2365 primus
1267 2291 1345 2343 sic
1375 2287 1600 2362 incipit:
1631 2287 1696 2339 In
1729 2287 1948 2336 lectione
1972 2297 2112 2332 rere-

520 2390 744 2441 lationis
755 2386 986 2440 Joannis
998 2381 1458 2449 apostoti,fratres
1472 2375 1807 2428 charissimi.
1820 2368 2109 2424 Secundus

515 2476 594 2530 sic
623 2474 820 2546 incipit
856 2491 866 2524 :
911 2474 1127 2525 Fratres
1175 2468 1509 2526 charissimi,
1556 2468 1618 2516 in
1661 2460 2004 2516 candelabro,
2048 2457 2109 2508 de

519 2582 644 2638 quo,
673 2545 796 2617 cum
823 2561 1171 2628 Apocalypsis
1203 2560 1486 2623 legeretur,
1511 2547 2001 2604 audistis.Tertius
2032 2545 2110 2598 sic

518 2651 710 2722 incipit
744 2669 754 2702 :
791 2650 961 2709 Modo,
995 2650 1199 2715 fratres
1231 2643 1568 2704 charissimi,
1600 2639 1863 2690 audimus
1893 2637 2109 2686 beatum

515 2739 1056 2801 Joannem.Quartus
1077 2735 1155 2787 sic
1171 2731 1366 2801 incipit
1387 2748 1396 2780 :
1421 2731 1486 2790 Et
1509 2729 1624 2779 vidi
1638 2741 1808 2793 supra
1830 2726 2109 2777 dexteram

513 2832 745 2883 sedentis
769 2831 828 2882 in
861 2828 1056 2880 throno
1078 2825 1308 2876 librum.
1335 2817 1575 2889 Quintus
1598 2815 1677 2869 sic
1696 2813 1888 2884 incipit
1913 2830 1922 2863 :
1957 2813 2108 2866 Sicut

515 2920 672 2975 modo
695 2933 820 2970 cum
852 2917 1002 2968 lectio
1032 2913 1225 2963 dicina
1250 2912 1516 2974 tegeretur
1539 2905 1792 2958 audistis.
1815 2905 2012 2953 Sextus
2033 2899 2110 2952 sic

511 3006 710 3078 incipit
737 3025 746 3057 :
779 3006 847 3059 Et
874 3005 990 3057 vidi
1017 3003 1197 3053 alium
1220 3000 1480 3063 angelum
1502 2993 1874 3047 ascendentem
1896 2992 1964 3042 ab
1985 2994 2110 3042 ortu

2192 1829 2422 1899 incipit:
2470 1831 2556 1881 Vos
2602 1830 2915 1881 consobrini
2954 1829 3077 1886 mei,
3113 1841 3223 1877 ecce
3263 1825 3350 1877 hic
3378 1825 3620 1876 advenit.
3654 1823 3801 1876 Ter-

2193 1919 2304 1971 tius
2347 1919 2425 1971 sic
2471 1917 2668 1986 incipit
2707 1936 2716 1968 :
2752 1918 2833 1969 En
2885 1917 3146 1968 lectulum
3187 1914 3498 1968 Salomonis
3559 1915 3800 1967 luxuria

2193 2008 2357 2074 fortes
2378 2005 2908 2068 amln'zthuartus
2929 2003 3008 2056 sic
3029 2001 3225 2072 incipit
3249 2021 3258 2054 :
3283 2003 3549 2067 Eas-urge,
3573 2002 3794 2068 aquilo,

2193 2101 2239 2149 et
2280 2099 2420 2156 veni,
2465 2100 2671 2147 auster.
2717 2093 2955 2157 Quintus
3003 2092 3081 2144 sic
3125 2091 3322 2160 incipit
3363 2109 3374 2143 :
3418 2091 3661 2143 Pulchra
3722 2105 3795 2150 es,

2192 2186 2374 2236 amica
2397 2200 2536 2240 mea.
2560 2185 2744 2235 suavis
2767 2186 2814 2233 et
2844 2183 3054 2234 decora.
3080 2178 3286 2248 Incipit
3313 2182 3588 2230 tractatus
3612 2175 3801 2228 sancti

2192 2271 2470 2326 Ambrosii
2517 2271 2596 2324 De
2646 2270 2863 2340 psalmo
2897 2286 3003 2334 LXI,
3049 2270 3107 2321 in
3139 2284 3247 2336 quo
3295 2265 3696 2319 inﬁdelitatem
3743 2270 3803 2316 et

2192 2361 2539 2431 impietatem
2571 2359 2799 2412 Maximi
2827 2357 3054 2430 tyranni
3083 2356 3327 2427 graviter
3358 2353 3668 2424 redarguit,
3701 2353 3801 2424 qui

2193 2466 2361 2503 ausus
2391 2455 2477 2502 est
2505 2449 2795 2501 dominum
2828 2463 2991 2507 suum
3027 2445 3358 2499 Gratianum
3389 2443 3799 2513 imperatorem

2191 2547 2386 2599 fraude
2413 2553 2469 2600 et
2493 2547 2618 2600 dolo
2649 2545 2942 2614 perimere,
2970 2561 3132 2616 quem
3160 2542 3560 2613 imperatorem
3588 2541 3650 2592 in
3675 2538 3798 2593 Do-

2193 2635 2330 2688 mini
2372 2635 2737 2688 tabernaculo
2786 2634 3061 2699 habitare,
3109 2637 3165 2685 et
3203 2631 3261 2686 in
3308 2636 3499 2683 monte
3549 2629 3672 2699 ejus
3705 2645 3799 2682 re-

2194 2725 2481 2796 quiescere
2512 2725 2678 2790 dicit;
2721 2723 2810 2776 hic
2837 2721 2977 2776 liber
3005 2722 3084 2775 sic
3113 2721 3309 2792 incipit
3341 2739 3351 2772 :
3389 2721 3657 2774 Omnium
3695 2735 3798 2771 no-

2192 2820 2368 2867 strum
2407 2815 2637 2866 indubia
2657 2813 2986 2864 consuetudo
3014 2814 3108 2863 est.
3134 2809 3436 2880 Episcopus
3455 2806 3799 2866 Ambrosius

2194 2902 2626 2956 Mediolanensis
2669 2900 2846 2956 sorori
2897 2917 3011 2952 suae
3058 2897 3390 2952 Marcellinae
3438 2897 3517 2949 De
3570 2895 3795 2958 baculo,

2194 2991 2334 3044 liber
2362 3005 2410 3056 1;
2447 2990 2535 3042 hic
2567 2989 2709 3042 liber
2737 2988 2814 3042 sic
2843 2987 3038 3058 incipit
3063 3006 3072 3040 :
3106 2987 3416 3041 Sollicitam
3441 2987 3797 3044 sanctitatem.

511 3074 656 3151 solis.
687 3093 973 3166 Septimus
995 3089 1074 3142 sic
1094 3087 1288 3158 incipit
1311 3104 1320 3137 :
1347 3086 1518 3144 .llodo,
1546 3086 1750 3149 fratres
1771 3081 2104 3138 charis-simi,
2132 3088 2174 3147 ί]
2196 3086 2370 3132 tuam.
2397 3078 2624 3148 Legatio
2651 3076 3024 3147 Aquileiensis
3053 3074 3271 3129 concilii
3300 3074 3370 3127 ad
3399 3074 3797 3144 imperatores,

515 3202 641 3239 cum
682 3181 1034 3252 Apocalypsis
1082 3180 1348 3245 legeretur
1378 3174 1713 3226 audirimus.
1749 3170 1989 3228 Octavus
2033 3167 2112 3221 sic

516 3271 744 3341 incipit:
789 3271 892 3322 Voce
906 3269 967 3319 de
987 3269 1121 3318 coelo
1140 3265 1438 3332 imperium
1460 3266 1532 3313 est
1560 3262 1654 3313 Dei
1676 3261 1774 3326 qui
1793 3274 1884 3311 cor
1909 3259 2106 3323 tangit.

513 3362 711 3415 Nonus
743 3357 822 3410 sic
851 3355 1045 3424 incipit
1072 3372 1083 3405 :
1117 3354 1266 3418 Quod
1295 3352 1633 3409 audivimus,
1669 3349 1874 3416 fratres
1904 3347 2112 3399 charis-

511 3451 664 3514 simi,
690 3451 750 3502 in
787 3447 1006 3498 lectione
1043 3459 1160 3510 qua:
1191 3444 1421 3494 recitata
1450 3443 1544 3491 est.
1571 3435 1832 3490 Decimus
1863 3434 1940 3487 sic
1969 3433 2108 3488 inci-

511 3538 595 3610 pit
620 3556 630 3589 :
662 3537 812 3588 Modo
838 3539 1021 3586 autem
1046 3532 1386 3590 audivimus,
1412 3531 1618 3595 fratres
1640 3527 1928 3579 charissim
1941 3526 1975 3574 γ’.
2001 3523 2111 3576 Un-

510 3626 762 3680 decimus
791 3623 869 3675 sic
899 3620 1094 3690 incipit
1128 3637 1138 3671 :
1173 3620 1237 3672 In
1271 3620 1492 3670 lectione
1523 3632 1639 3682 qua:
1679 3614 1832 3666 modo
1873 3615 2105 3671 recitata

513 3720 607 3779 est,
638 3716 840 3782 fratres
871 3711 1206 3766 charissimi.
1240 3704 1614 3765 Duodecimus
1644 3702 1721 3756 sic
1756 3700 1951 3770 incipit
1987 3719 1996 3752 :
2039 3702 2107 3754 In

514 3806 734 3858 lectione
757 3801 982 3855 Domini
1009 3814 1125 3866 qua:
1156 3798 1384 3849 rec-itala
1415 3799 1511 3854 est,
1534 3794 1738 3859 fratres
1761 3790 2053 3842 charissim
2065 3791 2100 3851 ι’,

512 3894 653 3946 dixit
683 3892 739 3948 S.
772 3892 1026 3943 Joannes.
1059 3885 1283 3940 Tertius
1312 3882 1560 3938 decimus
1586 3880 1664 3934 sic
1693 3878 1925 3948 incipit:
1967 3878 2108 3932 San-

513 3986 630 4036 ctus
657 3983 913 4042 Joannes,
935 3978 1138 4044 fratres
1166 3973 1505 4037 charissimi,
1532 3972 1666 4021 dum
1695 3971 1757 4020 de
1787 3981 1861 4020 vn
1893 3969 2108 4034 angelo-

513 4087 644 4124 rum
667 4070 878 4137 phialis
910 4070 957 4119 et
984 4067 1182 4133 plagis.
1210 4061 1469 4116 Decimus
1501 4066 1734 4131 quartus
1764 4057 1843 4110 sic
1867 4056 2064 4126 incipit
2093 4074 2102 4108 :

514 4160 668 4215 Modo
694 4174 820 4212 cum
841 4156 1035 4208 divina
1061 4154 1211 4206 lectio
1233 4154 1517 4219 legeretur,
1540 4151 1744 4216 fratres
1768 4147 2103 4206 charissimi,

513 4247 836 4303 audivimus
859 4243 1075 4293 beatum
1095 4241 1384 4291 Joannem.
1403 4234 1661 4290 Decimus
1682 4233 1910 4303 quintus
1931 4231 2010 4284 sic
2031 4231 2111 4283 inv

514 4333 681 4405 cipit:
709 4333 775 4385 In
799 4331 1021 4383 lectione
1042 4344 1158 4395 quae
1182 4329 1408 4379 recitata
1429 4333 1521 4389 est,
1541 4327 1746 4392 fratres
1768 4323 2104 4383 charissimi,

2195 3168 2546 3242 Gratianum,
2604 3165 3081 3226 Valentinianum,
3130 3170 3186 3218 et
3239 3161 3662 3230 Theodosium;
3705 3161 3799 3214 hic

2193 3256 2335 3309 liber
2372 3256 2450 3309 sic
2487 3255 2683 3326 incipit
2726 3272 2736 3306 :
2783 3254 3215 3322 Imperatoribus
3263 3253 3710 3304 clementissimis
3750 3255 3797 3302 et

2193 3347 2692 3398 christianissimis.
2728 3343 2870 3396 Item
2903 3341 3185 3396 Ambrosii
3215 3341 3283 3394 ad
3317 3340 3580 3395 eosdem:
3613 3340 3797 3406 Impe-

2193 3436 2473 3487 ratoribus
2503 3434 2940 3486 clementissimis
2973 3435 3019 3486 et
3043 3432 3397 3500 principibus
3429 3429 3794 3486 Christianis.

2193 3522 2331 3576 Item
2377 3521 2486 3574 alia
2517 3520 2766 3592 ejusdem
2797 3517 3016 3574 concilii
3047 3540 3057 3572 :
3091 3517 3525 3586 Imperatoribus
3554 3517 3798 3568 clemen-

2191 3614 2434 3664 tissimis.
2465 3611 2604 3666 ltem
2637 3609 2746 3664 alia
2771 3609 2840 3661 ad
2863 3607 3088 3662 eosdem
3116 3625 3128 3660 :
3165 3608 3232 3660 Et
3261 3607 3357 3659 hoc
3385 3607 3576 3673 gloria:
3603 3609 3798 3658 vestra:

2190 3701 2651 3753 clementissimus
2675 3700 2929 3766 princeps
2950 3741 2962 3752 .

2259 3787 2490 3857 Legatio
2518 3785 2800 3840 Ambrosii
2825 3784 3069 3857 episcopi
3098 3783 3169 3837 ad
3190 3781 3656 3836 Valentinianum
3688 3779 3798 3834 im-

2189 3884 2502 3948 peratorem
2520 3895 2529 3927 :
2549 3877 2865 3930 Ambrosius
2882 3875 3263 3927 Valentiniano
3283 3874 3633 3940 imperatori.
3647 3869 3798 3923 Item

2190 3967 2300 4020 alia
2338 3967 2407 4020 ad
2456 3965 2735 4019 eumdem.
2780 3964 2860 4017 De
2910 3961 3316 4016 contemnendo
3356 3959 3799 4018 simulacrorum

2192 4057 2468 4110 culturam
2495 4074 2505 4107 :
2535 4056 2672 4109 Cum
2703 4070 2886 4108 omnes
2919 4053 3165 4105 homines
3193 4053 3290 4122 qui
3317 4050 3416 4102 sub
3444 4051 3654 4104 ditione
3692 4051 3799 4102 Ro-

2193 4162 2363 4198 mana
2394 4149 2686 4212 reguntur.
2711 4143 2853 4196 Item
2882 4141 2952 4194 ad
2984 4140 3245 4194 eumdem
3266 4139 3686 4208 imperatorem,
3714 4154 3798 4192 re-

2192 4234 2325 4287 latio
2348 4231 2668 4304 Symmachi
2708 4231 2952 4301 preefecti
2974 4227 3157 4293 Urbis,
3187 4233 3251 4282 ut
3279 4243 3434 4286 aram
3473 4227 3798 4280 simulacris

2192 4323 2479 4393 permittat
2509 4321 2747 4374 restitui.
2778 4321 2874 4373 Ubi
2896 4321 3120 4386 primus
3145 4322 3366 4375 senatus
3386 4319 3791 4383 amplissimus.

517 4439 663 4490 reges
697 4422 836 4472 illos.
878 4416 1138 4470 Decimus
1166 4420 1351 4468 sextus
1381 4413 1461 4466 sic
1492 4411 1687 4483 incipit
1722 4430 1731 4463 :
1762 4413 1974 4478 Quoties
2007 4411 2110 4462 Ba-
2130 4403 2337 4466 Dltem
2366 4409 2647 4468 Ambrosii
2679 4409 2749 4461 ad
2792 4406 3252 4462 Valentinianum
3281 4405 3702 4475 imperatorem,
3741 4409 3798 4457 et

517 4512 801 4580 byloniam
823 4507 1125 4566 nominari,
1152 4506 1406 4562 audistis,
1427 4505 1630 4571 fratres
1651 4501 1989 4560 charissimi,
2019 4515 2111 4551 no-

518 4603 608 4653 lite
621 4600 896 4650 civitatem
908 4596 969 4647 de
989 4595 1261 4663 lapidibus
1281 4595 1490 4658 factam
1514 4587 2109 4655 intelligere.Decimus

516 4687 788 4758 septimus
830 4684 909 4738 sic
949 4682 1182 4754 incipit:
1221 4682 1288 4733 In
1338 4683 1559 4734 lectione
1596 4694 1713 4745 (μιιέ
1753 4680 1981 4729 recitata
2011 4680 2103 4737 est”,

515 4779 719 4846 fratres
735 4775 1054 4828 charissimi
1064 4811 1076 4835 ,
1099 4774 1280 4824 beatus
1299 4772 1536 4822 Joannes
1559 4769 1889 4833 evangelista
1909 4769 1986 4819 sic
2002 4768 2102 4817 ait.

517 4864 906 4921 Octodecimus
945 4861 1025 4914 sic
1070 4858 1265 4928 incipit
1307 4876 1316 4909 :
1373 4858 1527 4910 Sicut
1566 4857 1721 4908 modo
1763 4857 2102 4915 audivimus,

514 4956 716 5022 fratres
758 4951 1094 5008 charissimi,
1129 4949 1358 5012 angelus
1402 4945 1622 4998 Domini
1672 4946 1886 4995 locutus
1924 4948 1997 4995 est
2037 4943 2108 4994 ad

517 5045 732 5096 beatum
762 5042 1032 5093 Joannem
1063 5037 1262 5088 dicens.

589 5132 630 5184 Γ
659 5129 862 5198 Incipit
907 5123 1378 5179 commentarium
1419 5120 1594 5173 sancti
1644 5118 1980 5190 Hieronymi
2031 5119 2110 5172 De

515 5218 850 5293 Apocalypsi
874 5215 1105 5270 Joannis
1136 5212 1370 5286 apostoli
1398 5229 1408 5279 ;
1452 5211 1540 5263 hic
1579 5210 1718 5262 liber
1745 5210 1824 5263 sic
1869 5209 2064 5278 incipit
2096 5230 2106 5261 :

513 5315 770 5370 Joannes,
790 5303 1078 5377 quigratia
1094 5302 1192 5356 Dei
1212 5305 1632 5368 interpretatur,
1649 5303 1888 5366 figuram
1905 5299 2113 5351 Christi

518 5403 714 5453 tenuit.

593 5489 633 5543 Γ
679 5485 881 5557 Incipit
936 5481 1218 5554 Expositio
1258 5479 1423 5533 Bedae
1465 5475 1673 5530 Christi
1712 5473 1906 5528 famuli
1946 5491 2113 5546 super

519 5576 852 5652 Apocalypsi
881 5572 1114 5629 Joannis
1156 5569 1415 5643 apostoli,
1448 5566 1574 5620 libri
1607 5579 1691 5633 In,
1722 5569 1951 5634 excepto
1980 5580 2110 5640 pro-

2195 4500 2592 4570 Symmachum
2628 4498 2953 4567 praefectum
2984 4495 3170 4548 Urbis.
3196 4496 3514 4554 Beatissimo
3539 4496 3798 4562 principi

2194 4596 2238 4643 et
2261 4591 2726 4643 christianissi-mo
2758 4587 3085 4656 imperatori
3117 4585 3501 4637 Valentiniano
3522 4583 3791 4648 Augusto,

2192 4679 2511 4731 Ambrosius
2541 4679 2834 4744 cpiscopus.
2880 4671 3126 4744 Epistola
3156 4669 3435 4723 Ambrosii
3467 4675 3524 4722 et
3554 4669 3796 4724 aliorum

2192 4766 2578 4835 epiSCOporum
2629 4762 2802 4819 Italiae
2839 4761 2909 4814 ad
2942 4758 3319 4813 Theodosium
3358 4759 3788 4826 imperatorem.

2193 4856 2507 4908 Beatissimo
2538 4853 2864 4919 imperatori
2884 4855 2933 4902 et
2959 4850 3378 4902 clementissimo
3395 4850 3648 4914 principi
3670 4850 3799 4900 Am-

2196 4945 2428 5008 brosius,
2449 4948 2552 4995 etc.
2583 4944 2722 4995 ltem
2756 4940 2865 4992 alia
2896 4938 2964 4991 ab
2995 4937 3204 4990 eisdem
3235 4935 3509 5007 episcopis
3539 4937 3610 4988 ad
3644 4951 3798 4989 eum-

2195 5031 2319 5086 dem
2351 5031 2765 5102 imperatorem.
2794 5031 3110 5082 Beatissimo
3141 5028 3470 5094 imperatori
3487 5029 3533 5076 et
3565 5028 3798 5079 clemen—

2197 5124 2404 5174 tissimo
2427 5122 2677 5188 principi
2713 5119 2997 5171 Theodosio
3029 5116 3371 5180 Ambros-ius,
3399 5117 3446 5165 et
3476 5117 3661 5166 exteri
3690 5119 3795 5184 epi-

2194 5212 2339 5275 scopi
2384 5211 2576 5262 llalire.
2621 5208 2698 5260 De
2739 5205 3088 5259 humanitate
3145 5210 3199 5257 et
3246 5202 3516 5272 religione
3546 5202 3793 5256 Valenti-

2195 5297 2348 5349 niani
2390 5297 2655 5350 Junioris.
2685 5295 3012 5348 Ambrosius
3059 5292 3366 5347 Theodosio
3411 5291 3788 5362 imperatori:

2193 5387 2492 5440 Silentium
2526 5402 2705 5438 meum.
2738 5388 2906 5452 rupit.
2935 5382 3038 5437 Ubi
3069 5399 3128 5436 se
3160 5386 3386 5435 excusat
3405 5381 3534 5450 jure
3562 5381 3786 5435 Maximi

2193 5475 2420 5546 tyranni
2450 5475 2758 5530 declinasse
2780 5470 3135 5544 praesentiam
3163 5489 3173 5524 :
3207 5472 3528 5524 Ambrosius
3559 5471 3792 5524 Theodo-

2192 5566 2272 5617 sio
2302 5567 2644 5636 imperatori.
2679 5563 2823 5616 ltem
2850 5561 3132 5616 Ambrosii
3160 5559 3404 5632 episcopi
3432 5557 3503 5613 ad
3532 5559 3793 5621 Theodo-
