3934 6358
64 363 187 423 1357

1262 361 1484 415 EPIST.
1523 360 1621 414 AD
1661 361 2103 415 STEPHANUM

3168 360 3308 426 1358

57 491 225 545 sium:
272 490 592 543 Ambrosius
649 489 935 541 Theodosio
993 489 1336 554 imperatori.
1388 485 1635 556 Epistola
1656 489 1696 545 Α
1721 485 1997 539 Chronica
2017 485 2195 538 sancti
2237 483 2437 538 Isidori
2473 483 2758 554 Spalensis
2799 483 3064 554 episcopi;
3105 484 3309 538 descri-

55 575 320 633 Ambrosii
369 576 443 630 ad
486 575 798 645 Eugenium
841 573 1270 644 imperatorem:
1324 574 1637 629 Clementis-

54 671 178 721 simo
201 668 530 734 imperatori
558 665 819 734 Eugenio,
858 664 1179 718 Ambrosius
1210 665 1502 730 episcopus.
1548 663 1637 716 In-

55 756 175 827 cipit
197 753 341 808 liber
359 753 539 808 sancti
559 751 839 807 Ambrosii
870 750 956 806 De
987 750 1143 805 obitu
1183 750 1482 806 Theodosii
1535 751 1638 804 im-

55 843 312 918 peratoris
349 862 361 896 :
395 844 504 898 Hoc
529 845 682 896 nobis
727 846 904 894 motus
949 843 1157 908 gravis.
1207 839 1412 910 Incipit
1459 838 1638 893 sancti

55 931 319 988 Ambrosii
351 930 597 1002 episcopi
617 931 697 984 De
733 945 962 984 excessu
991 928 1180 983 fratris
1221 928 1348 982 libri
1393 942 1455 992 ιι,
1497 943 1638 998 quo-

55 1037 166 1077 rum
193 1021 411 1092 primus
437 1020 514 1074 sic
531 1018 726 1091 incipit
748 1037 762 1072 :
801 1020 1152 1080 Deduximus,
1174 1019 1378 1085 fratres
1402 1018 1640 1070 dilectis-

57 1114 188 1174 simi,
215 1109 456 1164 hostiam
486 1125 683 1163 meam.
717 1107 925 1184 Incipit
943 1107 1224 1161 secundus
1253 1106 1323 1160 de
1339 1107 1534 1160 eadem
1551 1121 1629 1158 re:

58 1202 114 1254 In
141 1201 222 1254 die
253 1203 442 1253 octavo
478 1200 758 1267 superiore
809 1197 988 1250 libello
1031 1197 1251 1264 aliquid
1293 1197 1636 1249 indulsimus

59 1289 322 1343 desiderio.
349 1286 682 1342 Ambrosius
699 1286 992 1358 episcopus
1020 1285 1236 1340 clericis
1259 1302 1272 1338 :
1308 1287 1640 1351 Plerumque

60 1379 306 1432 humanis
349 1377 583 1444 obrepsit
622 1377 914 1430 mentibus.
970 1374 1298 1430 Ambrosius
1346 1373 1641 1444 episcopus

59 1466 290 1521 Irenaeo:
340 1467 551 1534 Quaeris
582 1481 618 1518 a
655 1481 739 1518 me
778 1481 882 1519 cur
920 1465 1192 1520 Dominus
1237 1465 1379 1518 Deus
1427 1477 1641 1516 manna

54 1559 264 1624 pluerit.

117 1644 159 1698 T
185 1643 290 1699 Sex
316 1641 449 1698 libri
468 1643 769 1714 Augustini
807 1641 1051 1714 episcopi
1081 1641 1337 1696 catholici
1367 1641 1426 1694 in
1469 1639 1642 1694 libros

61 1731 248 1786 Iuliani
278 1731 532 1786 haeretici
561 1730 876 1801 Pelagianae
892 1729 1140 1794 haeresis,
1159 1734 1388 1800 excepta
1408 1728 1645 1799 epistola

63 1821 123 1874 ad
143 1828 305 1892 caput
324 1821 611 1892 adjuncta.
637 1819 760 1874 Hoc
788 1836 926 1890 opus
974 1818 1054 1873 sic
1090 1819 1310 1890 incipit:
1353 1819 1640 1872 (Jontume-
1660 1803 1706 1862 Β

67 1913 157 1962 Iias
182 1916 301 1965 tuas
329 1915 382 1964 et
412 1911 575 1964 verba
601 1910 887 1970 maledica,
913 1911 1158 1962 Jutiane.

125 1998 164 2051 Γ
190 1998 493 2069 Augustini
515 1997 782 2052 adversus
811 1997 982 2050 libros
1005 1995 1365 2050 Parmeniani
1405 1993 1640 2049 Donati-

68 2092 168 2150 stae,
196 2087 325 2142 libri
351 2103 435 2142 In.
472 2089 589 2141 Hoc
613 2104 754 2157 opus
783 2086 862 2140 sic
881 2085 1078 2156 incipit
1101 2105 1112 2138 :
1146 2087 1324 2139 Multa
1350 2085 1570 2151 quidem
1595 2088 1643 2136 et

68 2179 478 2243 alias_adrersus
496 2178 830 2234 Donatistas.
861 2173 1004 2227 Item
1027 2173 1380 2244 Augustinus
1405 2173 1478 2226 De
1498 2172 1644 2226 bono

71 2265 347 2334 conjugali.
378 2264 483 2318 Hic
512 2263 656 2317 liber
693 2263 771 2316 sic
793 2263 1017 2333 incipit:
1044 2264 1108 2316 In
1143 2261 1428 2329 conjugali
1448 2263 1646 2328 quippe

72 2356 284 2416 vinculo,
321 2355 422 2407 hoc
439 2355 502 2407 de
528 2355 667 2406 libro
703 2355 1187 2407 Retractationum.
1245 2351 1324 2404 De
1354 2349 1555 2420 spiritu
1590 2353 1647 2402 et

73 2440 258 2508 littera,
289 2442 361 2497 ad
397 2441 786 2501 Marcelinum.
821 2440 999 2494 sancti
1019 2438 1320 2509 Augustini
1361 2438 1643 2508 prologus,

73 2531 133 2588 ad
157 2548 320 2601 quem
350 2531 651 2606 scripserat
679 2536 796 2586 tres
825 2529 1012 2590 libros.
1047 2528 1213 2588 Liber
1245 2527 1424 2584 sancti
1453 2528 1647 2596 Augu-

75 2619 189 2677 stini
218 2621 287 2680 ad
312 2619 706 2684 Marcellinum
736 2619 817 2674 De
843 2617 1046 2690 spiritu
1077 2618 1333 2676 etlittera
1357 2633 1369 2668 :
1401 2615 1650 2670 hicliber

77 2709 141 2761 sic
173 2708 401 2782 incipit:
451 2711 612 2764 Lectis
657 2709 932 2778 opusculis
971 2724 1090 2775 quae
1131 2715 1307 2774 nuper
1347 2707 1640 2758 elaboravi.

79 2797 252 2852 Sermo
277 2798 458 2854 sancti
487 2797 786 2868 Augustini
817 2796 897 2850 De
928 2795 1228 2867 praesentia
1251 2794 1371 2858 Dei,
1401 2793 1471 2849 ad
1505 2793 1646 2848 Dar-

79 2885 299 2954 danum;
331 2887 425 2942 hic
454 2885 592 2940 liber
617 2886 696 2940 sic
737 2885 962 2956 incipit:
1011 2885 1202 2938 Fateor
1240 2899 1340 2946 me,
1393 2883 1480 2949 ﬁli
1514 2883 1650 2938 Dar-

81 2975 218 3028 dane.
243 2977 388 3031 Item
419 2992 606 3030 sermo
644 2974 824 3028 sancti
849 2971 1152 3043 Augustini
1180 2972 1258 3026 De
1295 2969 1649 3040 virginitate;

83 3061 158 3116 hic
182 3065 319 3120 liber
347 3066 430 3121 sic
459 3064 686 3135 incipit:
723 3065 1002 3130 Quantam
1031 3065 1093 3114 in
1113 3061 1406 3114 caelestibus
1429 3061 1657 3114 beatitu-

85 3153 249 3207 dinem
277 3157 579 3223 virginitas
607 3158 803 3206 sancta
827 3153 1118 3219 possideat.
1139 3148 1344 3220 Incipit
1371 3148 1514 3201 liber
1542 3150 1658 3200 Au"

86 3241 274 3308 gustini
303 3244 386 3298 De
420 3255 544 3300 vera
570 3241 841 3316 religione
865 3258 879 3308 ;
905 3239 994 3298 hic
1022 3238 1166 3296 liber
1179 3239 1258 3294 sic
1274 3237 1501 3310 incipit:
1523 3237 1660 3292 Cum

89 3333 245 3384 omnis
268 3335 391 3386 vita:
413 3333 559 3385 bonae
585 3347 651 3384 ac
675 3331 850 3383 beatae.

149 3417 185 3471 Γ
211 3417 364 3474 Libri
393 3435 458 3474 ιιι
489 3418 666 3474 sancti
687 3417 994 3488 Augustini
1017 3417 1095 3470 De
1123 3414 1290 3470 verbo
1331 3412 1556 3470 Domini
1602 3411 1660 3465 in

89 3509 436 3578 evangelistas
465 3513 599 3570 tres,
632 3507 687 3560 id
711 3515 798 3561 est
826 3507 1141 3571 Mattheus,
1175 3505 1353 3558 Lucas
1385 3509 1439 3557 et
1489 3501 1662 3556 Joan-

91 3613 210 3666 nes;
240 3603 386 3673 quod
434 3619 573 3673 Opus
605 3601 664 3655 in
705 3599 923 3654 duobus
968 3597 1348 3653 voluminibus
1393 3597 1660 3667 scriptum

93 3685 358 3746 habemus.
402 3693 528 3745 Non
557 3691 680 3748 dico
711 3689 861 3764 quod
889 3689 958 3742 de
989 3704 1100 3742 uno
1131 3687 1273 3740 libro
1303 3685 1500 3739 divisio
1518 3686 1660 3738 tacta

97 3773 258 3834 fuitin
285 3780 398 3836 duo
433 3779 747 3845 volumina;
790 3777 886 3832 sed
925 3777 1059 3848 quia
1089 3775 1350 3829 eumdem
1389 3773 1474 3827 bis
1525 3774 1662 3827 scri-

95 3869 231 3932 ptum
259 3869 553 3926 habemus.
584 3867 996 3938 Scripseramus
1024 3864 1250 3938 quidem
1269 3880 1393 3917 eum
1421 3863 1660 3934 pridem,

97 3953 177 4007 sed
202 3973 308 4016 non
337 3965 458 4018 tam
483 3957 798 4011 luculenter
825 3960 889 4009 ut
915 3960 1110 4030 postea
1133 3972 1145 4020 ;
1171 3969 1410 4025 quorum
1449 3951 1664 4022 primus

97 4040 162 4096 sic
180 4043 394 4118 incipit:
427 4047 840 4112 Evangetzstam
865 4045 1204 4106 audivimus,
1233 4047 1284 4094 et
1319 4043 1380 4094 in
1407 4058 1464 4094 eo
1487 4043 1666 4096 Domi-

100 4145 219 4185 num
243 4152 323 4189 cos
354 4139 698 4206 arguentem.

159 4217 196 4274 Γ
222 4223 298 4280 De
318 4240 595 4286 consensu
612 4221 1118 4294 Evangelistarum,
1141 4219 1270 4274 libri
1296 4233 1350 4273 Iv
1374 4239 1386 4287 ;
1412 4219 1668 4290 hocopus

1722 573 1854 628 bens
1894 573 2270 628 Historiarum
2315 573 2648 627 breviarium
2695 571 2765 626 ab
2817 572 3044 627 exordio
3088 572 3303 638 mundi,

1718 681 1898 736 usque
1922 666 1992 720 ad
2017 666 2258 744 Heraclii
2283 673 2528 737 tempus,
2563 665 2720 720 liber.
2759 665 2926 722 Liber
2950 665 3310 728 Dilferentia-

1717 771 1845 808 rum
1875 754 2072 810 Isidori
2099 755 2386 826 Spalensis
2405 755 2684 826 episcopi:
2735 755 2827 808 hic
2873 753 3017 816 liber
3044 753 3125 808 sic
3169 753 3310 808 inci-

1719 843 1826 914 pit.
1851 887 1862 899 .
1887 888 1898 900 .
1923 887 1934 899 .
1958 888 1969 900 .
1993 889 2004 900 .
2029 887 2042 900 .
2066 888 2078 900 .
2109 843 2253 898 Item
2282 844 2362 898 De
2390 843 2844 898 distinctionibus
2876 848 3120 916 quatuor
3147 841 3312 904 vitio-

1720 949 1878 997 rum,
1913 931 2003 986 hic
2025 931 2167 986 liber
2195 932 2274 986 sic
2293 931 2515 1003 incipit:
2549 933 2756 987 Contra
2787 933 2894 986 haec
2925 937 3038 986 tam
3059 945 3116 986 Iv
3135 934 3314 994 virtu-

1721 1026 1837 1074 tum
1867 1037 2085 1088 genera.
2118 1022 2260 1075 Item
2291 1021 2589 1086 secundus,
2618 1021 2700 1075 De
2743 1020 3075 1076 differentiis
3111 1019 3312 1084 verbo-

1719 1125 1842 1163 rum
1869 1127 1881 1174 ;
1914 1109 2004 1162 hic
2029 1108 2170 1162 liber
2195 1109 2276 1163 sic
2304 1109 2522 1181 incipit:
2551 1112 2796 1172 Isidorus
2827 1112 3032 1172 lectori,
3051 1113 3310 1167 salutem.

1719 1201 1972 1266 Plerique
1997 1205 2240 1252 veterum
2256 1214 2576 1253 sermonum
2606 1200 2944 1265 di/I‘erentias
2971 1199 3314 1266 distinguere

1720 1289 2072 1342 studuerunt.
2125 1289 2322 1343 Sermo
2375 1289 2575 1344 Isidori
2631 1293 2829 1342 contra
2881 1287 3153 1345 Arianos:
3217 1287 3314 1366 qui

1723 1376 1802 1430 sic
1829 1375 2052 1452 incipit:
2103 1377 2246 1440 Veni,
2289 1377 2520 1432 Domine
2563 1379 2690 1432 Jesu
2735 1377 2964 1440 Christe,
3005 1376 3314 1445 redemptor

1723 1469 1925 1518 noster.

1794 1552 1990 1606 Sermo
2019 1550 2197 1606 sancti
2218 1551 2450 1606 Joannis
2476 1551 2542 1606 Os
2564 1555 2746 1618 aurei,
2795 1552 2877 1606 De
2922 1553 3137 1632 psalmo
3164 1570 3216 1619 L,
3261 1558 3319 1608 et

1723 1639 2051 1712 paenitentia
2079 1639 2278 1707 David,
2300 1643 2396 1712 qui
2422 1641 2502 1694 sic
2528 1641 2760 1712 incipit:
2800 1641 2883 1696 Ad
2915 1659 3068 1696 caena
3105 1657 3196 1696 vos
3227 1657 3316 1702 re-

1728 1733 1932 1802 liquias
1979 1730 2508 1802 vocamus.Epistola
2546 1731 2797 1801 ejusdem
2845 1731 2916 1784 ad
2955 1747 3050 1784 eos
3094 1730 3191 1802 qui
3231 1729 3318 1785 di-
3424 1777 3431 1787 ,

1724 1825 1877 1884 cunt,
1923 1819 2108 1882 Quare
2147 1835 2260 1873 non
2296 1819 2366 1872 de
2409 1819 2592 1874 medio
2625 1819 2878 1876 sublatus
2899 1825 2987 1875 est
3031 1819 3318 1886 diabolus;

1721 1909 1812 1964 hic
1835 1909 1977 1962 liber
2003 1908 2082 1962 sic
2115 1908 2349 1979 incipit:
2387 1911 2627 1963 Rursum
2668 1911 2815 1962 vobis
2860 1924 3107 1962 mensam
3147 1925 3319 1977 quam

1719 2000 1936 2066 pridem
1962 1998 2288 2065 pro-misi.ln
2316 1997 2540 2051 nomine
2570 2003 2775 2051 sanctae
2807 1997 3180 2052 etindividuae
3200 1997 3320 2052 Tri-

1725 2085 1938 2150 nitatis,
1969 2085 2244 2156 incipiunt
2268 2092 2394 2140 acta
2423 2087 2598 2140 sancti
2621 2085 2890 2140 Methodii
2921 2085 3164 2157 episcopi
3206 2087 3318 2140 Pa-

1726 2175 1982 2240 terensis,
2017 2176 2096 2228 De
2136 2175 2321 2246 regnis
2353 2192 2548 2246 regum
2572 2175 2848 2248 gentium,
2879 2182 2936 2228 et
2962 2176 3042 2229 De
3073 2175 3316 2238 novissi-

1729 2265 1836 2318 mis
1854 2263 2201 2334 temporibus
2221 2270 2373 2318 certa
2405 2264 2810 2318 demonstratio
2841 2264 3182 2318 Christiana.

1799 2355 1920 2408 Duo
1951 2353 2076 2406 libri
2097 2355 2238 2423 Aug.
2263 2353 2344 2407 De
2365 2353 2569 2407 Genesi
2589 2360 2783 2407 contra
2813 2353 3147 2408 Manichaeos
3174 2371 3186 2407 :
3217 2353 3324 2408 hoc

1729 2461 1868 2514 opus
1897 2443 1976 2496 sic
2006 2442 2236 2514 incipit:
2267 2443 2331 2497 Si
2355 2445 2614 2509 eligerent
2643 2443 2935 2496 Manicha'i
2961 2458 3094 2510 quos
3122 2442 3330 2510 decipe-

1728 2537 1873 2594 rent.
1903 2533 2057 2592 Idem
2088 2532 2199 2588 duo
2221 2531 2346 2594 libri
2383 2532 2563 2594 sancti
2594 2531 2982 2602 Augustinied
3009 2531 3325 2609 Simplicio-

1729 2637 1899 2694 num;
1935 2621 2038 2674 hoc
2071 2636 2210 2690 opus
2249 2621 2329 2680 sic
2377 2621 2610 2691 incipit:
2655 2621 3129 2682 Gratiosissimam
3159 2621 3326 2688 plane

1733 2715 1895 2777 atque
1920 2711 2310 2762 suavissimam
2336 2713 2840 2777 interrogationum
2873 2712 3100 2763 tuarum
3134 2710 3330 2776 digna-

1737 2799 1937 2850 tionem
1949 2795 2112 2852 .Item
2142 2796 2489 2866 Augustinus
2505 2797 2575 2849 ad
2592 2797 2989 2863 Dulcitium,de
3004 2802 3128 2851 octo
3149 2813 3331 2868 quies-

1735 2883 2018 2944 tionibus;
2046 2879 2151 2942 hoc
2181 2901 2322 2956 opus
2352 2885 2431 2939 sic
2457 2885 2691 2955 incipit:
2743 2888 3026 2953 Quantum
3069 2887 3214 2940 mihi
3250 2887 3330 2939 vi-

1735 2975 1916 3034 detur,
1942 2977 2028 3039 ﬁli
2054 2975 2402 3027 dilectissime
2429 2975 2658 3028 Dulciti.

1807 3061 2009 3132 Incipit
2043 3061 2327 3132 Expositio
2357 3079 2528 3133 super
2555 3063 2784 3118 Cantica
2825 3063 3172 3118 canticorum
3213 3066 3330 3136 Ap-

1740 3150 1930 3222 ponii;
1967 3150 2055 3204 hic
2093 3151 2236 3204 liber
2271 3151 2352 3205 sic
2401 3151 2626 3222 incipit:
2675 3153 3106 3208 Admirantibus
3151 3170 3331 3208 vocem

1739 3240 1985 3311 Spiritus
2015 3243 2214 3300 sancti.

1811 3329 2111 3384 TDecreta
2154 3329 2570 3401 pontiﬁcum...
2605 3331 2772 3402 primi
2817 3331 3122 3388 Clementis
3178 3349 3336 3405 papae

1744 3419 1815 3474 ad
1847 3419 2175 3474 Damasum.

1813 3507 1858 3562 T
1889 3509 2031 3562 Item
2057 3507 2357 3578 Augustini
2395 3507 2525 3562 libri
2559 3523 2633 3562 xv
2661 3509 2742 3563 De
2781 3509 3006 3566 civitate
3043 3511 3164 3579 Dei,
3194 3526 3232 3566 Χ
3275 3511 3336 3566 in

1743 3595 2025 3650 volumine
2045 3613 2176 3661 uno,
2209 3601 2267 3650 et
2289 3613 2320 3648 ν
2348 3597 2407 3650 in
2438 3597 2568 3650 alio.

1813 3685 1858 3738 T
1894 3685 2270 3738 Historiarum
2297 3684 2662 3756 antiquarum
2689 3701 2816 3746 XLIV
2841 3687 2940 3744 lib.
2974 3687 3144 3766 Trogi
3168 3689 3337 3750 Pom-

1745 3791 1876 3845 pen.

1813 3863 1858 3916 T
1887 3863 2168 3934 Expositio
2199 3863 2250 3916 in
2277 3863 2635 3936 Evangelium
2674 3864 2922 3920 Matthaei
2965 3865 3118 3922 edita
3147 3866 3336 3924 nescio

1745 3968 1779 4006 a
1815 3968 1925 4022 quo
1959 3958 2210 4016 auctore,
2244 3969 2370 4006 cum
2404 3953 2632 4025 prologo
2663 3954 2733 4010 ad
2763 3961 2932 4029 caput
2968 3955 3201 4028 juncto;
3247 3956 3339 4010 hic

1746 4041 1888 4094 liber
1915 4041 1994 4095 sic
2022 4041 2251 4113 incipit:
2277 4043 2414 4096 Cum
2435 4044 2692 4114 diligenti
2717 4045 2916 4106 studio,
2951 4061 3016 4098 ac
3044 4063 3169 4100 cum
3189 4048 3340 4101 solli-

1749 4133 1855 4184 cita
1869 4131 2096 4182 diversis
2109 4133 2435 4184 testimoniis
2451 4133 3340 4201 prophetarum,evangelistarum

1749 4235 2046 4274 numerum
2071 4221 2322 4272 volumus
2351 4222 2674 4288 approbare.
2707 4222 2824 4278 Hoc
2845 4228 3037 4277 autem
3067 4239 3208 4294 opus
3221 4229 3342 4280 ten-

101 4305 168 4360 sic
202 4309 393 4392 incipit
427 4313 614 4369 :Inter
659 4329 844 4370 omnes
892 4313 1111 4370 divinas
1159 4311 1513 4364 auctoritates
1552 4325 1670 4378 qua
1749 4308 1831 4362 dit
1860 4323 2037 4378 usque
2075 4306 2146 4360 ad
2196 4307 2581 4378 Evangelium,
2641 4327 2752 4380 quo
2799 4312 2925 4368 ait:
2984 4313 3132 4368 Tunc
3170 4314 3340 4368 oblati

101 4402 249 4454 sacris
273 4403 473 4456 litteris
493 4404 868 4456 continentur.

1683 4401 1878 4494 Dsunt
1908 4399 1959 4448 ei
1981 4398 2212 4464 parvuli
2239 4401 2301 4448 ut
2338 4413 2539 4451 manus
2572 4401 2646 4452 eis
2677 4403 2978 4468 imponeret
3019 4406 3070 4455 et
3116 4407 3336 4466 oraret;

158 4485 198 4541 T
229 4487 392 4548 Liber
430 4489 910 4564 Etymologiarum
957 4485 1158 4543 Isidori
1209 4487 1494 4563 Spalensis
1552 4483 1729 4554 (sic)"
1751 4491 1805 4540 et
1834 4484 2102 4539 dividitur
2128 4483 2400 4556 expositio
2426 4486 2553 4542 libri
2581 4488 2640 4542 in
2665 4506 2829 4545 Lxxv1
2859 4491 3120 4562 capitula.

103 4579 340 4652 episcopi.

161 4662 200 4717 Γ
224 4667 373 4724 Libri
397 4686 431 4724 x
460 4668 600 4724 Livii
633 4667 748 4738 (sic)
772 4667 842 4725 ab
884 4665 1032 4725 Urbe
1062 4664 1306 4729 condita,
1349 4665 1445 4719 sed
1483 4665 1668 4738 capita

102 4761 178 4816 XL,
196 4756 369 4814 adhuc
393 4757 598 4814 desunt
620 4757 992 4834 Pomposiano
1023 4754 1230 4821 abbati,
1265 4771 1386 4827 quae
1417 4753 1664 4828 repexire

102 4838 241 4898 avide
276 4847 522 4905 anhelat.

162 4929 199 4984 Γ
225 4932 386 4996 Liber
413 4935 790 5009 praemiorum
838 4934 919 4990 De
958 4933 1118 4988 libris
1174 4932 1313 4988 Novi
1356 4937 1412 4986 et
1444 4931 1664 4986 Veteris

101 5014 434 5082 Testamenti.
469 5023 615 5084 Item
643 5025 786 5079 liber
811 5023 990 5080 sancti
1012 5022 1211 5078 Isidori
1256 5023 1338 5077 De
1375 5021 1507 5087 vita,
1537 5027 1664 5079 ortu

106 5111 152 5158 et
167 5109 306 5172 obitu
327 5116 659 5172 Sanctorum
706 5114 960 5180 Patrum,
998 5112 1093 5183 qui
1140 5112 1194 5165 in
1244 5111 1663 5182 Scripturarum

105 5191 338 5261 laudibus
382 5199 738 5270 referuntur;
772 5203 864 5260 hic
909 5201 1051 5257 liber
1097 5201 1176 5256 sic
1228 5200 1460 5272 incipit:
1525 5202 1666 5254 Inci-

105 5287 244 5348 Ρῖιιηι
264 5297 507 5350 nomina.
545 5333 560 5352 .
597 5334 609 5348 .
643 5335 656 5348 .
689 5338 702 5350 .
733 5333 748 5346 .
784 5333 797 5346 .
833 5335 845 5346 .
883 5293 1251 5350 .Sanctorum
1301 5290 1532 5343 Patrum
1563 5289 1668 5344 Ve-

110 5371 222 5432 teris
245 5381 584 5441 Testamenti
615 5381 851 5456 mystice
884 5380 1132 5454 exposita
1163 5397 1197 5434 a
1227 5383 1419 5434 sancto
1450 5377 1665 5434 Isidoro

111 5458 334 5536 SPiullensi
355 5472 632 5548 episcopo.
665 5467 776 5526 Hic
806 5469 951 5526 liber
987 5469 1068 5526 sic
1108 5468 1338 5541 incipit:
1387 5468 1566 5522 Adam
1599 5471 1667 5536 ﬁ-

111 5563 285 5636 guram
305 5561 512 5620 Christi
527 5563 773 5636 gestavit.
805 5559 950 5614 Item
979 5559 1207 5622 nomine
1236 5562 1559 5612 sanctorum
1587 5556 1668 5611 De

111 5635 242 5700 Novo
259 5635 650 5706 Testamento:
671 5651 778 5705 hoc
817 5664 958 5721 opus
997 5647 1078 5704 sic
1121 5647 1351 5718 incipit:
1395 5647 1664 5714 Quatuor.

1819 4575 2118 4639 Memento,
2146 4574 2392 4644 prudens
2422 4576 2618 4644 lector,
2649 4578 2783 4647 quia
2825 4579 3019 4635 solerti
3045 4597 3182 4635 cura
3222 4581 3340 4653 (sic)

1749 4661 2120 4716 strenuissimi
2144 4662 2362 4717 abbatis
2391 4664 2721 4738 Hieronymi
2749 4669 3008 4740 superius
3034 4669 3190 4738 dicti,
3215 4687 3341 4724 om-

1748 4769 1847 4806 nes
1877 4769 2017 4823 pene
2046 4769 2218 4824 supra
2243 4760 2711 4810 commemoratos
2740 4755 2912 4812 libros
2958 4757 3212 4833 diligenti
3235 4758 3340 4814 sibi

1748 4841 2010 4896 exercitio
2025 4842 2144 4912 jam
2171 4841 2414 4896 scribere
2441 4841 2586 4895 fecit.
2616 4842 2747 4898 Ideo
2791 4844 2940 4898 enim
2986 4845 3120 4914 dixi,
3170 4863 3332 4917 pene,

1747 4931 1878 5004 quia
1903 4930 2175 5004 quosdam
2201 4947 2342 5001 quos
2379 4936 2606 4986 sanctus
2625 4931 2976 5004 Augustinus
2996 4934 3056 4988 in
3073 4935 3214 4990 libro
3232 4935 3336 4991 Re-

1745 5020 2142 5074 tractationum
2172 5025 2592 5086 commemorat,
2627 5020 2745 5090 ejus
2773 5021 2947 5076 avida).
2974 5039 3174 5078 manus
3197 5041 3337 5083 nun-

1747 5109 1880 5164 dum
1909 5107 2031 5178 (sic)
2056 5109 2332 5180 attingere
2349 5109 2660 5162 valuerunt.
2679 5109 2838 5164 Unde
2858 5127 3026 5184 sagax
3047 5112 3335 5186 ingenium

1747 5199 1897 5252 illius
1933 5215 2217 5270 nunquam
2258 5197 2494 5272 quiescit
2539 5198 2732 5254 sedulo
2777 5199 3069 5270 rogitando
3103 5217 3338 5273 percun-

1749 5288 1950 5344 ctando
1970 5287 2064 5344 ubi
2083 5286 2299 5345 habiles
2320 5293 2636 5344 sanctorum
2659 5286 2780 5341 libri
2803 5287 3044 5352 latitent,
3055 5297 3336 5361 quatenus

1749 5378 1818 5434 ad
1849 5394 2042 5432 eorum
2069 5377 2390 5450 indaginem
2413 5376 2721 5449 pervenire,
2757 5381 2814 5432 et
2841 5395 2942 5432 suo
2969 5381 3215 5440 armario
3242 5381 3338 5440 ad-

1749 5467 1882 5522 dere
1907 5467 2107 5532 valeat,
2131 5471 2194 5520 ut
2217 5465 2366 5520 inter
2401 5465 2623 5520 Italicas
2650 5465 3024 5540 Pomposiana
3051 5468 3191 5530 mire
3235 5469 3342 5529 ful.

1747 5560 1880 5626 geat
1899 5555 2160 5610 Ecclesia.
2185 5553 2392 5608 Omnia
2419 5554 2520 5610 Dei
2541 5553 2840 5614 clementia
2866 5556 3016 5612 circa
3041 5575 3193 5628 suos,
3215 5576 3341 5632 quo:

1751 5644 1830 5700 sic
1851 5645 2021 5700 ﬁdem
2051 5643 2291 5716 ﬂagrare
2311 5643 2466 5714 facit,
2497 5647 2564 5701 ut
2603 5645 2766 5719 quasi
2793 5647 3045 5706 esuriens
3079 5649 3342 5706 comedat
