3934 6366
626 418 763 477 1359

619 561 722 598 nec
742 544 999 608 satietur,
1032 544 1225 597 sitiens
1247 543 1794 614 ebibatampliusque
1816 541 2217 613 sitiat.Quippe
2239 547 2288 603 Α

618 632 958 686 desiderium
992 632 1161 697 illius,
1190 632 1414 685 modum
1438 633 1493 685 in
1516 632 1852 701 requirendo
1872 648 1981 685 non
2005 631 2216 702 reperit

617 721 816 787 ullum,
850 721 948 774 sed
978 721 1325 783 anhelanter,
1360 737 1705 791 operoseque
1752 720 2043 783 annititur,
2080 738 2210 791 quo,

618 826 711 863 se~
736 809 874 871 vivo,
946 809 1149 863 eximia
1187 809 1456 863 librorum
1487 809 1644 879 copia
1663 809 1943 879 propriam
1960 809 2102 862 ditet
2120 810 2215 863 Ec-

617 897 864 952 clesiam.
890 897 997 953 Sed
1019 898 1150 968 quia
1178 898 1319 951 livor
1350 904 1407 951 et
1433 897 1640 968 iniqua:
1672 898 1920 969 [linguae]
1976 896 2030 968 1)
2075 915 2210 952 con-

617 987 829 1057 tagium
852 1004 997 1057 saepe
1028 987 1175 1040 inter
1202 986 1383 1040 felicia
1412 1004 1605 1041 secure
1649 1003 1713 1040 ac
1753 986 1891 1040 bene
1930 995 2090 1057 gesta
2128 1004 2214 1041 ro-

613 1075 745 1129 dere
773 1076 974 1141 solent,
1016 1092 1127 1129 non
1156 1076 1480 1146 ignoramus
1503 1076 1758 1129 futurum
1791 1076 1909 1129 fore
1939 1077 2212 1146 quosdam

612 1164 1029 1235 superstitiosos
1056 1171 1114 1218 et
1163 1164 1469 1227 malivolos,
1516 1164 1611 1236 qui
1651 1171 1714 1218 ut
1744 1170 1936 1219 sancto
1964 1165 2085 1218 loco
2114 1165 2214 1219 de-

610 1254 860 1314 trahant.
884 1258 948 1308 ut
977 1253 1188 1324 optimo
1217 1252 1404 1307 abbati
1430 1254 1744 1307 calumnite.
1760 1294 1792 1306 ..
1813 1256 2073 1323 ingerant
2089 1270 2213 1324 pro-

610 1342 728 1397 caci
769 1359 904 1396 cura
947 1341 1254 1412 indagare;
1303 1359 1402 1396 cur
1463 1342 1609 1395 idem
1662 1342 1995 1395 venerabilis
2040 1341 2211 1396 abbas

607 1431 987 1502 Hieronymus
1040 1430 1216 1484 voluit
1247 1430 1543 1500 gentilium
1592 1430 1828 1495 codices,
1882 1430 2210 1500 fabulasque

605 1518 1171 1589 erroris,exactosque
1193 1524 1465 1588 tyrannos
1484 1518 1684 1572 divinae
1712 1518 1959 1573 inserere
1984 1520 2203 1572 veritati

603 1608 938 1679 pagineeque
965 1606 1233 1661 librorum
1255 1613 1595 1661 sanctorum.
1622 1605 1833 1670 Quibus
1856 1608 2201 1677 responden-

602 1696 737 1750 dum
768 1695 1089 1767 apostolicis
1117 1695 1316 1757 verbis,
1352 1696 1485 1766 quia
1514 1695 1573 1749 in
1598 1695 1762 1749 domo
1807 1695 2049 1766 potentis
2082 1712 2193 1750 non

601 1785 786 1839 solum
803 1801 936 1839 vasa
963 1801 1135 1839 aurea
1164 1789 1222 1838 et
1249 1789 1534 1855 argentea,
1572 1784 1669 1838 sed
1695 1790 1753 1838 et
1776 1784 1968 1838 fictilia
1996 1789 2194 1839 sunt...

602 1874 683 1942 (ΙΙ
708 1875 846 1929 Tim.
875 1888 937 1938 II,
982 1871 1095 1944 ‘20).

662 2052 747 2123 (1)
775 2053 867 2111 Sic
890 2053 1189 2125 legendum
1214 2058 1367 2124 puto,
1397 2052 1623 2107 nonnisi
1645 2069 1748 2107 vox
1778 2068 1893 2107 una
1925 2052 2101 2106 deest.

1712 418 2024 474 ROBERTI
2061 419 2366 473 ABBATIS
2406 419 2465 473 S.
2505 418 2807 475 VIGORIS

3766 416 3920 473 1360

2509 545 2626 599 Hoc
2654 545 2769 615 egit
2786 549 2851 599 ut
2880 561 2979 615 pro
3008 544 3195 598 studio
3224 548 3282 597 et
3306 543 3508 597 merito
3550 558 3655 597 suo
3700 542 3919 596 habent

2299 635 2683 704 unusquisque
2716 635 2769 687 in
2802 633 3002 704 quibus
3034 632 3344 693 oblectatur
3381 637 3439 685 et
3468 632 3697 703 proprie
3747 648 3919 685 exer-

2297 729 2420 778 ceat
2448 724 2755 794 ingenium.
2793 722 2940 777 Hinc
2966 730 3022 776 et
3052 722 3177 792 ipsa
3206 722 3433 775 Veritas
3463 723 3543 775 ait
3584 740 3596 774 :
3642 724 3713 776 In
3749 722 3917 774 domo

2296 817 2480 869 Patris
2528 816 2634 865 mei
2674 816 2985 865 mansiones
3024 812 3212 866 multa!
3252 816 3385 863 sunt
3427 813 3619 875 (Joan.
3665 824 3784 870 Juv,
3838 808 3914 875 2).

2298 903 2475 958 Credo
2500 912 2564 956 ut
2593 907 2802 973 quanto
2837 900 2960 971 quis
2994 901 3085 956 hic
3129 900 3237 954 erit
3274 898 3539 963 sanctior,
3586 903 3758 951 tanto
3797 898 3919 951 illic

2294 992 2528 1046 beatior.
2557 992 2709 1045 Idem
2736 1007 2957 1060 quoque
2984 988 3285 1059 gentilium
3314 993 3701 1043 commentum
3735 987 3915 1041 libro-

2295 1099 2441 1146 rum,
2474 1080 2519 1135 si
2539 1081 2609 1134 ad
2641 1096 2838 1151 puram
2871 1078 3265 1142 intentionem,
3302 1077 3701 1147 intelligantur
3737 1076 3915 1146 [utile

2289 1172 2394 1242 est]
2428 1170 2518 1234 (‘2).
2554 1170 2694 1233 Quid
2726 1169 2877 1223 enim
2909 1167 3061 1221 aliud
3091 1171 3295 1220 sonant
3345 1182 3516 1236 quam
3565 1164 3914 1218 saecularem

2295 1278 2556 1335 pompam
2589 1259 2726 1313 nihil
2749 1256 3078 1325 esse;unde
3118 1256 3447 1326 Apostolus:
3497 1254 3723 1310 Scimus
3767 1270 3912 1322 quo-

2294 1356 2451 1407 niam
2471 1348 2829 1416 diligentibus
2839 1347 3012 1399 Deum
3024 1348 3213 1397 omnia
3229 1347 3594 1411 cooperantur
3608 1345 3673 1395 in
3690 1343 3909 1394 bonum

2294 1443 2465 1509 (Rom.
2498 1453 2616 1504 vm,
2664 1434 2773 1500 €28).
2826 1434 3128 1499 Quiescant
3170 1432 3409 1503 itaque;
3451 1436 3911 1501 argumentosus

2287 1548 2414 1586 vero
2444 1528 2615 1583 abbas
2640 1527 2699 1580 in
2728 1529 2919 1579 sancto
2950 1539 3135 1594 opere,
3184 1527 3248 1575 ut
3296 1521 3393 1591 qui
3442 1519 3582 1573 bene
3634 1520 3908 1590 coeperit,

2284 1637 2462 1692 usque
2501 1618 2559 1672 in
2585 1618 2753 1670 ﬁnem
2785 1617 3123 1685 perseveret.
3173 1616 3237 1663 ut
3263 1609 3390 1663 libri
3420 1608 3665 1680 posteris
3697 1609 3906 1679 profu-

2281 1710 2396 1765 turi
2426 1708 2742 1763 scribantur
2779 1710 2837 1757 et
2862 1719 2962 1774 pro
2980 1700 3186 1755 futuris
3209 1697 3559 1770 temporibus
3578 1698 3653 1751 ad
3673 1714 3906 1752 memo-

2280 1800 2426 1854 riam
2465 1795 2823 1852 retinendum
2856 1792 3050 1845 itidem
3091 1788 3482 1845 subnotentur.

2355 2048 2423 2120 (‘1)
2456 2047 2546 2101 Sic
2583 2045 2859 2117 suppleto.

591 2216 3902 2264 Λ

592 2251 2752 2264 _—__—_________
2795 2251 3014 2254 ,θήκη
3057 2251 3063 2252 ,

1911 2404 2077 2449 ANNO
2119 2402 2338 2448 DOMINI
2368 2401 2536 2445 MXCII

590 2556 1835 2722 ROBERTUS
1970 2554 2279 2720 DE
2435 2541 3875 2714 TUMBALENA

1425 2834 1977 2969 ABBAS
2090 2834 2213 2968 S.

2310 2830 3043 2967 VIGORIS.

967 3248 1512 3360 NOTITIA
1587 3247 2324 3359 HISTORICA
2399 3244 2561 3353 ET
2641 3241 3484 3352 LITTERARIA.

1727 3443 1930 3501 (OUDIN
1959 3443 2162 3510 Script.
2196 3444 2419 3505 Ecctcs.,
2456 3439 2701 3512 11,769.)

638 3733 914 3790 Robertus
947 3736 1017 3789 de
1064 3733 1427 3797 Tumbalena,
1483 3734 1790 3789 monachus
1831 3733 2011 3788 sancti
2056 3734 2163 3787 Mi-

563 3822 772 3878 chaelis
792 3824 850 3877 in
873 3824 1119 3895 periculo
1140 3823 1331 3890 maris,
1351 3831 1414 3877 ut
1428 3823 1622 3877 scribit
1642 3823 1942 3878 Ordericus
1964 3822 2163 3876 Vitalis

563 3910 665 3969 lib.
714 3926 814 3967 V'm
862 3912 1121 3966 Historiae
1159 3912 1231 3965 ad
1278 3928 1487 3965 annum
1538 3909 1699 3979 109i,
1765 3910 1936 3964 abbas
1981 3910 2160 3965 factus

560 4007 757 4071 postea
784 4001 1109 4057 monasterii
1136 4002 1192 4055 S.
1225 4001 1448 4071 Vigoris
1469 4001 1540 4055 ad
1573 4016 1761 4054 muros
1817 4000 1971 4054 urbis
2004 4000 2163 4069 Baio-

559 4090 743 4144 censis
770 4089 831 4144 in
861 4089 1227 4144 Normannia.
1262 4090 1485 4143 Romam
1514 4091 1607 4142 ille
1630 4091 1907 4156 profectus
1937 4094 2031 4149 est,
2065 4090 2163 4141 ubi

558 4194 594 4231 a
623 4179 880 4246 Gregorio
930 4180 1015 4232 V11
1057 4194 1204 4247 papa
1248 4179 1495 4231 detentus
1538 4179 1832 4244 honoriﬁce
1871 4194 2039 4245 usque
2088 4178 2161 4230 ad

558 4272 791 4321 mortem
818 4268 1073 4322 Romanae
1101 4268 1334 4333 ﬁdeliter
1360 4269 1583 4320 servivit
1608 4267 1867 4333 Ecclesiae,
1898 4272 1962 4320 ut
1987 4265 2159 4320 Orde-

557 4355 708 4409 ricus
741 4354 890 4409 idem
922 4353 1118 4408 scribit
1145 4354 1216 4409 ad
1257 4371 1467 4408 annum
1508 4352 1670 4421 1087,
1706 4354 1850 4409 libro
1877 4355 1971 4409 cit.
2004 4358 2158 4409 Inter

557 4447 777 4512 reliqua
790 4448 1005 4512 peritiae
1031 4462 1141 4499 sua:
1166 4450 1545 4506 monumenta,
1582 4445 1789 4498 brevem
1823 4450 1871 4498 et
1903 4448 2153 4498 luculen-

555 4538 673 4586 tam
700 4549 965 4603 sensuque
987 4534 1333 4602 profundam
1362 4548 1527 4600 super
1557 4533 1783 4588 Uantica
1808 4537 2154 4587 canticorum

553 4624 940 4690 expositionem
969 4626 1031 4676 in
1061 4624 1297 4677 Ecclesia
1327 4623 1561 4683 dimisit,
1597 4628 1742 4675 teste
1794 4622 2008 4676 eodem.
2054 4623 2155 4676 Hic

552 4709 1002 4765 Commentarius
1031 4711 1089 4764 in
1118 4711 1352 4765 Cantica
1373 4710 1740 4777 canticorum,
1774 4712 1934 4781 cujus
1965 4712 2153 4783 prolo-

548 4816 685 4869 gum
717 4799 889 4853 edidit
916 4800 1159 4854 Joannes
1186 4798 1450 4852 Mabillon
1480 4805 1616 4853 tom.
1644 4798 1671 4853 Ι
1722 4799 2146 4864 Analectorum,

549 4905 676 4959 pag.
709 4888 835 4953 125,
860 4905 925 4943 ex
951 4906 1054 4942 ms.
1086 4887 1273 4942 codice
1305 4888 1658 4942 Balernensis
1700 4888 1755 4942 in
1807 4888 2149 4959 Burgundia:

547 4975 755 5031 ducatu
776 4976 1013 5030 abbatize
1033 4976 1245 5029 ordinis
1271 4975 1677 5043 Cisterciensis,
1712 4977 1860 5031 idem
1909 4995 2036 5031 cum
2081 4995 2146 5032 eo

546 5071 632 5119 est
659 5066 755 5137 qui
783 5066 893 5119 huc
921 5081 1097 5135 usque
1122 5064 1178 5118 S.
1204 5064 1473 5134 Gregorio
1499 5065 1705 5137 Magno
1736 5067 2013 5138 ascriptus
2034 5073 2136 5133 est,

544 5154 613 5207 ad
628 5171 794 5225 quem
824 5154 979 5207 nullo
1011 5153 1175 5206 modo
1205 5160 1458 5224 spectare
1481 5160 1670 5209 censet
1692 5156 1890 5210 Petrus
1911 5156 1979 5209 de
2000 5156 2139 5209 Gus-

2245 3734 2452 3804 scripto
2473 3734 2590 3787 RR.
2636 3730 2712 3799 I2,
2747 3731 2841 3786 fol.
2877 3730 2996 3788 187.
3048 3732 3200 3786 Idem
3251 3730 3336 3784 vel
3384 3748 3731 3803 anonymus,
3784 3741 3859 3793 vel

2246 3823 2349 3876 sub
2370 3822 2629 3892 Gregorii
2644 3822 2870 3875 nomine
2892 3818 3303 3891 simpliciter,in
3326 3819 3521 3873 multis
3543 3820 3859 3873 Galliarum

2245 3910 2594 3966 bibliothecis
2623 3928 2728 3964 ms.
2755 3915 2957 3976 exstat,
2988 3915 3051 3963 ut
3073 3908 3240 3962 habet
3266 3907 3471 3962 Petrus
3499 3908 3570 3961 de
3597 3908 3847 3962 Gussan-

2244 4000 2375 4053 villa
2404 4001 2625 4059 citatus.
2658 3998 2753 4054 ubi
2779 3998 2837 4052 in
2867 3998 3111 4052 editione
3145 4013 3247 4051 sua
3277 4013 3513 4067 operum
3541 3997 3600 4051 S.
3636 3997 3851 4067 Grego-

2244 4089 2313 4142 rii
2336 4089 2521 4159 Magni
2546 4089 2614 4143 de
2662 4105 2795 4142 mss.
2840 4086 3124 4141 codicibus
3176 4085 3294 4156 agit
3353 4086 3423 4139 ad
3471 4102 3615 4156 quos
3657 4086 3855 4140 eadem

2244 4179 2499 4232 contulit.
2534 4176 2746 4241 Quibus
2772 4177 2917 4230 addo
2939 4176 3079 4230 alios
3109 4177 3281 4245 hujus
3303 4180 3525 4229 exstare
3547 4192 3689 4229 mss.
3712 4176 3857 4230 codi-

2244 4282 2334 4320 ces
2363 4267 2420 4321 in
2444 4267 2789 4320 bibliothecis
2812 4267 2988 4320 Clarae
3010 4265 3186 4318 Vallis
3208 4272 3266 4318 et
3286 4267 3484 4319 Aureae.
3505 4265 3686 4319 Vallis
3729 4265 3850 4320 cod.

2242 4354 2591 4426 9'2,ejusdem
2608 4355 2988 4409 (listerciensis
3001 4353 3448 4425 instituti,atque
3462 4353 3519 4407 in
3538 4355 3851 4425 majoribus

2239 4445 2450 4516 passim
2472 4445 2797 4500 eorumdem
2825 4443 3196 4498 bibliothecis.
3245 4442 3385 4496 Esse
3433 4447 3626 4497 autem
3672 4461 3847 4499 unum

2239 4539 2295 4587 et
2320 4535 2578 4588 eumdem
2608 4535 2758 4588 hunc
2786 4531 3249 4587 commentarium
3275 4548 3402 4585 cum
3429 4548 3494 4585 eo
3518 4531 3618 4602 qui
3640 4533 3846 4604 Grego-

2238 4622 2432 4677 rianus
2459 4624 2643 4677 dictus
2673 4629 2775 4685 est,
2816 4621 3125 4677 conferenti
3170 4619 3466 4691 utriusque
3513 4620 3678 4675 initia
3718 4640 3842 4676 cum

2237 4712 2731 4783 consequentibus,
2791 4712 3023 4783 patebit.
3083 4710 3395 4780 Nullusque
3450 4715 3537 4764 est
3569 4711 3667 4782 qui
3719 4717 3834 4765 tam

2234 4807 2440 4873 apertae
2480 4801 2853 4873 refragabitur
2901 4800 3001 4866 rei,
3044 4799 3152 4853 nisi
3202 4798 3295 4870 qui
3346 4804 3595 4853 mentem
3639 4817 3839 4855 sanam

2232 4890 2519 4960 abjecerit.
2544 4892 2739 4962 Neque
2768 4889 3142 4959 objiciendum
3171 4904 3236 4942 ex
3278 4888 3565 4942 Analectis
3599 4894 3740 4943 tom.
3800 4891 3841 4955 Ι,

2231 4997 2358 5050 pag.
2392 4978 2517 5045 1‘28,
2548 4980 2854 5034 Robertum
2882 4978 3141 5033 abbatem
3175 4977 3362 5032 Sancti
3414 4977 3637 5047 Vigoris
3666 4979 3835 5033 dimi-

2229 5070 2366 5123 sisse
2387 5068 2864 5123 Commentarium
2890 5084 3051 5121 suum
3077 5067 3136 5120 in
3168 5066 3582 5128 duobuslibris,
3614 5084 3839 5139 anony-

2225 5175 2379 5212 mum
2410 5164 2597 5211 autem
2627 5164 2780 5211 tomo
2809 5157 2887 5211 ΙΙΙ
2918 5157 3166 5226 Operam
3216 5156 3274 5209 S.
3303 5154 3562 5225 Gregorii
3610 5156 3817 5226 Magni,

540 5244 795 5309 sanvilla,
828 5243 887 5297 in
916 5243 1219 5297 editionem
1253 5244 1497 5313 Operum
1526 5244 1639 5297 divi
1670 5244 1924 5313 Gregorii
1948 5246 2134 5315 Magni
2220 5243 2450 5318 pagu’i6l
2485 5246 2947 5315 Erptanationem
2972 5246 3229 5298 incudem
3252 5244 3478 5298 Cantica
3494 5248 3823 5298 continuam

538 5333 760 5388 ultima.
786 5331 983 5387 Exstat
1000 5349 1130 5387 vero
1155 5349 1257 5385 ms.
1291 5332 1347 5385 in
1380 5331 1935 5401 bibliothecainsigni
1960 5333 2015 5386 S.
2044 5334 2134 5387 Vi-
2216 5338 2420 5403 fecisse.
2452 5337 2567 5389 Hoc
2594 5336 2742 5391 enim
2770 5341 2965 5406 postea
2993 5335 3200 5388 factum
3221 5333 3290 5387 ab
3316 5334 3413 5388 SS.
3447 5334 3838 5405 scriptoribus

535 5421 705 5476 ctoris
734 5420 1084 5488 Parisiensis,
1109 5438 1220 5476 non
1254 5438 1353 5492 pro
1381 5437 1537 5474 more
1567 5437 1668 5474 suo
1690 5423 2129 5492 anonymus.sed
2216 5431 2301 5480 est
2320 5431 2382 5479 ut
2400 5425 2546 5479 dicto
2567 5425 3022 5495 obtemperarent
3084 5423 3273 5477 abbati
3322 5422 3413 5494 qui
3467 5423 3523 5476 id
3574 5423 3635 5479 in
3681 5425 3820 5479 votis

535 5527 664 5567 cum
693 5510 1023 5581 prefatione,
1057 5529 1178 5583 quae
1207 5512 1266 5564 in
1313 5509 1440 5563 aliis
1491 5525 1625 5563 mss.
1676 5510 1851 5577 deest,
1906 5521 1963 5564 et
2003 5529 2128 5566 cum
2212 5514 2410 5569 habuit
2435 5520 2491 5569 et
2514 5512 3016 5568 transcribentibus
3043 5512 3303 5583 injunxit,
3339 5510 3443 5566 sub
3482 5513 3829 5583 praefationis

532 5600 726 5655 littera
764 5598 948 5669 prima
970 5617 1071 5656 seu
1098 5599 1331 5656 initialis
1358 5598 1604 5654 auctoris
1632 5598 1698 5654 R.
1737 5599 1797 5655 in
1832 5600 2019 5656 codice
2048 5601 2131 5657 in-
2211 5621 2326 5660 suae
2349 5605 2520 5660 ﬁnem
2540 5610 2694 5659 tomo
2726 5600 3038 5675 I,pag.128,
3062 5602 3492 5661 Analectorum.
3516 5602 3637 5660 Nec
3656 5602 3830 5659 alium
