3934 6368
72 275 193 336 1361
1124 279 1498 336 COMMENT.
1542 281 1622 336 IN

1723 281 1943 343 \NTIC.
1985 283 2269 339 CANTIC.
3214 284 3353 345 1362

64 420 179 459 esse
208 404 513 476 prologum
531 403 809 458 dictorum
827 403 1375 460 Commentariorum
1393 406 1451 458 in
1470 405 1674 477 Operi-
1694 410 1909 467 Atrum
1938 408 2245 479 inscripsit,
2278 406 2507 461 Parisiis
2552 404 2686 472 in-8,
2730 423 2876 462 anno
2914 408 3075 476 1684,
3109 410 3344 465 editum.

66 493 160 547 bus
187 493 376 548 sancti
400 493 674 564 Gregorii,
702 493 872 548 alium
903 495 962 548 in
1000 494 1303 558 Analectis,
1346 494 1536 548 instet.
1564 495 1671 559 Qui
1754 495 2035 567 Deceptus
2087 496 2181 550 ille
2225 513 2290 550 ex
2338 496 2530 550 littera
2581 497 2702 550 sola
2751 497 2995 551 nominis
3031 499 3232 554 initiali
3279 500 3347 566 R,

64 582 205 636 enim
246 582 307 636 in
342 582 622 654 Operibus
647 583 714 637 D.
749 583 1006 653 Gregorii
1035 592 1139 643 est,
1160 585 1324 654 juxta
1347 584 1579 638 Petrum
1603 585 1672 638 de
1755 599 1922 651 quam
1965 583 2179 637 invenit
2220 584 2279 637 in
2305 600 2410 637 ms.
2444 583 2633 637 codice
2664 584 2984 639 Navarricse
3022 586 3353 641 Parisiensis

64 672 433 737 Gussanville,
463 688 588 743 pag.
608 670 733 740 458,
760 672 819 726 in
843 673 1240 743 manuscriptis
1269 674 1459 727 multis
1490 672 1665 736 deest,
1756 669 2120 736 bibliothecae,
2162 677 2226 725 ut
2263 688 2392 742 pag.
2433 669 2537 727 “273
2575 671 2800 732 fatetur,
2833 688 3175 743 anonymum
3204 674 3355 728 hunc

61 761 113 814 in
131 761 258 815 aliis
296 761 602 832 discrepat,
634 761 692 815 in
730 761 856 814 aliis
884 761 1106 815 brevior
1133 762 1215 814 vel
1246 761 1516 832 prolixior
1534 762 1670 832 legi-
1752 777 1816 813 ex
1877 760 2211 830 conjecturis
2259 761 2738 814 Commentarium
2813 767 3000 815 sancto
3065 764 3354 832 Radulpho

59 856 163 913 tur,
196 867 300 921 pro
343 856 514 921 captu
546 850 743 904 scriba:
767 851 1169 920 cujuscunque.
1204 851 1330 920 Ipso
1351 851 1518 920 hujus
1540 867 1667 921 ope-
1748 848 2158 903 Fontanellensi
2176 850 2378 910 abbati,
2401 849 2755 920 phantastica
2778 866 3011 920 prorsus
3036 851 3354 905 sanctitatis

59 940 130 993 ris
169 946 227 993 et
269 940 527 994 auctoris
583 956 713 994 vero
765 940 999 1010 prologo
1043 939 1102 992 in
1162 940 1443 992 Analectis
1480 939 1664 993 citatis

59 1030 349 1097 existente,
387 1046 453 1083 ex
492 1046 596 1083 ms.
629 1028 817 1082 codice
857 1027 1205 1084 Balernensi.
1245 1045 1371 1081 cum
1419 1030 1664 1082 auctoris

58 1119 298 1184 nomine,
326 1125 503 1190 atque
531 1119 588 1172 in
605 1118 781 1172 altero
804 1117 861 1171 S.
878 1117 1120 1170 Victoris
1141 1116 1490 1183 Parisiensis,
1513 1118 1662 1171 unde
1746 1128 1875 1183 pag.
1908 1113 2014 1169 125
2046 1114 2254 1168 diserte
2280 1116 2506 1170 Robrrto
2545 1115 2734 1170 Sancti
2763 1116 2986 1186 Vigoris
3031 1117 3353 1186 Bajocensis

58 1207 242 1261 eduxit
275 1208 521 1262 Iacobus
548 1208 844 1277 Hommey,
865 1205 933 1259 de
963 1222 1071 1276 quo
1100 1205 1263 1258 infra.
1302 1205 1409 1257 .-\lii
1437 1222 1661 1276 quoque
1745 1200 1932 1255 abbati
1983 1202 2244 1256 attribuit
2277 1220 2288 1255 :
2323 1203 2493 1274 idque
2536 1209 2664 1273 post
2710 1204 3039 1259 0rdericum
3081 1204 3347 1269 Vitalem,

58 1298 159 1350 duo
208 1314 350 1351 mss.
404 1296 624 1350 codices
670 1296 822 1349 inter
864 1311 999 1347 mss.
1042 1293 1259 1346 codices
1300 1293 1659 1347 ecclesiarum
1742 1296 2273 1361 contemporaneum
2304 1309 2368 1346 ac
2400 1292 2683 1346 oculatum
2714 1297 2935 1360 testem,
2969 1294 3224 1364 ejusdem
3252 1311 3346 1348 re-

56 1382 265 1451 Anglize
285 1381 703 1435 cathedralium
748 1385 804 1433 et
845 1379 1085 1433 aliarum
1126 1377 1430 1446 insignium
1463 1376 1659 1431 biblio-
1739 1379 1941 1448 gionis,
1978 1382 2247 1451 temporis
2285 1386 2340 1434 et
2361 1381 2573 1434 ordinis
2602 1381 2915 1437 alumnum.
2952 1383 3065 1437 Nec
3094 1383 3344 1438 validum

57 1472 371 1533 thecamm,
397 1471 456 1524 in
486 1487 617 1524 mss.
651 1468 935 1522 codicibus
973 1466 1216 1520 ecclesiae
1239 1466 1577 1519 cathedralis
1602 1472 1659 1520 et
1742 1468 2047 1539 quidquam
2104 1469 2375 1522 adversus
2404 1473 2622 1523 tantam
2661 1471 3057 1525 auctoritatem
3084 1472 3282 1543 reponi
3312 1488 3347 1527 a

55 1560 480 1631 metropoliticae
532 1560 589 1613 S.
641 1558 793 1611 Petri
842 1557 990 1628 apud
1034 1555 1344 1609 Eboracum
1384 1554 1571 1608 codice
1601 1556 1653 1621 9,
1741 1573 2022 1628 quoquam
2055 1562 2257 1628 potest.
2292 1557 3008 1623 Ansfridus,cuiRobertus
3026 1576 3166 1632 opus
3183 1578 3349 1616 suum

58 1667 202 1703 num.
234 1650 272 1703 2
300 1668 313 1703 :
350 1652 549 1702 Frater
585 1649 846 1702 Robcrtus
900 1649 961 1699 in
984 1648 1229 1700 Cantica.
1265 1644 1607 1714 Principium
1643 1664 1655 1699 :
1742 1651 2050 1716 nuncupat,
2066 1646 2285 1700 videtur
2304 1663 2425 1700 esse
2455 1647 2754 1702 Ansfridus
2770 1649 3132 1703 Pratellensis
3151 1649 3343 1718 abbas,

56 1740 207 1794 Sarro
240 1741 342 1794 Dei
370 1738 656 1804 Anc/"ride.
678 1736 747 1789 Et
768 1734 958 1788 codice
1005 1732 1167 1798 8666,
1200 1734 1259 1786 in
1302 1750 1436 1786 mss.
1462 1732 1662 1787 codici-
1682 1727 2023 1801 BAu/‘ridus
2051 1735 2179 1789 aliis
2213 1735 2415 1799 dictus,
2452 1737 2611 1806 cujus
2658 1737 3006 1808 epitaphium
3050 1739 3350 1795 Ordericus

58 1827 151 1882 bus
177 1827 536 1882 bibliothecae
574 1820 845 1879 Jacobaate
881 1823 1067 1877 codice
1109 1821 1231 1878 9’14.
1262 1823 1478 1877 Roberti
1499 1824 1658 1877 ϐοτη·
1743 1823 1915 1877 refert
1943 1825 2065 1878 loco
2087 1825 2286 1891 citato;
2319 1825 2407 1878 vel
2438 1830 2589 1879 certe
2612 1825 2907 1881 Ansfridus
2935 1826 3107 1882 abbas
3146 1824 3351 1884 tertius

1749 943 1916 1007 atque
1942 937 2435 991 commentationis
2462 937 2648 1003 laude,
2681 939 2976 993 concessit.
3006 940 3183 1003 Quem
3216 957 3355 1010 pro-

1748 1024 1908 1093 logus
1927 1025 2146 1095 integer
2164 1032 2303 1080 tom.
2332 1027 2356 1081 Ι
2395 1027 2790 1081 Analectorum
2816 1028 3049 1082 Joannis
3084 1027 3353 1083 Mabillon

61 1921 371 1972 mentarius
402 1920 465 1970 in
495 1916 721 1970 Cantica
742 1917 1108 1978 canticorum,
1144 1911 1383 1965 habetur
1426 1928 1660 1965 excusus
1744 1913 2072 1966 monasterii
2120 1913 2308 1967 Sancti
2332 1913 2635 1967 Salvatoris
2665 1915 3194 1974 Constantiniensis.
3226 1917 3350 1982 Quo

58 2007 195 2060 inter
224 2007 420 2078 Opera
464 2002 718 2074 Gregorii
767 2001 973 2071 Magni.
1014 2002 1101 2055 Ita
1136 2000 1193 2053 in
1231 2000 1482 2070 catalogo
1522 2017 1654 2053 mss.
1745 2003 1813 2056 de
1835 2002 2097 2055 Ansfrido
2119 2000 2447 2055 Pratellensi
2470 2002 2635 2072 plura
2663 2002 2836 2056 videri
2862 2011 3098 2073 possunt
3113 2006 3169 2059 in
3192 2006 3351 2060 chro-

59 2097 304 2150 codicum
353 2096 593 2149 istarum
639 2091 1117 2145 bibliothecarum.
1156 2089 1372 2159 Adjicio
1415 2089 1656 2159 denique
1738 2091 1862 2144 nico
1894 2090 2121 2144 Roberti
2153 2090 2221 2144 de
2256 2097 2466 2149 monte,
2498 2091 2645 2160 apud
2678 2094 3001 2146 Neustriam
3028 2096 3192 2162 piam
3238 2096 3348 2149 Ar-

58 2186 349 2256 prologum
385 2184 481 2254 qui
509 2185 568 2236 in
605 2181 850 2235 editione
901 2180 1146 2249 Operum
1190 2179 1245 2232 S.
1283 2179 1537 2247 Gregorii
1577 2179 1656 2231 le-
1738 2180 1853 2233 turi
1881 2180 1955 2232 du
1986 2179 2245 2243 Montier,
2286 2186 2343 2232 et
2377 2180 2839 2234 Sammarthanos
2867 2182 3070 2236 fratres
3099 2188 3236 2237 tom.
3271 2183 3347 2238 IV

58 2276 217 2344 gitur,
252 2275 328 2328 ab
381 2273 717 2342 exscriptore
763 2270 975 2339 aliquo,
1024 2267 1114 2320 cui
1161 2267 1217 2320 id
1257 2267 1486 2337 placuit,
1537 2284 1658 2320 esse
1742 2267 1934 2322 Gallia;
1961 2267 2292 2322 Christianae
2322 2268 2379 2321 in
2411 2269 2679 2339 Catalogo
2721 2268 3148 2324 Pratellensium
3172 2269 3345 2325 abba-

59 2365 377 2429 conﬁctum,
418 2368 587 2432 atque
639 2365 957 2429 excerptum
1004 2374 1068 2410 ex
1115 2356 1348 2428 prologo
1396 2355 1660 2409 Richardi
1740 2363 1879 2411 tum.
1907 2356 2044 2420 Quis
2070 2373 2198 2410 vero
2229 2357 2305 2410 sit
2333 2357 2665 2411 Anastasius
2705 2357 2819 2424 ille,
2859 2359 3019 2428 cujus
3051 2365 3254 2429 rogatu
3285 2359 3345 2414 id

60 2453 322 2507 Victorini
358 2452 414 2504 in
444 2450 640 2504 eadem
674 2448 921 2510 Cantica,
969 2463 1097 2517 pag.
1143 2444 1246 2501 489
1295 2444 1659 2498 Richardino-

59 2559 173 2596 rum
204 2543 461 2613 Operum
486 2559 498 2595 :
521 2555 687 2610 quem
718 2552 1032 2607 anonymus
1079 2534 1283 2605 aliquis
1313 2534 1514 2604 partim
1547 2534 1655 2587 im-

59 2632 300 2699 mutavit,
343 2630 550 2701 partim
595 2645 695 2699 per
734 2625 1127 2696 compendium
1172 2640 1271 2695 pro
1321 2622 1481 2676 libitu
1527 2640 1655 2677 con-

56 2721 293 2778 strinxit.
337 2719 590 2789 Denique
619 2714 1103 2772 Commentarium
1132 2714 1282 2767 hunc
1330 2712 1651 2782 nuperrime

57 2811 147 2865 sub
167 2810 399 2865 nomine
430 2810 485 2864 S.
511 2807 788 2874 Radalphi
814 2805 1244 2858 Fontanellcnsis
1271 2803 1500 2861 abbatis,
1537 2802 1656 2854 edi«

59 2901 133 2953 dit
186 2899 436 2955 Jacobus
495 2898 794 2966 Hommey,
870 2892 1319 2963 Augustinianus
1397 2891 1649 2944 eremita,

59 3005 172 3061 pag.
197 2987 331 3045 276.
365 2986 563 3059 Operis
584 2983 734 3056 quod
766 2982 1049 3036 immerito
1069 2979 1523 3052 supplementum
1542 2979 1650 3033 Pa-

1739 2444 2018 2499 Robertus
2083 2461 2344 2515 egressus
2386 2445 2479 2509 sit,
2538 2445 2787 2499 nondum
2840 2462 2969 2500 cum
3020 2448 3344 2503 Mabillonio

1741 2538 1893 2588 torno
1924 2533 1952 2587 Ι
1982 2534 2400 2600 Analectorum,
2432 2550 2562 2605 pag.
2608 2533 2729 2601 132,
2763 2541 3113 2607 compertum
3141 2537 3338 2592 habeo.

1739 2622 1956 2677 Claruit
1979 2623 2173 2693 itaque
2203 2622 2480 2677 Robertus
2506 2622 2677 2677 abbas
2707 2624 2764 2678 S.
2791 2624 3035 2695 Vigoris.
3081 2642 3116 2679 a
3157 2626 3342 2681 medio

1735 2713 1960 2766 circiter
1984 2714 2052 2766 ad
2070 2713 2327 2766 undecim
2350 2714 2537 2767 saeculi
2552 2716 2742 2775 ﬁnem,
2765 2715 2848 2768 vel
2869 2715 3109 2769 circiter.
3128 2714 3208 2769 De
3229 2732 3340 2786 quo

1740 2802 1857 2873 ipse
1883 2820 1985 2873 ego
2015 2804 2071 2856 in
2101 2803 2500 2873 Supplementa
2520 2803 2846 2857 Bellarmini
2873 2804 2942 2857 de
2972 2803 3339 2874 scriptoribus

1738 2891 2143 2959 ecclesiasticis,
2178 2907 2303 2962 pag.
2354 2890 2491 2958 3’18;
2535 2892 2778 2946 Joannes
2817 2891 3107 2946 Mabillon.
3137 2897 3278 2947 tom.
3310 2892 3336 2946 Ι

1733 2980 2129 3034 Analectorum
2158 2979 2479 3046 citatorum,
2515 2996 2644 3051 pag.
2680 2979 2780 3037 125
2806 2986 2864 3035 et
2890 2996 3045 3052 seqq.

501 3328 1301 3453 BOBEBTI
1372 3326 1620 3447 DE
1689 3324 2861 3448 TUMBALENA

1289 3534 1335 3588 S.
1388 3531 1688 3587 VIGORIS
1729 3530 2039 3585 ABBATIS
3076 3556 3086 3563 -

317 3703 1419 3895 C0llllENTAlll0llUll
1495 3699 1616 3881 IN
1700 3698 2207 3881 (ΙΑΝΤΙΟΔ
2287 3695 3047 3879 ΟΔΝΤΙῦθΒΠΜ

1196 4000 1653 4135 LIBRI
1769 3996 2151 4132 DUO.

1106 4238 1324 4317 (Ouum
1369 4236 1600 4317 Script.
1656 4232 1882 4309 coclea,
1932 4234 2005 4306 ll,
2052 4232 2229 4312 773.)

1706 4541 1873 4596 quam
1881 4524 2153 4595 plurimos
2165 4523 2283 4577 dies
2299 4539 2469 4594 super
2479 4523 2711 4578 Cantica
2730 4523 3074 4578 canticorum
3087 4523 3306 4597 scripsi,
3389 4516 3399 4523 ’

1706 4614 1951 4667 mittam.
1975 4613 2080 4666 Vix
2111 4613 2284 4682 igitur
2309 4628 2458 4666 nunc
2487 4612 2670 4678 mitto,
2713 4628 2880 4683 quem
2903 4629 2939 4666 a
2973 4613 3198 4667 nemine
3227 4613 3311 4667 vi-

1708 4703 1827 4757 deri
1856 4702 2070 4767 vellem,
2115 4702 2161 4756 si
2204 4700 2464 4755 omnibus
2493 4701 2834 4756 abscondere
2860 4718 3099 4773 possem.
3129 4703 3309 4767 Quem

1708 4791 1858 4846 enim
1879 4791 2035 4845 rudis
2073 4797 2129 4845 et
2153 4790 2442 4861 impolitus
2471 4790 2668 4844 artifex
2698 4791 2891 4845 fecerit
2917 4792 3214 4849 annulum.
3237 4791 3309 4845 ab

1707 4881 1830 4935 aliis
1859 4880 2032 4934 videri
2060 4880 2361 4946 formidat;
2395 4896 2496 4933 suo
2528 4879 2759 4933 minime
2788 4880 2986 4946 credit,
3033 4886 3091 4934 et
3126 4880 3196 4933 de
3224 4880 3308 4933 al-

1705 4971 1882 5025 terius
1905 4969 2116 5040 judicio
2156 4985 2266 5022 non
2296 4968 2528 5022 confidit
2558 4986 2568 5020 :
2597 4968 2730 5022 dum
2757 4969 2832 5035 id,
2859 4969 3009 5040 quod
3049 4968 3156 5023 sibi
3202 4969 3315 5024 soli

1704 5066 1836 5114 ante
1862 5075 2095 5113 examen
2113 5057 2353 5129 perfecte
2380 5074 2492 5111 non
2514 5058 2716 5128 placet,
2741 5057 2800 5111 in
2832 5057 3086 5111 examine
3114 5057 3307 5128 displi-

1702 5165 1827 5203 cere
1855 5147 2109 5219 pluribus
2128 5147 2309 5201 timet.
2338 5146 2429 5201 Sic
2456 5145 2803 5200 ostendentis
2841 5152 2899 5200 et
2927 5145 3007 5200 sic
3034 5147 3306 5217 paventis,

1708 5238 1897 5308 accipe
1925 5238 2254 5308 opusculum
2295 5236 2460 5290 amici
2486 5234 2591 5289 tui.
2622 5233 2825 5290 Judica
2853 5235 2985 5306 quid
3014 5235 3312 5306 placuerit,

110 4536 461 4595 EPISTOLA
492 4537 625 4592 SEU
656 4534 1032 4590 ΡΒΛΕΡΑΤΙΟ
1070 4530 1427 4588 AUCTORIS
1454 4530 1551 4583 AD

418 4626 840 4682 ANSFRlDUM
877 4625 1232 4679 ABBATEM.

113 4717 277 4773 Servo
323 4718 427 4773 Dei
475 4717 690 4771 incluso
738 4715 1101 4770 dilectissimo
1158 4728 1279 4777 suo,
1329 4712 1620 4770 ANSFRIDO,

50 4810 312 4874 quondam
347 4808 462 4862 ﬁlio
494 4812 551 4861 et
577 4805 778 4870 amico,
814 4805 1000 4867 modo,
1044 4803 1233 4857 divina
1274 4800 1489 4852 favente
1534 4796 1624 4850 cui

51 4894 270 4952 voluerit
311 4896 515 4968 gratia,
565 4895 718 4949 Patri
783 4901 840 4948 et
885 4893 1137 4961 domino,
1178 4891 1354 4944 frater
1403 4887 1624 4940 Rom-m-

49 4997 132 5036 res
178 4988 272 5055 ('1),
315 4986 608 5039 hominum
662 4984 952 5047 minimus,
1001 4984 1194 5047 vitam,
1241 4977 1512 5049 gaudium
1568 4981 1624 5029 et

47 5071 284 5141 gloriam,
318 5091 439 5145 quae
467 5090 595 5128 vere
621 5074 802 5142 gloria
829 5080 932 5128 est.

108 5162 291 5219 Multis
310 5165 427 5234 jam
452 5163 665 5217 nuntiis
684 5163 948 5217 inertiam
977 5178 1160 5215 meam
1191 5160 1375 5214 fervor
1402 5163 1535 5212 tuus
1560 5156 1620 5211 in

50 5246 332 5307 Dominum
372 5252 655 5317 sollicitat,
684 5258 748 5306 ut
775 5251 877 5305 tibi
915 5250 1140 5312 librum,
1171 5265 1337 5321 quem
1366 5252 1496 5301 ante
1523 5247 1625 5300 hos

108 5413 181 5481 (l)
208 5416 484 5486 Robertus.
537 5413 627 5469 Ita
673 5431 877 5469 nomen
920 5415 1201 5484 integrum
1247 5414 1305 5468 in
1357 5429 1477 5486 ms._
1514 5412 1623 5486 Ba-
1704 5433 1810 5470 nus
1836 5415 2165 5475 eremita,in
2189 5416 2590 5486 Supplementa
2623 5415 2874 5480 Patrum,
2906 5430 3034 5485 pag.
3055 5410 3181 5486 276,
3204 5413 3311 5468 hoc

57 5478 294 5558 lernensi,
346 5502 472 5539 cum
527 5504 631 5539 ms.
671 5488 841 5558 codex
894 5489 950 5541 S.
1004 5478 1245 5540 Victoris
1308 5484 1637 5558 Parisiensis
1719 5504 1858 5558 opus
1890 5488 2126 5541 Radulto
2144 5478 2786 5545 Fontaiiellensiabbati,
2821 5478 3078 5558 scriptori
3108 5485 3312 5555 imagi-

54 5550 275 5610 litteram
306 5563 527 5611 tantum
558 5557 833 5611 initialem
862 5558 909 5611 R
941 5558 1178 5611 habeat:
1211 5558 1360 5611 unde
1390 5556 1636 5608 occasio-
1719 5550 1898 5620 nario,
1930 5567 2121 5611 sancto
2152 5558 2278 5611 novi
2308 5558 2652 5626 Kalendarii,
2692 5558 2903 5628 absque
2931 5550 3071 5611 duce
3101 5560 3160 5610 et
3187 5550 3313 5611 con-

54 5638 162 5683 nem
191 5629 416 5689 errandi
436 5628 634 5687 habuit
680 5628 925 5685 Jacobus
964 5630 1261 5700 Hommcy,
1293 5629 1637 5698 Augusnita-
1717 5630 1858 5694 sule,
1891 5628 2193 5682 ascribens.
