3934 6358
522 314 658 377 1363

1606 313 1920 375 ROBERTI
1957 312 2262 375 ABBATIS
2301 322 2361 376 S.
2401 321 2699 377 VIGORIS

3654 323 3800 381 1364

521 451 579 501 et
607 446 853 503 rescribe
879 446 1029 517 quod
1055 445 1415 517 judicaveris.
1450 445 1651 500 Videor
1678 442 1913 499 forsitan
1942 442 2117 516 pluri-
2136 449 2186 507 A
2209 452 2320 511 tur,
2352 446 2581 510 scribas,
2627 446 2725 500 sed
2769 446 3100 501 continuum
3120 463 3178 500 in
3214 446 3454 518 paginis,
3494 444 3645 503 sicut
3682 449 3816 502 aliae

521 538 646 603 bus,
671 535 819 606 quod
850 541 908 589 et
935 534 1035 589 tibi
1077 534 1250 588 videri
1298 535 1491 600 timeo,
1539 535 1643 588 hoc
1680 551 1819 604 opus
1859 552 2125 606 praesum-

523 624 717 695 ptione
748 624 1000 694 cmpisse,
1029 624 1461 695 praesumptione
1490 623 1786 693 perfecisse
1820 642 1830 676 :
1863 625 1909 677 si
1936 631 2125 679 tamen

525 712 836 785 perfectum
865 718 950 765 est
976 712 1296 777 dicendum,
1330 713 1478 782 quod
1501 728 1535 765 a
1563 712 1904 766 doctioribus
1938 714 2127 766 meliu-

526 801 795 872 ribusque
835 801 965 855 viris
1014 806 1098 855 est
1137 800 1320 855 adhuc
1364 802 1816 865 examinandum,
1850 809 1906 855 et
1934 803 2128 873 utique

527 890 939 961 corrigendum.
972 890 1107 944 Mihi
1136 891 1361 961 quippe,
1392 890 1591 955 fateor,
1610 906 1738 945 cum
1763 908 1967 961 magna
1989 891 2130 946 indi-

526 980 794 1051 gnatione
824 979 946 1033 ﬁeri
975 979 1211 1044 videtur,
1240 986 1305 1033 ut
1325 996 1429 1049 ego
1466 986 1581 1033 tam
1603 980 1760 1033 rudis
1781 981 1986 1047 studio,
2010 989 2125 1035 tam

528 1068 764 1124 stolidus
794 1068 1039 1139 ingenio,
1061 1074 1174 1122 tam
1197 1069 1455 1123 sordidus
1472 1075 1727 1139 peccato:
1750 1069 1808 1123 in
1837 1074 1955 1123 tam
1979 1070 2127 1124 anti-

529 1174 723 1229 quum,
754 1163 873 1211 tam
905 1158 1152 1224 doctum,
1168 1163 1286 1211 tam
1307 1158 1547 1212 nitidum
1567 1175 1706 1229 opus
1726 1159 2075 1230 proruperim
2109 1182 2122 1215 :

526 1254 592 1301 ut
623 1247 938 1302 Salomonis
967 1246 1135 1300 verba
1178 1263 1532 1317 exponerem,
1578 1247 1673 1318 qui
1721 1248 1790 1301 de
1829 1249 2128 1303 Salomone

528 1336 668 1391 nihil
696 1335 894 1399 habeo,
930 1335 1036 1389 nisi
1066 1336 1298 1389 forsitan
1325 1336 1474 1406 quod
1519 1336 1587 1390 de
1617 1337 1712 1389 illo
1750 1336 2125 1393 abominabile

526 1426 654 1497 lego
679 1442 691 1477 :
715 1425 947 1490 scilicet,
979 1441 1105 1478 cum
1127 1441 1298 1478 senex
1318 1426 1500 1478 factus
1529 1425 1716 1488 fuerit,
1738 1443 1886 1480 nunc
1904 1427 2126 1497 sapiens

530 1531 652 1570 esse
678 1514 975 1568 destiterit.
1010 1513 1147 1568 Mihi
1175 1521 1368 1567 tamen
1398 1514 1577 1567 amico
1624 1520 1722 1568 tuo
1760 1516 1942 1580 crede,
1977 1518 2122 1587 quod

530 1604 681 1657 hunc
710 1620 875 1673 quem
908 1601 1009 1655 tibi
1039 1603 1201 1656 mitto
1234 1602 1484 1656 libellum
1529 1610 1758 1672 rogatus
1787 1605 1946 1674 ccepi,
1979 1606 2126 1658 mul-

528 1691 697 1747 toties
751 1691 1076 1745 admonitus
1131 1691 1356 1762 peufeci.
1412 1691 1650 1761 Rogavit
1714 1709 1803 1745 me
1865 1692 2125 1747 dominus

2208 536 2577 605 expositiones
2609 534 2777 588 scribi
2799 535 2998 589 solent.
3036 536 3167 589 Haec
3210 552 3340 591 vero
3386 537 3647 607 epistola,
3683 538 3813 590 volo

2208 632 2272 678 ut
2302 631 2542 694 ponatur
2571 625 2627 678 in
2658 625 2860 695 capite.
3188 698 3197 703 _

2600 713 2977 768 PROLOGUS
3035 714 3410 770 AUCTORIS.

2279 799 2479 854 Tribus
2500 800 2820 855 nominibus
2843 808 3068 855 vocatus
3094 809 3180 856 est
3196 803 3491 857 Salomon:
3518 803 3822 865 Salomon,

2209 886 2262 940 id
2292 895 2378 941 est
2402 892 2696 956 paciﬁcus;
2725 888 2919 954 Edida,
2954 889 3008 942 id
3039 896 3125 943 est
3141 892 3369 944 dilectus
3385 909 3401 953 ;
3422 892 3823 956 Ecclesiastes,

2213 976 2360 1045 quod
2386 983 2473 1030 est
2500 978 2712 1042 Coleet,
2742 978 2796 1030 id
2827 983 2913 1031 est
2956 982 3325 1045 concionalor,
3357 980 3503 1050 quod
3535 980 3826 1034 Ecclesias

2211 1073 2527 1136 congreget.
2562 1068 2615 1120 Is
2640 1068 2799 1135 juxta
2831 1083 3128 1121 numerum
3159 1067 3555 1124 vocabulorum
3578 1086 3828 1124 suorum

2210 1156 2320 1209 tria
2349 1155 2631 1209 volumina
2660 1155 2853 1221 edidit,
2886 1156 3207 1221 Proverbia,
3243 1157 3301 1211 id
3327 1164 3413 1211 est
3442 1159 3668 1225 Maslot,
3708 1158 3828 1213 Ec-

2211 1244 2544 1311 clesiasten),
2578 1244 2807 1298 Cantica
2835 1245 3197 1300 canticorum
3232 1245 3300 1300 In
3331 1248 3645 1303 Proverbiis
3686 1267 3829 1320 par-

2209 1335 2392 1387 vulam
2418 1335 2643 1396 docens,
2677 1340 2734 1387 et
2761 1334 2921 1405 quasi
2952 1334 3023 1389 de
3052 1335 3249 1390 ofﬁciis
3293 1336 3668 1408 praesentibus
3693 1355 3828 1392 eru-

2207 1422 2459 1476 diensln
2484 1424 2834 1486 Ecclesiaste,
2845 1431 3079 1478 maturae
3093 1426 3275 1479 aetatis
3287 1427 3466 1480 virum
3481 1428 3823 1482 instituens:

2208 1528 2278 1564 ne
2307 1512 2613 1582 quidquam
2642 1512 2701 1565 in
2727 1514 2920 1565 mundi
2954 1513 3119 1567 rebus
3138 1520 3299 1584 putet
3320 1532 3439 1569 esse
3454 1524 3827 1588 perpetuum,

2209 1601 2305 1653 sed
2336 1601 2548 1654 caduca
2578 1607 2635 1654 et
2664 1600 2851 1655 brevia
2881 1602 3072 1656 omnia
3103 1620 3226 1674 quae
3264 1605 3547 1659 cernimus
3600 1604 3689 1659 Ad
3725 1624 3828 1660 ex-

2208 1698 2470 1754 tremum,
2506 1691 2625 1759 jam
2653 1698 3106 1746 consummatum
3144 1693 3346 1757 virum,
3376 1701 3432 1748 et
3463 1695 3683 1749 calcato
3715 1714 3828 1750 sae-

530 1780 886 1847 Anastasius,
916 1779 1311 1834 dilectissimus
1341 1781 1517 1834 frater
1558 1786 1614 1834 et
1652 1780 1913 1834 dominus
1943 1760 2334 1848 meus,Bculo
2384 1786 2781 1850 praeparatum,
2832 1780 2889 1833 in
2932 1781 3161 1835 Cantico
3204 1784 3550 1838 canticorum
3607 1784 3828 1854 Sponsi

531 1869 947 1925 admonuerunt
975 1886 1102 1922 vero
1132 1887 1256 1924 cum
1304 1871 1399 1924 illo
1429 1877 1485 1925 et
1506 1870 1601 1924 alii
1644 1870 1826 1933 multi,
1858 1888 1971 1924 non
2001 1878 2128 1925 tan-
2205 1868 2396 1937 jungit
2442 1868 2789 1939 amplexibus
2837 1888 2849 1922 :
2896 1870 3028 1941 quia
3068 1872 3177 1925 nisi
3226 1873 3383 1943 prius
3426 1874 3830 1946 relinquamus

531 1963 652 2012 tum
677 1965 978 2030 pensantes
1005 1959 1141 2012 mihi
1183 1959 1434 2013 innatam
1486 1960 1782 2014 stultitiam
1808 1980 1822 2029 ;
1855 1968 2127 2031 quantum
2210 1958 2367 2022 vitia,
2395 1965 2453 2012 et
2476 1959 2693 2030 pompis
2722 1960 2909 2013 seaculi
2940 1961 3348 2026 renuntiemus,
3371 1979 3481 2016 non
3513 1980 3830 2034 possumus

530 2054 784 2102 amantes
812 2054 926 2102 tam
958 2054 1298 2103 secretorum
1348 2050 1643 2103 verborum
1683 2050 2129 2121 qualemcunque
2210 2046 2422 2121 dicere:
2452 2047 2735 2101 Osculetur
2765 2066 2849 2101 me
2879 2052 3057 2102 osculo
3088 2054 3200 2103 oris
3229 2053 3337 2104 sui.
3367 2053 3484 2106 Hoc
3524 2049 3733 2106 ordine
3769 2060 3832 2106 et

530 2135 636 2191 sibi
693 2137 905 2191 clarere
950 2138 1231 2207 peritiam.
1273 2139 1539 2202 Quamvis
1599 2140 1851 2193 nonnulli
1908 2140 2024 2205 alii,
2074 2148 2131 2193 et
2214 2136 2533 2207 philosophi
2562 2144 2866 2190 sectatores
2899 2139 3184 2203 erudiunt,
3204 2147 3267 2194 ut
3298 2142 3540 2210 primum
3569 2142 3826 2196 ethicam

531 2225 773 2279 maxime
798 2226 1058 2280 dominus
1091 2227 1240 2281 Beda
1268 2229 1327 2282 in
1355 2229 1460 2281 hoc
1506 2229 1702 2282 eodem
1733 2229 2125 2289 laboraverint,
2210 2225 2465 2287 doceant,
2498 2225 2697 2278 deinde
2727 2225 3013 2297 physicam
3039 2244 3050 2278 :
3075 2232 3132 2280 et
3152 2244 3315 2297 quem
3335 2229 3393 2282 in
3412 2230 3499 2283 his
3513 2229 3828 2301 profecisse

531 2320 749 2369 secreta
774 2315 1158 2386 patefecerint,
1191 2318 1540 2388 posterisque
1571 2317 1866 2371 lectionem
1898 2318 2129 2371 utilissi-
2212 2315 2613 2385 perspexerint,
2660 2332 2760 2384 per
2804 2315 3080 2369 theoriam
3125 2317 3195 2371 ad
3244 2318 3584 2389 theologiam
3633 2336 3825 2391 usque

531 2419 681 2457 mam
713 2403 1060 2474 reliquerint.
1079 2405 1161 2459 Tu
1179 2422 1333 2474 ergo,
1356 2423 1517 2463 serve
1539 2406 1657 2471 Dei,
1686 2407 1974 2461 humiliter
1998 2408 2125 2475 lege
2212 2403 2538 2472 perducant.
2562 2404 2679 2456 Hoc
2708 2405 3018 2458 notandum
3045 2411 3148 2459 est.
3163 2406 3382 2460 Titulus
3407 2408 3557 2462 enim
3584 2408 3643 2462 in
3675 2410 3827 2463 Pro-

535 2508 659 2562 quae
705 2491 1017 2559 inveneris;
1073 2499 1130 2547 et
1178 2494 1225 2546 si
1268 2494 1601 2564 placuerint,
1646 2495 1957 2549 transcribe
2003 2512 2125 2567 quae
2213 2491 2416 2544 verbiis
2444 2492 3090 2546 adnotatur:Proverbia
3120 2494 3449 2558 Salomonis,
3473 2499 3586 2563 ﬁlii
3614 2499 3820 2563 David,

531 2580 751 2651 legeris.
2213 2584 2355 2646 regis
2394 2582 2588 2639 Israel.
2612 2579 2679 2634 In
2706 2579 3041 2635 Ecclesiaste
3061 2599 3188 2636 vero
3214 2601 3224 2634 :
3260 2582 3420 2638 Verba
3449 2584 3819 2653 Ecclesiastis,

606 2672 761 2742 Rogo
790 2689 923 2727 vero
954 2678 1018 2728 ut
1060 2672 1117 2727 in
1143 2673 1254 2727 duo
1293 2673 1566 2744 principia
1592 2674 1695 2727 hoc
1725 2690 1863 2745 opus
1892 2674 2126 2731 dividas.
2213 2672 2321 2735 ﬁlii
2342 2672 2532 2734 David,
2548 2673 2690 2736 regis
2720 2670 3086 2725 Hierusalem.
3112 2671 3177 2725 In
3196 2672 3426 2727 Cantica
3440 2676 3821 2742 canticorum,

536 2761 668 2831 quia
697 2762 979 2816 dictamen
1005 2762 1144 2817 illud
1174 2762 1308 2816 dum
1358 2780 1392 2817 a
1433 2765 1616 2834 seipso
1655 2764 1921 2831 variatur,
1967 2770 2131 2834 turpe
2213 2776 2315 2812 nec
2365 2759 2514 2812 ﬁlius
2565 2758 2761 2821 David,
2795 2776 2897 2813 nec
2928 2777 3021 2813 rex
3062 2762 3253 2827 Israel,
3296 2763 3409 2816 sive
3457 2762 3829 2819 Hierusalem

535 2857 624 2904 est
663 2850 711 2906 si
755 2849 859 2906 sub
904 2868 1014 2906 uno
1059 2851 1332 2923 principio
1373 2853 1696 2906 universum
1750 2853 2131 2907 concludatur.
2217 2847 2612 2918 praescribitur,
2644 2848 2858 2919 quiaad
2874 2849 3204 2919 incipientes
3220 2858 3275 2905 et
3302 2858 3539 2922 paterna
3555 2853 3817 2923 dignitas

533 2940 681 2995 Dum
709 2939 857 2994 enim
907 2956 1010 3011 ego
1060 2940 1118 2994 in
1158 2940 1300 2994 cella
1353 2941 1609 2995 solitaria
1645 2940 1861 3012 positus
1904 2942 2136 2995 Cantica
2217 2945 2273 2991 et
2295 2936 2453 3007 regni
2495 2937 2783 3008 prOprium
2830 2954 3037 2992 nomen
3061 2939 3269 2994 sufficit
3303 2959 3314 2994 :
3349 2946 3407 2994 et
3433 2943 3668 3011 aqualis
3710 2961 3831 2997 ma-

533 3028 877 3084 canticorum
896 3030 1504 3100 exponerem,c0ntigit
1525 3035 1589 3083 ut
1616 3047 1705 3083 me
1722 3031 1947 3100 quidam
1968 3032 2189 3100 amicin
2213 3027 2389 3096 gister
2428 3034 2529 3091 est,
2576 3033 2633 3079 et
2670 3027 2846 3080 nescit
2883 3044 2942 3080 se
2992 3045 3111 3081 esse
3151 3046 3360 3099 regem.
3404 3029 3680 3085 Paciﬁcus
3724 3033 3825 3086 Dei

532 3118 646 3173 mei
675 3120 1134 3191 supervenientes
1178 3126 1547 3190 exponentem
1580 3119 1896 3173 invenirent
1929 3139 1939 3172 :
1972 3138 2131 3174 cum-

534 3226 643 3280 que
672 3226 738 3263 ea
782 3226 904 3280 quae
929 3210 1047 3279 jam
1077 3225 1441 3280 exposueram
1481 3226 1582 3280 per
1630 3215 1818 3279 partes
1860 3211 2129 3280 legerent,

534 3299 908 3352 laudaverunt
958 3299 1182 3369 quidem
1221 3312 1388 3370 opus;
1427 3300 1526 3353 sed
1552 3299 1699 3369 Quod
1735 3300 2131 3354 canonicorum

533 3387 807 3441 librorum
822 3388 1072 3458 exempla
1095 3402 1205 3440 non
1225 3384 1590 3452 inserueram,
1616 3384 1818 3458 quibus
1839 3400 1961 3458 qua:
1988 3382 2132 3441 diee-

534 3492 657 3529 rem
686 3475 1079 3546 probarentur,
1098 3477 1201 3531 hoc
1240 3478 1406 3531 unius
1429 3477 1612 3531 inesse
1633 3478 1910 3531 dixerunt.
1940 3477 2018 3531 Ex
2035 3477 2132 3531 illo

537 3579 668 3616 mox
698 3569 949 3634 tempore
997 3581 1119 3634 quae
1164 3566 1446 3619 memoria;
1494 3572 1874 3626 occurrerunt,
1925 3581 2023 3633 pro
2073 3581 2133 3617 re

541 3668 711 3722 quam
738 3652 993 3722 agebam,
1027 3655 1282 3723 exempla
1309 3655 1563 3725 apposui.
1601 3655 1855 3724 quamvis
1900 3671 2011 3708 non
2042 3671 2135 3708 ne-

537 3742 779 3795 cessaria
802 3738 941 3796 mihi
987 3752 1108 3798 esse
1152 3743 1501 3797 videbantur.
1535 3743 1775 3797 Maxime
1803 3741 1951 3797 enim
1982 3754 2135 3797 com-

536 3831 827 3901 punctioni
859 3833 917 3885 in
953 3826 1296 3902 etpositiOne
1330 3832 1649 3893 intendens,
1686 3844 1796 3885 non
1824 3831 2131 3902 probanda,

537 3920 635 3974 sed
659 3920 897 3974 interius
926 3922 1137 3975 inserta
1171 3922 1452 3987 dixeram;
1488 3922 1635 3975 unde
1669 3928 1859 3991 postea
1884 3922 2136 3993 exempla

539 4010 805 4079 colligens
824 4011 956 4063 dum
979 4010 1469 4074 brevitatistudeo,
1489 4011 1739 4064 strictius
1769 4011 2018 4081 exposita
2040 4008 2138 4065 mlo

539 4114 647 4151 nus
674 4099 869 4153 suavia
897 4099 1104 4169 legenti
1133 4100 1411 4153 videntur.
1451 4100 1778 4153 Dictaminis
1825 4097 2015 4169 itaque
2042 4116 2137 4153 va-

539 4188 731 4252 rietas,
766 4205 891 4258 quae
915 4189 1295 4259 exemplorum
1325 4190 1631 4243 insertione
1662 4190 1747 4253 ﬁt,
1777 4188 1855 4241 ibi
1887 4194 2132 4255 notatur,

538 4275 636 4330 ubi
656 4277 893 4331 dicitur:
934 4278 1135 4331 Vadam
1153 4280 1226 4332 ad
1256 4284 1492 4333 montem
1524 4279 1769 4348 myrrhae
1787 4276 1921 4331 eiad
1949 4281 2138 4331 collem

2215 3116 2398 3169 Patris
2422 3122 2478 3169 et
2499 3115 2858 3169 Ecclesiastes
2886 3123 3078 3170 noster
3106 3118 3362 3172 Christus
3379 3125 3483 3180 est,
3508 3121 3604 3190 qui
3632 3122 3827 3175 medio

2215 3206 2428 3276 pariete
2457 3205 2740 3258 destructo
2770 3212 2825 3258 et
2852 3206 3179 3260 inimicitias
3222 3208 3281 3261 in
3324 3225 3491 3262 carne
3516 3226 3825 3276 evacuans,

2214 3298 2341 3363 fecit
2372 3300 2608 3363 utraque
2637 3311 2818 3348 unum
2837 3297 3053 3366 (Ep/tes.
3078 3311 3138 3361 ιι,
3168 3295 3278 3365 14);
3311 3300 3499 3352 Pacem
3530 3316 3719 3353 meam
3759 3303 3827 3353 do

2215 3386 2359 3437 vobis
2386 3380 2568 3453 (Joan.
2604 3394 2712 3443 xlv,
2742 3382 2852 3449 27).
2886 3378 2965 3436 De
2994 3396 3104 3454 quo
3136 3378 3303 3439 Pater
3340 3385 3410 3439 ad
3460 3387 3775 3460 discipulos
3810 3409 3820 3441 :

2215 3474 2317 3527 Hic
2347 3477 2420 3525 est
2454 3474 2626 3525 Filius
2644 3489 2795 3525 meus
2814 3474 3060 3537 dilectus,
3086 3476 3148 3527 in
3179 3491 3283 3542 quo
3306 3476 3449 3528 mihi
3473 3481 3793 3544 complacui
3810 3499 3822 3534 :

2215 3560 2397 3629 ipsum
2427 3563 2615 3614 audite
2642 3562 2857 3625 (Matth.
2892 3576 2978 3625 III,
3016 3560 3121 3629 17),
3155 3562 3287 3632 quia
3315 3568 3404 3617 est
3438 3572 3609 3636 caput
3637 3566 3828 3620 Eccle-

2216 3668 2328 3704 SHB.

2684 3786 2691 3795 .
2726 3736 2959 3795 CAPUT
2996 3738 3298 3801 PRIMUM.

2364 3828 2515 3894 (CAP.
2551 3826 2596 3882 Ι.
2633 3831 2889 3883 Osculum
2932 3834 3062 3894 oris,
3103 3832 3404 3899 inspiratio
3433 3828 3674 3901 Sponsi.)

2296 3917 2338 3973 1.
2371 3919 2510 3972 Vers
2538 3918 2582 3977 l.
2620 3921 2904 3974 Osculetur
2932 3938 3015 3974 me
3035 3924 3212 3975 osculo
3245 3926 3357 3975 oris
3385 3927 3491 3976 sui.
3510 3924 3585 3977 Os
3607 3926 3825 3995 sponsi,

2217 4006 2512 4077 inspiratio
2544 4006 2769 4063 Christi.
2802 4010 3067 4064 Osculum
3097 4010 3233 4078 oris,
3255 4012 3433 4065 dulcis
3459 4030 3618 4066 amor
3645 4013 3827 4085 inspi-

2220 4092 2470 4151 rationis.
2500 4092 2646 4151 Dicit
2673 4115 2806 4168 ergo
2835 4116 3038 4169 sponsa
3077 4100 3354 4154 desiderio
3381 4107 3643 4166 aestuans,
3678 4109 3740 4157 et
3767 4105 3825 4158 in

2219 4188 2538 4257 amplexum
2586 4189 2777 4258 sponsi
2827 4188 2913 4242 sui
2962 4189 3365 4245 inardescens:
3400 4191 3686 4246 Osculelur
3739 4212 3824 4247 me

2220 4279 2399 4329 oscula
2424 4280 2537 4330 oris
2559 4281 2667 4333 sui.
2698 4276 2775 4330 Ac
2798 4278 2847 4331 si
2887 4278 3132 4332 diceret:
3172 4278 3274 4332 Ille
3307 4296 3473 4350 quem
3505 4297 3675 4351 super
3704 4299 3825 4336 om-

541 4365 726 4418 thurz‘s
758 4367 936 4431 (Cant.
970 4382 1041 4427 iv,
1071 4364 1153 4438 6).
1194 4368 1311 4421 Hoc
1338 4368 1487 4421 dicto
1518 4374 1573 4421 et
1608 4367 1876 4438 exposito,
1911 4365 2459 4460 ﬁniaturﬁniadmo
2489 4365 2671 4418 solum
2702 4366 2896 4435 diligo,
2924 4366 3125 4428 veniat.
3162 4368 3256 4437 qui
3282 4368 3573 4423 dulcedine
3593 4386 3711 4424 suae
3742 4372 3823 4425 in-

541 4452 687 4508 liber
704 4454 941 4525 primus,
966 4455 1305 4527 incipiatque
1327 4458 1627 4521 secundus,
1652 4456 1730 4509 sic
1749 4456 1936 4509 oriens
1966 4474 1977 4507 :
2007 4456 2135 4509 Tota

534 4539 775 4612 pulchra
795 4545 1063 4606 es,amz'ca
1083 4562 1219 4605 mea,
1237 4548 1284 4599 et
1310 4548 1532 4599 macula
1564 4562 1673 4599 non
1702 4551 1775 4598 est
1800 4546 1859 4598 in
1887 4549 1932 4597 le
1951 4544 2132 4612 (Cant.

538 4646 616 4697 Iv,
640 4630 713 4702 7).
742 4630 1149 4704 Pergamenum
1172 4639 1383 4700 autem,
1416 4636 1464 4688 si
1494 4634 1593 4687 tibi
1625 4632 1880 4698 defuerit,
1917 4634 2136 4689 mittam

542 4722 817 4792 quantum
846 4722 1103 4777 sufficiet.

611 4806 758 4882 Lege
810 4812 1004 4884 igitur,
1060 4814 1236 4867 frater
1280 4812 1681 4877 amantissime,
1739 4812 2137 4885 sapientissimi

538 4898 708 4957 verba
736 4900 1051 4957 Salomonis
1081 4902 1313 4957 Cantica
1352 4902 1720 4970 canticorum,
1754 4921 1876 4974 quae
1897 4904 1966 4958 ob
1987 4921 2137 4957 reve-

537 4990 780 5047 rentiam
829 4992 1193 5047 sacratissimi
1238 5010 1453 5058 sensus,
1498 4991 1567 5046 ob
1606 4994 1986 5048 excellentiam
2031 5012 2136 5049 nu-

537 5081 728 5153 ptialis
756 5080 985 5150 amoris,
1019 5082 1088 5137 ob
1132 5080 1332 5155 Sponsi
1381 5087 1437 5137 et
1478 5083 1706 5155 Sponsae
1749 5084 2135 5138 suavissimam

536 5167 1097 5243 conglutinationem,
1129 5189 1240 5227 non
1270 5173 1448 5227 solum
1482 5173 1730 5238 Cantica,
1763 5174 1860 5227 sed
1902 5172 2138 5227 Cantica

534 5262 879 5317 canticorum
922 5265 1208 5315 vocantur.
1242 5260 1307 5315 In
1327 5262 1526 5316 horum
1558 5260 1901 5333 expositione
1930 5260 1976 5315 si
2003 5260 2136 5333 quid

533 5351 637 5406 tibi
686 5351 1048 5423 displicuerit,
1096 5367 1192 5404 ora
1225 5368 1324 5422 pro
1367 5351 1687 5421 ignorantia
1718 5366 1872 5415 mea;
1904 5351 1950 5403 si
2004 5352 2135 5421 quid

532 5439 635 5494 tibi
660 5441 951 5511 placuerit,
987 5456 1085 5495 ora
1115 5458 1213 5511 pro
1252 5440 1491 5510 peccatis
1536 5436 1693 5503 meis,
1737 5438 1832 5508 qui
1873 5437 2009 5493 bene
2050 5439 2132 5492 lo-

535 5547 677 5600 quor
705 5537 762 5584 et
790 5532 935 5586 male
963 5547 1181 5602 Operor.
1207 5530 1363 5593 Quod
1388 5531 1435 5583 si
1457 5529 1659 5582 librum
1686 5528 1854 5580 istum
1876 5527 1974 5580 tibi
2003 5528 2135 5581 scri-

533 5618 666 5671 bere
694 5619 941 5683 libuerit,
976 5636 1087 5673 non
1112 5619 1188 5672 ita
1216 5619 1272 5671 in
1305 5617 1653 5687 marginibus
1685 5617 1831 5671 sicut
1852 5616 1942 5671 hic
1966 5616 2132 5672 habe-

2220 4455 2544 4525 spirationis
2571 4472 2659 4508 me
2688 4460 2905 4524 tangat,
2936 4456 3067 4526 quia
3097 4473 3223 4509 cum
3250 4458 3373 4526 ejus
3402 4458 3657 4512 osculum
3687 4477 3823 4515 sen-

2220 4544 2318 4607 tio,
2350 4542 2531 4597 subita
2563 4544 2874 4597 mutatione
2904 4561 2993 4597 me
3021 4545 3370 4616 derelinquo,
3414 4555 3470 4600 et
3507 4548 3566 4601 in
3605 4550 3733 4619 ejus
3753 4550 3823 4603 si-

2221 4634 2594 4688 militudinem
2636 4634 2782 4687 illico
2822 4633 3123 4705 liquefacta
3162 4635 3547 4690 transformor.
3581 4638 3825 4694 Fastidit

2221 4724 2426 4794 quippe
2457 4730 2647 4777 sancta
2680 4740 2836 4777 mens
2867 4724 3057 4777 omnia
3089 4740 3212 4794 quae
3254 4740 3355 4796 per
3393 4738 3593 4797 corpus
3624 4729 3819 4791 sentit,

2221 4818 2278 4865 et
2304 4812 2358 4865 in
2386 4812 2482 4865 illa
2502 4812 2779 4883 spiritalia
2816 4819 2936 4868 tota
2972 4815 3337 4868 transmutari
3369 4816 3731 4886 concupiscit,
3768 4823 3825 4873 et

2221 4902 2354 4955 dum
2377 4902 2484 4955 ista
2508 4902 2855 4973 obstrepunt,
2886 4903 2944 4956 in
2970 4901 3065 4956 illa
3085 4903 3250 4973 fugit,
3280 4920 3451 4973 seque
3476 4902 3823 4961 abscondere

2220 5008 2290 5045 ne
2321 4991 2437 5045 haec
2484 4992 2709 5053 sentiat,
2766 4993 3000 5063 appetit.
3035 4992 3277 5062 Ideoque
3324 4993 3576 5046 osculum
3628 4997 3821 5065 sponsi

2220 5082 2461 5152 praeerit,
2492 5082 2621 5151 quia
2648 5082 2694 5134 si
2724 5082 2815 5135 ille
2844 5081 3150 5151 gratissimi
3189 5081 3396 5137 amoris
3425 5083 3646 5137 vinculo
3676 5084 3823 5140 hanc

2221 5182 2334 5224 non
2366 5170 2555 5233 trahit,
2579 5172 2696 5224 haec
2729 5171 2778 5223 vi
2801 5186 2916 5225 sua1
2941 5171 3349 5225 molestissima:
3376 5172 3698 5241 gravedinis
3729 5174 3822 5229 de-

2219 5265 2393 5322 tenta,
2428 5260 2707 5330 quomodo
2738 5276 2796 5314 se
2844 5258 2916 5313 ad
2947 5260 3104 5313 illum
3136 5261 3402 5323 conferat,
3446 5261 3676 5316 omnino
3705 5276 3819 5319 non

2218 5350 2447 5403 invenit.
2488 5350 2595 5403 Sed
2626 5351 2750 5421 plus
2772 5366 3008 5421 sponsus
3029 5350 3370 5404 anxietatem
3394 5351 3514 5419 ejus
3541 5353 3817 5421 sentiens,

2217 5457 2465 5493 amorem
2495 5440 2751 5508 diligens.
2785 5443 2972 5492 votum
3004 5438 3322 5503 exaudiens,
3356 5440 3607 5495 osculum
3643 5445 3821 5514 porri-

2214 5530 2316 5599 git,
2359 5538 2417 5583 et
2445 5546 2512 5583 ne
2539 5529 2815 5583 desiderio
2848 5529 3129 5593 lassescat,
3161 5537 3330 5599 gustu
3361 5546 3475 5585 sua:
3520 5534 3818 5591 suavitatis

2213 5618 2371 5689 lenit,
2412 5626 2469 5675 et
2505 5620 2637 5675 dum
2684 5636 2843 5674 suam
2889 5621 3243 5690 praesentiam
3275 5621 3517 5689 exhibet,
3567 5636 3691 5678 eam
3740 5626 3814 5680 ad
