3934 6370
146 358 295 421 1365

1200 366 1573 426 COMMENT.
1616 372 1694 426 IN
1733 369 2015 431 CANTIC.
2058 370 2341 431 CANTIC.

3264 369 3406 430 1366

129 490 322 559 majus
341 468 656 544 dilectionis
685 490 935 545 osculum
967 478 1236 547 accendit.
1262 494 1420 549 Unde
1437 496 1728 551 hiecillum
1752 496 1934 558 ADeo
1963 500 2284 554 conﬁciunt.
2319 496 2425 564 Qui
2455 498 2730 570 ejusmodi
2751 502 2854 564 est,
2877 492 3153 553 desiderio
3182 504 3400 563 aestuat,

131 578 410 644 sentiens,
441 578 512 632 ad
544 595 673 634 eum
703 596 763 633 se
789 580 1095 647 convertit;
1123 587 1179 635 et
1209 600 1373 653 quem
1406 592 1736 654 priesentem
1819 595 1877 641 et
1901 590 2060 659 quasi
2107 590 2247 643 nihil
2294 589 2516 655 habeat,
2551 604 2772 658 semper
2810 586 3025 657 majora
3056 593 3298 659 exoptat.
3334 584 3407 643 Et
3437 647 3451 662 .

127 665 323 734 habet,
378 682 507 721 mox
544 666 817 738 gaudens,
860 683 989 722 voce
1042 675 1279 732 mutata,
1308 672 1633 743 .alloquitur
1680 678 1736 727 et
1818 678 1949 747 quia
1968 677 2071 731 sibi
2100 678 2277 732 virtus
2306 694 2419 731 non
2448 677 2717 749 suppetit,
2750 676 2806 730 in
2834 676 3013 731 Deum
3043 674 3409 745 inhians,tra-

125 754 264 809 dicit
296 771 310 805 :

349 844 543 911 (Ubera
562 846 765 914 sponsi,
788 843 1003 901 dilectio
1029 842 1128 903 Dei
1155 854 1204 904 et
1223 852 1516 919 proximi.)

198 932 256 986 2.
289 933 432 1000 Quia
460 937 694 988 meliora
739 934 869 989 sunt
900 932 1069 991 ubera
1102 942 1197 993 tua
1225 943 1373 1005 vino,
1404 942 1728 1009 fragrantia

124 1022 432 1089 unguentis
482 1025 722 1091 optimis.
778 1023 967 1079 Ubera
1013 1028 1219 1097 sponsi,
1269 1029 1491 1083 dilectio
1530 1029 1630 1083 Dei
1670 1035 1727 1084 et

121 1110 388 1181 proximi.
408 1104 485 1165 Ex
515 1106 602 1165 his
621 1111 885 1168 uberibus
902 1131 1162 1185 sponsam
1189 1134 1346 1171 suam
1378 1118 1520 1172 lacte
1544 1116 1723 1189 pieta-

119 1199 195 1253 tis
215 1200 403 1253 nutrit
428 1205 485 1253 et
512 1198 660 1255 inter
688 1203 1065 1257 tentationum
1097 1206 1371 1269 turbines,
1396 1206 1484 1261 his
1503 1224 1627 1261 eam
1647 1208 1725 1262 fo-

119 1291 230 1351 vet,
268 1293 345 1347 et,
376 1293 440 1343 ut
464 1289 745 1359 persistat,
773 1292 967 1345 reﬁcit.
990 1292 1135 1356 Quid
1164 1301 1352 1348 autem
1381 1314 1481 1368 per
1510 1297 1717 1363 vinum,

118 1377 229 1430 nisi
260 1391 401 1431 cura
424 1379 748 1448 temporalis
774 1381 1141 1451 exprimitur?
1161 1382 1208 1436 Α
1239 1400 1349 1455 qua
1372 1403 1528 1439 mens
1556 1404 1723 1440 saecu-

119 1466 257 1519 laris
284 1466 588 1537 cujuslibet
615 1466 943 1537 inebriatur,
984 1474 1047 1524 ut
1077 1473 1146 1525 ad
1184 1472 1486 1528 invisibilia
1515 1491 1720 1545 cogno.

116 1556 350 1620 scenda,
394 1563 493 1611 aut
512 1574 577 1610 ex
596 1563 735 1623 toto,
776 1565 874 1612 aut
899 1577 1041 1630 pene
1069 1559 1410 1616 insensibilis
1430 1563 1717 1617 reddatur.

118 1646 232 1699 Sed
263 1645 444 1700 ubera
470 1647 659 1716 sponsi
684 1647 811 1701 vino
843 1649 1077 1703 meliora
1106 1650 1371 1716 existunt,
1411 1653 1546 1723 quia
1578 1654 1718 1707 illud

118 1740 305 1798 necat,
332 1735 448 1789 haec
474 1737 758 1803 nutriunt;
794 1735 928 1790 illud
951 1739 1140 1793 oculos
1159 1741 1362 1794 mentis
1382 1743 1719 1807 turbat,haec

1815 767 1873 820 hi
1911 784 1970 820 se
2002 767 2247 837 postulat
2266 766 2456 821 dicens
2492 783 2504 818 :

1811 856 1978 924 (Odor
1993 860 2425 923 unguentorum,
2449 858 2637 923 gratia
2656 850 3049 924 divina,quam
3072 857 3404 925 sequiwnur.)

1878 942 1938 1000 5.
1976 942 2137 1001 Vers.
2166 944 2219 998 3.
2263 942 2435 998 Trahe
2486 959 2566 996 me
2591 948 2709 1012 post
2751 947 2813 1004 te,
2849 960 3143 997 curremus
3187 950 3251 998 in
3284 945 3409 1000 odo-

1808 1048 1924 1085 rem
1957 1037 2370 1100 unguentorum
2396 1038 2640 1086 tuorum.
2661 1028 2786 1085 Non
2810 1033 3003 1094 currit,
3037 1032 3132 1104 qui
3162 1050 3274 1089 non
3294 1039 3408 1088 tra-

1805 1122 1979 1188 hitur,
2010 1124 2141 1193 quia
2167 1139 2331 1193 quem
2370 1120 2555 1191 gratia
2582 1119 2766 1175 divina
2795 1138 2908 1175 non
2937 1120 3183 1191 adjuvat,
3225 1122 3404 1178 mole-

1806 1207 1915 1264 stia
1938 1227 2051 1265 suae
2081 1209 2454 1281 corruptionis
2482 1216 2766 1280 gravatur.
2801 1208 3000 1263 Gratia
3020 1209 3226 1283 quippe
3249 1204 3392 1265 divi-

1805 1314 1878 1351 na
1904 1315 2006 1352 nos
2036 1299 2320 1369 praevenit,
2355 1305 2409 1352 et
2438 1298 2788 1352 internorum
2832 1294 3185 1353 dulcedinem
3240 1295 3401 1355 nobis

1805 1388 2127 1452 ostendens,
2169 1386 2237 1441 de
2272 1387 2636 1441 exterioribus
2670 1405 2772 1441 nos
2793 1386 3135 1459 compungit,
3161 1406 3401 1461 moxque

1809 1476 1862 1530 in
1885 1475 1981 1530 illa
2021 1477 2301 1531 transiens
2332 1476 2552 1530 animus
2583 1492 2694 1548 prae
2721 1494 2915 1531 eorum
2945 1477 3240 1532 dilectione
3260 1484 3401 1532 tem-

1806 1566 2021 1636 poralia
2073 1564 2386 1638 vilipendit.
2434 1566 2545 1620 Iste
2592 1582 2724 1637 ergo
2755 1564 2851 1636 qui
2897 1560 3158 1633 trahitur,
3202 1566 3397 1636 currit,

1806 1652 1940 1726 quia
1969 1655 2252 1709 vinculum
2279 1654 2489 1709 amoris
2511 1654 2751 1708 libenter
2777 1669 3035 1726 sequens,
3081 1652 3277 1725 gratiae
3306 1673 3400 1710 ro-

1804 1742 2034 1799 boratus
2087 1762 2297 1807 amore.
2348 1745 2469 1799 sine
2514 1742 2815 1816 gravedine
2871 1742 3157 1799 obstacula
3212 1742 3405 1801 omnia

116 1824 538 1913 acuuntiillud
564 1830 881 1895 apostatare
905 1825 1040 1880 facit
1068 1826 1351 1900 sapientes
1387 1831 1566 1895 (Eccli.
1604 1848 1714 1900 XIX,
1740 1832 2024 1913 Btransit.
2056 1834 2173 1889 Nec
2203 1835 2433 1904 mirum,
2464 1851 2591 1888 cum
2623 1834 3040 1904 unguentorum
3061 1828 3289 1887 odorem
3320 1848 3401 1887 se-

114 1909 192 1978 2),
225 1911 347 1965 haec
372 1910 521 1983 ipsos
541 1913 745 1967 idiotas
772 1914 967 1987 utique
991 1918 1439 1988 sapientissimos
1484 1920 1716 1984 faciunt,

117 2014 245 2071 quae
272 2008 412 2072 quot
438 2000 650 2056 vicibus
689 2020 895 2074 sponsa
944 2022 1073 2059 cum
1101 2006 1417 2061 dilectionis
1461 2009 1719 2064 ubertate

114 2089 289 2160 sugit,
325 2096 414 2145 tot
441 2091 747 2146 sententias
777 2093 1067 2164 sapientim
1097 2092 1200 2149 sibi
1230 2095 1289 2150 in
1328 2104 1579 2153 ventrem
1610 2117 1722 2154 me—

114 2179 313 2235 moriae
333 2180 532 2234 trahit.
567 2180 827 2236 Charitas
859 2183 1007 2237 enim
1040 2201 1135 2238 cor
1160 2181 1434 2256 paciﬁcat,
1470 2196 1718 2244 mentem

115 2270 177 2323 in
208 2269 624 2323 tentationibus
652 2268 900 2335 roborat,
943 2274 1000 2325 et
1032 2278 1095 2327 ut
1123 2275 1283 2329 sedes
1329 2277 1617 2347 sapientiae
1647 2279 1720 2333 sit

116 2358 313 2412 anima
329 2358 743 2430 justi.quietem
766 2360 980 2428 tribuit,
1006 2368 1062 2415 et
1081 2364 1263 2418 locum
1286 2366 1720 2437 praeparatlitec

114 2450 312 2520 itaque
343 2448 516 2503 ubera
548 2451 849 2520 unguentis
878 2451 1103 2522 Optimis
1125 2452 1399 2524 fragrant,
1420 2457 1552 2526 quia
1581 2458 1716 2511 odo-

114 2554 238 2592 rem
282 2536 577 2592 suavitatis
606 2552 706 2609 per
752 2538 1041 2607 sapientiae
1086 2539 1250 2595 verba
1303 2553 1360 2596 et
1402 2544 1718 2599 sanctitatis

113 2628 374 2698 exempla
425 2642 613 2680 secum
668 2632 913 2698 portant.
965 2628 1293 2700 Quicunque
1342 2632 1490 2685 enim
1526 2640 1719 2689 sancta

114 2716 393 2770 charitate
424 2714 525 2771 Dei
554 2733 613 2769 se
639 2714 835 2778 reficit,
860 2715 906 2769 is
944 2717 1323 2787 spiritualium
1354 2720 1630 2776 donorum
1663 2731 1717 2778 et

113 2804 346 2859 odorem
391 2809 449 2859 et
498 2805 832 2859 suavitatem
890 2803 1080 2860 sentit.
1134 2808 1383 2871 Quorum
1437 2808 1711 2865 bonorum

112 2897 375 2951 ubertate
411 2895 692 2969 proximos
743 2913 991 2967 quosque
1021 2898 1091 2950 ad
1129 2897 1401 2953 interiora
1437 2902 1717 2971 gustanda

111 3003 305 3040 secum
317 2984 511 3050 trahit,
537 2991 593 3039 et
615 2985 745 3039 utin
766 2998 1016 3039 amorem
1036 2984 1285 3042 divinum
1302 2990 1709 3057 convalescant,

114 3075 237 3130 istis
266 3073 535 3129 uberibus
565 3073 761 3128 nutrit.

364 3165 578 3227 (Oleum
607 3162 837 3229 e/fusum
869 3162 1080 3219 O'hristi
1110 3181 1309 3221 nomen
1339 3168 1458 3238 est.)

184 3252 237 3309 3.
268 3252 433 3309 Vers.
458 3248 509 3308 ‘2.
546 3254 735 3307 Oleum
756 3254 1007 3319 e/fusum,
1036 3271 1236 3309 nomen
1278 3262 1455 3310 tuum.
1491 3257 1709 3313 Nomen

113 3342 596 3414 sponsi,Christus
626 3346 728 3395 est.
754 3342 861 3395 Sed
890 3359 1092 3396 nomen
1116 3345 1305 3414 sponsi
1337 3348 1496 3416 quasi
1522 3349 1708 3403 oleum

112 3432 439 3497 effunditur,
479 3432 612 3503 quia
651 3431 969 3503 quicunque
1016 3435 1244 3487 nomine
1288 3433 1606 3491 Christiano
1654 3438 1711 3493 in

111 3523 347 3576 veritate
389 3525 707 3588 censentur,
760 3521 1033 3576 charitate
1066 3531 1261 3577 sancta
1311 3525 1571 3593 affluunt,
1602 3547 1713 3600 qua

113 3610 461 3676 molliuntur,
520 3614 573 3664 et
618 3614 682 3664 ut
720 3610 984 3687 ﬂammas
1014 3614 1394 3683 exemplorum
1425 3614 1705 3683 emittant,

112 3701 307 3754 eadem
334 3696 610 3752 charitate
623 3706 893 3769 perpetuo
916 3699 1460 3756 sutiundunturﬂac
1472 3705 1711 3759 charita-

111 3796 164 3843 te
192 3788 252 3843 in
274 3805 527 3842 amorem
556 3787 731 3859 ipsius
762 3787 970 3842 Christi
992 3790 1376 3844 vehementius
1396 3792 1707 3849 accendun-

109 3886 218 3942 tur,
255 3877 400 3932 etab
424 3874 545 3948 ipso
563 3877 863 3948 accipiunt,
887 3895 996 3948 quo
1028 3876 1077 3931 ei
1109 3880 1352 3950 amplius
1376 3881 1703 3951 inhaereant,

110 3985 217 4039 quo
238 3966 673 4039 perfunduntur.
704 3966 843 4019 Hinc
864 3971 949 4020 est
968 3966 1115 4038 quod
1145 3970 1399 4039 sequitur
1424 3990 1435 4024 :

437 4056 492 4113 (Α
502 4057 892 4121 dulescentum,
920 4061 1118 4109 sancta
1146 4058 1389 4129 (minue)

176 4146 230 4204 4.
281 4148 407 4202 Ideo
452 4144 860 4199 adolescenlulzc
905 4143 1221 4199 dilexerunt
1266 4153 1329 4199 le.
1380 4147 1521 4211 Quid
1555 4146 1703 4205 enim

105 4254 206 4308 per
231 4232 698 4296 adolescentulas,
717 4231 825 4286 nisi
854 4238 1060 4288 sanctae
1090 4234 1289 4289 animae
1319 4235 1703 4309 designantur,

103 4343 225 4397 quae
251 4318 607 4396 baptismatis
637 4340 784 4393 aqua
818 4340 917 4394 per
958 4323 1229 4393 Spiritum
1260 4332 1515 4380 sanctum
1551 4346 1704 4399 rege-

100 4421 394 4476 nerantur,
425 4418 481 4467 et
503 4410 559 4466 in
582 4428 777 4465 novam
794 4411 965 4465 vitam
997 4430 1097 4482 per
1126 4412 1341 4466 Novum
1371 4415 1701 4472 Testamen-

1804 1928 2028 1993 quatur,
2074 1924 2205 1995 quia
2251 1941 2378 1977 cum
2424 1920 2763 1995 spiritalium
2818 1922 3091 1976 donorum
3152 1921 3399 1976 suavitas

1803 2012 2062 2079 sentitur,
2097 2010 2229 2083 quid
2267 2018 2352 2065 est
2379 2012 2436 2066 in
2459 2010 2563 2065 hac
2593 2008 3031 2082 temporalitate,
3068 2011 3229 2082 cujus
3257 2005 3402 2064 desi-

1803 2101 1958 2154 derio
1980 2098 2170 2155 omnia
2190 2108 2385 2156 sancta
2412 2118 2617 2172 sponsa
2647 2100 2871 2167 Christi,
2897 2116 2966 2153 ne
3002 2096 3059 2153 in
3071 2092 3165 2153 illa
3196 2115 3400 2170 prope-

1802 2196 1906 2253 ret,
1928 2190 2220 2243 teneatur?
2241 2188 2324 2244 lbi
2344 2189 2548 2261 quippe
2576 2184 2806 2243 lenitate
2827 2190 3243 2259 unguentorum
3263 2204 3400 2257 gau-

1801 2278 1913 2337 det.
1972 2282 2029 2331 et
2072 2277 2205 2332 dum
2250 2278 2481 2333 naribus
2525 2276 2877 2332 discretionis
2923 2276 3120 2348 spirat,
3153 2274 3439 2330 charitaS°

1801 2366 1904 2421 sibi
1926 2367 2171 2420 suaviter
2193 2367 2329 2423 olet.
2362 2366 2502 2420 Hinc
2524 2371 2611 2420 est
2638 2367 2786 2438 quod
2807 2383 2841 2419 a
2868 2366 3141 2436 singulari
3164 2381 3399 2420 numero

1799 2452 1869 2507 ad
1909 2455 2184 2525 pluralem
2221 2454 2445 2519 transit,
2482 2454 2615 2525 quia
2646 2455 2705 2509 in
2735 2454 3034 2509 dilectione
3073 2447 3195 2521 Dei,
3229 2453 3399 2508 etiam

1801 2549 2160 2614 praeceptum,
2194 2542 2342 2615 quod
2372 2537 2440 2597 de
2466 2538 2703 2615 proximi
2729 2543 3030 2597 dilectione
3068 2559 3171 2597 nos
3201 2543 3399 2598 admo-

1801 2639 1915 2698 net,
1938 2632 2151 2687 invenit
2171 2652 2182 2699 ;
2202 2650 2311 2704 quo
2332 2633 2625 2695 instructa,
2651 2636 2867 2687 eructat
2895 2631 3055 2687 nobis
3074 2626 3400 2704 foras,quod

1798 2723 2044 2790 gustavit
2072 2722 2318 2775 suaviter
2346 2719 2519 2787 intus,
2554 2720 2743 2775 dicens
2767 2737 2777 2770 :

1908 2814 2189 2877 (vellaria,
2224 2817 2424 2864 sancta
2452 2812 2933 2869 contemplationis
2966 2804 3284 2881 mysteria.)

1868 2895 1920 2954 6.
1956 2900 2273 2953 Introduxit
2304 2916 2387 2952 me
2424 2914 2521 2952 rex
2556 2903 2616 2953 in
2636 2900 2865 2952 cellaria
2884 2915 3006 2951 sua.
3034 2894 3140 2968 Qui
3168 2914 3269 2970 per
3296 2893 3398 2953 hu-

1791 2988 1885 3057 jus
1933 2987 2140 3059 sponsi,
2176 2988 2273 3059 qui
2313 3005 2408 3041 rex
2458 2994 2561 3053 est,
2594 2986 2818 3041 cellaria
2865 2985 3254 3057 intelligimus,
3287 2984 3398 3042 nisi

1797 3082 2004 3130 sanctae
2022 3077 2322 3147 Scriptum;
2343 3093 2567 3140 arcana,
2590 3094 2712 3147 quae
2742 3075 3031 3140 rimamur,
3057 3070 3166 3129 nisi
3188 3081 3396 3130 sancta!

1797 3164 2285 3237 contemplationis
2315 3165 2604 3237 mysteria.
2629 3181 2866 3236 quorum
2888 3163 3118 3231 deliciis,
3152 3164 3198 3220 si
3220 3161 3397 3219 reﬁci-

1795 3271 1941 3320 mur,
1997 3272 2123 3308 mox
2159 3250 2645 3308 convalescimus?
2703 3255 2767 3308 ln
2822 3249 2919 3308 illa
2957 3250 3151 3326 procul
3198 3245 3391 3320 dubio,

1794 3344 2643 3415 quisquisintroducitur,omnia
2653 3342 2989 3415 temporalia
3006 3360 3133 3398 mox
3149 3348 3395 3399 contem-

1794 3434 1893 3496 nit,
1920 3432 2048 3505 quia
2072 3433 2294 3487 aeternis
2314 3428 2547 3486 ditatur.
2581 3432 2712 3486 Ideo
2744 3430 3035 3504 sequitur:

2062 3521 2412 3588 (Exsullau'o,
2452 3526 2512 3576 in
2542 3523 2799 3575 uberibus
2822 3518 3107 3580 Ecclesiae.)

1864 3606 1915 3666 7.
1940 3606 2356 3665 Ersultaln'mus
2387 3616 2433 3664 ct-
2467 3612 2780 3665 Izctabimur
2797 3614 2859 3664 in
2882 3617 2946 3673 te,
2976 3626 3238 3664 memores
3260 3609 3391 3663 ube-

1792 3718 1923 3753 rum
1944 3705 2167 3754 tuorum
2181 3717 2344 3770 super
2362 3699 2784 3755 vinum.Sancta
2802 3700 2994 3753 anima
3013 3716 3219 3770 sponsa
3232 3694 3394 3752 Chri-

1792 3788 1864 3843 sti
1892 3790 1949 3843 in
1978 3790 2169 3860 sponsi
2209 3788 2296 3843 sui
2344 3786 2556 3843 deliciis
2596 3788 2855 3854 exsultat,
2892 3786 3025 3841 dum
3075 3786 3390 3857 corporalia

1790 3879 2023 3950 respuit,
2052 3884 2108 3932 et
2139 3879 2193 3932 in
2224 3873 2568 3950 spiritalibus
2596 3894 2655 3931 se
2694 3876 2958 3931 occultat.
3003 3870 3390 3946 Eumdemque

1791 3985 2056 4038 sponsum
2090 3967 2319 4021 delicias
2346 3982 2476 4022 suas
2498 3967 2652 4032 facit,
2671 3966 2729 4020 in
2754 3968 2914 4037 cujus
2943 3971 3198 4036 respectu
3229 3981 3391 4019 mun-

1789 4057 1938 4110 dana
1969 4057 2158 4111 omnia
2178 4075 2289 4111 non
2308 4063 2485 4111 curat.
2512 4055 2619 4111 Sed
2643 4054 2759 4109 haec
2779 4054 2837 4108 in
2856 4050 3127 4109 memoria
3146 4047 3389 4109 uberum

1787 4147 1923 4216 agit,
1958 4145 2109 4216 quia,
2158 4148 2292 4200 dum
2343 4145 2538 4200 recolit
2568 4149 2780 4217 quanta
2819 4141 3091 4198 charitate
3132 4142 3388 4197 Christus

1791 4252 1914 4289 eam
1965 4232 2239 4300 dilexerit,
2291 4236 2387 4305 qui
2416 4235 2690 4305 sanguine
2742 4247 2844 4289 suo
2889 4250 3012 4287 eam
3057 4231 3301 4287 moriens
3326 4228 3385 4287 in

1788 4342 1951 4378 cruce
2001 4324 2257 4387 redemit,
2314 4330 2371 4377 et
2409 4321 2658 4395 quotidie
2705 4339 2827 4376 eam
2871 4323 2929 4376 in
2959 4323 3086 4376 sinu
3130 4316 3388 4375 Ecclesiae

1787 4414 1984 4468 matris
2006 4414 2277 4485 ejusdem,
2299 4410 2589 4483 sanguinis
2614 4411 2756 4467 lacte
2784 4413 2981 4475 nutrit,
3002 4406 3195 4484 procul
3213 4406 3381 4467 dubio

94 4512 216 4560 tum
247 4498 770 4558 transformamur?
801 4501 933 4565 Quae
973 4506 1201 4572 prOpter
1229 4501 1336 4556 olei
1365 4503 1698 4561 infusionem
1719 4487 1765 4546 D
1788 4504 1963 4573 magis
1984 4503 2276 4574 magisque
2304 4502 2425 4573 ejus
2446 4501 2801 4555 dilectionem
2826 4501 3087 4555 intendit.
3110 4497 3269 4566 Quod
3298 4503 3386 4557 lac

95 4593 391 4650 Christum
439 4592 698 4661 diligunt,
749 4588 881 4661 quia
923 4589 992 4643 ad
1024 4591 1266 4659 gratiam
1298 4599 1522 4657 vocatae,
1548 4592 1603 4648 in
1637 4613 1701 4649 eo

92 4684 437 4739 suavitatem
469 4681 593 4734 vitae
614 4685 897 4752 perpetua:
925 4678 1235 4745 inveniunt,
1258 4696 1357 4751 pro
1390 4683 1548 4751 cujus
1574 4701 1700 4738 sua-

93 4774 287 4828 vitatis
316 4770 635 4835 dilectione,
683 4787 877 4823 omnes
908 4770 1103 4823 mundi
1150 4769 1330 4824 fastus
1377 4778 1434 4824 et
1476 4768 1698 4827 divitias

93 4867 393 4934 respuunt.
411 4858 555 4916 Sunt
579 4858 725 4915 enim
744 4857 999 4912 nonnulli
1028 4860 1122 4929 qui
1144 4859 1222 4913 ita
1247 4860 1422 4913 Deum
1453 4851 1697 4932 diligunt

92 4959 159 5006 ut
181 4968 244 5006 se
284 4951 434 5021 ipsos
468 4954 849 5012 contemnant,
884 4947 939 5000 in
972 4948 1241 5001 interiora
1284 4966 1343 5002 se
1377 4950 1604 5019 rapiunt
1634 4956 1697 5005 ut

93 5043 279 5097 Deum
323 5038 627 5092 inveniant.
683 5034 751 5091 Et
793 5035 923 5107 quia
966 5036 1114 5090 Deus
1161 5037 1219 5091 in
1249 5040 1544 5109 superficie
1583 5057 1694 5093 non

88 5134 265 5203 jacet,
292 5127 751 5183 meditationibus
781 5127 1059 5189 laborant,
1093 5125 1457 5182 subtilissime
1486 5130 1698 5199 cogita-

93 5222 281 5276 tiones
329 5234 462 5271 suas
510 5217 850 5279 examinant.
888 5216 1218 5270 lectionibus
1249 5229 1474 5284 vacant;
1505 5225 1560 5271 et
1589 5237 1697 5289 quo

95 5310 267 5364 modo
292 5309 441 5361 Deus
488 5306 823 5369 inveniatur,
857 5306 1115 5359 omnibus
1147 5305 1326 5359 modis
1375 5308 1699 5377 perquirere

95 5416 211 5454 non
242 5400 481 5450 cessant.
517 5394 587 5449 Hi
619 5394 863 5466 profecto
892 5395 1118 5447 odorem
1143 5401 1556 5465 unguentorum
1576 5414 1700 5451 sen-

94 5490 252 5545 tiunt
272 5490 330 5539 et
354 5484 460 5539 olei
490 5484 767 5539 infusione
783 5502 841 5538 se
870 5482 1309 5555 inungunt.quia
1323 5486 1455 5539 dum
1476 5503 1697 5539 omnem

98 5575 458 5651 putredinem
478 5573 745 5629 vitiorum
775 5573 1067 5645 abjiciunt,
1082 5573 1248 5627 flores
1259 5572 1362 5627 sibi
1383 5572 1696 5641 inveniunt,

99 5676 343 5740 quorum
356 5663 763 5736 compositione
776 5662 1156 5719 suaveolentia
1166 5667 1455 5735 unguenta
1463 5662 1700 5718 faciente

1783 4592 1925 4645 bene
1946 4609 2115 4663 super
2143 4594 2335 4645 vinum
2357 4589 2519 4645 dulce
2552 4608 2673 4644 esse
2708 4589 2932 4657 dicitur,
2958 4590 3089 4662 quia
3119 4604 3223 4663 per
3250 4608 3383 4646 san—

1780 4682 2010 4752 guinem
2052 4680 2259 4733 Christi
2302 4679 2742 4733 misericorditer
2789 4678 3113 4743 educamur,
3144 4679 3241 4751 qui
3284 4697 3387 4752 per

1782 4771 1921 4841 legis
1953 4771 2201 4824 litteram
2247 4785 2436 4821 severe
2470 4768 2624 4838 prius
2671 4765 3220 4839 constringebamur.
3274 4764 3383 4822 Per

1781 4877 1949 4931 quam
1975 4861 2328 4914 dilectionem
2352 4857 2693 4928 adimpletur
2713 4858 2860 4928 quod
2890 4858 3099 4911 dicitur
3122 4876 3133 4910 :

2312 4948 2490 5011 (Recti,
2513 4946 2861 5015 Christiani.)

1846 5036 2066 5093 8.Recli
2089 5036 2335 5105 diligunt
2366 5039 2428 5088 te.
2459 5031 2572 5088 Soli
2604 5035 2798 5105 utique
2828 5034 2964 5088 recti
2987 5032 3275 5088 Christum
3292 5031 3382 5088 di-

1780 5128 1981 5198 ligunt,
2009 5126 2141 5197 quia
2164 5126 2480 5197 quicunque
2497 5122 2678 5177 adhuc
2710 5141 2808 5194 per
2837 5121 3077 5177 distorta
3092 5123 3379 5190 vitiorum,

1781 5236 1843 5271 ex
1876 5216 2154 5271 desiderio
2206 5220 2461 5275 currunt.
2514 5210 2648 5267 dum
2697 5211 2753 5265 in
2784 5212 3139 5267 rectitudinis
3170 5210 3379 5269 lineam

1780 5322 2003 5376 semper
2018 5304 2324 5368 oliendunt,
2339 5304 2520 5375 ipsum
2536 5299 2768 5371 justitia)
2788 5308 3073 5356 auctorem
3091 5298 3380 5359 Christum

1783 5397 2010 5450 omnino
2034 5396 2267 5465 diligere
2297 5411 2407 5447 non
2439 5398 2693 5464 possunt.
2726 5390 2884 5446 Tunc
2912 5408 3043 5445 vero
3080 5390 3249 5446 homo
3279 5404 3381 5464 per

1783 5486 1929 5538 viam
1964 5484 2216 5538 veritatis
2245 5481 2476 5546 incedit,
2501 5499 2625 5536 cum
2656 5486 2713 5535 et
2740 5498 2909 5552 opera
2931 5480 3203 5537 virtutum
3230 5499 3380 5537 exse-

1783 5575 1993 5646 quitur,
2023 5581 2079 5627 et
2104 5583 2294 5627 tamen
2323 5578 2552 5645 peccata
2570 5588 2671 5626 sua
2691 5587 2913 5642 semper
2935 5572 3208 5643 agnoscit.
3226 5568 3380 5628 Ideo-

1782 5681 1890 5734 que
1920 5668 1975 5717 et
1995 5660 2159 5716 dicit.
