3934 6358
449 316 591 374 1367

1536 314 1847 371 ROBERTI
1886 310 2190 367 ABBATIS
2238 311 2295 364 S.
2338 308 2634 365 VIGORIS

3587 293 3740 353 1368

489 447 742 514 (Nigredo
770 452 821 501 et
850 448 1036 514 forma
1066 460 1290 513 sponsa,
1324 460 1421 513 per
1480 443 2007 511 mortiﬁcationem.)
2060 438 2486 505 Acipiam'post
2532 450 2725 503 greges
2766 432 3046 485 sodalium
3091 432 3337 482 tuorum.
3386 425 3450 480 In
3489 423 3740 514 meridie

522 531 582 592 9.
620 534 778 588 Vers.
817 532 869 588 4.
902 533 1079 599 Nigra
1108 549 1231 585 smn
1253 534 1343 584 sed
1352 534 1611 599 formosa,
1627 535 1757 597 ﬁlize
1779 533 2046 585 Hierusa-

455 626 581 684 lem,
599 624 1114 676 sicuttabernacuta
1134 623 1322 681 Uedar,
1358 624 1498 674 sicut
1518 623 1679 688 pelles
1709 620 2038 673 Salomonis.

453 711 687 781 Nigram
712 711 920 782 quippe
951 715 1007 763 et
1034 710 1339 763 formosam
1370 715 1564 764 sancta
1589 709 1780 762 anima
1816 724 1876 761 se
1907 707 2046 761 bene

453 799 745 873 dicit,quia
772 816 995 871 semper
1018 803 1075 852 et
1100 798 1506 869 turpitudinem
1539 804 1893 869 peccatorum
1923 813 2048 851 suo-

453 905 583 942 rum
615 888 898 958 perspicit,
921 893 979 941 et
1005 892 1195 940 tamen
1230 887 1383 940 illius
1408 887 1644 956 justitize
1671 903 1836 956 quem
1867 886 1926 939 in
1964 885 2050 939 in-

454 975 609 1030 timis
660 976 828 1042 videt,
877 975 934 1028 in
982 974 1353 1029 exterioribus
1395 974 1501 1029 sibi
1532 975 1768 1029 solerter
1807 975 2046 1028 formam

452 1065 618 1135 gerit.
642 1064 775 1129 Quae
793 1065 936 1119 bene
953 1067 1094 1118 sicut
1130 1066 1492 1118 tabernacula
1511 1064 1683 1119 Cedar
1696 1068 1880 1132 nigra,
1907 1068 2048 1117 sicut

450 1157 617 1223 pelles
645 1153 957 1208 Salomonis
995 1155 1239 1220 formosa
1269 1153 1492 1217 dicitur,
1528 1153 1659 1223 quia
1686 1153 1742 1207 in
1774 1158 2050 1223 quantum

454 1240 719 1296 tenebras
750 1241 1113 1295 mortalitatis
1142 1240 1656 1311 portat,nigredine
1678 1241 2051 1311 corruptionis

455 1331 797 1385 sordidatur.
819 1330 998 1385 Cedar
1009 1331 1155 1383 enim
1183 1331 1409 1383 tenebrw
1434 1329 1866 1400 interpretatur;
1900 1329 2052 1383 Salo-

453 1436 587 1474 mon
616 1436 767 1485 vero,
793 1419 890 1490 qui
919 1419 1206 1474 Christum
1224 1418 1521 1488 significat,
1538 1418 1803 1488 paciﬁcus
1824 1419 2048 1472 dicitur.

453 1508 783 1563 Formosam
814 1524 947 1578 ergo
976 1524 1035 1561 se
1064 1507 1209 1561 sicut
1240 1508 1413 1577 pelles
1430 1507 1745 1561 Salomonis
1760 1507 2053 1577 dicitquia

454 1597 591 1652 dum
621 1602 846 1651 sanctos
875 1612 1126 1667 quosque
1153 1596 1249 1667 qui
1269 1596 1339 1649 ad
1374 1596 1745 1649 imitationem
1764 1596 1972 1650 Christi
1992 1613 2053 1650 se

455 1685 817 1750 mortiﬁcant,
841 1685 1054 1739 imitari
1074 1701 1186 1738 non
1217 1685 1468 1754 negligit,
1496 1701 1691 1739 eorum
1709 1685 1906 1756 utique
1934 1686 2054 1754 pul-

2128 525 2410 578 Cliristum
2433 524 2536 578 sub
2557 522 2757 578 umbra
2777 519 3045 591 pascit,et
3071 516 3257 573 cubat.
3282 516 3378 586 qui
3404 514 3463 568 in
3492 513 3742 584 refrige-

2128 614 2344 667 ratione
2364 613 2607 683 Spiritus
2628 610 2828 677 sancti,
2846 607 2952 662 sibi
2976 606 3134 677 quasi
3156 604 3406 675 requiem
3426 609 3485 657 et
3503 608 3744 674 pastum

2129 709 2310 773 parat.
2343 703 2449 756 Per
2468 700 2762 755 meridiem
2795 697 3004 769 quippe
3047 694 3217 748 ardor
3244 694 3508 748 vitiorum
3541 691 3746 764 expri-

2130 792 2340 857 mitur;
2396 807 2498 862 per
2543 789 2797 844 umbram
2835 802 2975 840 .vero
3017 784 3286 856 spiritalis
3321 783 3519 853 gratiae
3559 783 3744 836 ﬂatus

2131 879 2475 950 designatur.
2509 877 2747 932 Meridie
2785 891 2919 945 ergo
2944 873 3209 937 fervente,
3241 873 3299 926 in
3336 870 3535 926 umbra
3573 869 3745 926 Chri-

2132 974 2253 1022 stus
2274 966 2733 1039 requiescit,quia
2753 965 2884 1018 dum
2917 964 2973 1017 in
3002 962 3255 1034 reprobis
3274 967 3443 1016 aestus
3463 960 3745 1015 vitiorum

2133 1058 2355 1127 ﬂagrat,
2376 1057 2494 1128 ipse
2515 1072 2730 1126 sponsae
2750 1071 2864 1108 suae
2883 1052 3235 1122 refrigerium
3249 1049 3465 1113 tribuit,
3486 1056 3543 1104 et
3575 1049 3637 1103 in
3670 1065 3747 1103 ea

2134 1146 2241 1199 sibi
2272 1144 2654 1199 delectabilem
2688 1144 2869 1196 locum
2897 1141 3101 1213 quietis
3130 1140 3318 1195 efﬁcit.
3357 1139 3465 1194 Sed
3490 1140 3599 1193 hoc
3626 1137 3743 1192 sibi

2134 1251 2339 1306 sponsa
2367 1234 2601 1288 indicari
2620 1232 2886 1303 deposcit,
2921 1230 3067 1300 quod
3094 1229 3234 1283 nulli
3261 1245 3509 1300 unquam
3542 1228 3745 1282 decla-

2134 1328 2312 1387 ratur,
2343 1322 2451 1375 nisi
2481 1320 2532 1374 ei
2562 1320 2656 1391 qui
2678 1320 2825 1373 idem
2843 1317 3285 1372 sanctificatricis
3301 1317 3496 1387 gratiae
3526 1333 3745 1370 munus

2134 1411 2388 1482 percipit.
2450 1410 2633 1473 Quare
2684 1424 2814 1462 vero
2854 1407 2925 1460 ad
2963 1407 3080 1461 haec
3116 1404 3474 1477 percipienda
3510 1411 3739 1469 aestuet,

2138 1500 2533 1554 manifestatur
2552 1514 2677 1551 cum
2700 1496 2907 1551 dicitur
2939 1513 2949 1547 :

2377 1588 2474 1653 (Ne
2503 1604 2641 1654 vaga
2670 1589 2740 1640 sit
2767 1591 2883 1654 post
2908 1600 3090 1653 greges
3115 1586 3437 1653 passionum
3464 1586 3478 1648 )

2209 1677 2294 1731 14.
2323 1678 2399 1732 Nc
2427 1679 2626 1743 ragari
2654 1677 2924 1743 incipiam
2962 1678 3079 1742 post
3108 1689 3290 1741 greges
3314 1675 3593 1727 sodalium
3622 1680 3746 1728 tuo-

456 1773 764 1827 chritudini
789 1790 889 1844 per
916 1751 1342 1827 similitudinem
1373 1751 1435 1827 se
1450 1773 1659 1843 jungit.
1682 1775 1766 1827 Ne
1785 1751 1914 1827 vero
1930 1751 2115 1845 pro-B
2136 1783 2289 1819 rum-
2340 1766 2505 1827 Vere.
2537 1765 2594 1817 in
2627 1780 2738 1833 quo
2781 1762 3037 1816 Christus
3076 1778 3187 1815 non
3240 1762 3426 1826 cubat,
3474 1769 3742 1834 Vagatur,

455 1861 594 1916 ximi
620 1863 740 1932 ejus
776 1862 1126 1933 nigredinem
1171 1861 1548 1927 intendentes,
1582 1862 1769 1916 minus
1799 1864 2055 1933 exempla

455 1949 732 2005 bonorum
762 1953 885 2021 ejus
914 1951 987 2005 ad
1006 1950 1379 2005 imitationem
1402 1950 1657 2020 diligant,
1689 1951 2054 2022 turpitudinis

456 2054 685 2093 causam
715 2038 1063 2094 satisfaciens
1091 2039 1356 2103 ostendit,
1393 2039 1527 2093 dum
1566 2038 1636 2092 ab
1682 2038 2054 2094 admiratione

457 2144 560 2182 sua
589 2128 737 2182 ﬁlias
762 2128 1114 2182 Hierusalem
1145 2128 1386 2200 repellit,
1413 2128 1604 2181 dicens
1636 2145 1649 2180 :

519 2216 736 2286 (Omnis
765 2219 963 2270 anima
982 2223 1192 2279 sancta,
1228 2221 1290 2271 in
1310 2220 1721 2286 comparatione
1752 2218 1977 2279 Christi,

1169 2305 1369 2372 fusca.)

528 2388 617 2446 10.
652 2390 813 2447 Vers.
858 2392 906 2446 5.
958 2394 1138 2446 Nolite
1182 2409 1266 2446 me
1303 2393 1669 2455 considerare,
1713 2396 1856 2463 quod
1897 2396 2054 2463 fusca

2137 1856 2271 1926 quia
2300 1870 2478 1916 mens,
2506 1869 2673 1924 quam
2713 1852 2807 1905 ille
2836 1850 3021 1905 suavis
3051 1856 3108 1905 et
3148 1851 3496 1921 ponderosus
3527 1853 3744 1907 Christi

2138 1944 2380 2015 Spiritus
2410 1959 2521 1997 non
2546 1941 2761 2012 implet,
2787 1940 2981 1994 multis
3000 1939 3433 2010 cogitationibus
3461 1942 3745 1996 dissoluta

2138 2032 2546 2089 circumfertur.
2596 2030 2705 2085 Sed
2753 2029 2848 2101 qui
2904 2034 3039 2082 sunt
3077 2029 3298 2083 sodales
3349 2030 3581 2097 Christi,
3636 2049 3744 2103 per

2138 2138 2378 2194 quorum
2406 2137 2606 2190 greges
2635 2135 2842 2190 sponsa
2871 2118 3061 2188 vagari
3087 2119 3450 2189 pertimescit,
3477 2119 3588 2174 nisi
3611 2121 3742 2175 falsi

2139 2212 2347 2283 quique
2368 2208 2710 2264 Christiani?
2748 2207 2856 2271 Qui
2880 2212 2979 2260 aut
3015 2205 3084 2260 ob
3124 2207 3368 2261 nominis
3407 2209 3604 2274 solius,
3640 2218 3744 2265 aut

2138 2300 2309 2354 etiam
2340 2302 2821 2352 sacramentorum
2840 2295 3314 2360 communionem,
3336 2295 3542 2351 fratres
3572 2298 3746 2353 Chri-

2138 2389 2211 2443 sti
2235 2392 2523 2450 vocantur,
2552 2386 2685 2457 quia
2714 2385 2905 2438 electis
2930 2401 3069 2455 quos
3102 2384 3222 2455 ipse
3268 2385 3471 2440 fratres
3496 2389 3740 2455 vocavit,

460 2482 588 2541 sim,
627 2482 760 2547 quia
813 2480 1143 2534 decoloravit
1183 2497 1267 2534 me
1304 2484 1401 2534 sol.
1431 2482 1540 2535 Per
1579 2483 1753 2536 solem
1798 2484 2052 2539 Christus
2134 2478 2192 2532 in
2225 2476 2473 2531 Ecclesia
2499 2474 2892 2541 cohabitando,
2921 2473 3223 2528 sociantur.
3258 2475 3510 2538 Quorum
3541 2476 3744 2531 multi-

460 2566 830 2638 signiﬁcatur.
863 2568 957 2622 Sol
990 2585 1123 2639 ergo
1153 2585 1279 2622 eum
1308 2568 1661 2635 decoloravit,
1695 2572 1827 2641 quia
1874 2560 2063 2643 quan:

460 2654 724 2710 tumlibet
769 2655 985 2727 fulgeat
1030 2658 1239 2724 anima,
1271 2657 1330 2710 in
1374 2659 1793 2729 comparatione
1821 2659 2049 2725 Christi,

460 2743 737 2815 fulgorem
758 2745 989 2799 amittit.
1015 2746 1159 2800 Sunt
1181 2746 1387 2817 quippe
1429 2748 1705 2811 nonnulli,
1741 2749 1837 2819 qui
1865 2749 1923 2803 in
1951 2751 2056 2804 hac

460 2838 627 2888 nocte
656 2834 853 2889 mundi
880 2836 1035 2891 velut
1061 2835 1236 2889 stellae
1277 2835 1595 2891 hominibus
1623 2836 1860 2907 fulgent,
1884 2838 2056 2893 lumi-

459 2923 625 2978 naria
640 2924 908 2994 proximis
936 2930 1241 2995 apparent:
1278 2925 1375 2978 sed
1406 2942 1532 2979 mox
1551 2932 1616 2980 ut
1624 2927 1858 2996 justitize
1893 2928 2057 2982 Chri-

2135 2567 2361 2621 tudines
2400 2564 2539 2618 bene
2569 2580 2669 2634 per
2700 2562 3182 2633 exprobrationem
3217 2580 3417 2634 greges
3446 2566 3744 2637 appellan-

2137 2663 2250 2718 tur,
2283 2655 2435 2727 quia,
2481 2654 2616 2707 dum
2664 2652 2826 2723 quasi
2871 2652 3281 2706 irrationabilia
3309 2653 3581 2709 animalia
3621 2655 3744 2710 sine

2139 2745 2334 2800 ordine
2362 2744 2568 2806 vivunt,
2615 2741 3005 2795 seductoribus
3033 2741 3321 2812 spiritibus
3358 2744 3429 2797 ad
3459 2744 3748 2799 devoran-

2137 2834 2270 2888 dum
2330 2832 2650 2887 traduntur.
2711 2831 2819 2885 Per
2872 2831 3195 2901 huiusmodi
3251 2848 3451 2901 greges
3508 2841 3750 2904 vagatur

2139 2923 2393 2994 quisquis
2414 2920 2483 2975 ab
2513 2920 2713 2974 intimo
2739 2919 3018 2973 desiderio
3050 2921 3332 2991 expulsus,
3370 2922 3745 2992 reproborum

464 3012 539 3066 sti
560 3028 619 3066 se
646 3013 1172 3083 comparant.quasi
1194 3013 1314 3067 sine
1339 3013 1462 3066 luce
1486 3021 1639 3077 sunt,
1666 3016 1763 3086 qui
1793 3016 1935 3069 bene
1967 3016 2059 3069 in-
2077 3064 2118 3086 η
2140 3012 2437 3067 stultitiam
2508 3008 2821 3081 persimiles
2874 3008 3209 3079 cupiditates
3270 3010 3548 3064 imitatur.
3624 3013 3744 3066 Hos

463 3101 918 3172 comparabiliter
948 3102 1103 3172 prius
1149 3102 1471 3156 hominibus
1502 3103 1781 3159 lucebant.
1806 3106 2060 3168 Qualiter

460 3206 592 3244 vero
629 3190 702 3244 ad
743 3191 849 3245 hoc
887 3192 1224 3263 pervenerit,
1270 3196 1334 3245 ut
1363 3192 1775 3263 aliquantulum
1804 3194 2055 3265 luceret),

465 3278 711 3333 ostendit
737 3296 865 3333 cum
894 3278 1187 3350 subjungit
1208 3297 1219 3332 :

474 3368 671 3438 (Mater
699 3384 921 3436 sponsae,
959 3373 1153 3422 sancta
1184 3370 1445 3435 Ecclesia,
1478 3375 1638 3439 cujus
1665 3375 1777 3440 ﬁlii
1805 3377 2056 3441 apostoli.

540 3454 632 3511 11.
666 3457 801 3509 Filii
827 3461 1030 3511 matris
1054 3473 1183 3511 mea:
1206 3466 1597 3526 pugnaverunt
1619 3467 1813 3516 contra
1835 3479 1936 3525 me,
1963 3479 2058 3531 p0-

2076 3064 2120 3125 C

2142 3102 2349 3173 quippe
2401 3099 2562 3153 electi
2608 3114 2734 3151 cum
2781 3097 3013 3151 moleste
3062 3099 3370 3168 patiantur,
3404 3116 3504 3171 per
3549 3117 3749 3156 eorum

2141 3189 2556 3250 persecutiones
2597 3186 2837 3258 probati,
2887 3186 3212 3241 mundiores
3240 3188 3309 3241 ad
3361 3194 3574 3244 aeterna
3603 3190 3753 3245 bona

2142 3280 2544 3352 perducuntur.
2577 3277 2736 3332 Unde
2760 3276 3096 3331 admonetur
3122 3294 3345 3348 sponsa,
3377 3295 3505 3333 cum
3536 3297 3639 3351 per
3657 3281 3750 3335 in-

2142 3369 2523 3440 crepationem
2552 3366 2757 3420 dicitur
2790 3382 2801 3416 :

2394 3457 2790 3525 (Pugnandum
2811 3460 2885 3508 cst
2918 3460 3111 3510 contra
3134 3458 3498 3525 tentationes.)

466 3549 703 3599 suerunt
720 3560 809 3597 me
838 3546 1109 3599 custodem
1127 3550 1189 3599 in
1212 3549 1843 3621 vineisMatersponsaa,
1869 3557 2065 3606 sancta
2222 3546 2307 3603 15.
2331 3547 2490 3601 Vers.
2532 3543 2583 3599 7.
2616 3543 2679 3598 Si
2707 3548 2932 3611 ignoras
2971 3549 3035 3606 te,
3082 3562 3112 3598 ο
3144 3547 3386 3612 pulchra
3428 3550 3578 3602 inter
3618 3566 3755 3602 mu-

470 3631 754 3700 Ecclesia;
790 3632 891 3686 filii
937 3634 1155 3700 matris,
1207 3636 1385 3689 sancti
1426 3638 1665 3707 apostoli
1708 3640 2061 3695 exstiterunt.
2152 3640 2326 3697 lieres,
2384 3636 2649 3703 egredere.
2712 3638 2762 3686 et
2816 3634 2911 3686 abi
2943 3638 3060 3701 post
3117 3638 3346 3702 vestigia
3402 3652 3656 3705 gregum.
3693 3638 3753 3693 Si

472 3721 627 3776 Ante
643 3722 1023 3792 apostolorum
1042 3724 1248 3795 quippe
1270 3726 1741 3795 praedicationem,
1758 3745 1899 3799 pene
1914 3735 2067 3785 totus
2148 3725 2372 3795 ignorat
2394 3741 2454 3778 se
2477 3741 2700 3795 sponsa,
2737 3723 3061 3793 egrediatur
3076 3728 3135 3778 et
3148 3723 3472 3795 abeat,quia
3494 3727 3754 3798 quisquis

470 3811 716 3865 mundus
761 3810 989 3866 rebellis
1033 3814 1266 3873 exstitit.
1299 3815 1481 3869 omnis
1509 3833 1653 3887 pene
1687 3818 1875 3871 anima
1895 3818 2068 3873 idolo-
2149 3814 2327 3868 nescit
2352 3830 2413 3867 se
2452 3813 2509 3867 in
2542 3814 2647 3867 hoc
2673 3813 2940 3883 positum,
2982 3817 3049 3867 ut
3072 3814 3413 3867 tentationes
3444 3830 3545 3884 per
3590 3817 3757 3871 suﬂ‘e-

472 3917 599 3954 rum
622 3917 682 3955 se
703 3901 948 3955 cultibus
976 3903 1303 3967 sordidavit,
1326 3911 1382 3957 et
1409 3904 1748 3975 cupiditates
1768 3908 2067 3962 sceleratas
2149 3903 2392 3957 rentiam
2420 3903 2619 3965 vincat,
2654 3896 2688 3955 a
2712 3902 3094 3956 familiaritate
3126 3902 3333 3956 Christi
3352 3903 3588 3969 recedit,
3621 3907 3757 3977 quia

476 3990 1272 4062 accumulavit.Apostolorum
1304 4009 1435 4047 vero
1467 3994 1786 4064 przedicatio
1808 4013 2065 4067 superve-
2145 3992 2203 4045 in
2230 3991 2376 4046 bello
2407 3992 2641 4063 positus,
2674 4008 2800 4044 cum
2834 3991 3071 4045 Domino
3101 4007 3203 4045 suo
3236 4009 3485 4063 pugnare
3505 4002 3750 4052 recusat.

474 4079 657 4145 niens,
690 4085 886 4134 contra
915 4080 1305 4135 omnes-verbo
1334 4084 1620 4153 pugnavit,
1663 4083 1720 4138 in
1751 4086 1944 4140 multis
1973 4104 2064 4140 re-
2148 4081 2445 4136 Sciendum
2475 4086 2561 4135 est
2587 4081 2735 4134 enim
2762 4080 3022 4135 omnibus
3050 4081 3198 4151 quod
3220 4098 3346 4135 cum
3366 4082 3424 4136 in
3445 4086 3760 4141 tentatione

472 4183 648 4237 gnum
678 4168 996 4223 daemonum
1027 4171 1381 4241 expugnavit,
1413 4178 1470 4226 et
1497 4189 1731 4243 regnum
1764 4174 2064 4241 Christi,id
2158 4177 2558 4225 sumuscontra
2577 4175 3093 4240 aereaspotestates
3112 4187 3365 4241 pugnare
3378 4174 3755 4245 praecipimur,

476 4262 564 4310 est
583 4263 836 4310 sanctam
851 4257 1756 4331 Ecclesiam,ampliavit.Vinctam
1775 4280 1907 4334 ergo
1923 4265 2082 4319 Chri-
2167 4260 2300 4330 quia
2320 4260 2441 4314 sine
2466 4259 2700 4313 Victoria
2731 4260 2986 4313 coronari
3014 4276 3125 4314 non
3162 4277 3477 4331 possumus.
3512 4264 3631 4318 Etsi
3655 4267 3759 4320 ad-

477 4351 585 4411 sto,
605 4352 663 4400 et
687 4348 1090 4403 sanctiﬁcatam
1118 4349 2445 4426 congregationem,apostolicusto-nVGI‘SﬁI‘lUS
2475 4349 2648 4409 deest,
2682 4365 2785 4402 nec
2813 4355 2899 4402 est
2941 4366 3106 4419 quem
3152 4350 3467 4420 vincamus;
3518 4353 3759 4426 ideoque

476 4436 609 4490 dem
648 4434 707 4489 in
729 4435 905 4491 vineis
936 4446 1264 4508 posuerunt,
1303 4441 1434 4512 quia
1459 4441 1670 4512 primos
1699 4444 1991 4498 credentes
2020 4434 2144 4499 in"
2163 4454 2367 4491 corona
2398 4438 2597 4500 deerit.
2640 4454 2806 4509 quam
2853 4438 3077 4492 nonniSi
3119 4439 3403 4494 Vincentes
3446 4443 3756 4513 capiemus.

478 4524 755 4581 Ecclesias
790 4543 894 4601 per
936 4530 1229 4596 mundum,
1262 4536 1327 4584 ut
1352 4547 1447 4584 eas
1477 4537 1534 4585 et
1577 4539 1985 4603 congregarent
2021 4540 2079 4589 et
2161 4528 2278 4581 Hoc
2307 4529 2402 4599 qui
2424 4528 2648 4597 ignorat
2676 4528 2731 4580 in
2761 4526 2903 4581 bello
2933 4533 3019 4581 est
3046 4533 3114 4582 et.
3139 4530 3298 4599 quasi
3327 4530 3386 4583 in
3416 4548 3552 4602 pace
3573 4535 3760 4588 exsul-

479 4620 845 4680 custodirent,
864 4620 1377 4692 disperserunt.Cuj
1387 4637 1453 4674 us
1470 4619 1835 4691 dispersionis
1847 4638 2077 4677 causam

479 4708 746 4779 ostendit,
770 4709 961 4764 dicens
995 4727 1007 4762 :

1046 4800 1263 4869 (Vinea,
1296 4798 1529 4866 Judaza.)

550 4886 641 4945 12.
680 4890 903 4943 Vineam
925 4903 1105 4941 meam
1136 4903 1248 4940 non
1270 4888 1556 4940 custodiri.
1577 4887 1722 4951 Quid
1743 4905 1843 4960 per
1855 4889 2075 4944 vineam

482 4977 862 5048 singulariter,
896 4975 1006 5031 nisi
1031 4974 1231 5030 Judaea
1253 4975 1614 5046 designatur?
1633 4978 1767 5041 Quae
1796 4995 1830 5032 a
1857 4995 1917 5032 se
1944 4978 2079 5032 ﬁde-

480 5066 565 5121 les
603 5067 835 5138 expulit,
872 5065 1004 5137 quia
1032 5064 1299 5118 custodiri
1335 5064 1763 5135 aspernabatur.
1797 5067 2076 5122 Praedica-

481 5155 636 5210 tione
666 5155 873 5227 quippe
895 5159 1233 5225 expugnata,
1255 5157 1312 5206 et
1331 5170 1535 5224 sponsa
1556 5154 1763 5209 Christi
1791 5156 1938 5209 facta
1963 5156 2079 5210 ani-

480 5261 594 5309 ma,
660 5243 958 5298 dilectione
1003 5242 1184 5307 ardet,
1236 5246 1293 5295 et
1338 5242 1674 5312 inquirendo
1712 5261 1861 5311 eum,
1912 5262 2076 5315 quem

479 5333 681 5405 diligit,
707 5334 766 5387 in
794 5332 1012 5387 intimis
1039 5349 1097 5387 se
1119 5337 1363 5391 exercet.
1395 5333 1586 5387 dicens
1618 5351 1629 5386 :

590 5423 738 5489 (Quae
768 5426 831 5476 in
862 5423 1094 5476 meridie
1126 5422 1407 5477 Christum
1429 5425 1759 5489 requiescere
1789 5424 1969 5490 facit.)

550 5508 639 5563 13.
667 5510 827 5564 Vers.
879 5507 933 5565 6.
983 5512 1178 5565 Indica
1230 5512 1391 5573 mihi,
1443 5526 1605 5577 quem
1653 5512 1840 5578 diligit
1883 5514 2080 5565 anima

482 5611 622 5655 mea,
645 5598 745 5650 ubi
757 5613 969 5665 pascas,
1003 5600 1102 5653 ubi
1119 5600 1275 5653 cubes
1299 5602 1363 5652 in
1390 5599 1638 5663 meridie,
1678 5614 1745 5653 ne
1767 5601 1966 5666 vagari
1992 5602 2079 5654 in-

2162 4622 2267 4682 tat,
2303 4623 2362 4671 et
2390 4634 2455 4671 eo
2475 4617 2826 4687 frequentius
2861 4617 3207 4680 vulneratur,
3232 4635 3342 4689 quo
3362 4621 3612 4675 securior
3640 4629 3754 4678 est:

2160 4706 2294 4777 quia
2312 4705 2491 4761 nescit
2518 4707 2704 4760 videre.
2722 4723 2889 4777 quem
2912 4712 3121 4760 caveat.
3138 4706 3315 4778 Digne
3331 4725 3462 4779 ergo
3487 4726 3520 4763 a
3541 4727 3760 4782 pugna-

2157 4796 2374 4851 toribus
2429 4796 2760 4863 secernitur,
2813 4802 2875 4851 ut
2923 4797 3157 4867 vestigia
3189 4815 3425 4869 gregum
3468 4807 3758 4871 sequatur,

2161 4886 2292 4957 quia
2321 4886 2457 4940 dum
2500 4886 2806 4956 prudentes
2848 4903 3099 4958 quosque
3130 4886 3343 4941 imitari
3382 4889 3638 4961 negligit,
3668 4909 3762 4947 ne-

2166 4976 2411 5031 ccssario
2431 4975 2698 5046 reprobos
2718 4976 2993 5046 sequitur,
3019 4992 3158 5047 quos
3173 4976 3415 5031 stultitia
3429 4977 3612 5035 brutis
3644 4983 3763 5036 ani-

2160 5063 2399 5118 malibus
2424 5064 2636 5118 similes
2666 5065 2814 5119 fecit.

2162 5155 3040 5222 (Haedin‘mmunda:cogitationes;
3074 5158 3431 5212 tabernacula
3447 5163 3757 5227 pastorum.

2588 5248 2882 5297 conrcntus
2910 5244 3337 5314 hareticorum.)

2238 5329 2322 5385 16.
2349 5332 2416 5385 Et
2441 5347 2597 5400 pasce
2627 5332 2800 5386 hazdos
2832 5337 2949 5385 tuos
2981 5335 3151 5401 juxta
3184 5336 3605 5390 tabernaculum
3630 5353 3760 5405 pas-

2166 5425 2368 5474 torum.
2433 5420 2541 5474 Per
2594 5421 2807 5488 hzedos,
2857 5421 3162 5476 immundae
3202 5422 3573 5493 cogitationes
3613 5423 3761 5480 desi-

2160 5515 2435 5579 gnantur;
2474 5526 2574 5580 per
2618 5509 2982 5564 tabernacula
3022 5517 3335 5581 pastorum,
3376 5513 3763 5570 conventicula

2160 5599 2553 5654 hzereticorum
2575 5599 2983 5671 exprimuntur.
3015 5600 3122 5665 Qui
3143 5588 3276 5671 ergo
3295 5618 3547 5673 pugnare
3563 5605 3758 5674 nescit,
