3934 6360
141 300 297 366 1369
1354 312 1705 370 EPISTOLA
1741 349 1750 368 ι

1877 312 2229 370 FRATRES.
3280 308 3423 370 1370

134 435 313 504 juxta
326 431 686 488 tabernacula
703 438 990 504 pastorum
1011 434 1203 489 haedos
1223 437 1421 506 pascit,
1437 438 1568 509 quia
1598 438 1745 510 quis-
1765 440 1817 498 Α
2075 439 2402 502 (.ilurenulze
2429 454 2628 504 aurea,
2661 453 2819 491 sacra
2848 438 3185 507 Scriptura.)

142 525 278 594 quis
311 522 711 578 obsistentibus
739 523 1108 577 tentationem
1133 524 1337 594 gladiis
1383 526 1616 581 viriliter
1639 544 1750 580 non
1906 522 1994 580 ‘20.
2022 526 2182 579 Vers.
2225 526 2310 583 lO.
2348 528 2675 580 Murenulas
2730 542 2930 579 aureas
2978 527 3240 593 faciemus
3301 528 3423 591 tibi,

140 612 388 678 resistit,
411 612 732 665 immundus
761 612 1145 681 cogitationes,
1182 614 1341 684 quasi
1374 616 1567 669 hmdos
1596 616 1753 669 lasci-
1832 617 2227 667 reriniculatas
2242 621 2489 682 argento.
2514 616 2748 669 Murena
2778 615 2947 686 piscis
2977 621 3079 680 est,
3113 616 3207 685 qui
3230 622 3425 685 captus

139 717 261 766 vos,
315 701 374 755 in
404 700 571 754 corde
618 700 819 766 nutrit,
870 707 927 754 et
974 701 1218 756 efﬁcitur
1254 703 1305 756 ei
1344 702 1543 757 similis
1580 704 1752 758 etiam
1833 702 2147 757 vertitsein
2175 703 2466 770 circulum,
2495 704 2562 757 ad
2587 705 2748 773 cujus
2770 704 3058 775 exemplar
3081 704 3145 757 ﬁt
3189 703 3421 765 inauris,

145 790 245 860 qui
280 806 314 843 a
336 790 447 844 ﬁde
469 789 698 844 recedit.
731 790 937 843 Anima
982 807 1113 845 vero
1154 808 1276 865 quae
1322 808 1526 863 sponsa
1567 793 1753 848 Chris-
1836 808 1958 862 quae
1990 794 2285 847 murenula
2307 792 2531 859 dicitur,
2583 809 2693 864 qua
2724 792 3054 863 designatur
3089 792 3429 863 praedicatio,

145 878 222 932 sti
265 878 412 932 efﬁci
453 878 813 949 concupiscit,
858 880 1098 950 qualiter
1135 897 1193 934 se
1230 880 1453 946 habeat,
1497 880 1752 936 Christus
1836 897 1958 951 qua
1988 881 2044 934 in
2068 882 2299 935 auribus
2331 882 2585 949 inhaeret,
2616 888 2673 936 et
2692 898 2787 936 eas
2814 882 3425 952 penetrat.Murenulis,

139 983 272 1020 eam
305 967 488 1033 docet,
517 983 642 1021 cum
676 966 727 1020 ei
756 984 858 1038 per
878 969 1355 1039 comparationem
1380 970 1638 1041 protinus
1665 971 1750 1025 di-

140 1055 257 1110 cit:

274 1146 598 1214 (Equitatus
628 1148 989 1209 lsraeliticus,
1014 1150 1210 1201 multis
1242 1151 1634 1203 tentationibus

790 1219 1100 1286 probatus.)

218 1305 308 1361 17.
330 1304 499 1360 Vers.
519 1302 572 1362 8.
597 1306 890 1374 Equitatui
917 1323 1032 1360 ineo
1062 1311 1123 1361 in
1150 1310 1411 1362 curribus
1441 1310 1753 1363 Pharaonis

142 1396 472 1448 assimilaei
519 1399 582 1457 te,
617 1397 800 1448 amica
829 1411 968 1448 mea.
1030 1396 1248 1449 Scimus
1299 1398 1429 1468 quia
1470 1398 1753 1468 equitatus

140 1481 519 1548 Israeliticus,
537 1498 737 1537 currus
768 1483 1077 1539 Pharaonis
1106 1484 1345 1555 fugiens,
1382 1487 1438 1540 in
1480 1487 1625 1541 mari
1662 1488 1757 1541 de-

139 1588 369 1625 mersos
393 1571 639 1641 reliquit,
659 1588 762 1625 nec
779 1578 969 1627 tamen
992 1574 1183 1627 statim
1200 1581 1410 1629 terram
1452 1576 1754 1646 repromis-

137 1660 321 1715 sionis
337 1660 693 1723 intravit,sed
715 1662 874 1733 prius
893 1663 1103 1717 multas
1124 1665 1467 1719 tentationes
1489 1666 1545 1718 in
1567 1682 1754 1720 eremo

1836 970 2069 1024 monilia
2098 972 2239 1025 collo
2261 971 2525 1041 ligantur,
2561 971 2695 1042 quia
2714 977 2771 1026 et
2792 971 3065 1043 sapientia
3093 977 3150 1025 et
3178 971 3376 1041 religio
3397 988 3432 1025 a

1835 1058 2137 1130 Scripturis
2168 1061 2397 1121 sanctis,
2442 1060 2900 1131 praedicatoribus
2932 1060 3282 1130 adjurgitur.
3316 1061 3427 1114 Per

1835 1149 2163 1202 murenulas
2185 1149 2333 1202 enim
2367 1149 2657 1219 Scriptura
2687 1155 2877 1203 sancta
2903 1140 3255 1218 intelligitur.
3291 1148 3426 1211 Quae

1835 1235 1975 1290 bene
2006 1254 2189 1291 aureae
2212 1244 2269 1291 et
2286 1245 2551 1308 argenteo
2580 1238 2954 1292 vermiculata:
2983 1237 3266 1303 dicuntur,
3296 1237 3429 1307 quia

1836 1331 1894 1378 et
1922 1326 2197 1396 sapientia
2222 1327 2510 1397 Scriptura
2538 1334 2732 1381 sancta
2751 1327 2946 1397 fulget,
2976 1332 3032 1380 et
3054 1342 3254 1380 sonora
3291 1342 3429 1396 prae-

1837 1414 2117 1468 dicatione
2172 1432 2273 1485 per
2318 1416 2640 1469 universum
2690 1416 2959 1469 mundum
2990 1414 3233 1468 auditur.
3275 1415 3430 1469 Sicut

1838 1503 1984 1556 enim
2000 1520 2100 1573 per
2114 1519 2315 1558 aurum
2347 1503 2641 1574 sapientia,
2670 1506 2748 1559 sic
2772 1520 2871 1574 per
2897 1509 3193 1574 argentum
3234 1506 3429 1557 sancta

1836 1592 2155 1663 praedicatio
2175 1592 2612 1647 demonstratur.
2645 1594 2745 1647 His
2783 1592 2967 1647 verbis
3005 1592 3195 1663 sponsi
3226 1608 3430 1663 sponsa

1839 1681 2159 1751 respondet,
2178 1687 2234 1735 et
2274 1699 2375 1752 per
2398 1698 2695 1753 corporeas
2719 1698 2910 1735 rerum
2939 1681 3150 1752 species
3175 1696 3429 1735 amorem

140 1751 531 1842 ᾳιξειάτξιιείηῐθ
586 1753 748 1807 annis
791 1756 1081 1817 ευεῐίῐιυίῐν
1111 1757 1320 1811 ωυηοε
1373 1775 1533 1828 r9308
1562 1758 1753 1812 mllltis
1772 1761 2080 1837 Bintimat,
2112 1788 2221 1841 quo
2251 1751 2583 1842 spiritaliter
2602 1771 2754 1824 intus
2773 1770 2952 1833 ardet,
2973 1751 3177 1824 dicens
3213 1789 3224 1824 :

138 1840 443 1895 laboribus
463 1842 820 1913 expugnavit,
852 1848 910 1897 et
937 1845 1018 1898 sic
1046 1846 1273 1899 tandem
1305 1847 1371 1900 ad
1397 1846 1615 1900 beatam
1644 1853 1755 1901 ter-

139 1945 292 1995 ram,
326 1929 389 1984 in
414 1946 524 2001 qua
545 1947 668 1985 cum
718 1949 921 2003 sponso
972 1934 1301 2002 delectetur,
1336 1936 1607 2006 pervenit.
1648 1935 1751 1991 Cui

137 2016 287 2073 bene
314 2018 546 2087 dicitur,
580 2020 728 2091 quod
756 2020 1053 2078 subditur:

723 2110 898 2177 (Genet
927 2115 1175 2179 sponsae.)

212 2196 310 2252 18.
340 2197 502 2251 Vers.
533 2197 585 2254 9.
639 2201 889 2253 Pulchrae
943 2205 1076 2254 sunt
1121 2217 1286 2269 genae,
1312 2203 1452 2255 sicut
1485 2205 1744 2255 turturis.

145 2289 367 2343 Turtur
401 2293 700 2359 postquam
757 2305 949 2359 parem
999 2306 1161 2344 suum
1204 2290 1513 2361 perdiderit
1549 2291 1746 2357 semel,

145 2393 447 2447 nunquam
479 2377 642 2430 alteri
672 2394 732 2432 se
755 2378 964 2449 jungit,
992 2379 1085 2433 sed
1117 2396 1342 2450 semper
1368 2379 1618 2433 solitarie
1649 2380 1751 2433 ha-

140 2464 349 2519 bitans
379 2465 436 2519 in
477 2466 695 2536 gemitu
741 2475 1080 2537 perseverat.
1109 2468 1240 2538 quia
1289 2485 1456 2539 quem
1487 2469 1755 2538 diligebat

144 2571 264 2609 non
294 2554 607 2617 inveniens,
646 2556 862 2626 quaerit.
901 2556 990 2611 Sic
1035 2563 1231 2611 sancta
1277 2573 1510 2628 quaeque
1539 2558 1747 2622 anima,

148 2644 286 2697 dum
306 2660 341 2697 a
360 2660 566 2715 sponso
587 2661 687 2700 suo
700 2644 901 2699 absens
919 2652 1025 2712 est,
1045 2646 1114 2700 ab
1136 2647 1255 2717 ejus
1303 2662 1497 2700 amore
1526 2663 1639 2701 non
1659 2664 1749 2701 re-

141 2733 314 2799 cedit,
345 2733 440 2786 sed
469 2733 529 2786 in
558 2735 680 2803 ejus
710 2734 1049 2789 desiderium
1081 2752 1305 2806 semper
1320 2736 1550 2789 anhelat
1567 2742 1624 2789 et
1649 2754 1750 2806 ge-

145 2822 272 2876 mit.
309 2822 380 2875 Et
411 2822 544 2876 dum
576 2823 734 2876 illum
767 2839 932 2893 quem
955 2825 1114 2878 valde
1134 2825 1336 2894 diligit,
1370 2841 1481 2878 non
1512 2825 1742 2891 invenit,

148 2911 288 2982 quia
309 2910 382 2964 ab
402 2912 556 2965 omni
573 2912 756 2966 alieno
768 2929 959 2967 amore
987 2930 1047 2967 se
1079 2914 1335 2981 retrahit,
1369 2914 1529 2985 quasi
1558 2914 1617 2968 in
1645 2931 1745 2985 ge-

147 3016 361 3054 narum
380 3001 718 3055 verecundia
741 3002 1054 3057 castitatem
1084 3003 1288 3069 cordis,
1319 3003 1441 3075 ipso
1470 3002 1667 3058 habitu
1694 3010 1752 3058 et

145 3094 279 3144 actu
309 3090 573 3144 exteriori
595 3091 859 3145 ostendit.
886 3092 1153 3162 Sequitur
1185 3111 1196 3146 :

488 3180 721 3247 (Collum
740 3196 963 3248 sponsae,
980 3184 1413 3253 praedicatores.)

218 3266 534 3324 19.0011um
556 3274 716 3321 tuum
737 3274 879 3323 sicut
900 3271 1272 3324 monilia.Per
1287 3271 1490 3325 collum
1514 3289 1750 3343 sponsa},

142 3357 549 3429 praedicatores
594 3362 800 3412 sanctae
823 3359 1077 3414 Ecclesiae
1106 3360 1499 3430 designantur.
1538 3362 1755 3415 Monili—

143 3445 253 3501 bus
280 3445 679 3517 praedicatores
709 3454 1127 3518 comparantur,
1170 3449 1255 3502 vel
1307 3449 1441 3519 quia
1495 3450 1752 3505 Ecclesia

140 3542 279 3590 sunt
302 3541 720 3602 ornamentum,
752 3537 838 3590 vel
866 3537 1001 3607 quia
1034 3537 1341 3592 Ecclesiam
1365 3539 1646 3606 muniunt,
1690 3546 1754 3593 ut

142 3631 346 3696 pectus
375 3625 584 3678 monile
618 3625 702 3678 vel
733 3642 766 3678 a
790 3627 1154 3692 rotunditate,
1176 3628 1232 3681 id
1277 3633 1363 3681 est
1391 3628 1749 3698 perfectione.

146 3717 213 3771 In
243 3713 573 3780 monilibus,
594 3731 832 3783 gemma:
854 3716 911 3768 in
924 3733 1072 3770 auro
1093 3722 1395 3787 ponuntur.
1424 3716 1532 3770 Per
1551 3734 1750 3770 aurum

144 3804 360 3875 quippe
391 3801 685 3873 sapientia,
708 3820 808 3874 per
836 3806 1051 3876 lapides
1081 3811 1413 3859 ornamenta
1435 3806 1753 3876 exprimun-

142 3900 260 3947 tur.
289 3890 506 3946 Collum
531 3898 904 3963 ergo’sponsae
940 3895 1087 3948 sicut
1117 3895 1348 3948 monilia
1374 3894 1585 3958 existit,
1619 3896 1751 3966 quia

144 3980 388 4054 quilibet
407 3985 592 4034 rectus
616 3982 872 4037 Ecclesia:
900 3984 1253 4054 praadicator,
1278 3990 1335 4037 et
1361 3984 1638 4055 sapientia
1663 3985 1751 4039 in-

144 4070 328 4127 terius
358 4085 418 4123 se
449 4068 650 4133 induit,
677 4078 734 4125 et
763 4089 933 4143 opera
959 4072 1202 4127 exterius
1250 4079 1488 4137 exercet,
1531 4090 1653 4144 quae
1689 4074 1751 4129 in

145 4159 431 4235 sapientia
458 4157 614 4214 vidit.
650 4161 753 4215 Cui
777 4166 835 4215 et
864 4161 1047 4215 adhuc
1071 4162 1277 4216 dicitur
1310 4180 1321 4214 :

2064 1861 2314 1926 (Nardus
2338 1875 2559 1927 sponsa,
2598 1861 2801 1913 bonum.
2830 1857 3191 1928 exemplum.)

1904 1945 2168 2004 2LVers.
2192 1946 2272 2004 l’l.
2311 1951 2456 2002 Dum
2487 1953 2613 2002 esset
2641 1964 2737 2001 recc
2764 1951 2829 2002 in
2865 1949 3120 2001 accubitu
3148 1964 3265 2009 suo,
3299 1963 3433 2001 nar-

1835 2037 1939 2089 dus
1970 2052 2087 2089 mea
2109 2037 2255 2088 dedit
2281 2037 2498 2089 odorem
2527 2052 2712 2089 suum.
2746 2036 2969 2089 Nardus
2998 2041 3084 2089 est
3113 2035 3287 2089 herba
3330 2036 3432 2090 hu-

1836 2123 2005 2188 milis,
2023 2140 2145 2194 quae
2172 2129 2401 2193 gustata
2422 2124 2599 2194 frigus
2628 2124 2871 2195 expellit,
2890 2131 2947 2178 et
2975 2124 3227 2178 calefacit
3251 2140 3430 2178 mem-

1831 2211 2014 2266 brum.
2047 2212 2379 2266 Accubitum
2412 2230 2575 2267 suum
2605 2230 2698 2267 rex
2737 2219 2873 2267 tunc
2901 2213 3152 2281 intravit,
3202 2213 3428 2284 quando

1834 2302 2103 2356 Dominus
2142 2307 2333 2356 noster
2387 2304 2549 2357 Jesus
2598 2302 2856 2372 Christus
2900 2303 3266 2374 corporaliter
3302 2303 3425 2357 coeli

1833 2391 2103 2446 interiora
2129 2391 2461 2462 penetravit.
2496 2392 2618 2455 Quo
2651 2391 2728 2445 ibi
2776 2393 3181 2463 requiescente,
3215 2392 3426 2447 nardus

1836 2497 2053 2550 sponsae
2083 2480 2310 2534 odorem
2335 2497 2497 2535 suum
2522 2481 2694 2545 dedit,
2721 2482 2853 2552 quia
2879 2481 3053 2536 virtus
3084 2489 3289 2536 sanctae
3331 2481 3429 2535 Ec-

1834 2569 2275 2633 clesiee,suavem
2292 2568 2497 2622 famam
2525 2569 2789 2624 bonitatis
2816 2571 2981 2641 longe
3002 2572 3228 2642 lateque
3265 2587 3427 2641 spar-

1834 2658 1925 2711 sit.
1955 2658 2041 2711 Ad
2066 2659 2233 2711 caelos
2266 2658 2417 2712 enim
2459 2659 2729 2712 Dominus
2765 2660 3036 2725 ascendit,
3071 2666 3128 2714 et
3158 2660 3430 2730 Spiritum

1833 2751 2087 2800 sanctum
2122 2764 2282 2801 suum
2315 2765 2484 2818 super
2508 2748 2812 2818 discipulos
2859 2748 3029 2811 misit,
3073 2766 3182 2820 quo
3212 2749 3430 2820 impleti

1828 2832 1996 2887 verba
2041 2834 2239 2888 salutis
2285 2835 2493 2888 mundo
2536 2834 2927 2905 praedicarent,
2967 2841 3024 2889 et
3087 2852 3188 2907 per
3235 2841 3432 2889 sancta

1830 2938 2001 2992 opera
2024 2922 2151 2976 boni
2197 2923 2386 2977 odoris
2429 2923 2637 2976 famam
2674 2924 3109 2996 circumquaque
3139 2925 3421 2978 diffunde-

1831 3015 1975 3064 rent.
2001 3012 2161 3065 Hunc
2192 3013 2397 3083 quippe
2428 3012 2485 3065 in
2532 3012 2809 3084 baptismo
2858 3030 3211 3085 unaquaeque
3250 3014 3431 3068 ﬁdelis

1832 3100 2023 3154 anima
2051 3100 2267 3171 recipit,
2302 3108 2368 3155 ut
2398 3118 2498 3172 per
2540 3118 2669 3155 eum
2717 3102 2822 3156 sibi
2879 3121 2943 3157 ex
2989 3104 3259 3157 virtutum
3289 3119 3427 3157 con-

1832 3188 2072 3244 fectione
2102 3198 2389 3260 unguenta
2411 3198 2728 3262 componat,
2759 3199 2816 3246 et
2862 3192 3143 3264 proximos
3188 3191 3427 3263 exempli

1835 3278 2199 3345 exhibitione,
2243 3279 2403 3351 quasi
2432 3280 2706 3349 unguenti
2758 3282 2929 3336 odore
2962 3281 3195 3336 reficiat.
3230 3281 3428 3352 Sequi-

1835 3372 1928 3421 tur
1959 3387 1969 3420 :

2082 3457 2422 3527 (Fasciculus
2443 3459 2706 3526 myrrha,
2743 3460 3140 3526 morti/italia.)

1903 3544 2001 3601 22.
2040 3545 2197 3599 Vers.
2237 3544 2315 3601 l'2.
2353 3547 2664 3600 Fasciculus
2694 3547 2940 3616 myrrha
2994 3549 3225 3602 dilectus
3278 3565 3431 3603 meus

1835 3636 1998 3693 mihi,
2034 3637 2184 3688 inter
2206 3637 2374 3688 ubera
2404 3652 2524 3689 mea
2580 3637 3030 3689 commorabitur.
3083 3640 3430 3693 Mortuorum

1836 3738 2071 3792 corpora
2100 3724 2557 3794 myrrhacondiri
2587 3724 2786 3789 solent,
2812 3740 2881 3778 ne
2910 3730 3252 3795 putrescant.
3284 3728 3432 3797 Myr-

1831 3812 1993 3864 rham
2014 3812 2238 3882 quippe,
2263 3819 2368 3866 etc.
2392 3815 2615 3880 Reliqua
2647 3830 2815 3882 usque
2843 3816 2916 3866 ad
2945 3817 3104 3880 ﬁnem
3142 3815 3432 3869 Commen-

1835 3903 1974 3954 tarii
2002 3901 2161 3953 habes
2191 3902 2264 3954 ad
2284 3904 2510 3955 verbum
2542 3905 2619 3954 im
2658 3903 3004 3971 Earpositione
3058 3920 3176 3971 qua:
3204 3906 3304 3957 sub
3332 3921 3432 3958 no-

1833 3991 1990 4042 mine
2013 3988 2070 4043 S.
2099 3990 2349 4057 Gregorii
2372 3992 2567 4057 Magni
2614 3993 2763 4046 inter
2811 3994 2926 4059 ejus
2958 3992 3132 4059 Opera
3155 3994 3301 4046 edita
3330 3999 3425 4047 est.

1846 4079 1966 4131 Vide
1994 4080 2316 4146 Patrologiae
2338 4085 2466 4133 tom.
2491 4079 2732 4146 LXXIX,
2764 4082 2859 4134 col.
2889 4079 3014 4135 471.

537 4467 1408 4580 ROBERTI
1484 4467 1737 4576 DE
1808 4472 3049 4583 TUMBALBNA

1427 4650 1719 4705 PRIORIS
1765 4650 1821 4705 S.
1863 4648 2159 4704 VIGORIS

267 4807 817 4904 EPISTOLA
905 4808 1060 4903 AD
1136 4808 1764 4905 MONACHOS
1840 4810 1928 4904 S.
2006 4807 2628 4902 lllICHAELlS
2700 4810 2850 4905 DE
2928 4812 3316 4905 MONTE

954 4992 1040 5050 De
1070 4990 1328 5071 quodam
1357 4991 1638 5052 monacho
1675 4990 1984 5071 epileptico
2014 5009 2051 5050 a
2082 4989 2318 5050 levitate
2346 5007 2642 5049 converso.

231 5151 521 5231 (MABILL.
563 5149 792 5212 Annal.
826 5149 1086 5228 Bened,
1123 5153 1168 5213 t.
1206 5152 1278 5224 V,
1313 5152 1639 5230 Append,
1673 5170 1738 5230 p.
1773 5150 1919 5213 659.
1955 5170 2026 5211 ex
2057 5168 2174 5231 ms.
2210 5149 2349 5209 cod.
2389 5148 2536 5210 olim
2560 5146 2954 5210 bibliothecae
2993 5150 3054 5212 S.
3114 5149 3410 5230 Stephani

1264 5231 1637 5292 Cadomensi
1668 5250 1833 5292 nunc
1864 5230 2350 5304 Ottobonianaa.)

1625 5352 1931 5368 ω

229 5451 521 5508 Fratribus
548 5458 799 5508 montem
828 5454 986 5508 Beati
1034 5455 1322 5510 Michaelis
1352 5455 1752 5522 habitantibus,

58 5568 63 5577 -
160 5542 339 5597 frater
366 5542 660 5597 Romanus
691 5548 748 5597 et
802 5543 1007 5596 fratres
1056 5544 1241 5598 caeteri
1302 5543 1451 5599 beati
1476 5543 1668 5617 Vigori
1697 5545 1756 5598 in

159 5631 745 5689 Monte-chrismatum
776 5632 1099 5687 servientes.

1911 5455 2250 5511 Benedictus
2280 5454 2429 5508 Deus
2459 5452 2646 5517 Pater,
2662 5456 2719 5506 et
2751 5449 3079 5507 benedictus
3103 5452 3202 5507 Dei
3236 5453 3427 5518 Filius,

1840 5551 2179 5615 sanctusque
2200 5543 2493 5613 utriusque
2539 5540 2801 5612 Spiritus,
2832 5541 3018 5595 trinus
3066 5542 3125 5596 in
3184 5543 3436 5613 ejusdem

1841 5632 2151 5704 majestatis
2182 5630 2497 5685 substantia
2524 5630 2693 5694 Deus,
2721 5629 2817 5700 qui
2831 5629 2911 5683 nil
2939 5630 3058 5685 odit
3086 5646 3282 5685 eorum
3310 5647 3435 5702 quae
