3934 6358
435 358 566 426 137i

1514 369 1827 424 ROBERTI
1866 365 2175 422 ABBATIS
2215 364 2273 417 S.
2314 362 2610 417 VIGORIS

3568 360 3720 416 i372

430 495 561 551 fecit
581 495 729 563 (Sap.
762 508 838 559 x1,
875 492 982 558 55),
1036 495 1299 563 quoniam
1350 493 1471 547 vult
1520 510 1714 546 omnes
1769 491 2026 545 homines
2046 495 2088 550 A
2113 488 2354 542 surrexit
2384 486 2644 558 planctus
2675 488 3325 551 miserabilcsemittens,
3357 503 3593 559 nosque,
3613 488 3717 558 qui

432 586 614 639 salvos
638 583 841 647 fieri,et
863 582 931 634 ad
960 582 1301 651 agnitionem
1336 582 1586 635 veritatis
1617 581 1805 634 venire
1848 582 2023 643 (Tim,

434 674 510 742 1),
546 674 642 743 qui
672 688 773 726 nos
799 671 967 727 etiam
1001 677 1412 742 contemptores
1446 687 1557 724 non
1574 669 1904 736 contemnit,
1931 668 2028 721 sed

436 762 700 816 adversos
721 759 1012 822 convertit,
1034 776 1327 814 conversos
1347 759 1549 829 diligit,
1587 760 1929 828 dilectosque
1958 756 2029 810 ad

437 851 627 906 vultus
650 849 736 904 sui
757 848 1152 902 hilarissimam
1168 849 1664 918 beatissimamque
1687 847 1954 900 visionem
1972 846 2029 899 in

439 936 789 993 mirabilibus
799 954 913 991 suae
926 938 1219 1007 potestatis
1234 937 1538 1006 singularis
1550 936 1820 1007 provehit.
1832 936 1932 990 Hic
1945 940 2030 989 est

438 1028 587 1081 Deus
606 1032 815 1087 noster,
836 1026 986 1079 solus
998 1026 1301 1085 timendus.
1326 1025 1477 1078 solus
1491 1025 1887 1094 amandus,qui
1916 1040 2028 1077 non

435 1116 663 1188 respicit
677 1112 921 1169 hominis
934 1112 1294 1186 [ﬁhomines]
1308 1114 1420 1171 .sed
1441 1114 1648 1186 perdit,
1667 1130 1734 1167 ea
1756 1130 1879 1183 quae
1898 1119 2030 1166 sunt

437 1210 503 1258 ut
529 1220 595 1258 ea
613 1221 735 1275 quae
764 1220 875 1259 non
905 1208 1037 1257 sunt
1056 1203 1320 1270 instruat,
1344 1203 1438 1274 qui
1487 1202 1633 1272 apud
1667 1217 1767 1254 nos
1806 1217 2027 1270 qunque

438 1293 667 1347 ultimos
699 1309 885 1347 servos
915 1309 1045 1346 suos
1064 1291 1325 1346 timorem
1358 1307 1521 1344 suum
1546 1296 1601 1344 et
1619 1306 1866 1343 amorem
1885 1306 2033 1341 reve-

438 1383 590 1447 lavit,
620 1382 937 1451 percutiens
970 1380 1261 1451 superbos,
1295 1386 1350 1434 et
1376 1395 1582 1433 sanans
1604 1378 1863 1433 humiles.
1894 1377 2031 1431 Rem

439 1469 590 1526 vobis
621 1472 819 1541 loquar
836 1470 1064 1539 dignam
1110 1468 1402 1535 memoria,
1436 1468 1643 1522 nostris
1686 1466 2034 1537 temporibus

438 1559 775 1623 inauditam,
801 1575 923 1630 quae
974 1575 1101 1611 cum
1133 1556 1380 1611 omnium
1425 1572 1591 1609 aures
1645 1554 2034 1625 magnitudine

438 1648 845 1716 singularitatis
869 1664 983 1701 suae
1012 1647 1195 1700 valeat
1212 1644 1528 1709 exturbare,
1549 1662 1642 1697 vos
1663 1650 1855 1697 tamen
1875 1660 2028 1698 mon-

2112 595 2237 630 eum
2258 575 2830 641 circumdederamus,
2856 578 3050 631 dolore
3078 577 3251 630 nimio
3281 584 3338 631 et
3366 575 3719 631 intolerabili

2112 666 2453 721 concutiens.
2511 666 2736 720 Surrexi
2791 672 2926 721 tunc
2956 684 2986 720 e
3016 667 3135 720 solo
3166 666 3391 720 veniens
3430 666 3500 721 ad
3522 667 3712 730 illum,

2112 756 2208 810 ubi
2245 757 2300 810 in
2325 752 2586 808 manibus
2600 755 2835 809 fratrum
2844 757 3118 826 jacuerat,
3137 756 3369 825 jamque
3386 762 3722 811 surrexerat

2113 850 2335 900 tantum
2352 852 2417 900 ut
2436 848 2674 902 sederet.
2701 844 3080 916 'Aspicientem
3114 861 3242 898 vero
3273 861 3399 899 eum
3425 850 3483 899 et
3504 845 3594 899 vix
3619 861 3720 899 me

2112 942 2505 1004 agnoscentem
2530 936 2719 1006 rogavi
2748 935 3012 1005 lacrymis
3040 934 3279 1000 infusus,
3294 941 3356 989 ut
3384 933 3548 989 nobis
3577 950 3720 1004 quo-

2112 1024 2277 1077 modo
2298 1041 2432 1094 erga
2462 1042 2521 1078 se
2541 1030 2689 1079 esset
2710 1024 2955 1077 ediceret
2983 1043 2995 1090 ;
3030 1023 3126 1094 qui
3172 1024 3401 1077 tandem
3444 1022 3715 1079 nimis....

2113 1118 2169 1166 et
2196 1113 2473 1168 submisse
2518 1114 2754 1185 loquens
2781 1113 2861 1165 ait
2882 1130 2943 1166 se
2987 1111 3383 1167 miserabiliter
3411 1118 3627 1167 tortum
3659 1118 3720 1164 et

2112 1202 2475 1259 confractum.
2511 1201 2753 1272 Praecepi
2781 1202 2952 1271 igitur
2996 1208 3062 1255 ut
3110 1202 3167 1254 in
3217 1201 3479 1271 quodam,
3512 1200 3612 1270 qui
3634 1200 3718 1254 ibi

2115 1291 2329 1353 aderat,
2361 1292 2502 1345 lecto
2529 1296 2834 1362 poneretur
2867 1297 2931 1344 ut
2960 1291 3417 1360 quiesceret.Quo
3436 1290 3516 1343 sic
3540 1290 3715 1355 facto,

2115 1380 2305 1449 rogavi
2334 1380 2537 1434 fratres
2564 1388 2627 1434 ut
2649 1396 2802 1432 more
2831 1395 2932 1433 suo
2953 1378 3013 1431 in
3045 1378 3353 1449 capitulum
3381 1378 3549 1441 irent,
3579 1377 3718 1448 quia

2116 1484 2218 1537 ego
2247 1484 2279 1521 a
2298 1468 2493 1533 fratre,
2525 1468 2753 1522 omnino
2782 1467 2974 1521 dolore
3002 1482 3091 1520 me
3147 1467 3418 1537 agitante,
3451 1466 3720 1519 recedere

2120 1572 2227 1609 non
2248 1556 2500 1610 valebam
2532 1575 2549 1626 ε
2596 1556 2715 1609 sedi
2745 1570 2875 1609 vero
2894 1571 3081 1608 coram
3101 1570 3166 1607 eo
3186 1570 3429 1607 mcerens
3447 1560 3506 1607 et
3531 1554 3719 1624 lacry-

2111 1645 2638 1715 mans,locutusque
2659 1661 2787 1698 cum
2813 1661 2899 1707 eo,
2924 1644 3005 1697 ait
3022 1644 3244 1713 itaque:
3271 1661 3297 1694 α
3319 1642 3720 1697 Mihifactaest

435 1743 601 1791 tanos
630 1737 831 1790 fratres
853 1736 1097 1789 maxime
1126 1734 1369 1805 percutit
1399 1740 1455 1787 et
1483 1733 1762 1796 sollicitat,
1791 1733 1922 1803 quia
1959 1732 2027 1785 de
2056 1803 2061 1805 Α
2110 1750 2210 1787 vox
2227 1734 2481 1803 quaedam
2504 1732 2773 1789 terribilis
2787 1733 2950 1787 modo
2968 1732 3191 1787 dicens:
3225 1750 3250 1784 ι
3285 1733 3401 1785 Cur
3429 1732 3499 1785 de
3515 1747 3716 1786 mona-

438 1825 594 1879 vobis
620 1831 707 1878 est
727 1831 783 1878 et
808 1824 963 1878 vobis
992 1803 1256 1878 mittitur.
1281 1822 1448 1893 Hugo
1481 1828 1706 1875 vocatus
1723 1820 2031 1891 fraterqui-
2053 1803 2099 1863 Β
2122 1840 2145 1872 ‹‹
2171 1822 2340 1876 sterio
2361 1829 2458 1876 tuo
2490 1838 2750 1893 egressus
2767 1821 2864 1877 es?
2900 1841 2921 1873 ι
2963 1822 3065 1876 Cui
3093 1821 3173 1875 sic
3196 1821 3510 1892 increpanti
3539 1836 3633 1874 me
3661 1826 3721 1874 et

442 1914 570 1968 dam
594 1914 742 1984 apud
772 1930 872 1967 nos
894 1911 1120 1982 degens,
1145 1928 1318 1982 nepos
1331 1911 1601 1966 Lonensis
1630 1909 1847 1963 abbatis
1863 1926 2031 1979 quem

442 2018 537 2058 vos
561 2002 771 2073 optime
801 2001 995 2066 nostis,
1029 2001 1161 2071 quia
1189 2000 1333 2071 apud
1359 2016 1453 2053 vos
1473 2000 1532 2053 in
1557 1998 1760 2052 scholis
1786 1998 2034 2052 nutritus

440 2097 527 2146 est
547 2108 704 2163 puer,
727 2091 835 2145 iste
864 2108 1027 2163 quem
1050 2091 1250 2161 loquor
1278 2106 1396 2143 rem
1451 2088 1689 2142 incurrit
1731 2104 1855 2158 quae
1880 2086 2033 2140 vobis

440 2197 667 2236 necesse
690 2186 775 2233 est
794 2186 859 2234 ut
877 2186 1010 2235 nota
1034 2180 1151 2234 ﬁat.
1178 2179 1238 2233 In
1261 2179 1429 2233 choro
1457 2178 1697 2249 quadam
1720 2177 1829 2242 die,
1860 2176 2031 2229 tertia

439 2270 600 2336 feria,
623 2270 756 2324 dum
789 2270 990 2324 fratres
1010 2269 1187 2322 nostri
1210 2269 1439 2322 missam
1469 2266 1858 2321 matutinalem
1884 2265 2031 2319 rele—

439 2358 687 2423 brarent,
716 2365 838 2413 erat
863 2366 919 2412 et
944 2358 1061 2427 ipse
1089 2374 1215 2411 cum
1247 2357 1482 2421 cmteris,
1513 2363 1577 2410 ut
1607 2355 1766 2409 nobis
1805 2354 2031 2408 videba-

440 2452 553 2511 tur,
586 2464 756 2502 sanus
813 2452 871 2500 et
925 2447 1140 2511 hilaris,
1175 2445 1270 2516 qui
1317 2445 1683 2516 pauxillulum
1738 2443 1946 2497 doloris
1975 2443 2034 2496 in

443 2532 626 2607 capite
655 2537 902 2591 sentiens
932 2536 1133 2589 lectum
1158 2534 1316 2599 adiit,
1349 2543 1411 2588 ut
1465 2552 1523 2587 se
1572 2538 1953 2605 prosterneret.
1980 2537 2037 2585 et

444 2625 777 2696 quiesceret,
810 2624 904 2678 ubi
935 2640 1082 2689 cum,
1116 2623 1275 2677 nobis
1306 2622 1565 2676 omnibus
1622 2620 2031 2691 ignorantibus,

436 2715 669 2785 jaceret,
694 2713 879 2767 subito
906 2712 1003 2767 illa
1032 2711 1288 2766 molestia
1337 2711 1607 2780 arripitur
1634 2726 1800 2781 quam
1835 2708 2034 2762 medici

442 2802 770 2874 epilepsiam
800 2801 1061 2857 vocabulo
1074 2801 1267 2855 Graeco
1296 2800 1507 2864 dicunt,
1528 2801 1612 2854 vel
1639 2816 1858 2854 sacrum
1885 2815 2037 2852 mor-

440 2891 594 2960 bum,
613 2908 679 2947 eo
701 2892 849 2964 quod
871 2908 1057 2946 sacras
1073 2890 1317 2945 hominis
1339 2895 1546 2962 partes,
1581 2899 1644 2944 ut
1673 2895 1759 2943 est
1786 2894 1954 2962 caput
1980 2894 2038 2941 et

442 2988 709 3047 mentem,
742 2986 993 3053 occupet.
1016 2981 1132 3036 Nos
1170 2996 1299 3033 vero
1348 2979 1654 3050 vulgaritcr
1705 2985 1923 3048 guttam
1949 2994 2037 3032 ca-

442 3071 664 3133 ducam,
699 3087 763 3126 ex
821 3087 886 3125 eo
931 3070 1077 3140 quod
1126 3069 1326 3123 cadere
1383 3068 1567 3132 faciat,
1611 3083 1890 3123 vocamus.
1917 3067 2034 3121 Hac

442 3160 883 3231 igiturarreptus
897 3166 999 3224 est;
1023 3158 1314 3213 confestim
1345 3164 1588 3212 mentem
1621 3156 1883 3227 perdidit,
1908 3173 2033 3211 ocu-

441 3250 525 3303 los
537 3249 756 3312 clausit,
796 3265 937 3318 quos
958 3247 1127 3301 etiam
1152 3246 1411 3301 manibus
1432 3246 1674 3317 stringit,
1707 3262 1893 3316 genua
1912 3262 2036 3299 cur-

441 3338 610 3391 vavit.
639 3337 936 3391 calcitrans
967 3341 1023 3389 et
1057 3334 1279 3387 volvens
1334 3352 1393 3388 se
1448 3335 1504 3388 in
1559 3335 1720 3388 lecto.
1754 3334 1874 3403 Ego
1905 3350 2034 3387 vero

445 3443 571 3481 cum
610 3426 844 3479 fortuito
901 3441 1034 3479 casu
1088 3426 1147 3478 in
1185 3425 1428 3478 claustro
1478 3424 1677 3478 sedens
1707 3423 2033 3491 scriberem,

443 3514 693 3570 cucurrit
719 3513 894 3568 frater
923 3513 1150 3583 quidam
1174 3512 1518 3574 exturbatus,
1552 3520 1608 3566 et
1635 3512 1823 3565 dicens
1851 3512 2036 3581 Hugo-

442 3620 572 3659 nem
602 3603 763 3657 mori.
792 3603 877 3656 Ad
918 3602 1062 3656 hanc
1120 3618 1306 3656 vocem
1355 3618 1480 3655 cum
1541 3618 1642 3671 ego
1675 3600 2036 3654 tremefactus

443 3708 751 3763 surgerem,
788 3706 1187 3760 curreremque
1206 3695 1330 3759 post
1351 3706 1497 3749 eum,
1521 3690 1640 3759 jam
1664 3689 1823 3743 finita
1844 3689 2032 3753 missa,

443 3781 644 3836 fratres
670 3798 862 3836 omnes
891 3779 1194 3833 currebant
1222 3785 1509 3851 portantes
1549 3795 1768 3832 crucem
1803 3795 2037 3848 aquam-

443 3887 550 3942 que
576 3868 1267 3925 benedictam.Venientes
1290 3869 1482 3939 igitur,
1513 3867 1633 3924 sine
1655 3881 1841 3923 mente
1852 3870 2040 3939 jacen-

442 3971 558 4014 tem
615 3959 952 4022 invenimus,
1012 3959 1380 4028 stringentem
1423 3959 1682 4013 manibus
1729 3960 1937 4024 oculos,
1980 3964 2037 4012 et

439 4042 676 4119 genibus
706 4050 1110 4104 calcitrantem.
1146 4048 1528 4120 Expergefacti
1567 4049 1776 4119 itaque,
1819 4054 2033 4118 septem

440 4140 686 4210 psalmos
716 4140 1128 4210 pmnitentiales
1151 4139 1514 4208 inccepimus;
1541 4139 1732 4192 videns
1761 4156 1889 4192 vero
1920 4156 2033 4192 ma-

440 4243 548 4281 nus
572 4228 723 4281 illius
745 4229 936 4281 oculos
959 4227 1108 4280 ultra
1130 4243 1295 4297 quam
1329 4227 1591 4297 expedire
1620 4227 1904 4280 videretur
1932 4244 2032 4298 op-

441 4316 769 4386 primentes,
802 4315 1004 4368 attraxi
1026 4332 1120 4368 eas
1149 4332 1181 4367 a
1230 4315 1370 4377 loco,
1400 4315 1639 4385 dedique
1667 4315 1934 4369 fratribus
1973 4322 2036 4369 ut

439 4410 718 4467 tenerent,
751 4405 1062 4458 reluctante
1105 4404 1201 4457 illo
1243 4405 1568 4477 plurimum,
1611 4406 1864 4477 quamvis
1893 4406 2033 4459 nihil

444 4493 741 4546 sentiente.
777 4484 1076 4549 Paululum
1108 4502 1238 4547 vero
1260 4492 1472 4547 cumibl
1494 4502 1664 4565 super
1692 4488 1849 4549 illum
1881 4497 2033 4564 psal-

441 4582 622 4636 lentes
651 4588 709 4635 et
734 4582 1018 4652 signantes
1040 4599 1164 4635 cum
1195 4598 1359 4635 cruce
1394 4583 1764 4647 stetissemus,
1798 4584 1942 4652 jussi
1974 4591 2037 4639 ut

442 4670 501 4723 in
559 4670 867 4724 oratorium
933 4676 1272 4741 portaretur.
1306 4670 1482 4734 Quem
1528 4687 1653 4723 cum
1715 4671 2036 4726 obedientes

442 4760 643 4813 fratres
675 4760 920 4830 undique
942 4760 1351 4831 apprehensum
1375 4759 1461 4814 vix
1484 4766 1822 4830 portassent,
1866 4762 2036 4830 jacie-

442 4848 610 4903 batur
624 4849 773 4902 enim
796 4849 943 4902 inter
962 4856 1163 4901 mantis
1190 4854 1411 4901 nostras
1444 4837 1656 4909 morbo,
1691 4856 1749 4902 et
1771 4848 2030 4904 dissolve-

443 4937 610 4992 batur
622 4938 885 4992 omnibus
898 4937 1162 4991 membris
1178 4936 1423 4990 torsione
1440 4937 1684 4991 mirabili
1710 4944 1767 4992 et
1798 4941 2031 4993 misera-

442 5028 559 5091 bili,
593 5034 724 5081 ante
755 5027 905 5081 beati
936 5026 1151 5079 Nicolai
1176 5030 1600 5095 prostraverunt
1636 5026 1832 5089 altare,
1866 5045 2036 5099 seque

439 5123 860 5188 prosternentes
912 5122 969 5170 et
1011 5115 1185 5170 nimia
1217 5116 1551 5170 contritione
1582 5118 1899 5187 psallentes.
1932 5118 2036 5173 Ubi

440 5223 566 5260 cum
599 5222 701 5276 ego
731 5204 984 5259 adessem
1010 5210 1067 5257 et
1094 5198 1426 5257 mirabiliter
1455 5205 1721 5270 dolerem,
1756 5207 1895 5260 adeo
1916 5223 2037 5261 cru-

440 5295 628 5350 ciabar
680 5293 940 5365 lacrymis
984 5300 1040 5346 et
1095 5293 1353 5363 suspiriis
1401 5294 1801 5363 quatientibus.
1845 5302 1906 5348 ut
1935 5311 2036 5348 nec

439 5385 592 5455 loqui
620 5401 721 5437 nec
750 5384 989 5454 psallere
1019 5382 1282 5447 valerem,
1330 5383 1545 5436 haerens
1576 5389 1795 5436 tantum
1828 5384 1947 5437 solo
1979 5389 2033 5437 et

440 5472 665 5525 fletibus
682 5472 914 5525 maestis.
942 5471 1113 5524 Dictis
1126 5471 1316 5541 itaque
1333 5472 1561 5541 psalmis
1576 5478 1790 5540 septem
1824 5478 1879 5525 et
1902 5471 2034 5526 lita-

442 5561 554 5622 nia,
572 5564 765 5630 postea
792 5560 1121 5613 dicebantur
1143 5559 1396 5631 triginta,
1422 5576 1560 5631 quos
1577 5572 1712 5615 usus
1744 5561 2034 5615 monachis

444 5653 531 5701 est
556 5654 688 5701 ante
732 5648 1066 5702 nocturnam
1122 5650 1376 5720 synaxim
1433 5650 1735 5717 celebrare,
1777 5660 1902 5706 cum
1940 5647 2035 5705 ille

2113 1912 2369 1975 terrenti,
2420 1912 2534 1965 alia
2579 1928 2699 1976 vox,
2759 1927 2849 1964 me
2896 1911 3181 1974 audiente,
3212 1910 3349 1964 satis
3397 1909 3622 1980 placida
3656 1916 3716 1963 et

2115 2001 2301 2053 suavis
2328 2001 2618 2053 confestim
2647 2000 2936 2070 respondit
2967 2017 2979 2054 :
3019 2020 3040 2052 α
3076 2000 3220 2064 Quid
3243 2017 3310 2054 ex
3336 2000 3444 2053 hoc
3461 1999 3533 2052 ad
3561 1998 3663 2053 te?
3688 2018 3715 2051 υ

2116 2090 2374 2160 Dumque
2394 2107 2497 2159 ego
2530 2091 2576 2143 si
2608 2090 2816 2160 aliquid
2848 2090 3081 2144 vidisset
3107 2091 3447 2161 quaesissem,
3486 2095 3719 2143 tantum

2113 2179 2356 2242 audisse,
2392 2179 2642 2249 nihilque
2692 2196 2753 2232 se
2791 2179 2993 2232 vidisse
3042 2179 3199 2233 dixit.
3250 2178 3436 2233 Finito
3476 2179 3715 2232 tandem

2114 2269 2378 2338 capitulo,
2408 2281 2465 2322 et
2502 2268 2707 2323 vocatis
2729 2267 3060 2338 quibusdam
3088 2267 3375 2333 fratribus,
3389 2267 3532 2337 jussi
3562 2272 3629 2321 ut
3655 2267 3719 2320 in

2114 2357 2340 2412 domum
2358 2357 2708 2411 infirmorum
2744 2363 3082 2427 portaretur,
3109 2357 3201 2428 qui
3230 2362 3486 2427 portatus
3507 2356 3713 2426 jacuit,

2118 2462 2333 2516 egoque
2353 2452 2579 2501 secutus
2608 2461 2757 2509 eum,
2789 2447 2995 2516 quippe
3024 2463 3188 2516 quem
3231 2446 3388 2499 nullo
3418 2445 3586 2500 modo
3618 2461 3712 2499 res

2115 2541 2229 2590 tam
2249 2551 2388 2589 nova
2411 2542 2468 2588 et
2495 2540 2609 2588 tam
2641 2534 2820 2588 tristis
2857 2535 3139 2589 dimittere
3190 2551 3280 2589 me
3312 2533 3552 2599 sinebat,
3578 2534 3719 2588 assi-

2117 2624 2261 2678 duus
2280 2624 2685 2693 eram.Septies
2703 2632 2891 2677 autem
2922 2640 3100 2693 usque
3125 2624 3192 2677 ad
3225 2624 3480 2677 eamdem
3512 2624 3715 2677 horam

2117 2714 2439 2772 crastinam.
2473 2712 2634 2767 nobis
2663 2712 3030 2783 praesentibus
3060 2718 3115 2767 et
3147 2712 3484 2768 videntibus.
3518 2713 3716 2766 eadem

2118 2803 2303 2873 passio
2328 2815 2456 2859 eum
2488 2802 2746 2872 arripuit,
2769 2802 2895 2856 aliis
2918 2818 3044 2855 vero
3065 2800 3261 2856 diebus
3277 2817 3419 2872 pene
3450 2802 3607 2855 omni
3626 2802 3718 2855 die

2119 2892 2290 2946 semel
2320 2896 2418 2945 aut
2438 2891 2523 2946 bis
2556 2892 2705 2946 idem
2736 2908 2934 2962 passus
2964 2897 3065 2946 est.
3084 2892 3278 2945 Vocati
3307 2890 3484 2961 igitur
3513 2891 3719 2945 medici

2118 2979 2228 3036 duo
2249 2980 2576 3044 doctissimi.
2611 2980 2706 3051 qui
2752 2980 2810 3034 in
2856 2980 3077 3035 civitate
3106 2986 3408 3051 praesentes
3449 2980 3712 3045 aderant,

2117 3071 2371 3124 fecerunt
2393 3071 2442 3123 ei
2461 3070 2731 3140 quidquid
2762 3075 3027 3140 poterunt
3050 3089 3063 3136 ;
3096 3070 3193 3124 sed
3219 3086 3384 3139 quem
3407 3086 3510 3123 sua
3542 3084 3719 3124 manu

2119 3164 2461 3231 prostratum
2505 3159 2654 3213 Deus
2700 3159 2823 3212 sola
2871 3176 2974 3213 sua
3037 3159 3361 3229 operatione
3397 3160 3719 3213 sanandum

2117 3248 2463 3319 providebat,
2498 3249 2756 3304 humanae
2800 3265 3001 3303 manus
3056 3247 3437 3302 molitionibus
3490 3248 3719 3318 erigen-

2117 3338 2251 3392 dum
2273 3353 2383 3392 non
2409 3338 2639 3406 aptavit.

2186 3428 2330 3483 Dum
2361 3427 2480 3482 btec
2510 3433 2832 3497 agerentur,
2876 3426 3118 3497 quadam
3156 3426 3250 3480 die
3271 3442 3395 3496 ego,
3436 3427 3533 3497 qui
3575 3441 3723 3496 pene

2118 3517 2378 3572 assiduus
2406 3515 2654 3578 aderam,
2687 3515 2915 3571 domum
2938 3516 2997 3570 in
3024 3528 3134 3585 qua
3186 3515 3361 3569 frater
3395 3520 3717 3586 separatus,

2118 3613 2182 3661 ut
2196 3604 2583 3674 hujUScemodi
2606 3604 2684 3657 rei
2713 3604 3082 3675 competebat,
3104 3603 3435 3664 habebatur,
3469 3604 3714 3667 intrans,

2119 3712 2247 3748 eum
2278 3701 2334 3749 et
2362 3694 2660 3756 ridentem,
2696 3695 3006 3757 sedentem,
3032 3694 3428 3762 jocantemque
3475 3708 3606 3746 cum
3638 3692 3720 3745 fa-

2120 3785 2307 3851 mulis,
2333 3785 2429 3854 qui
2451 3785 2574 3852 ejus
2598 3783 2843 3847 servitio,
2880 3800 2968 3837 me
3019 3782 3395 3853 pracipiente,
3427 3782 3609 3835 seduli
3631 3798 3723 3836 δι’

2120 3874 2416 3941 sistebant,
2464 3872 2689 3940 inveni;
2749 3878 2920 3927 tantae
2978 3887 3224 3940 namque
3290 3871 3532 3925 levitatis
3595 3877 3724 3925 erat

2122 3968 2344 4034 quantm
2364 3978 2460 4016 vos
2480 3962 2655 4021 scitis,
2679 3967 2743 4017 ut
2762 3961 2895 4016 dum
2948 3977 3169 4016 mecum
3213 3961 3272 4014 in
3310 3960 3555 4013 claustro
3584 3967 3720 4014 ante

2117 4053 2261 4107 hanc
2280 4050 2667 4121 aegritudinem
2685 4050 3084 4109 viveret.nullis
3105 4049 3293 4113 minis,
3324 4049 3494 4102 nullis
3511 4049 3717 4120 plagis,

2117 4141 2287 4195 nullis
2316 4139 2619 4203 blanditiis,
2644 4139 2815 4195 nullis
2838 4137 3315 4192 admonitionibus
3329 4138 3398 4191 ad
3416 4154 3475 4191 se
3505 4139 3723 4194 rediret

2116 4237 2180 4284 ut
2193 4247 2252 4283 se
2273 4235 2651 4298 cognosceret;
2678 4227 3097 4281 indomabiliter
3125 4229 3272 4280 enim
3315 4227 3551 4291 levitati,
3572 4229 3717 4297 jocis

2118 4325 2175 4372 et
2201 4318 2439 4372 lasciviae
2456 4317 2688 4387 juvenili
2730 4317 2963 4380 instans,
2995 4316 3364 4369 scurrilitates
3394 4322 3459 4369 ex
3488 4320 3608 4370 toto
3626 4334 3715 4370 se-

2119 4424 2315 4476 quens,
2350 4405 2743 4463 contemnebat
2769 4406 3017 4471 omnino,
3061 4422 3162 4461 nec
3191 4405 3300 4461 alio
3331 4405 3495 4463 modo
3525 4405 3717 4459 frena-

2122 4495 2232 4550 bat.
2259 4488 2362 4549 Sed
2396 4495 2528 4564 quid
2558 4490 2756 4565 loquor
2784 4492 2853 4549 de
2888 4494 3134 4550 humano
3177 4488 3398 4557 adnisa,
3423 4511 3551 4547 cum
3582 4501 3717 4549 tunc

2118 4582 2306 4636 divino
2328 4582 2540 4653 judicio
2571 4588 2771 4644 tortus,
2792 4590 2907 4635 tam
2940 4582 3188 4645 incertis,
3210 4588 3323 4635 tam
3356 4580 3719 4636 horribilibus

2118 4671 2418 4725 tormentis
2445 4676 2773 4740 quateretur
2798 4691 2808 4731 ;
2839 4687 2941 4724 nec
2955 4670 3034 4723 sic
3055 4670 3267 4723 duritia
3282 4671 3405 4739 ejus
3425 4670 3718 4740 frangere-

2117 4766 2230 4825 tur,
2262 4766 2327 4815 ut
2341 4760 2425 4813 vel
2448 4760 2858 4829 aliquantulum
2890 4760 3076 4812 minus
3104 4759 3413 4825 lasciveret,
3447 4759 3564 4813 imo
3592 4776 3717 4813 am-

2118 4848 2265 4919 plius
2303 4854 2359 4902 et
2382 4848 2623 4918 amplius
2667 4847 2917 4901 moribus
2969 4840 3319 4902 solvebatur.
3352 4856 3534 4919 neque
3565 4842 3715 4902 enim

2118 4938 2382 4992 continua
2436 4937 2715 5008 passione,
2760 4937 2858 4989 sed
2914 4937 3141 4991 incertis
3179 4936 3374 5007 spatiis
3414 4937 3720 4991 accedebat

2119 5027 2321 5098 passio,
2347 5021 2734 5094 torquebatur,
2751 5024 3063 5082 tenebatur.
3078 5032 3134 5079 et
3157 5024 3585 5079 dimittebatur?
3609 5026 3721 5090 Qui

2118 5115 2383 5170 dimissus
2434 5130 2549 5168 una
2594 5113 2732 5167 hora
2780 5125 2879 5168 aut
2934 5114 3185 5181 dimidia,
3220 5115 3456 5186 repertis
3486 5114 3713 5181 viribus,

2118 5203 2384 5274 surgebat
2405 5209 2460 5257 et
2488 5202 2724 5273 pristina
2750 5203 2977 5257 levitate
3017 5204 3372 5274 pascebatur,
3408 5204 3715 5275 morboque

2117 5300 2300 5349 tortus
2330 5292 2543 5345 insania
2566 5293 2878 5361 juventutis
2908 5311 2972 5346 eo
3009 5294 3168 5363 pejus
3196 5310 3305 5363 quo
3329 5294 3715 5363 voluptuosius

2117 5381 2501 5452 torquebatur.
2521 5378 2745 5433 Intrans
2768 5381 2975 5452 itaque,
3002 5387 3063 5435 ut
3086 5382 3270 5434 dicere
3294 5397 3597 5451 coeperam,
3618 5381 3713 5437 do-

2116 5488 2289 5535 mum,
2320 5482 2447 5523 cum
2479 5468 2615 5521 mihi
2646 5468 2805 5522 valde
2826 5470 2973 5524 risus
2995 5477 3109 5523 tam
3136 5470 3489 5541 importunus
3513 5467 3710 5543 displi-

2117 5566 2286 5626 ceret,
2320 5558 2489 5624 tacui,
2523 5562 2580 5611 et
2626 5558 2744 5611 sedi
2791 5576 2917 5612 cum
2977 5572 3060 5615 eo.
3085 5570 3317 5630 parcens
3356 5558 3407 5611 ei
3460 5556 3712 5633 nihilque

2118 5651 2328 5717 dicens,
2351 5648 2523 5703 etiam
2545 5662 2657 5701 non
2685 5648 2980 5720 displicere
3006 5644 3153 5719 quod
3187 5645 3390 5718 agebat
3419 5645 3709 5715 simulavi;
