3934 6358
390 306 525 371 1375

1489 320 1800 376 ROBERTI
1840 318 2141 374 ABBATIS
2182 319 2240 373 S.
2280 318 2578 373 VIGORIS

3519 304 3663 364 1376

385 438 646 513 lacrymze
689 444 1020 501 defﬂuentes
1048 449 1360 519 exprimere
1396 445 1799 519 permittebant
1823 443 1971 516 quod
1988 444 2040 503 A
2058 442 2413 497 mirantibus.
2430 440 2813 497 Psallebamus
2826 437 3003 509 igitur
3019 438 3293 507 quantum
3307 437 3661 519 poteramus,

387 530 659 586 volebam.
696 534 952 607 Suscepit
983 537 1174 608 itaque
1205 556 1238 591 a
1280 537 1470 601 fratre,
1504 537 1593 590 cui
1637 542 1974 606 praeceptum

389 625 492 683 est,
527 628 731 675 exutus
762 625 1026 679 staminio
1050 627 1325 695 judicium
1355 628 1637 696 virgarum
1665 640 1792 678 cum
1818 629 1978 678 tanta

386 706 726 777 humilitate,
757 713 902 768 sicut
923 716 1059 769 mihi
1088 723 1278 787 postea
1306 716 1564 787 privatim
1587 713 1656 767 ab
1680 731 1744 767 eo
1764 714 1975 766 dictum

387 802 490 859 est,
535 804 598 851 ut
642 817 838 870 parum
878 803 982 857 sibi
1028 805 1323 859 videretur.
1356 805 1502 875 quod
1535 802 1973 875 percutiebatur.

385 883 629 958 Przecepi
669 890 843 960 igitur
868 892 1154 957 fratribus,
1188 895 1281 965 qui
1313 911 1413 965 per
1439 894 1629 947 omnia
1654 892 1978 946 obedientes

388 981 568 1040 erant,
598 984 660 1030 ut
684 978 779 1032 illa
807 981 896 1034 die
920 983 1242 1052 jejunantes
1272 989 1328 1037 et
1352 984 1768 1054 pulmentorum
1797 986 1977 1034 cocto-

386 1076 512 1115 rum
531 1067 885 1137 perceptione
906 1070 1129 1140 penitus
1148 1070 1828 1125 abstinerent.Prandium
1848 1084 1977 1122 vero

387 1156 649 1218 vestrum,
682 1154 934 1226 inquam,
958 1174 1023 1212 ex
1054 1164 1171 1213 toto
1201 1177 1322 1229 ego,
1343 1164 1408 1213 ut
1434 1158 1658 1213 solitum
1690 1162 1791 1224 est,
1823 1155 1977 1209 vobis

387 1241 571 1309 parari
598 1242 817 1309 faciam,
851 1248 999 1317 quod
1040 1265 1139 1318 pro
1179 1248 1331 1302 vobis
1362 1264 1636 1319 pauperes
1684 1247 1742 1300 in
1779 1246 1973 1299 eadem

387 1326 550 1383 domo
598 1333 894 1388 refectoria
915 1352 1027 1389 una
1054 1337 1190 1390 hora
1237 1343 1368 1391 ante
1415 1354 1510 1389 vos
1558 1334 1976 1389 discumbentes

386 1420 701 1486 comedant,
721 1429 783 1476 ut
814 1424 869 1476 in
887 1425 1145 1479 omnibus
1167 1442 1287 1495 qua:
1317 1442 1634 1496 possumus,
1668 1432 1725 1477 et
1747 1423 1976 1493 jejuniis

386 1510 445 1559 et
472 1508 818 1564 orationibus
856 1519 914 1566 et
962 1514 1333 1585 eleemosynis
1377 1514 1538 1568 fratri
1560 1514 1616 1567 in
1646 1512 1976 1567 necessitate

387 1599 543 1650 tanta
575 1599 757 1668 posito
781 1618 1195 1659 succurramus.

457 1685 670 1749 Quibus
701 1690 958 1745 omnibus
987 1693 1282 1757 concessis,
1308 1694 1609 1764 petitisque
1632 1692 1978 1747 orationibus

2060 540 2446 603 exspectantes
2490 538 2550 585 ut
2601 530 2812 585 rediret
2835 529 2905 582 ad
2935 542 3154 588 sensus,
3196 529 3252 578 et
3289 519 3558 576 sciremus
3588 517 3666 574 ab

2060 639 2125 675 eo
2165 639 2336 692 quare
2369 623 2472 675 hoc
2519 620 2754 673 fecisset.
2806 620 2876 673 Et
2922 633 3047 671 ecce
3098 614 3284 679 rediit,
3326 612 3554 683 planctu
3598 624 3665 662 se

2059 712 2407 777 concutiens,
2431 715 2489 764 et
2507 710 2697 763 dicens
2722 726 2733 761 :
2766 728 2787 759 α
2833 708 3002 769 Deus,
3026 706 3196 768 Deus,
3228 707 3500 772 quantum
3531 716 3668 755 con-

2060 801 2325 871 stringor.
2370 823 2385 847 ι
2414 799 2517 853 Cui
2543 814 2670 852 cum
2701 802 2824 868 ego,
2849 792 3217 866 psallentibus
3246 791 3480 850 caeteris,
3504 789 3666 843 dice-

2060 906 2176 943 rem
2192 896 2254 944 ut
2274 889 2405 960 quid
2424 905 2558 959 erga
2576 904 2635 941 se
2656 888 2817 940 fieret
2830 884 3093 955 aperiret,
3108 880 3397 952 respondit
3420 898 3467 932 ζ(
3492 878 3665 932 Malae

2062 978 2248 1032 bestiae
2279 995 2367 1031 me
2398 978 2693 1048 impetunt.
2728 976 2816 1028 »A
2845 989 2953 1044 quo
2974 987 3099 1025 cum
3125 985 3433 1041 quaererem
3463 974 3665 1022 utrum

2059 1088 2209 1126 nunc
2228 1077 2530 1142 praesentes
2546 1075 2695 1135 sunt,
2725 1085 2793 1121 an
2816 1070 3188 1128 recesserunt,
3211 1063 3315 1117 ait:
3330 1082 3355 1115 ι
3388 1063 3667 1116 Recesse-

2060 1165 2212 1214 runt.
2248 1178 2275 1212 ›)
2306 1158 2549 1228 Ρηθιιθρί
2588 1157 2734 1211 illico
2764 1154 3031 1208 fratribus
3059 1152 3315 1206 omnibus
3356 1157 3421 1205 ut
3457 1156 3665 1204 euntes

2058 1254 2290 1317 agerent
2345 1246 2625 1300 orationes
2672 1250 2729 1299 et
2774 1244 2969 1298 laudes
3015 1241 3382 1313 vespertinas.
3441 1239 3664 1304 Quibus

2058 1336 2316 1406 egressis,
2349 1352 2646 1389 remanens
2686 1350 2789 1404 ego
2824 1334 2975 1387 solus
3027 1348 3151 1385 cum
3210 1331 3384 1384 fratre
3430 1330 3663 1398 jacente

2058 1425 2382 1479 sciscitabar
2406 1425 2726 1495 diligenter,
2772 1428 2834 1475 ut
2878 1421 3132 1475 audirem
3161 1419 3230 1473 ab
3263 1435 3328 1473 eo
3380 1419 3449 1472 de
3496 1418 3661 1487 signo

2059 1516 2237 1569 crucis
2259 1515 2407 1586 quod
2427 1520 2515 1569 ter
2537 1515 2765 1579 fecerat,
2787 1518 2845 1566 et
2873 1510 3065 1565 bestiis
3090 1526 3229 1581 quas
3250 1508 3486 1574 dixerat,
3518 1507 3665 1561 veri-

2059 1609 2252 1658 tatem.
2296 1605 2375 1658 De
2428 1620 2537 1675 quo
2589 1620 2713 1657 cum
2757 1602 3057 1656 sollicitum
3098 1617 3187 1653 me
3231 1597 3483 1653 vidisset.
3524 1597 3656 1650 ait:

2065 1712 2087 1743 α
2129 1694 2296 1747 Visus
2326 1698 2411 1747 est
2438 1693 2575 1746 mihi
2603 1692 2769 1745 modo
2794 1691 3054 1745 ostiolum
3086 1688 3232 1742 istud
3251 1687 3463 1741 intrare
3487 1687 3662 1740 homo

386 1789 421 1825 a
443 1772 635 1840 fratre,
666 1777 962 1847 quicoram
985 1768 1205 1834 astabat
1228 1782 1367 1835 flens
1396 1781 1638 1836 ubertim
1658 1787 1713 1835 et
1735 1764 2040 1851 graviterB
2062 1782 2398 1852 nigerrimus
2446 1788 2503 1836 et
2550 1780 2812 1835 horridus
2860 1780 3154 1851 plusquam
3200 1777 3386 1830 dicere
3417 1776 3659 1841 valeam,

385 1860 694 1933 suspirans,
712 1871 769 1919 et
802 1867 1105 1937 praemissis
1131 1886 1163 1922 a
1192 1869 1352 1924 nobis
1389 1870 1483 1941 qui
1508 1870 1857 1935 sedebamus,
1893 1870 1979 1923 vix

385 1949 551 2005 ﬂetus
579 1959 644 2006 ut
672 1953 1031 2026 loqueremur
1070 1958 1565 2030 interrumpentes,
1612 1960 1975 2023 surreximus,

383 2036 580 2094 euntes
610 2059 734 2097 cum
757 2046 1100 2115 psalmorum
1118 2055 1332 2119 septem
1354 2049 1743 2103 decantatione
1765 2049 1821 2102 in
1847 2064 1975 2100 ora-

379 2128 610 2197 torium,
651 2133 746 2187 ubi
783 2137 1050 2205 prostrati
1085 2138 1388 2208 jacuimus,
1417 2140 1593 2193 donec
1630 2139 1774 2192 ﬁniti
1822 2144 1971 2193 sunt.

381 2215 519 2271 Post
540 2236 662 2290 quae
683 2224 872 2277 omnia
893 2227 1129 2297 praecepi
1157 2229 1254 2282 uni
1272 2246 1334 2281 ex
1358 2228 1622 2282 fratribus
1653 2235 1717 2282 ut
1746 2229 1975 2282 missam

383 2321 484 2376 pro
518 2312 757 2378 peccatis
777 2313 929 2368 illius
940 2316 1132 2369 statim
1155 2317 1381 2380 diceret,
1402 2335 1568 2388 quam
1593 2318 1813 2371 audiret
1834 2318 1972 2388 ipse,

385 2399 442 2447 et
469 2408 821 2455 sacramenta
859 2406 1107 2474 corporis
1136 2411 1193 2458 et
1230 2407 1520 2477 sanguinis
1558 2405 1765 2460 Christi
1798 2406 1977 2477 perci-

384 2491 561 2554 peret.
581 2486 762 2543 Factis
786 2491 958 2559 igitur
977 2493 1238 2547 omnibus
1249 2512 1371 2565 quae
1383 2496 1531 2549 dicta
1547 2502 1697 2559 sunt,
1720 2495 1980 2566 datisque

381 2575 721 2644 pauperibus
759 2579 980 2634 refectis
1010 2599 1108 2652 per
1136 2582 1387 2652 singulos
1427 2584 1664 2654 singulis
1711 2583 1972 2649 denariis,

381 2660 486 2715 feci
514 2664 683 2719 etiam
711 2684 899 2722 coram
944 2670 1136 2735 fratre,
1171 2678 1400 2743 prOpter
1440 2689 1605 2743 quem
1643 2673 1759 2726 haec
1786 2673 1977 2726 omnia

383 2749 609 2819 ﬁebant,
631 2758 975 2823 comedente,
1020 2776 1322 2831 pauperem
1354 2762 1449 2832 qui
1481 2762 1739 2815 inventus
1771 2766 1859 2815 est
1885 2779 1974 2816 se-

381 2838 533 2907 dere,
567 2848 631 2896 ut
656 2861 784 2899 cum
814 2863 878 2900 eo
905 2849 1240 2904 comederet.
1273 2850 1540 2904 Volebam
1564 2850 1714 2904 enim
1745 2850 1972 2904 omnino

380 2932 445 2982 ut
472 2946 585 2984 non
614 2934 794 2989 solum
822 2954 921 3007 pro
951 2955 1036 3003 eo,
1062 2939 1157 2992 sed
1187 2939 1356 2994 etiam
1387 2957 1513 2994 cum
1546 2957 1611 2994 eo
1636 2940 1890 2995 Christus
1920 2940 1978 2995 in

379 3015 561 3073 forma
582 3025 841 3094 pauperis
860 3027 1205 3089 reﬁceretur,
1230 3045 1394 3098 quem
1417 3029 1476 3082 in
1496 3028 1830 3082 necessitate
1856 3035 1973 3082 tam

377 3108 627 3175 proxime
639 3111 824 3167 futura
841 3115 1280 3185 deprecabamur
1291 3134 1484 3171 omnes
1504 3118 1623 3171 fieri
1635 3118 1701 3171 ad
1704 3119 1972 3188 jutorem.

379 3195 506 3250 Dati
530 3205 664 3254 sunt
699 3201 867 3257 etiam
899 3204 1027 3258 huic
1056 3205 1166 3258 duo
1199 3205 1434 3271 denarii,
1463 3223 1602 3277 quos
1631 3207 1702 3260 ad
1730 3208 1833 3261 hoc
1871 3224 1974 3277 ego

378 3283 539 3341 fratri
569 3289 1080 3347 tradideram.Cum
1095 3294 1286 3365 itaque
1306 3295 1742 3349 comedissemus
1756 3312 1970 3359 omnes,

380 3378 437 3427 et
462 3374 601 3428 hora
629 3394 752 3447 quae
781 3378 1087 3434 timebatur
1117 3382 1575 3452 proximaﬁeret,
1611 3400 1713 3452 ego
1743 3383 1972 3437 domum

378 3461 597 3517 intrans
620 3464 852 3521 fratrem
878 3469 1167 3524 sedentem
1208 3471 1393 3525 inveni
1441 3477 1498 3526 et
1532 3472 1833 3539 timidum;
1878 3472 1973 3542 qui

376 3550 525 3606 illico
557 3554 694 3607 mihi
722 3556 862 3610 dans
885 3575 1110 3613 manum
1144 3566 1201 3613 et
1233 3576 1266 3613 a
1295 3577 1383 3613 me
1409 3568 1703 3631 susceptus
1730 3562 1974 3616 surrexit

376 3656 409 3692 τι
444 3640 563 3695 loco
583 3642 640 3696 in
662 3661 772 3715 quo
793 3646 1040 3714 sedebat,
1072 3649 1275 3702 vadens
1291 3666 1505 3703 mecum
1524 3656 1580 3703 et
1588 3649 1803 3719 jaciens
1835 3667 1894 3703 se
1913 3650 1970 3703 in

375 3728 604 3797 lectum,
630 3734 723 3787 ubi
753 3752 878 3789 cum
904 3754 1094 3791 coram
1121 3756 1186 3792 eo
1216 3739 1489 3805 sederem,
1525 3746 1648 3810 post
1675 3740 1968 3810 paululum

375 3820 687 3891 suspirans,
736 3823 860 3879 ait:
901 3847 922 3878 ι
967 3828 1108 3892 Heu,
1160 3829 1347 3892 Pater,
1392 3836 1664 3900 quantum
1707 3829 1873 3883 modo
1911 3829 1969 3882 in

373 3910 557 3980 capite
577 3912 736 3968 doleo
764 3915 775 3967 !
798 3916 962 3970 modo
984 3917 1117 3971 mihi
1131 3934 1317 3987 genua
1336 3918 1545 3982 dolent,
1572 3918 1734 3972 modo
1763 3935 1929 3972 crura
1952 3937 1964 3985 ;

374 4012 524 4051 nunc
554 3998 800 4073 brachia,
823 4010 879 4058 et
908 4021 1032 4059 ecce
1065 4022 1163 4076 per
1188 4012 1370 4060 totum
1401 4022 1604 4077 corpus
1624 4007 1784 4060 dolor
1812 4006 1968 4077 inge-

375 4087 625 4143 minatur
650 4097 705 4145 et
732 4094 951 4149 crescit.
989 4113 1013 4146 ›)
1029 4095 1282 4165 Cumque
1313 4095 1430 4150 haec
1459 4096 1649 4149 dicens
1677 4096 1970 4149 vehemen-

375 4179 464 4228 ter
499 4176 730 4245 doleret,
777 4182 938 4236 afl'uit
982 4182 1210 4253 quidam
1251 4184 1445 4248 laicus,
1487 4185 1576 4239 cui
1621 4190 1681 4238 ut
1711 4184 1971 4255 loquerer

375 4265 687 4333 oportebat,
724 4275 781 4323 et
809 4271 968 4324 exivi.
1003 4288 1129 4326 cum
1161 4273 1351 4327 statim
1392 4277 1681 4327 revocatus
1711 4290 1746 4327 a
1773 4289 1967 4343 puero,

2062 1874 2248 1927 oculos
2272 1871 2484 1925 habens
2512 1871 2706 1941 igneos
2728 1876 2783 1924 et
2812 1868 2882 1923 ab
2912 1886 3008 1923 ore
3029 1868 3212 1936 ignem
3238 1866 3453 1937 jaciens
3484 1871 3541 1918 et
3570 1881 3665 1919 su-

2061 1977 2163 2031 per
2210 1977 2298 2014 me
2347 1960 2564 2024 efﬂans,
2610 1959 2953 2028 trahensque
2986 1957 3126 2010 duos
3179 1971 3345 2008 canes
3397 1952 3663 2007 horridos

2056 2066 2245 2115 manu,
2288 2049 2433 2103 sicut
2461 2053 2583 2102 erat
2611 2054 2667 2101 et
2686 2048 2825 2118 ipse,
2857 2063 2996 2117 quos
3016 2062 3142 2098 cum
3170 2044 3228 2098 in
3259 2060 3348 2097 me
3376 2042 3664 2097 animaret

2058 2145 2115 2193 et
2143 2144 2384 2209 cogeret,
2411 2155 2625 2208 egoque
2654 2138 2779 2190 illos
2807 2153 2896 2190 me
2927 2135 3273 2206 impedentes
3298 2133 3456 2186 valde
3483 2149 3659 2202 expa-

2059 2244 2359 2286 vescerem,
2405 2244 2578 2281 unum
2609 2243 2823 2291 eorum,
2857 2225 2952 2295 qui
2981 2223 3250 2288 anteibat,
3291 2238 3479 2293 pugno
3525 2237 3657 2290 per-

2058 2316 2208 2369 cussi
2238 2321 2295 2369 et
2325 2316 2582 2386 eil‘ugavi,
2607 2331 2848 2385 cumque
2877 2313 3201 2368 accessisset
3223 2312 3381 2375 alter,
3406 2327 3510 2364 nec
3535 2317 3656 2364 tam

2060 2405 2550 2476 proximus,quam
2574 2405 2718 2459 alius
2733 2404 2934 2468 fuerat,
2958 2404 3135 2465 fieret,
3162 2399 3410 2473 percussi
3439 2409 3498 2453 et
3524 2416 3657 2452 eum

2062 2511 2270 2565 pugno,
2289 2500 2347 2548 et
2364 2499 2490 2565 post
2505 2494 2749 2565 primum
2772 2492 2977 2564 expuli.
3010 2491 3095 2545 Ab
3114 2491 3181 2544 iis
3212 2490 3482 2544 liberatus
3513 2489 3657 2543 effn-

2059 2584 2203 2652 gatis
2234 2582 2304 2636 ivi
2329 2584 2400 2637 ad
2434 2582 2735 2647 hominem,
2763 2582 2857 2653 qui
2877 2582 2998 2636 loco
3019 2581 3277 2643 haeserat,
3309 2585 3365 2633 et
3396 2578 3661 2632 similiter

2058 2688 2245 2743 pugno
2284 2672 2621 2744 percutiens,
2645 2678 2772 2743 post
2798 2688 2963 2725 canes
2993 2670 3151 2740 ejeci,
3180 2669 3387 2739 sicque,
3415 2667 3658 2721 Domino

2058 2763 2380 2822 miserante,
2412 2763 2594 2817 tribus
2614 2763 2816 2817 ictibus
2843 2762 2982 2816 liber
3000 2762 3180 2815 factus
3204 2776 3326 2815 sum
3351 2759 3421 2812 ab
3448 2759 3537 2812 his
3561 2760 3661 2813 tri-

2054 2852 2160 2907 bus
2187 2852 2460 2907 hostibus.
2491 2852 2743 2907 Intellexi
2776 2852 2969 2922 igitur,
3019 2849 3173 2922 quod
3207 2856 3321 2904 tres
3368 2849 3514 2904 ictus
3562 2849 3658 2904 isti

2057 2942 2287 2996 fuerunt
2315 2942 2428 2996 tria
2455 2942 2616 3012 signa
2640 2941 2820 2996 crucis
2849 2957 2972 3012 quae
3000 2940 3266 3007 videram,
3310 2937 3472 2993 nobis
3502 2938 3658 3010 psal-

2058 3033 2320 3098 lentibus,
2352 3031 2493 3087 fieri.
2538 3051 2565 3085 »

2129 3120 2373 3187 Interea,
2404 3125 2659 3173 revocato
2691 3135 2803 3172 uno
2843 3134 2908 3171 ex
2938 3117 3204 3171 fratribus
3237 3116 3334 3187 qui
3372 3114 3651 3180 abierant,

2059 3225 2292 3279 pensum
2328 3209 2646 3262 orationum
2677 3207 3122 3279 vespertinarum
3161 3212 3218 3260 et
3255 3205 3491 3260 laudum
3522 3221 3653 3258 cum

2056 3306 2283 3369 aegroto,
2309 3298 2403 3369 qui
2426 3298 2509 3352 eti
2519 3315 2614 3368 pse
2630 3297 2917 3351 nobiscum
2941 3296 3232 3368 psallebat,
3257 3295 3650 3366 persolvimus.

2055 3388 2258 3441 Postea
2286 3388 2456 3441 etiam
2477 3387 2629 3441 aliud
2658 3387 2841 3440 vocari
2882 3385 3135 3457 praecepi,
3161 3391 3225 3440 ut
3249 3390 3366 3439 tres
3398 3400 3653 3438 essemus

2057 3493 2182 3529 cum
2208 3477 2381 3530 fratre
2403 3478 2658 3547 jacente;
2692 3476 2789 3529 alii
2829 3492 2956 3529 vero
2986 3491 3200 3539 omnes,
3233 3474 3409 3528 finitis
3448 3472 3652 3527 ofﬁciis

2055 3565 2427 3625 diurnalibus.
2470 3583 2535 3619 ex
2573 3571 2848 3636 praecepto
2890 3570 3081 3619 nostro
3122 3563 3430 3634 temperius
3477 3579 3650 3633 quam

2054 3656 2473 3709 consuevissent
2525 3655 2833 3708 dormitum
2870 3655 3071 3708 ierunt.
3109 3651 3460 3724 Reputabam
3499 3652 3654 3705 enim

2054 3750 2304 3798 tractans
2332 3744 2390 3797 in
2422 3744 2607 3807 corde,
2634 3743 2755 3797 utsi
2779 3742 3023 3796 maxima
3048 3742 3377 3795 imminente
3403 3741 3655 3795 necessi-

2052 3839 2168 3887 tate
2197 3840 2297 3888 aut
2322 3833 2515 3888 mortis
2544 3839 2643 3887 aut
2673 3832 2907 3903 alicujus
2937 3832 3109 3897 exitii,
3143 3830 3275 3901 quid
3315 3830 3467 3885 enim
3498 3830 3654 3885 futu-

2052 3939 2177 3976 rum
2197 3928 2345 3976 esset
2362 3923 2560 3977 incerti
2586 3938 2832 3984 eramus,
2847 3921 3141 3992 oportebat
3158 3936 3354 3974 omnes
3374 3920 3655 3974 affuturos

2052 4028 2172 4066 esse
2197 4030 2210 4078 ;
2237 4012 2440 4065 bonum
2462 4017 2585 4065 erat
2618 4011 2664 4065 si
2695 4010 3047 4080 aliquantum
3087 4023 3283 4063 somno
3313 4008 3506 4063 refecti
3536 4009 3655 4062 fue-

2051 4101 2183 4166 rint,
2227 4107 2283 4154 et
2326 4101 2504 4170 magis
2542 4099 2726 4154 sobrie
2775 4099 3025 4152 facerent
3062 4097 3335 4168 quidquid
3363 4097 3649 4167 agendum

2053 4196 2220 4243 esset.
2248 4190 2480 4243 Fuimus
2510 4189 2701 4260 itaque
2727 4194 2842 4243 tres
2864 4204 2989 4241 cum
3012 4187 3108 4240 illo
3139 4193 3340 4257 quarto
3362 4187 3456 4257 qui
3476 4187 3653 4256 patie-

2053 4277 2238 4343 batur,
2264 4278 2556 4348 loquentes
2585 4295 2709 4332 cum
2743 4295 2808 4331 eo
2836 4282 2893 4330 et
2918 4277 3270 4331 consolantes
3299 4292 3651 4346 eum,quan-

377 4353 472 4422 qui
494 4364 704 4425 aegroto
736 4359 1050 4424 assistebat,
1069 4361 1504 4433 ingrediensque
1526 4363 1755 4416 domum
1784 4362 1970 4416 inveni
1988 4367 2176 4425 Dtum
2206 4384 2365 4436 posse
2386 4367 2627 4421 dabatur
2652 4367 2831 4421 nobis.
2859 4368 3049 4420 Tantse
3079 4382 3208 4419 vero
3237 4365 3543 4419 debilitatis
3564 4368 3651 4420 vel

374 4457 502 4495 eum
523 4445 804 4512 jacentem
843 4456 1241 4521 arreptumque
1272 4451 1529 4506 molestia
1559 4452 1825 4522 pristina;
1859 4469 1972 4506 non

378 4536 567 4587 tamen
601 4534 921 4591 caltitrabat
958 4545 1058 4592 aut
1098 4540 1423 4594 volvebatur
1465 4541 1610 4594 sicut
1650 4541 1827 4611 prius,
1874 4542 1971 4596 sed

375 4620 579 4675 clausis
605 4626 798 4691 oculis,
830 4631 1097 4698 tanquam
1148 4630 1433 4683 dormiens
1471 4646 1583 4683 non
1624 4629 1968 4685 movebatur.

374 4708 629 4782 Cumque
641 4721 770 4784 post
782 4715 1191 4787 aliquantulum
1202 4724 1314 4771 tem
1324 4719 1473 4789 poris
1492 4718 1713 4771 rediens
1729 4719 1975 4789 aperiret

375 4800 564 4854 oculos
592 4818 795 4873 meque
823 4804 1124 4876 inspiceret
1147 4807 1522 4867 assistentem,
1549 4807 1752 4861 iterum
1775 4809 1969 4862 eodem

375 4890 541 4945 modo
570 4899 765 4962 raptus
796 4901 881 4948 est
904 4914 916 4962 ;
950 4902 1008 4949 et
1034 4912 1161 4949 cum
1192 4896 1397 4967 saepius
1423 4896 1602 4960 fieret,
1628 4902 1686 4951 et
1712 4897 1806 4951 ille
1835 4915 1972 4968 spu-

374 4986 577 5046 maret,
608 4982 799 5037 videns
820 5002 923 5055 ego
955 4985 1203 5039 laborem
1235 4986 1357 5055 ejus
1386 4990 1607 5039 tantum
1637 4986 1887 5057 ingemui
1906 5005 1970 5041 ex

371 5068 593 5138 intimo,
630 5079 686 5127 et
716 5074 842 5128 misi
868 5092 969 5145 pro
997 5080 1270 5128 conventu
1308 5075 1546 5128 fratrum
1577 5082 1641 5129 ut
1669 5077 1929 5130 adessent
1954 5095 1967 5144 ;

376 5160 576 5230 quibus
596 5163 965 5232 praesentibus
986 5170 1043 5216 et
1064 5164 1434 5233 psallentibus
1458 5164 1617 5219 nobis
1638 5182 1824 5218 coram
1857 5183 1971 5218 om-

344 5311 347 5314 ,
372 5250 537 5304 nibus
557 5259 829 5321 aegrotum
854 5253 1109 5306 molestia
1127 5269 1229 5307 sua
1253 5254 1362 5306 arri
1371 5254 1769 5324 puitCumque
1789 5254 1971 5308 adhuc

372 5340 442 5394 ab
476 5341 672 5395 eadem
726 5348 1032 5407 teneretur,
1069 5344 1383 5415 clausisque
1434 5345 1609 5398 oculis
1649 5351 1707 5397 et
1745 5344 1967 5414 pugnis,

373 5430 512 5483 nihil
561 5448 776 5496 eorum,
838 5450 960 5503 quae
1008 5449 1040 5486 a
1079 5433 1240 5487 nobis
1293 5433 1658 5504 gerebantur,
1715 5432 1967 5497 sentiret,

374 5520 597 5587 aperuit
618 5537 846 5575 manum
878 5523 1135 5576 dextram
1176 5522 1381 5588 subito,
1416 5529 1473 5575 et
1501 5523 1721 5592 erigens
1747 5538 1869 5574 eam
1900 5522 1969 5574 ad

375 5613 560 5680 caput,
600 5608 842 5676 signavit
881 5611 1129 5683 seipsum
1179 5618 1284 5672 ter,
1329 5612 1489 5665 nobis
1553 5611 1870 5666 videntibus
1915 5617 1971 5666 et

2053 4456 2402 4511 lassitudinis
2431 4458 2490 4511 in
2518 4474 2749 4528 corpore
2779 4461 2901 4510 erat
2930 4462 2993 4510 ut
3019 4472 3146 4509 cum
3177 4454 3236 4507 in
3266 4455 3410 4508 lecto
3433 4471 3544 4525 quo
3564 4457 3653 4526 ja-

2054 4544 2231 4611 cebat,
2276 4563 2499 4617 quoquo
2538 4546 2723 4612 modo,
2769 4552 2833 4599 ut
2878 4546 2963 4598 vel
3002 4561 3204 4615 parum
3243 4550 3361 4598 tam
3402 4545 3651 4600 maxima

2054 4636 2310 4688 molestia
2334 4636 2530 4688 saltem
2561 4635 2818 4689 mutandi
2848 4634 3019 4688 situm
3046 4634 3404 4703 levigaretur.
3425 4650 3652 4705 compo-

2054 4741 2188 4778 nere
2219 4741 2277 4777 se
2308 4725 2473 4778 vellet
2524 4725 2678 4777 nullo
2719 4724 2882 4776 modo
2920 4723 3148 4776 valeret.
3199 4723 3314 4776 Nos
3362 4739 3514 4785 vero,
3550 4724 3648 4793 qui

2052 4814 2369 4879 aderamus,
2397 4830 2522 4867 cum
2553 4813 2623 4866 ad
2653 4812 3165 4883 appetitum,quem
3195 4811 3319 4865 fieri
3334 4813 3392 4865 in
3409 4828 3475 4865 eo
3492 4812 3649 4867 vide-

2055 4901 2272 4957 bamus.
2316 4902 2585 4955 vellemus
2632 4918 2761 4955 eum
2800 4917 3154 4971 componere,
3196 4901 3285 4953 vix
3313 4917 3441 4953 eum
3474 4901 3646 4954 etiam

2053 5008 2178 5045 cum
2200 4990 2391 5045 labore
2408 4990 2785 5044 movebamus.
2802 4992 2822 5013 ⁴
2843 4990 2927 5043 Ad
2944 4996 3159 5044 naturae
3171 4990 3484 5043 necessaria
3517 5007 3647 5044 cum

2052 5081 2134 5133 ire
2160 5081 2346 5143 vellet,
2378 5096 2480 5133 nec
2507 5096 2736 5149 surgere
2765 5096 2867 5133 nec
2895 5096 2927 5132 a
2956 5079 3077 5132 loco
3104 5096 3162 5132 se
3183 5096 3404 5132 movere
3435 5079 3646 5147 valens,

2052 5169 2270 5223 duobus
2318 5168 2605 5233 fratribus,
2649 5168 2824 5222 tensis
2863 5168 3126 5231 brachiis,
3161 5168 3487 5237 erigendum
3515 5187 3650 5240 por-

2051 5260 2398 5328 tandumque
2428 5276 2488 5311 se
2520 5256 2773 5328 praebuit,
2807 5257 2902 5327 qui
2946 5274 3073 5310 eum
3107 5274 3232 5311 cum
3273 5257 3484 5324 labore,
3526 5259 3649 5313 sine

2052 5347 2203 5400 illius
2232 5348 2419 5418 aliquo
2460 5355 2616 5401 motu
2663 5347 2987 5411 auxiliabili,
3021 5355 3249 5417 excepto
3297 5348 3445 5417 quod
3477 5349 3649 5421 pedes

2052 5451 2152 5505 per
2180 5441 2386 5488 terram
2413 5437 2592 5505 magis
2608 5434 2869 5489 trahebat
2897 5453 3062 5505 quam
3095 5435 3340 5507 regebat,
3357 5442 3647 5507 portantes

2053 5530 2109 5576 et
2120 5530 2469 5594 reportantes
2487 5524 2546 5577 in
2567 5524 2710 5577 lecto
2722 5540 2909 5577 coram
2934 5542 3020 5577 me
3038 5531 3345 5594 posuerunt
3365 5524 3645 5594 quomodo

2052 5619 2373 5682 potuerunt.
2407 5614 2477 5667 Et
2504 5630 2631 5667 cum
2660 5618 2831 5668 tantae
2873 5615 3219 5683 aegritudinis
3247 5613 3494 5686 pondere
3523 5630 3646 5684 pre-
