3934 6356
255 338 395 396 1377

1456 341 1805 396 EPISTOLA
1842 339 1938 395 AD
1978 341 2325 395 FRATRES.

3378 350 3513 409 1378

248 467 520 530 meretur,
566 464 786 519 dicebat
824 470 1013 520 tamen
1060 465 1233 521 videri
1277 467 1381 520 sibi
1425 466 1573 538 quod
1600 466 1742 520 nihil
1778 465 2034 526 inAait:
2071 464 2284 536 «Signa
2301 464 2457 521 vobis
2484 467 2779 523 verborum
2812 472 3223 544 istorum,quod
3237 477 3510 545 verasint,

245 568 481 623 corpore
519 558 824 624 pateretur,
869 571 983 625 prae
1039 555 1241 610 timore
1292 573 1401 627 quo
1450 556 1673 610 animus
1719 556 1841 625 ejus

244 642 625 699 cruciabatur.
662 645 915 714 Cumque
945 661 1047 715 ego
1070 662 1377 716 quaererem
1410 645 1542 716 quid
1568 645 1795 697 timeret
1824 661 1836 696 :

246 748 272 782 α
304 732 521 799 Timeo,
553 733 753 803 inquit,
804 750 891 787 me
940 734 998 786 in
1045 734 1287 799 illorum,
1322 751 1461 804 quos
1478 732 1616 797 'vidi,
1641 749 1841 786 manus

239 826 341 873 aut
373 820 432 874 in
462 822 759 892 nequiores
776 840 1151 877 reversurum.
1188 843 1213 875 »
1241 822 1635 893 Loquebamur
1649 827 1837 875 autem

238 909 321 963 sic
352 909 610 974 invicem,
633 919 692 965 et
728 895 870 972 ecce.
906 914 1025 981 jam
1057 916 1219 966 nocte
1254 912 1603 975 imminente,
1646 916 1840 981 raptus

238 1005 329 1052 est
349 998 558 1053 iterum
590 1005 646 1053 et
659 1001 977 1071 spumabat,
1000 1001 1332 1071 erigensque
1358 1000 1501 1054 sicut
1530 1000 1685 1070 prius
1724 1016 1841 1055 ma-

236 1105 400 1154 num,
432 1089 675 1159 signavit
701 1106 761 1142 se
792 1095 994 1143 totum.
1027 1089 1284 1160 Cumque
1312 1106 1413 1143 nos
1451 1089 1834 1159 psalleremus,

237 1183 301 1229 et
320 1177 414 1230 ille
444 1178 671 1243 rediret,
695 1179 1051 1249 quaesivimus
1073 1184 1338 1232 utrumne
1353 1177 1580 1231 vidisset
1591 1177 1837 1248 aliquid?

240 1282 270 1315 τι
309 1265 449 1332 Vidi,
473 1266 674 1337 inquit,
702 1266 977 1321 intrantes
1006 1267 1233 1320 domum
1263 1267 1406 1319 hanc
1430 1265 1685 1319 homines
1699 1272 1835 1329 tres,

237 1354 338 1423 qui
368 1354 592 1409 lanceas
610 1361 727 1409 tres
753 1355 1052 1426 gestabant
1078 1356 1271 1425 igneas
1297 1356 1536 1409 fetentes
1564 1360 1836 1424 tanquam

234 1451 430 1498 essent
449 1445 727 1507 sulfureae,
748 1445 951 1515 quibus
970 1461 1095 1498 cum
1127 1462 1216 1499 me
1246 1446 1451 1498 vellent
1478 1446 1832 1513 transfigere,

232 1532 401 1601 signo
430 1533 610 1587 crucis
639 1534 786 1604 quod
816 1549 851 1586 a
881 1550 968 1587 me
989 1533 1169 1587 teneri
1188 1533 1478 1587 videbatur
1498 1537 1620 1600 (nos
1632 1534 1837 1603 quippe

230 1621 295 1674 in
319 1638 490 1676 manu
517 1621 667 1676 illius
684 1638 906 1676 crucem
928 1623 1299 1687 tenebamus),
1336 1639 1423 1676 me
1445 1622 1832 1687 defendebam,

230 1715 295 1763 et
321 1710 449 1764 illos
477 1710 760 1781 fugabam.
791 1732 813 1761 ι
842 1713 869 1766 J
876 1712 1025 1765 acuit
1053 1712 1243 1782 itaque
1272 1711 1466 1765 dolens
1489 1717 1545 1765 et
1561 1711 1833 1781 plangens

1924 556 2175 611 dicturus
2205 575 2352 623 sum,
2383 558 2481 612 sed
2502 560 2750 614 nondum
2771 577 2835 615 ea
2852 562 3061 623 audita,
3080 566 3359 621 audienda
3373 584 3512 638 prae-

1923 645 2115 698 stolor.
2156 665 2178 696 ι
2206 646 2420 710 Quibus
2448 647 2631 715 dictis,
2664 666 2766 719 ego
2794 651 3060 705 fratribus
3089 652 3198 706 illis
3236 657 3515 712 montanis

1924 736 2108 799 (erant
2130 741 2317 788 autem
2350 737 2617 807 quinque)
2656 756 2668 790 :
2707 760 2727 787 ι
2764 739 2882 804 Eia,
2916 740 3128 794 domini
3162 743 3291 808 mei,
3324 746 3514 800 audis-

1921 820 2010 883 tis,
2048 838 2170 891 quae
2194 839 2228 875 a
2250 823 2362 876 Deo
2384 830 2660 894 praecepta
2697 832 2831 879 sunt
2854 826 3033 893 vobis;
3071 831 3313 884 recedite
3347 849 3508 900 nunc,

1922 917 1985 963 ut
2015 911 2216 964 iterum
2238 912 2294 965 in
2321 913 2511 967 stratis
2541 916 2739 967 vestris
2756 915 3075 985 quiescatis.
3099 936 3123 969 ι
3150 920 3345 983 Neque
3363 922 3511 976 enim

1920 1015 2047 1052 cum
2076 1000 2263 1053 omnia
2291 1001 2403 1054 alia
2430 1002 2638 1072 Optime
2677 1004 3063 1065 attendissem.
3095 1006 3164 1060 de
3192 1007 3367 1078 signis
3389 1027 3512 1080 quae

1920 1086 2154 1140 dicenda
2199 1095 2362 1142 erant
2399 1090 2606 1160 aliquid
2654 1108 3045 1162 perceperam;
3097 1096 3192 1147 sed
3240 1097 3345 1150 hoc
3390 1097 3510 1168 ipse

1918 1174 2088 1240 idem,
2130 1177 2466 1232 testantibus
2509 1179 2767 1233 omnibus
2806 1181 2902 1250 qui
2941 1182 3237 1247 affuerant,
3279 1202 3339 1239 se
3368 1186 3514 1241 sicut

1919 1264 2124 1318 dixisse
2159 1264 2295 1318 mihi
2341 1273 2536 1337 postea
2569 1268 2956 1324 manifestavit.
3012 1271 3296 1343 Praecepto
3334 1274 3514 1345 igitur

1920 1369 2045 1406 meo
2074 1354 2275 1407 fratres
2288 1355 2527 1409 velocius
2549 1356 2871 1411 obedientes
2894 1359 3014 1428 jam
3046 1360 3366 1429 surgebant,
3383 1380 3509 1417 cum

1918 1440 2012 1494 ille
2039 1444 2133 1512 qui
2157 1444 2379 1512 jacebat
2399 1461 2585 1499 coram
2607 1445 2765 1500 nobis
2794 1453 2987 1518 raptus
3008 1454 3124 1515 est;
3157 1450 3372 1505 detinui
3401 1452 3510 1506 ita-

1919 1547 2028 1601 que
2057 1532 2161 1585 hoe
2183 1533 2373 1587 videns
2394 1535 2594 1588 fratres
2613 1535 2708 1606 qui
2733 1537 2852 1606 jam
2874 1546 3321 1605 surrexerant,ut
3342 1541 3511 1596 simul

1919 1620 2306 1688 psalleremus,
2356 1629 2618 1676 eventum
2665 1623 2746 1676 rei
2804 1631 3206 1695 exspectantes.
3260 1627 3510 1684 Diximus

1916 1724 2049 1777 ergo
2078 1714 2258 1762 totum
2300 1711 2579 1781 psalmum
2606 1713 2931 1779 Quicunque
2958 1717 3097 1780 vult,
3122 1721 3177 1767 et
3206 1715 3512 1786 adjecimus

229 1816 294 1852 se
325 1800 720 1854 vehementer:
748 1801 868 1871 jam
908 1806 1121 1869 tamen,
1164 1800 1544 1855 consolatione
1582 1806 1827 1870 accepta,

1918 1797 2103 1851 Gloria
2141 1801 2318 1853 Patri.
2350 1800 2469 1863 Quo
2502 1800 2661 1854 finito
2692 1800 2858 1854 rediit
2886 1800 2980 1855 ille
3006 1808 3062 1856 et
3090 1803 3236 1857 sedit
3257 1805 3311 1858 in
3343 1805 3506 1872 lecto,

228 1887 460 1943 dicebat
486 1905 546 1943 se
571 1906 798 1960 sperare
823 1890 1033 1960 optime
1062 1904 1380 1945 evasurum.
1413 1890 1667 1960 Cumque
1705 1906 1828 1960 ego,

227 1977 358 2048 ipso
373 1979 657 2044 audiente,
672 1978 904 2033 obillius
929 1979 1367 2033 consolationem
1389 1979 1831 2032 confirmandam

228 2068 427 2137 aliqua
453 2067 720 2122 fratribus
749 2068 843 2139 qui
865 2069 1100 2123 aderant
1119 2069 1188 2122 de
1210 2068 1513 2139 Scripturis
1533 2074 1588 2121 et
1616 2068 1685 2121 de
1723 2069 1833 2122 ﬁde

228 2156 528 2211 Trinitatis
554 2157 821 2226 dicerem,
845 2164 901 2211 et
932 2159 1108 2211 multa
1130 2158 1460 2227 jmnoctis
1489 2174 1619 2227 pars
1644 2163 1833 2211 trans-

230 2247 397 2311 isset,
447 2246 631 2301 subito
682 2264 810 2300 cum
853 2247 947 2301 ille
995 2247 1296 2317 diligenter
1342 2247 1583 2309 audiret,
1633 2246 1834 2299 clausit

233 2336 449 2400 oculos,
483 2341 542 2389 et
581 2352 752 2389 sensu
789 2335 927 2389 abiit
968 2352 1003 2389 a
1038 2335 1217 2392 nobis.
1253 2336 1394 2389 Cum
1426 2336 1482 2389 in
1513 2336 1705 2389 eodem
1738 2352 1835 2388 ex-

230 2441 396 2478 cessu
427 2423 661 2495 positus,
701 2425 818 2495 jam
851 2424 998 2477 enim
1031 2441 1335 2489 excessum,
1376 2441 1488 2477 non
1520 2424 1834 2477 molestiam

231 2521 335 2569 aut
370 2514 684 2585 passionem
707 2514 997 2568 nominare
1022 2513 1218 2577 habeo,
1251 2530 1454 2567 manus
1481 2514 1725 2583 jungens
1762 2512 1831 2566 ad

232 2605 438 2658 caelum
468 2603 712 2674 erigeret
740 2609 1008 2673 tanquam
1058 2620 1244 2664 orans,
1291 2619 1504 2673 nosque
1550 2604 1831 2672 psalmum

234 2693 695 2747 tideidiceremus
717 2694 1038 2759 Quicunque
1052 2696 1169 2745 rult
1188 2694 1390 2756 salvus,
1414 2692 1830 2761 repetitumque

232 2782 635 2847 mediaremus,
664 2782 755 2834 ille
780 2781 1039 2850 aperiens
1069 2781 1617 2850 oculos,erectasque
1632 2785 1831 2834 tenens

231 2871 614 2936 manus,sicut
626 2887 720 2923 eas
727 2870 1011 2939 junxerat,
1028 2870 1246 2923 locutus
1265 2873 1369 2934 est,
1388 2868 1577 2921 dicens
1603 2886 1615 2920 :
1642 2868 1830 2922 Gloria

233 2961 525 3025 tibi,l)eus.
545 2960 800 3029 Cumque
817 2975 919 3012 nos
941 2958 1144 3029 psalmi
1163 2958 1826 3021 ﬁnemaccelerassemus,

1914 1885 2164 1957 dixitque
2200 1905 2210 1939 :
2253 1907 2280 1939 «
2327 1889 2659 1943 Benedictus
2700 1889 2863 1955 Deus,
2909 1892 3240 1946 Benedictus
3265 1894 3441 1961 Deus;
3480 1913 3505 1948 ι

1909 1975 2155 2048 jungens
2185 1994 2385 2031 manus
2416 1983 2473 2031 et
2490 1978 2751 2042 adorans,
2788 1979 3073 2050 oculisque
3099 1982 3378 2037 alacribus
3404 2001 3507 2039 nos

1915 2066 2225 2136 aspiciens:
2257 2089 2278 2113 ι
2301 2067 2379 2120 En
2411 2066 2589 2136 signa,
2614 2067 2713 2128 ait,
2745 2067 2900 2121 vobis
2927 2075 2990 2121 ut
3008 2069 3208 2133 dicam,
3244 2071 3290 2125 si
3309 2072 3508 2127 audire

1914 2155 2206 2224 placuerit.
2243 2174 2264 2205 ι
2291 2156 2448 2218 Quod
2468 2172 2594 2208 cum
2617 2156 2843 2209 omnino
2866 2157 3103 2227 placere,
3121 2161 3507 2230 respondisse-

1915 2259 2041 2296 mus
2068 2259 2391 2301 omnes,nos
2417 2244 2598 2297 verbis
2628 2244 2929 2299 etillinutu
2954 2247 3048 2316 qui
3077 2249 3506 2319 eompletorium

1915 2333 2191 2395 dixerant,
2222 2333 2300 2387 sic
2325 2334 2543 2388 locutus
2574 2340 2661 2388 est
2689 2351 2701 2386 :
2739 2355 2758 2385 ι
2793 2335 2852 2390 Si
2881 2352 3129 2408 unquam
3168 2339 3409 2411 amplius
3446 2340 3504 2394 in

1917 2424 2068 2476 omni
2092 2423 2208 2476 vita
2237 2439 2363 2476 mea
2391 2429 2447 2476 et
2469 2428 2651 2477 vestra
2680 2440 2769 2477 me
2799 2425 2969 2495 hujus
2998 2426 3345 2483 inﬁrmitatis
3375 2446 3504 2500 pro-

1917 2518 2041 2579 pter
2069 2528 2234 2582 quam
2266 2511 2355 2565 hic
2379 2512 2559 2581 jaceo,
2584 2512 2804 2582 signum
2828 2514 3054 2585 aliquod
3075 2522 3173 2570 aut
3190 2519 3505 2573 molestiam

1915 2601 2218 2671 patientem
2249 2601 2512 2665 videritis,
2545 2602 2734 2656 sciatis
2755 2620 3109 2674 nequaquam
3133 2623 3322 2660 verum
3334 2607 3506 2662 fuisse

1916 2690 2062 2759 quod
2093 2707 2126 2742 a
2156 2706 2244 2743 me
2271 2690 2480 2743 dictum
2513 2696 2629 2757 est;
2670 2697 2727 2745 et
2755 2709 2879 2745 ecce
2912 2709 3060 2747 nunc
3088 2695 3305 2765 integre
3334 2713 3505 2752 sanus

1912 2777 2092 2830 factus
2122 2796 2246 2832 sum
2269 2784 2326 2831 et
2346 2780 2557 2839 ﬁrmus,
2590 2788 2787 2849 potens
2816 2797 3049 2850 surgere
3071 2789 3126 2836 et
3145 2784 3228 2837 ire
3258 2791 3315 2839 et
3338 2801 3504 2856 agere

1913 2864 2183 2936 quidquid
2198 2883 2334 2919 sano
2365 2866 2576 2920 homini
2605 2869 2884 2937 agendum
2907 2875 3007 2923 est.
3036 2886 3062 2922 ιο
3095 2870 3352 2942 Cumque
3381 2880 3503 2928 stu-

1910 2953 2114 3022 pefacti
2140 2954 2348 3023 gaudio
2378 2961 2435 3009 et
2470 2955 2750 3009 evidentia
2776 2956 2859 3010 rei
2891 2956 3233 3025 (videbamus
3256 2960 3404 3014 enim
3443 2962 3503 3017 in

233 3056 294 3103 et
324 3048 419 3102 ille
446 3048 668 3119 saepius,
700 3048 885 3102 Gloria
909 3049 1025 3112 tibi,
1060 3048 1218 3105 Deus,
1252 3048 1566 3117 repetisset,
1596 3046 1824 3100 omnino
1847 3057 1887 3115 ο
1910 3043 2034 3112 ejus
2072 3043 2212 3096 facie
2249 3044 2433 3097 nescio
2472 3045 2620 3114 quod
2668 3045 2918 3100 divinum
2957 3046 3179 3116 signum
3221 3050 3496 3121 sanitatis)

225 3138 381 3191 unde
401 3142 516 3191 tam
548 3137 677 3191 laeta
704 3141 933 3207 tamque
963 3136 1220 3190 amabilis
1259 3153 1362 3189 vox
1391 3135 1471 3189 illi
1498 3135 1628 3188 data
1656 3138 1821 3196 esset,

226 3244 354 3298 quae
383 3226 553 3282 toties
583 3225 977 3291 reiterabatur,
1012 3225 1154 3279 scire
1187 3230 1532 3296 appetentes,
1560 3222 1825 3277 sciscitati

223 3317 528 3371 sumus.At
554 3313 649 3368 ille
674 3314 1086 3385 aliquantulum
1116 3330 1306 3368 severe
1335 3330 1426 3366 me
1454 3313 1821 3375 intuens,ait:

228 3422 257 3457 α
282 3405 569 3458 Vocentur
596 3402 736 3457 mihi
767 3420 960 3457 omnes
991 3403 1252 3457 monachi
1286 3403 1357 3456 de
1406 3408 1595 3455 monte
1635 3400 1824 3455 Sancti

225 3493 537 3558 Michaelis,
572 3491 668 3563 qui
710 3492 768 3545 in
809 3491 1147 3545 monasterio
1201 3491 1310 3546 isto
1353 3496 1820 3545 commorantur:

224 3582 436 3635 missus
464 3599 587 3636 sum
620 3581 768 3635 enim
789 3581 1049 3646 nuntius;
1080 3600 1106 3633 »
1130 3597 1371 3652 cumque
1397 3580 1501 3634 hoc
1529 3580 1665 3633 mihi
1688 3580 1823 3633 satis

224 3671 568 3742 displiceret,
590 3670 797 3724 timens
812 3671 915 3724 hoc
930 3670 1157 3740 aliquod
1182 3687 1302 3723 esse
1322 3669 1631 3723 illusorium
1652 3669 1825 3739 phan-

224 3765 433 3824 tasma,
464 3776 771 3830 verensque
803 3760 1024 3821 fratres,
1059 3759 1153 3829 qui
1194 3759 1264 3813 ad
1308 3764 1611 3812 nocturnas
1640 3774 1823 3811 surre-

224 3849 373 3903 cturi
421 3854 585 3902 erant
634 3848 936 3913 orationes,
979 3848 1267 3901 excitando
1315 3847 1570 3917 fatigare,
1628 3846 1822 3900 multis

224 3937 409 3992 verbis
434 3954 506 3991 ne
542 3938 647 3990 hoc
675 3938 834 3990 fleret
864 3936 1163 3992 renitebar.
1197 3938 1270 3990 At
1298 3936 1391 3989 ille
1428 3936 1565 3989 mihi
1594 3951 1821 4006 prorsus

226 4026 463 4096 restitit,
488 4026 695 4089 dicens,
727 4043 791 4079 ex
815 4031 932 4079 toto
950 4026 1029 4079 sic
1056 4025 1177 4079 ﬁeri
1206 4025 1483 4095 expedire.
1508 4024 1673 4079 Nolui
1696 4029 1823 4077 tan-

226 4117 355 4171 dem
386 4115 631 4186 amplius
652 4115 929 4177 resistere,
958 4120 1215 4168 metuens
1238 4132 1302 4168 ex
1324 4115 1522 4179 altero,
1551 4130 1621 4167 ne
1643 4113 1689 4167 si
1719 4113 1824 4165 hoc

225 4209 566 4276 praeceptum
583 4204 831 4257 divinum
851 4210 1017 4266 esset,
1032 4204 1145 4257 Deo
1159 4202 1569 4257 inobedientem
1590 4203 1822 4256 fratrem

225 4294 491 4358 facerem,
515 4293 662 4347 unde
701 4309 803 4362 ego
835 4298 891 4346 et
918 4292 1036 4362 ipse
1062 4292 1272 4362 pariter
1299 4291 1381 4345 rei
1413 4291 1776 4345 existeremus
1806 4309 1818 4355 ;

228 4381 585 4453 quaesivimus
607 4381 676 4435 de
704 4397 764 4434 se
784 4380 905 4450 ipso
934 4380 1067 4450 quid
1096 4380 1203 4433 sibi
1233 4380 1485 4433 futurum
1517 4380 1818 4443 videretur,

226 4475 283 4523 et
312 4470 406 4523 ille
432 4486 491 4523 se
520 4469 702 4523 adhuc
730 4468 943 4523 nescire
959 4468 1266 4538 respondit.

298 4557 495 4612 Vocati
532 4557 721 4628 itaque
767 4574 906 4627 quos
944 4557 1135 4623 voluit,
1188 4557 1454 4611 citissime
1497 4556 1815 4625 affuerunt;

227 4647 432 4719 quibus
452 4646 836 4719 praesentibus,
861 4663 951 4700 me
983 4653 1216 4717 rogante
1242 4654 1306 4700 ut
1328 4647 1669 4717 loqueretur,
1691 4646 1772 4699 ait
1804 4663 1815 4699 :

233 4758 256 4789 α
288 4740 337 4791 Λ
364 4738 479 4792 Deo
518 4742 575 4790 et
610 4753 643 4789 a
681 4742 871 4789 sancto
910 4736 1175 4790 Michaele
1218 4741 1275 4789 et
1312 4753 1347 4789 a
1375 4742 1567 4789 sancto
1592 4736 1817 4801 Vigore,

229 4827 439 4898 optimo
457 4825 881 4896 patrono,vobis
910 4824 1168 4878 omnibus
1188 4824 1329 4885 dico,
1354 4831 1419 4878 ut
1448 4842 1737 4895 nunquam
1761 4824 1818 4877 in

228 4921 479 4969 montem
501 4914 689 4969 Sancti
717 4914 1005 4967 Michaelis
1029 4912 1270 4967 redeatis
1285 4918 1379 4967 aut
1402 4912 1623 4967 intretis
1634 4913 1821 4984 gratia

228 5004 303 5058 ibi
333 5003 683 5066 remanendi,
711 5003 956 5073 quandiu
986 5003 1118 5063 iste,
1148 5002 1244 5073 qui
1265 5019 1413 5055 nunc
1431 5001 1689 5056 ibiabbas
1712 5009 1816 5069 est,

228 5093 444 5149 vixerit.
484 5093 643 5156 Quod
683 5092 730 5145 si
769 5092 946 5146 ieritis
985 5099 1041 5145 et
1076 5091 1413 5148 manseritis.
1450 5092 1561 5145 fine
1588 5092 1734 5145 malo
1765 5097 1822 5145 et

228 5189 409 5238 morte
430 5181 672 5252 pessima
691 5181 1116 5235 consumemini.
1150 5199 1170 5231 ι
1194 5180 1533 5251 Cumqueilli
1566 5181 1635 5234 ad
1656 5180 1821 5235 verba

229 5290 288 5328 se
320 5270 705 5339 inclinassent,
740 5272 937 5325 ﬂentes
971 5287 1083 5341 prae
1120 5270 1347 5340 gaudio,
1384 5270 1588 5340 adjecit
1630 5270 1725 5324 ille
1765 5276 1821 5325 et

1908 3131 2263 3195 miraremur,
2292 3132 2521 3186 ineunte
2540 3133 2676 3187 mihi
2704 3134 2943 3204 quodam
2974 3151 3040 3188 ex
3066 3136 3334 3191 fratribus
3364 3139 3503 3194 dixi-

1906 3235 2033 3272 mus
2070 3236 2205 3273 voce
2232 3219 2419 3274 sobria
2461 3226 2517 3274 et
2539 3220 2812 3275 submisse
2853 3223 2918 3275 Te
2949 3224 3121 3277 Deum
3161 3227 3458 3280 laudamus
3482 3245 3497 3289 ;

1907 3313 1965 3361 et
1989 3307 2072 3361 illi
2101 3308 2325 3379 quidem
2348 3309 2568 3374 fratres,
2595 3309 2795 3380 quibus
2816 3316 3047 3382 propter
3073 3314 3500 3384 eompletorium

1904 3397 2169 3469 loquendi
2210 3399 2435 3453 licentia
2480 3415 2593 3453 non
2623 3404 2763 3462 erat,
2796 3400 2867 3453 ad
2911 3406 3091 3456 strata
3126 3419 3247 3468 sua,
3281 3420 3371 3457 me
3403 3405 3499 3474 ju-

1905 3486 2091 3549 bente,
2124 3487 2399 3543 abierunt.
2418 3488 2519 3542 Ille
2536 3505 2667 3543 vero
2695 3490 2886 3543 statim
2908 3490 3069 3545 nobis
3095 3509 3282 3546 coram
3305 3492 3499 3565 positis

1906 3581 1964 3629 et
1986 3593 2112 3630 cum
2143 3593 2208 3631 eo
2239 3577 2596 3647 surgentibus
2623 3578 2718 3649 qui
2748 3596 2859 3632 non
2880 3579 3218 3643 abieramus,
3234 3582 3494 3647 surrexit,

1905 3665 2043 3718 mihi
2073 3666 2205 3719 data
2234 3682 2426 3731 manu,
2460 3684 2631 3720 sanus
2665 3672 2722 3721 et
2756 3668 2949 3721 hilaris
2979 3677 3037 3722 et
3065 3670 3327 3724 robustus
3354 3672 3501 3725 sicut

1904 3754 2230 3808 nos.Stabat
2256 3755 2431 3824 igitur
2446 3756 2782 3825 gaudens,et
2802 3773 2904 3809 nos
2926 3756 3271 3811 mirabamur
3289 3766 3345 3813 et
3363 3775 3498 3812 con-

1901 3842 2319 3912 gaudebamus;
2342 3843 2659 3897 videbamus
2685 3846 2891 3915 quippe
2922 3845 3202 3899 hominem
3235 3847 3401 3900 modo
3439 3848 3498 3901 in

1903 3932 2047 3984 lecto
2071 3933 2373 4001 jacentem,
2406 3932 2671 3987 diuturna
2701 3938 2757 3986 et
2788 3934 3024 3987 molesta
3060 3934 3317 4005 passione
3347 3936 3499 3990 colli-

1906 4036 2030 4073 sum
2079 4021 2513 4092 contritumque,
2547 4028 2604 4076 et
2630 4038 2769 4092 pene
2801 4022 3061 4076 omnibus
3088 4022 3352 4078 membris
3381 4024 3497 4079 dis-

1906 4111 2172 4173 solutum,
2197 4117 2261 4164 ut
2280 4128 2379 4165 nec
2406 4112 2575 4165 etiam
2609 4111 2818 4165 moveri
2841 4112 2910 4165 ad
2932 4113 3240 4167 sedendum
3264 4114 3491 4181 valeret,

1903 4205 2159 4269 essetque
2182 4200 2232 4253 ei
2265 4199 2385 4270 ipsa
2423 4200 2551 4253 lecti
2595 4201 2861 4254 mollities
2901 4207 3243 4256 tormentum
3272 4203 3490 4273 ingens,

1904 4305 2053 4342 nunc
2073 4304 2201 4341 vero
2222 4288 2343 4358 ipsa
2361 4290 2556 4342 eadem
2584 4289 2723 4343 hora
2743 4290 2969 4344 robuste
2988 4291 3311 4358 surrexisse,
3345 4298 3496 4347 stare

1905 4376 2192 4430 nobiscum
2225 4394 2425 4430 sanum
2444 4384 2501 4431 et
2526 4378 3289 4447 gaudentem.Benediximus
3305 4381 3497 4452 itaque

1839 4486 1888 4545 D
1906 4466 2103 4527 Deum,
2138 4466 2233 4536 qui
2264 4466 2504 4535 percutit
2529 4473 2586 4519 et
2622 4474 2803 4534 sanat,
2830 4469 3131 4523 mortiﬁrat
3159 4477 3215 4524 et
3234 4470 3493 4537 viviﬁcat,

1901 4553 2127 4607 deducit
2155 4554 2224 4607 ad
2255 4554 2462 4608 inferos
2496 4560 2553 4608 et
2572 4556 2787 4609 reducit
2816 4558 2961 4615 (Tob.
2994 4573 3115 4623 xm,
3139 4557 3212 4627 2).
3247 4559 3344 4613 Est
3364 4575 3496 4629 ergo

1902 4643 2067 4697 hodie
2097 4644 2155 4697 in
2185 4644 2447 4709 claustro,
2482 4644 2774 4699 nobiscum
2811 4644 3145 4701 benedicens
3184 4650 3373 4713 "eum,
3399 4648 3497 4719 qui

1903 4750 2030 4786 eum
2052 4750 2198 4797 vere,
2214 4739 2277 4786 ut
2299 4738 2457 4803 pater
2474 4733 2715 4803 diligens
2730 4734 2928 4800 tilium,
2962 4736 3237 4807 percussit
3254 4743 3311 4790 et
3328 4754 3496 4791 sana-

1901 4822 2187 4876 vit.Sanus
2199 4839 2442 4893 namque
2454 4838 2685 4892 corpore
2699 4823 2983 4877 meliorem
2999 4826 3134 4878 etde
3148 4824 3254 4878 fide
3266 4826 3499 4896 amplio-

1902 4930 2018 4967 rem
2048 4912 2294 4983 suscepit
2330 4912 2390 4965 in
2436 4912 2625 4966 anima
2655 4912 2973 4968 sanitatem.
3009 4915 3313 4984 Correptus
3345 4916 3497 4969 enim

1903 5007 1960 5056 et
1986 5008 2266 5056 correctus
2298 5018 2480 5055 mores
2520 5000 2744 5054 omnino
2785 5001 3043 5063 mutavit,
3086 5002 3198 5055 Deo
3239 5003 3497 5074 omnipo-

1901 5090 2044 5144 tenti
2071 5090 2319 5144 subdidit
2343 5089 2465 5160 ipsa
2493 5106 2594 5143 sua
2620 5088 2737 5142 vita
2765 5089 2904 5142 dans
2933 5089 3496 5162 testimonium,quod

1902 5196 2030 5233 vere
2060 5196 2288 5233 manum
2334 5177 2749 5249 Omnipotentis
2792 5179 3049 5239 senserit,
3088 5178 3176 5232 cui
3207 5185 3292 5234 est
3319 5180 3499 5235 honor

1902 5274 1959 5322 et
1979 5269 2161 5339 gloria
2192 5276 2248 5323 et
2278 5273 2524 5339 potestas
2553 5267 2613 5321 in
2648 5268 2851 5321 saecula
2884 5268 3235 5322 saeculorum.
3278 5270 3487 5328 Amen.
