3934 6416
597 455 733 515 1359
1682 454 1993 510 ROBERTI
2031 454 2335 510 ABBATIS
2374 455 2433 509 S.
2473 454 2775 510 VIGORIS
3730 452 3853 510 1360

590 597 692 635 nec
712 580 968 644 satietur,
1000 580 1193 633 sitiens
1216 579 1764 650 ebibatampliusque
1785 578 2185 650 sitiat.Quippe
2207 584 2256 639 A
2477 582 2594 635 Hoc
2623 581 2819 650 egitut
2848 597 2948 651 pro
2976 579 3162 633 studio
3192 584 3251 633 et
3274 578 3476 632 merito
3518 594 3620 633 suo
3665 577 3854 633 habeat

588 668 927 722 desiderium
960 668 1130 733 illius,
1159 669 1383 721 modum
1407 669 1463 721 in
1486 668 1821 738 requirendo
1841 685 1950 721 non
1975 668 2185 738 reperit
2267 670 2651 741 unusquisque
2684 670 2737 723 in
2770 668 2970 739 quibus
3003 668 3312 729 oblectatur
3349 673 3406 721 et
3436 667 3661 739 proprie
3709 684 3853 721 exer-

587 757 784 822 ullum,
820 757 917 810 sed
946 757 1294 820 anhelanter,
1329 773 1674 827 operoseque
1721 757 2011 821 annititur,
2049 774 2179 827 quo,
2265 764 2388 813 ceat
2416 759 2724 829 ingenium.
2761 758 2909 812 Hinc
2935 765 2991 812 et
3021 757 3145 828 ipsa
3174 757 3401 811 Veritas
3430 757 3511 810 ait
3552 775 3563 809 :
3607 759 3676 812 In
3710 757 3852 810 domo

587 862 680 899 se~
706 845 844 907 vivo,
916 845 1119 899 eximia
1157 844 1425 899 librorum
1456 845 1613 915 copia
1632 845 1913 916 propriam
1929 845 2071 898 ditet
2089 846 2183 899 Ec—
2264 852 2448 904 Patris
2493 852 2602 901 mei
2641 851 2953 901 mansiones
2994 848 3181 901 multae
3221 851 3353 899 sunt
3395 849 3584 911 (Joan.
3629 859 3741 907 x1v,
3788 844 3851 911 2).

586 934 833 989 clesiam.
859 933 966 988 Sed
987 934 1120 1004 quia
1148 934 1289 987 livor
1320 940 1377 987 et
1403 934 1609 1004 iniqua:
1642 934 1889 1004 [linguae]
1924 932 1999 1004 il)
2044 951 2178 988 con-
2266 938 2443 994 Credo
2468 946 2532 991 ut
2561 943 2770 1009 quanto
2805 936 2929 1007 quis
2963 936 3053 992 hic
3097 935 3205 989 erit
3242 934 3507 999 sanctior,
3553 938 3717 987 tanto
3752 933 3855 988 illic

585 1023 798 1093 tagium
822 1040 967 1093 saepe
996 1023 1145 1077 inter
1171 1022 1353 1076 felicia
1383 1040 1574 1077 secure
1618 1040 1683 1076 ac
1722 1022 1861 1076 bene
1898 1030 2059 1093 gesta
2097 1040 2183 1076 1‘0-
2262 1027 2496 1082 beatior.
2525 1028 2677 1080 Idem
2705 1042 2926 1096 quoque
2953 1024 3253 1095 gentilium
3282 1028 3664 1079 commentum
3696 1022 3853 1076 libro-

582 1112 714 1166 dere
742 1112 943 1177 solent,
985 1128 1097 1165 non
1125 1112 1450 1182 ignoramus
1473 1112 1727 1166 futurum
1760 1112 1878 1165 fore
1908 1113 2180 1182 quosdam
2263 1135 2409 1183 rum,
2442 1116 2487 1170 si
2508 1117 2578 1170 ad
2610 1132 2806 1186 puram
2839 1114 3233 1179 intentionem,
3270 1112 3665 1183 intelligantur
3697 1112 3854 1181 [utile

581 1200 997 1271 superstitiosos
1025 1207 1083 1254 et
1132 1201 1439 1265 malivolos,
1485 1201 1581 1272 qui
1620 1206 1682 1254 ut
1712 1207 1905 1255 sancto
1933 1201 2054 1255 loco
2083 1201 2183 1255 de-
2257 1209 2362 1278 est]
2397 1206 2486 1270 (2),
2522 1206 2663 1270 Quid
2694 1205 2846 1258 enim
2877 1203 3029 1257 aliud
3060 1207 3264 1256 sonant
3314 1217 3483 1272 quam
3533 1199 3854 1254 saecularem

579 1290 829 1351 trahant,
853 1295 917 1343 ut
946 1289 1159 1360 optimo
1187 1288 1372 1343 abbati
1400 1290 1762 1343 calumniie...
1782 1291 2043 1359 ingerent
2058 1307 2182 1360 pro—
2264 1313 2525 1372 pompam
2556 1294 2695 1349 nihil
2718 1310 2837 1347 esse
2859 1311 2873 1361 ;
2896 1292 3047 1347 unde
3086 1292 3416 1362 Apostolus;
3466 1290 3684 1345 Scimus
3724 1306 3853 1357 quo-

580 1378 696 1433 ϐδεῖ
739 1394 873 1432 cura
916 1377 1223 1448 indagare;
1272 1395 1372 1432 cur
1432 1378 1579 1432 idem
1631 1378 1965 1432 venerabilis
2010 1377 2180 1433 abbas
2263 1374 3637 1452 nianidiligentibusDeumomniacooperanturin
3654 1379 3853 1430 bonum

577 1467 955 1538 Hieronymus
1009 1466 1186 1520 voluit
1216 1466 1512 1537 gentilium
1561 1466 1797 1531 codices,
1851 1466 2180 1536 fabulasque
2263 1480 2434 1545 (Rom,
2466 1489 2585 1539 vm,
2633 1470 2741 1536 28).
2795 1470 3097 1535 Quiescant
3139 1468 3377 1538 itaque;
3419 1471 3853 1536 argumentosus

575 1555 1141 1625 erroris,exactosque
1162 1560 1434 1625 tyrannos
1453 1555 1652 1609 divinae
1680 1554 1928 1609 inserere
1953 1555 2172 1608 veritati
2256 1584 2383 1622 vero
2413 1564 2583 1619 abbas
2608 1563 2667 1616 in
2696 1565 2888 1615 sancto
2918 1575 3104 1630 opere,
3153 1563 3217 1611 ut
3265 1557 3362 1627 qui
3410 1555 3551 1609 bene
3598 1555 3853 1625 coeperit,

574 1644 907 1715 paginaeque
933 1642 1201 1698 librorum
1224 1648 1564 1697 sanctorum.
1590 1642 1802 1707 Quibus
1825 1643 2170 1713 responden-

2253 1673 2431 1728 usque
2470 1655 2528 1708 in
2554 1654 2722 1706 ﬁnem
2753 1653 3092 1722 perseveret,
3142 1653 3206 1700 ut
3232 1645 3359 1699 libri
3389 1644 3628 1716 posteris
3660 1643 3851 1714 profu-

571 1732 708 1786 dum
737 1731 1058 1803 apostolicis
1085 1732 1285 1794 verbis,
1322 1732 1454 1802 quia
1483 1732 1542 1785 in
1567 1731 1732 1785 domo
1776 1732 2019 1802 potentis
2052 1748 2162 1786 non

2250 1746 2365 1801 turi
2394 1744 2710 1798 scribantur
2748 1746 2806 1794 et
2830 1756 2931 1810 pro
2948 1737 3154 1792 futuris
3179 1733 3526 1806 temporibus
3546 1734 3617 1787 ad
3637 1749 3853 1787 memo-
3882 1735 3894 1753 ⁸

570 1821 756 1875 solum
773 1837 905 1875 vasa
932 1837 1105 1875 aurea
1133 1825 1191 1875 et
1217 1826 1503 1891 argentea,
1541 1820 1638 1874 sed
1664 1825 1722 1874 et
1745 1820 1936 1874 fictilia
1966 1825 2162 1876 sunt...
2249 1837 2395 1890 riam
2433 1831 2792 1888 retinendum
2824 1828 3019 1882 itidem
3059 1825 3450 1881 subnotentur.

572 1911 652 1978 (ΙΙ
678 1912 815 1964 Tim.
845 1924 906 1974 ιι,
950 1908 1064 1981 ‘20).

633 2088 717 2160 (ι)
745 2089 836 2147 Sic
860 2090 1158 2161 legendum
1183 2094 1337 2161 puto,
1366 2088 1591 2144 nonnisi
1614 2105 1717 2144 vox
1748 2104 1862 2144 una
1894 2089 2070 2142 deest.
2324 2084 2392 2157 (τε)
2424 2083 2514 2138 Sic
2551 2082 2828 2154 suppleto.

559 2251 3856 2300 Δ

561 2286 3197 2300 ______—_____________+__7,W

1881 2441 2045 2486 ANNO
2087 2439 2306 2485 DOMINI
2336 2436 2504 2482 MXCII

476 2458 481 2462 ’
558 2594 1804 2760 ROBERTUS
1881 2458 3833 2756 ΑῈἘΜΫΗΜΒΑΙΑΕΝΑ

1395 2871 1946 3006 ABBAS
2058 2871 2182 3005 S.
2279 2866 3012 3004 VIGORIS.

934 3286 1482 3397 NOTITIA
1557 3284 2293 3396 HISTORICA
2367 3281 2529 3391 ET
2609 3276 3452 3389 LITTERARIA.

1696 3480 1899 3538 (OUDIN
1929 3480 2131 3547 Script.
2166 3480 2387 3542 Eccles.,
2425 3480 2497 3546 Il,
2521 3476 2670 3548 769.)

607 3770 884 3827 Robertus
918 3772 987 3826 de
1034 3770 1397 3834 Tumbalena,
1452 3771 1760 3825 monachus
1801 3770 1981 3824 sancti
2026 3770 2132 3824 Mi-

533 3859 742 3915 chaelis
762 3860 820 3915 in
843 3860 1089 3932 periculo
1110 3860 1301 3927 maris,
1321 3866 1383 3914 ut
1398 3859 1591 3914 scribit
1612 3859 1912 3914 Ordericus
1935 3859 2133 3913 Vitalis

533 3947 635 4005 lib.
684 3963 785 4003 VIII
832 3949 1091 4003 Historiae
1129 3948 1200 4002 ad
1247 3964 1458 4002 annum
1508 3946 1669 4016 109i,
1734 3947 1906 4001 abbas
1950 3947 2130 4002 factus

530 4044 727 4108 postea
754 4038 1079 4093 monasterii
1106 4038 1162 4092 S.
1195 4037 1418 4107 Vigoris
1439 4037 1510 4091 ad
1543 4054 1732 4091 muros
1786 4037 1941 4091 urbis
1973 4037 2132 4107 Baio-

529 4126 713 4181 censis
740 4127 801 4181 in
830 4125 1197 4181 Normannia.
1229 4127 1455 4180 Romam
1486 4127 1577 4179 ille
1600 4128 1876 4193 profectus
1907 4131 2001 4186 est,
2036 4127 2132 4178 ubi

528 4231 564 4268 a
593 4215 849 4283 Gregorio
898 4216 986 4268 γι]
1026 4231 1174 4283 papa
1218 4216 1466 4268 detentus
1509 4215 1802 4282 honoriﬁce
1840 4231 2009 4281 usque
2059 4214 2131 4266 ad

528 4309 760 4357 mortem
787 4305 1042 4359 Romana:
1070 4305 1304 4370 fideliter
1330 4305 1554 4357 servivit
1577 4303 1837 4370 Ecclesia},
1868 4308 1932 4356 ut
1957 4302 2129 4357 Orde—

526 4391 678 4445 ricus
711 4391 859 4446 idem
891 4390 1088 4445 scribit
1115 4391 1186 4445 ad
1227 4408 1436 4445 annum
1478 4389 1640 4458 1087,
1676 4391 1819 4446 libro
1847 4391 1941 4446 cit.
1974 4395 2128 4446 Inter

527 4483 745 4547 reliqua
760 4484 974 4549 peritia
1001 4498 1112 4535 sua:
1138 4486 1515 4542 monumenta,
1552 4482 1759 4535 brevem
1792 4486 1841 4534 et
1872 4484 2123 4535 luculen-

525 4574 643 4622 tam
671 4585 935 4638 sensuque
959 4570 1304 4638 profundam
1332 4585 1497 4637 super
1527 4569 1754 4624 Cantica
1778 4573 2125 4623 canticorum

523 4660 911 4725 expositionem
940 4661 1002 4711 in
1031 4659 1269 4712 Ecclesia
1297 4659 1532 4719 dimisit,
1567 4663 1712 4712 teste
1764 4659 1978 4713 eodem.
2024 4659 2125 4712 Hic

522 4745 973 4800 Commentarius
1003 4746 1060 4800 in
1089 4747 1322 4801 Cantica
1343 4746 1710 4812 canticorum,
1744 4749 1905 4817 cujus
1935 4748 2123 4819 prolo-

518 4850 656 4905 gum
688 4834 861 4889 edidit
887 4835 1131 4889 Joannes
1156 4835 1421 4889 Mabillon
1449 4842 1587 4889 tom.
1614 4834 1641 4889 Ι
1693 4835 2117 4900 Analectorum,

519 4940 647 4994 pag.
680 4923 806 4989 125,
831 4941 896 4979 ex
922 4941 1025 4979 ms.
1056 4924 1244 4978 codice
1274 4924 1629 4978 Balernensis
1671 4924 1727 4977 in
1778 4924 2120 4996 Burgundiaz

517 5012 726 5066 ducatu
747 5012 984 5067 abbatize
1003 5012 1216 5066 ordinis
1241 5012 1648 5081 Cisterciensis,
1681 5013 1830 5068 idem
1852 4998 1863 5001 -
1880 5032 2007 5069 cum
2052 5031 2117 5069 eo

516 5107 603 5155 est
630 5101 726 5173 qui
754 5102 864 5156 huc
891 5118 1066 5172 usque
1092 5101 1148 5156 S.
1174 5101 1443 5171 Gregorio
1469 5101 1675 5173 Magno
1706 5104 1983 5175 ascriptus
2005 5110 2107 5169 est,

514 5190 584 5244 ad
599 5207 765 5262 quem
795 5191 949 5245 nullo
981 5191 1145 5244 modo
1176 5196 1429 5261 spectare
1452 5197 1640 5245 censet
1662 5193 1860 5247 Petrus
1880 5194 1948 5246 de
1970 5194 2110 5246 Gus-

2215 3771 2421 3841 scripto
2442 3771 2560 3824 RR.
2601 3767 2682 3835 1'2,
2717 3769 2811 3823 fol.
2847 3767 2966 3825 187.
3017 3768 3171 3822 Idem
3221 3767 3306 3820 vel
3354 3782 3692 3838 anonymus,
3745 3775 3833 3828 vel

2215 3859 2318 3913 sub
2340 3859 2598 3930 Gregorii
2613 3858 2840 3912 nomine
2861 3855 3274 3928 simpliciter,in
3296 3855 3488 3909 multis
3510 3854 3832 3908 Galliarum

2215 3947 2563 4003 bibliothecis
2593 3964 2698 4001 ms.
2725 3952 2926 4014 exstat,
2957 3952 3021 3999 ut
3042 3944 3211 3998 habet
3238 3943 3440 3998 Petrus
3467 3944 3536 3997 de
3562 3943 3817 3996 Gussan-

2212 4037 2345 4091 villa
2373 4038 2595 4097 citatus,
2627 4035 2722 4090 ubi
2749 4035 2807 4089 in
2836 4035 3081 4089 editione
3115 4050 3217 4087 sua
3247 4049 3481 4104 operum
3508 4032 3566 4086 S.
3599 4031 3824 4102 Grego-

2213 4125 2283 4178 rii
2305 4126 2492 4196 Magni
2516 4126 2584 4179 de
2633 4142 2765 4178 mss.
2810 4122 3095 4177 codicibus
3146 4123 3264 4192 agit
3322 4122 3392 4176 ad
3441 4137 3580 4192 quos
3621 4121 3829 4174 eadem

2213 4215 2469 4269 contulit.
2503 4213 2716 4278 Quibus
2742 4213 2886 4267 addo
2909 4212 3050 4266 alios
3080 4213 3251 4281 hujus
3273 4217 3493 4265 exstare
3515 4227 3655 4264 mss.
3677 4210 3833 4265 codi-

2214 4319 2303 4357 ces
2332 4304 2390 4357 in
2414 4303 2759 4357 bibliothecis
2782 4303 2958 4357 Clarae
2981 4301 3156 4355 Vallis
3179 4308 3237 4355 et
3256 4304 3454 4355 Aureae
3474 4300 3653 4354 Vallis
3693 4299 3824 4354 cod.

2211 4390 2561 4462 9‘2,ejusdem
2578 4391 2958 4446 (listerciensis
2971 4389 3418 4461 instituti,atque
3430 4389 3487 4442 in
3505 4389 3828 4460 majoribus

2208 4482 2420 4552 passim
2442 4482 2767 4536 eorumdem
2796 4479 3166 4535 bibliothecis.
3216 4478 3355 4533 Esse
3403 4483 3591 4532 autem
3639 4495 3824 4533 unum

2209 4576 2266 4624 et
2290 4572 2547 4625 eumdem
2579 4572 2727 4625 hunc
2755 4567 3220 4624 commentarium
3245 4585 3371 4621 cum
3399 4584 3464 4622 eo
3486 4566 3582 4638 qui
3605 4567 3823 4638 Grego-

2208 4659 2401 4714 rianus
2429 4660 2613 4714 dictus
2644 4666 2746 4722 est,
2786 4658 3095 4713 conferenti
3141 4656 3435 4727 utriusque
3481 4655 3646 4710 initia
3685 4674 3818 4711 cum

2207 4749 2701 4820 consequentibus,
2762 4748 2993 4820 patebit.
3053 4747 3366 4817 Nullusque
3419 4751 3505 4800 est
3537 4746 3635 4817 qui
3685 4752 3807 4800 tam

2204 4844 2410 4909 apertae
2449 4838 2823 4909 refragabitur
2871 4836 2972 4903 rei,
3015 4835 3123 4890 nisi
3172 4835 3265 4906 qui
3317 4841 3563 4889 mentem
3606 4852 3815 4890 sanam

2203 4926 2489 4997 abjecerit.
2514 4929 2709 4998 Neque
2738 4926 3112 4996 objiciendum
3142 4941 3207 4979 ex
3248 4924 3533 4978 Analectis
3567 4929 3708 4978 tom.
3767 4925 3819 4991 Ι,

2201 5034 2329 5087 pag.
2362 5015 2487 5083 1‘28,
2518 5017 2825 5071 Robertum
2852 5014 3111 5069 abbatem
3145 5013 3332 5068 Sancti
3384 5012 3604 5083 Vigoris
3635 5013 3812 5067 dimi-

2199 5106 2336 5160 sisse
2357 5105 2835 5159 Commentarium
2861 5121 3023 5158 suum
3047 5103 3106 5157 in
3139 5102 3356 5156 duobus
3374 5101 3551 5164 libris,
3581 5118 3821 5173 anony-

2194 5212 2349 5248 mum
2380 5201 2568 5248 autem
2597 5201 2750 5248 tomo
2779 5194 2857 5248 ΙΙΙ
2889 5193 3137 5263 Operum
3187 5192 3244 5245 S.
3273 5190 3531 5260 Gregorii
3578 5191 3789 5261 Magni,

510 5280 765 5345 sanvilla,
798 5280 856 5334 in
886 5279 1189 5334 editionem
1224 5280 1467 5351 Operum
1496 5281 1608 5335 divi
1639 5282 1894 5351 Gregorii
1918 5283 2105 5351 Magni
2189 5280 2421 5355 pag.46l
2456 5283 2918 5352 Ezmlanationem
2942 5282 3200 5335 ineadem
3222 5280 3448 5335 Cantica
3464 5282 3799 5333 continuam

508 5369 730 5424 ultima.
755 5369 953 5423 Exstat
971 5386 1101 5424 vero
1125 5386 1227 5423 ms.
1260 5368 1319 5423 in
1350 5369 1906 5439 bibliothecainsigni
1929 5370 1985 5423 S.
2014 5371 2105 5424 Vi-
2186 5375 2390 5440 fecisse.
2422 5374 2537 5426 Hoc
2564 5373 2713 5427 enim
2740 5376 2935 5442 postea
2963 5372 3170 5425 factum
3191 5369 3260 5423 ab
3286 5370 3383 5424 SS.
3417 5368 3822 5440 scriptoribus

505 5458 675 5514 ctoris
705 5457 1054 5525 Parisiensis,
1079 5476 1190 5513 non
1224 5475 1323 5529 pro
1351 5474 1507 5512 more
1536 5475 1637 5511 suo
1660 5459 2099 5529 anonymus.sed
2186 5468 2271 5517 est
2289 5468 2352 5516 ut
2370 5463 2516 5516 dicto
2537 5462 2993 5532 obtemperarent
3055 5459 3244 5514 abbati
3292 5459 3383 5530 qui
3435 5458 3490 5511 id
3543 5458 3604 5513 in
3652 5460 3795 5513 votis

505 5563 634 5604 cum
664 5546 993 5617 prefatione,
1027 5566 1148 5620 quae
1177 5549 1236 5601 in
1283 5547 1411 5600 aliis
1460 5562 1595 5599 mss.
1645 5546 1821 5613 deest,
1876 5558 1933 5601 et
1973 5566 2098 5603 cum
2182 5550 2381 5605 habuit
2405 5557 2462 5606 et
2485 5548 2987 5605 transcribentibus
3013 5548 3274 5619 injunxit,
3309 5546 3413 5602 sub
3452 5547 3813 5618 praefationis

502 5637 696 5691 littera
733 5635 919 5705 prima
940 5654 1041 5692 seu
1068 5636 1301 5693 initialis
1328 5634 1574 5690 auctoris
1603 5635 1668 5690 R.
1707 5636 1767 5691 in
1802 5636 1989 5692 codice
2019 5638 2101 5693 in-
2181 5658 2296 5697 suae
2319 5642 2491 5697 ﬁnem
2510 5647 2664 5696 tomo
2697 5636 3009 5711 I,pag.128,
3033 5638 3462 5696 Analectorum.
3485 5637 3605 5694 Nec
3626 5637 3817 5693 alium
