3934 6368
97 272 220 333 1361
1147 277 1521 332 COMMENT.
1565 278 1644 333 ΙΝ

1754 278 1966 340 LNTIC,
2008 280 2292 336 CANTIC.
3237 281 3377 342 1362

90 417 206 455 esse
236 400 535 473 prologum
554 399 832 455 dictorum
851 400 1475 457 Commentariorumin
1494 402 1697 473 Operi-
1717 407 1933 464 Atr-um
1960 404 2267 476 inscripsit,
2300 404 2530 458 Parisiis
2574 401 2708 469 in—8,
2752 420 2898 459 anno
2937 405 3098 473 1684,
3132 407 3367 462 editum.

90 490 187 544 bus
215 490 400 544 sancti
420 490 697 561 Gregorii,
725 490 896 545 alium
927 492 985 545 in
1024 491 1327 554 Analeclis,
1369 491 1559 545 instet.
1587 492 1695 556 Qui
1777 492 2058 564 Deceptus
2109 493 2204 547 ille
2248 510 2313 546 ex
2361 492 2553 547 littera
2604 493 2724 547 sola
2774 494 3016 548 nominis
3054 496 3255 550 initiali
3302 497 3370 558 R,

89 579 234 633 enim
276 579 335 633 in
368 579 645 650 Operibus
671 581 737 634 D.
772 580 1029 650 Gregorii
1059 588 1163 639 est,
1183 582 1348 650 juxta
1370 581 1601 634 Petrum
1626 582 1695 635 de
1778 596 1945 648 quam
1989 580 2202 633 invenit
2244 580 2301 634 in
2327 597 2433 634 ms.
2467 579 2655 634 codice
2686 581 3006 635 Navarricae
3044 582 3375 638 Parisiensis

89 669 457 734 Gussanville,
486 686 611 740 pag.
631 667 756 737 458,
784 669 842 723 in
866 669 1263 740 manuscriptis
1294 670 1482 723 multis
1513 670 1688 733 deest,
1778 666 2143 733 bibliothecae,
2185 674 2249 721 ut
2286 684 2414 739 pag.
2455 665 2559 724 '273
2597 668 2822 728 fatetur,
2855 685 3197 740 anonymum
3228 670 3377 725 hunc

86 758 140 811 in
159 758 289 812 aliis
326 758 624 829 discrepat,
657 758 716 812 in
754 758 879 811 aliis
909 758 1129 811 brevior
1156 759 1238 811 vel
1270 758 1539 828 prolixior
1558 759 1693 828 legi-

86 854 191 911 tur,
226 864 330 919 pro
371 853 537 918 captu
569 847 766 901 scriba:
791 848 1192 917 cujuscunque.
1226 848 1353 916 Ipso
1375 848 1541 917 hujus
1563 864 1690 918 ope-

85 938 158 991 ris
199 943 259 990 et
300 937 551 991 auctoris
606 953 737 990 vero
789 937 1022 1007 prologo
1067 936 1125 989 in
1186 936 1466 989 Analectis
1502 936 1687 990 citatis

86 1027 377 1093 existente,
410 1043 476 1080 ex
514 1042 620 1079 ms.
652 1025 840 1079 codice
881 1024 1228 1081 Balernensi.
1269 1042 1395 1078 cum
1442 1026 1687 1079 auctoris

84 1115 328 1181 nomine,
355 1122 525 1187 atque
554 1116 611 1169 in
628 1114 804 1169 altero
827 1114 884 1167 S.
902 1114 1143 1167 Victoris
1163 1114 1513 1181 Parisiensis,
1538 1115 1685 1168 unde

85 1205 275 1258 eduxit
307 1204 543 1259 Iacobus
571 1204 867 1273 Hommey,
887 1202 956 1256 de
986 1219 1094 1273 quo
1124 1202 1285 1255 infm.
1326 1202 1431 1254 Alii
1461 1219 1684 1272 quoque

84 1295 189 1347 duo
240 1310 377 1348 mss.
427 1293 646 1347 codices
694 1292 844 1346 inter
887 1308 1021 1344 mss.
1065 1290 1282 1343 codices
1323 1290 1681 1343 ecclesiarum

82 1379 297 1449 Anglia:
318 1378 726 1432 cathedralium
771 1382 827 1429 et
868 1376 1109 1429 aliarum
1148 1374 1453 1443 insignium
1486 1373 1682 1428 biblio-

82 1469 396 1531 thecarum,
421 1467 478 1521 in
510 1484 640 1520 mss.
675 1465 958 1519 codicibus
997 1464 1240 1516 ecclesiae
1262 1462 1601 1516 cathedralis
1626 1469 1682 1517 et

81 1557 503 1628 metropoliticae
555 1556 612 1610 S.
666 1555 816 1608 Petri
865 1553 1014 1624 apud
1057 1552 1367 1605 Eboracum
1407 1551 1594 1605 codice
1624 1552 1675 1617 9,

82 1664 235 1701 num.
267 1646 344 1700 2:
378 1648 572 1699 Frater
610 1646 869 1699 Robertus
922 1646 985 1695 in
1007 1644 1253 1697 Cantica.
1288 1640 1630 1711 Principium
1666 1660 1678 1695 :

1775 773 1839 810 ex
1899 758 2233 827 conjecturis
2281 758 2760 812 Commentarium
2835 764 3023 812 sancto
3088 760 3377 829 Radulpho

1771 846 2180 899 Fontanellensi
2198 848 2401 906 abbati,
2424 846 2777 917 phantastica
2800 863 3033 917 prorsus
3059 848 3377 902 sanctitatis

1771 939 1939 1003 atque
1965 934 2457 988 commentationis
2485 935 2671 999 laude,
2703 936 2998 990 concessit.
3028 936 3205 1000 Quem
3238 953 3377 1007 pro-

1770 1021 1930 1090 logus
1950 1023 2168 1092 integer
2188 1029 2325 1076 tom.
2354 1024 2377 1077 Ι
2418 1023 2812 1078 Analectorum
2839 1025 3071 1079 Joannis
3108 1024 3375 1080 Mabillon

1768 1125 1898 1180 pag.
1931 1110 2037 1166 1‘25
2069 1111 2276 1165 diserte
2304 1113 2528 1167 Roberto
2568 1112 2756 1166 Sancti
2786 1113 3008 1183 Vigoris
3054 1114 3376 1183 Bajocensis

1768 1197 1954 1251 abbati
2007 1199 2310 1253 attribuit:
2346 1200 2517 1271 idque
2559 1206 2687 1271 post
2732 1201 3063 1256 0rdericum
3104 1202 3370 1265 Vitalem,

1765 1293 2295 1358 contemporaneum
2326 1306 2391 1343 ac
2423 1289 2706 1343 oculatum
2736 1294 2958 1357 testem,
2992 1291 3247 1361 ejusdem
3276 1308 3369 1345 re-

1762 1375 1964 1445 gionis,
2001 1379 2270 1448 temporis
2308 1383 2363 1431 et
2383 1378 2594 1431 ordinis
2624 1378 2938 1433 alumnum.
2974 1381 3087 1434 Nec
3116 1381 3366 1435 validum

1764 1465 2070 1535 quidquam
2127 1465 2397 1519 adversus
2426 1470 2643 1519 tantam
2683 1467 3080 1522 auctoritatem
3107 1469 3305 1540 reponi
3335 1486 3369 1524 a

1764 1570 2045 1625 quoquam
2078 1559 2279 1624 potest.
2314 1554 2737 1619 Ansfridus,cui
2754 1556 3031 1610 Robertus
3048 1573 3188 1629 opus
3206 1575 3371 1614 suum

1765 1648 2072 1713 nuncupat,
2089 1643 2307 1697 videtur
2327 1660 2447 1697 esse
2478 1643 2776 1698 Ansfridus
2792 1646 3154 1701 Pratellensis
3174 1646 3365 1715 abbas,

79 1738 241 1792 Serra
274 1738 371 1791 Dei
395 1735 679 1800 Ansfrido.
702 1733 770 1786 Et
791 1731 980 1785 codice
1028 1728 1190 1787 8666.
1223 1730 1281 1783 in
1324 1747 1459 1783 mss.
1485 1724 2046 1798 codici-BAu/ridus
2075 1732 2201 1785 aliis
2236 1732 2437 1795 dictus,
2474 1734 2633 1803 cujus
2680 1734 3028 1804 epitaphium
3072 1735 3372 1792 Ordericus

80 1826 180 1879 bus
209 1824 558 1879 bibliothecae
597 1821 867 1875 Jacobacae
904 1819 1090 1873 codice
1132 1817 1254 1874 914.
1286 1820 1501 1874 Roberti
1522 1821 1682 1874 Com-

82 1918 395 1969 mentarius
424 1917 487 1967 in
517 1913 743 1967 Cantica
765 1913 1131 1973 canticorum,
1166 1907 1406 1961 habetur
1449 1924 1683 1962 excusus

78 2006 227 2058 inter
257 2004 443 2074 Opera
486 2000 740 2071 Gregorii
789 1998 995 2068 Magni.
1037 1999 1123 2052 Ita
1159 1997 1215 2050 in
1254 1997 1505 2066 catalogo
1546 2014 1678 2050 mss.

79 2094 335 2147 codicum
378 2092 616 2145 istarum
662 2089 1139 2142 bibliothecarum.
1178 2086 1395 2156 Adjicio
1438 2086 1679 2156 denique

77 2184 374 2255 prologum
408 2181 503 2251 qui
532 2180 590 2233 in
628 2178 872 2232 editione
924 2177 1169 2247 Operum
1213 2176 1267 2229 S.
1305 2175 1560 2244 Gregorii
1599 2176 1679 2228 le-

76 2274 248 2343 gitur,
284 2271 356 2324 ab
403 2269 740 2339 exscriptore
786 2267 997 2336 aliquo,
1047 2265 1136 2318 cui
1183 2264 1239 2317 id
1280 2264 1509 2334 placuit,
1561 2281 1682 2317 esse

76 2362 400 2425 conﬁctum,
441 2366 610 2429 atque
662 2362 980 2426 excerptum
1027 2371 1091 2407 ex
1138 2353 1370 2425 prologo
1418 2352 1683 2406 Richardi

76 2449 350 2504 Victorini
380 2448 437 2501 in
467 2447 662 2501 eadem
696 2444 944 2507 Cantica,
993 2460 1120 2515 pag.
1166 2441 1269 2497 489
1318 2441 1682 2496 Richardino—

77 2558 202 2595 rum
234 2540 484 2610 Operum
510 2555 521 2591 :
544 2552 710 2607 quem
741 2550 1054 2604 anonymus
1102 2531 1306 2601 aliquis
1336 2530 1538 2601 partim
1569 2530 1678 2585 im-

73 2629 330 2693 mutavit,
367 2626 574 2697 partim
619 2642 719 2696 per
756 2622 1149 2693 compendium
1195 2637 1294 2692 pro
1344 2620 1503 2673 libitu
1550 2637 1678 2673 con-

70 2718 322 2774 strinxit.
360 2715 613 2785 Denique
642 2711 1126 2768 Commentarium
1155 2711 1304 2763 hunc
1352 2709 1674 2779 nuperrime

69 2809 171 2863 sub
193 2806 421 2861 nomine
452 2805 508 2860 S.
533 2804 811 2870 Radalphi
837 2802 1266 2854 Fontanellensis
1293 2800 1523 2858 abbatis,
1560 2798 1679 2852 edi-

72 2900 157 2952 dit
213 2896 458 2951 Iacobus
518 2894 817 2962 Hommey,
892 2889 1341 2960 Augustinianus
1420 2887 1672 2941 eremita,

69 3004 196 3059 pag.
224 2982 353 3041 276.
388 2982 586 3055 Operis
608 2980 757 3052 quod
788 2979 1071 3032 immerito
1092 2976 1546 3048 supplementum
1565 2976 1673 3030 Pa-

1766 1820 1938 1874 refert
1967 1822 2087 1874 loco
2110 1821 2309 1888 citato;
2342 1823 2430 1875 vel
2460 1828 2611 1875 certe
2635 1823 2929 1877 Ansfridus
2957 1823 3129 1879 abbas
3167 1820 3372 1881 tertius

1767 1910 2096 1963 monasterii
2143 1910 2331 1964 Sancti
2355 1910 2657 1964 Salvatoris
2687 1912 3216 1971 Constantiniensis.
3248 1914 3371 1978 Quo

1768 1999 1836 2052 de
1859 1998 2121 2052 Ansfrido
2144 1998 2471 2052 Pratellensi
2494 1999 2657 2069 plura
2686 2000 2857 2053 videri
2884 2008 3120 2070 possunt
3135 2003 3191 2056 in
3214 2003 3373 2057 chro-

1762 2088 1885 2140 nico
1917 2087 2145 2141 Roberti
2177 2088 2245 2141 de
2280 2094 2491 2145 monte,
2522 2089 2669 2158 apud
2702 2091 3023 2143 Neustriam
3051 2094 3215 2160 piam
3261 2093 3370 2146 Ar-

1762 2177 1876 2230 turi
1905 2177 1979 2229 du
2010 2176 2268 2240 Montier,
2309 2182 2366 2229 et
2402 2177 2863 2232 Sammarthanos
2890 2179 3093 2233 fratres
3121 2185 3258 2234 tom.
3293 2179 3369 2235 1V

1765 2264 1958 2319 Galliae
1984 2264 2316 2318 Christianae
2346 2264 2403 2317 in
2434 2266 2702 2335 Catalogo
2745 2266 3171 2321 Pratellensium
3195 2267 3367 2322 abba-

1764 2360 1903 2408 tum.
1930 2354 2068 2417 Quis
2095 2370 2222 2407 vero
2253 2353 2328 2406 sit
2357 2354 2689 2409 Anastasius
2728 2354 2843 2421 ille,
2883 2357 3042 2425 cujus
3075 2363 3277 2427 rogatu
3307 2356 3366 2411 id

1762 2440 2042 2495 Robertus
2106 2458 2367 2511 agressus
2409 2442 2502 2505 sit,
2561 2442 2810 2495 nondum
2864 2460 2991 2497 cum
3044 2444 3367 2500 Mabillonio

1764 2535 1915 2585 tomo
1948 2529 1975 2584 Ι
2005 2531 2423 2596 Analectorum,
2455 2546 2585 2601 pag.
2632 2530 2751 2597 132,
2786 2538 3135 2604 compertum
3164 2534 3360 2589 habeo.

1761 2620 1979 2673 Claruit
2001 2620 2195 2690 itaque
2225 2618 2501 2672 Robertus
2528 2618 2700 2673 abbas
2729 2620 2786 2674 S.
2814 2621 3058 2691 Vigoris,
3103 2639 3138 2676 a
3179 2623 3365 2679 medio

1758 2710 1983 2762 circiter
2007 2710 2076 2763 ad
2093 2710 2348 2763 undecim
2372 2710 2559 2763 saeculi
2575 2712 2764 2771 ﬁnem,
2787 2712 2869 2764 vel
2890 2711 3132 2766 circiter.
3151 2712 3231 2766 De
3252 2729 3363 2783 quo

1762 2799 1880 2869 ipse
1906 2816 2009 2868 ego
2038 2800 2093 2852 in
2124 2799 2522 2870 Supplemento
2542 2799 2867 2853 Bellarmini
2895 2800 2964 2853 de
2995 2800 3362 2871 scriptoribus

1760 2887 2166 2956 ecclesiasticis,
2201 2904 2326 2958 pag.
2377 2885 2513 2954 318;
2558 2888 2800 2942 Joannes
2840 2887 3130 2943 Mabillon.
3160 2893 3300 2943 tom.
3334 2889 3358 2943 Ι

1756 2977 2153 3031 Analectorum
2181 2976 2502 3043 citatorum,
2538 2992 2665 3048 pag.
2704 2975 2803 3033 125
2828 2982 2886 3031 et
2913 2993 3068 3049 seqq.

524 3324 1323 3449 BOBERTI
1394 3322 1642 3443 DE

1754 3320 2884 3443 ιὐΜΒΔιεΝΔ

1311 3530 1358 3583 8
1409 3527 1710 3582 VIGORIS
1751 3526 2061 3581 ABBATIS
3099 3552 3109 3560 -

338 3698 1441 3890 COMMENTARIORUM
1517 3694 1637 3877 IN
1721 3694 2229 3876 CANTIGA
2309 3692 3068 3875 CANTICORUM

1220 3996 1676 4130 LIBRI
1790 3991 2173 4128 DUO.

1128 4234 1346 4313 (OUDIN
1392 4232 1622 4313 Scrz'pt.
1677 4229 1904 4306 coclea,
1954 4231 2028 4302 ll,
2074 4229 2252 4309 7'73.)

121 4533 484 4591 EPISTOLA
515 4533 647 4588 SEU
679 4531 1054 4586 PRIEFATIO
1091 4527 1449 4585 AUCTORIS
1477 4526 1572 4579 AD

441 4622 861 4678 ANSFRIDUM
900 4621 1254 4676 ABBATEM.

123 4717 298 4771 Servo
346 4714 449 4769 Dei
499 4713 713 4766 incluso
761 4712 1122 4765 dilectissimo
1180 4725 1301 4774 suo,
1351 4708 1642 4766 Axsrmno,

52 4806 335 4875 quondam
370 4803 485 4857 ﬁlio
517 4808 574 4857 et
600 4801 800 4864 amico,
838 4802 1023 4862 modo,
1066 4799 1255 4853 divina
1296 4796 1511 4849 favente
1556 4793 1645 4846 cui

50 4894 291 4948 voluerit
334 4891 537 4963 gratia,
587 4890 742 4944 Patri
806 4896 863 4944 et
908 4889 1159 4956 domino,
1200 4887 1376 4939 frater
1426 4883 1646 4936 Ronan-

50 5000 145 5036 τρε
196 4984 292 5051 (1),
338 4981 630 5035 hominum
686 4980 974 5044 minimus,
1023 4979 1215 5043 vitam,
1263 4973 1533 5045 gaudium
1591 4978 1646 5026 et

45 5072 305 5141 gloriam,
340 5087 462 5141 quae
489 5086 617 5123 vere
643 5069 825 5137 gloria
852 5076 954 5123 est.

118 5161 313 5215 Multis
332 5160 449 5230 jam
475 5159 688 5213 nuntiis
706 5158 970 5213 inertiam
999 5174 1182 5211 meam
1214 5156 1397 5210 fervor
1424 5159 1556 5207 tuus
1582 5153 1643 5208 in

49 5249 353 5303 Dominum
393 5247 677 5312 sollicitat,
706 5252 770 5301 ut
797 5247 900 5301 tibi
937 5246 1162 5309 librum,
1193 5262 1359 5317 quem
1388 5250 1518 5297 ante
1546 5243 1647 5297 hos

118 5410 199 5480 (l)
228 5411 505 5465 Robertus.
558 5408 649 5463 Ita
696 5426 899 5465 nomen
942 5411 1223 5481 integrum
1270 5410 1328 5463 in
1378 5426 1481 5462 ms.
1536 5409 1645 5462 Ba-

53 5481 315 5542 lernensi,
367 5498 493 5535 cum
549 5499 653 5535 ms.
693 5484 863 5536 codex
916 5485 972 5537 S.
1026 5483 1267 5536 Victoris
1330 5481 1659 5537 Parisiensis

51 5553 295 5607 litteram
326 5559 549 5607 tantum
580 5553 855 5607 initialem
885 5554 931 5607 R
962 5554 1165 5607 habeat
1190 5574 1200 5607 :
1234 5554 1382 5607 unde
1412 5553 1657 5605 occasio-

53 5641 180 5679 nem
210 5624 437 5687 errandi
456 5625 656 5681 habuit
703 5624 947 5681 Jacobus
986 5626 1283 5696 Hommey,
1316 5627 1659 5695 Augusnita—

1728 4521 2175 4592 quamplurimas
2187 4521 2306 4575 dies
2322 4536 2492 4591 super
2502 4520 2733 4575 Cantica
2752 4519 3096 4574 canticorum
3109 4520 3329 4593 scripsi,
3412 4514 3421 4521 ’

1728 4610 1973 4663 mittam.
1997 4610 2101 4663 Vix
2132 4610 2307 4679 igitur
2331 4626 2481 4663 nunc
2510 4610 2693 4675 mitto,
2734 4625 2902 4680 quem
2926 4625 2961 4663 a
2995 4609 3219 4664 nemine
3251 4609 3333 4663 vi-

1729 4699 1849 4753 deri
1878 4699 2092 4765 vellem,
2137 4699 2184 4753 si
2227 4698 2487 4753 omnibus
2516 4698 2857 4753 abscondere
2882 4715 3121 4770 possem.
3151 4699 3331 4764 Quem

1730 4788 1879 4842 enim
1902 4788 2057 4841 rudis
2096 4794 2151 4842 et
2175 4787 2465 4859 impolitus
2494 4788 2691 4842 artifex
2721 4788 2914 4842 fecerit
2940 4789 3235 4845 annulum.
3258 4787 3331 4841 ab

1728 4878 1852 4932 aliis
1880 4876 2054 4930 videri
2083 4877 2383 4943 formidat;
2418 4894 2520 4931 suo
2551 4877 2783 4931 minime
2811 4878 3008 4943 credit,
3056 4882 3113 4930 et
3148 4877 3217 4930 de
3247 4877 3329 4929 al-

1727 4967 1904 5021 terius
1927 4966 2138 5036 judicio
2178 4982 2288 5019 non
2319 4966 2551 5019 conﬁdit
2580 4984 2592 5019 :
2620 4966 2754 5020 dum
2780 4966 2855 5032 id,
2882 4966 3031 5037 quod
3071 4965 3178 5019 sibi
3224 4965 3338 5020 soli

1726 5062 1858 5110 ante
1883 5072 2117 5109 examen
2136 5054 2375 5126 perfecte
2403 5070 2515 5108 non
2536 5056 2739 5125 placet,
2764 5055 2823 5108 in
2856 5054 3108 5109 examine
3137 5054 3330 5125 displi-

1725 5161 1849 5199 cere
1876 5144 2131 5215 pluribus
2151 5144 2330 5198 timet.
2360 5142 2451 5198 Sic
2479 5143 2825 5197 ostendentis
2864 5149 2922 5197 et
2950 5143 3030 5196 sic
3056 5144 3329 5213 paventis,

1731 5234 1919 5305 accipe
1947 5235 2276 5305 Opusculum
2317 5232 2483 5287 amici
2509 5231 2613 5286 tui.
2645 5230 2847 5287 Judica
2876 5232 3008 5303 quid
3036 5231 3335 5302 placuerit,

1726 5430 1833 5467 nus
1858 5412 2114 5492 eremita,
2131 5412 2612 5492 in_Supple_rnento
2640 5411 2897 5492 Patrum,
2929 5426 3057 5492 pag.
3078 5407 3204 5492 .276,
3227 5409 3334 5492 hoc

1741 5501 1881 5555 Opus
1912 5485 2148 5538 Radulto
2167 5480 2578 5538 Fontanellensi
2602 5482 2808 5555 abbati.
2844 5480 3101 5555 scriptori
3131 5482 3335 5552 imagi-

1741 5553 1921 5619 nario,
1952 5564 2144 5609 sancto
2174 5555 2300 5609 novi
2330 5554 2674 5622 Kalendarii,
2714 5555 2925 5625 absque
2954 5553 3094 5607 duce
3124 5558 3183 5607 et
3210 5569 3336 5608 con-

1739 5627 1880 5692 sule,
1913 5626 2215 5680 ascribens.
