3934 6362
520 318 657 382 1363

1604 316 1917 379 ROBERTI
1956 314 2260 379 ABBATIS
2299 325 2360 379 S.
2399 324 2697 380 VIGORIS

3654 326 3791 384 1364

521 455 579 505 et
607 450 852 507 rescribe
878 451 1027 521 quod
1054 448 1412 520 judicaveris.
1448 448 1649 504 Videor
1675 440 1910 503 forsitan
1940 446 2183 520 pluri-A
2206 455 2318 516 tur,
2350 449 2579 515 scribas,
2625 450 2723 503 sed
2767 448 3098 504 continuum
3118 466 3175 504 in
3212 449 3453 521 paginis,
3494 446 3644 506 sicut
3681 452 3802 505 alia:

520 541 645 607 bus,
670 539 818 610 quod
849 544 906 593 et
933 537 1034 592 tibi
1075 538 1248 592 videri
1296 539 1488 603 timeo,
1536 539 1640 591 hoc
1678 555 1817 608 opus
1856 556 2123 609 praesum-

522 628 715 699 ptione
747 627 998 698 ccepisse,
1027 626 1459 698 praesumptione
1488 627 1784 696 perfecisse
1817 646 1828 679 :
1861 628 1908 681 si
1934 633 2123 683 tamen

525 716 834 787 perfectum
863 721 949 769 est
975 716 1294 780 dicendum,
1328 716 1476 786 quod
1499 732 1533 768 a
1561 715 1902 770 doctioribus
1935 718 2125 770 melio-

525 805 793 875 ribusque
832 804 963 858 viris
1012 810 1096 859 est
1136 804 1319 858 adhuc
1362 805 1814 869 examinandum,
1848 812 1904 859 et
1932 807 2125 876 utique

526 894 938 964 corrigendum.
970 893 1105 948 Mihi
1135 894 1359 965 quippe,
1390 893 1588 959 fateor,
1608 910 1737 948 cum
1759 911 1964 965 magna
1986 894 2127 949 indi-

526 983 792 1053 gnatione
823 982 944 1036 fieri
973 982 1210 1047 videtur,
1239 989 1303 1036 ut
1323 1000 1426 1053 ego
1463 990 1579 1036 tam
1601 983 1758 1037 rudis
1779 984 1983 1050 studio,
2007 991 2122 1038 tam

526 1071 761 1127 stolidus
791 1071 1037 1142 ingenio,
1058 1077 1172 1126 tam
1195 1072 1452 1126 sordidus
1469 1078 1725 1143 peccato:
1749 1072 1806 1127 in
1834 1077 1953 1126 tam
1977 1073 2125 1128 anti-

528 1177 721 1232 quum,
752 1166 870 1214 tam
902 1161 1150 1226 doctum,
1166 1166 1284 1214 tam
1304 1160 1545 1216 nitidum
1564 1178 1704 1232 opus
1724 1163 2073 1232 proruperim
2107 1186 2120 1219 :

526 1256 591 1304 ut
622 1250 936 1305 Salomonis
965 1248 1133 1303 verba
1176 1266 1531 1321 exponerem,
1577 1250 1671 1321 qui
1719 1251 1788 1304 de
1827 1252 2126 1306 Salomone

526 1339 667 1393 nihil
694 1338 893 1401 habeo,
928 1337 1034 1392 nisi
1063 1338 1296 1393 forsitan
1324 1339 1472 1409 quod
1517 1340 1586 1392 de
1616 1339 1711 1392 illo
1749 1339 2123 1396 abominabile

526 1428 652 1499 lego
677 1445 689 1480 :
714 1427 944 1493 scilicet,
977 1444 1103 1481 cum
1126 1444 1296 1482 senex
1316 1429 1498 1481 factus
1526 1428 1714 1491 fuerit,
1736 1446 1885 1483 nunc
1902 1431 2124 1500 sapiens

528 1534 651 1573 esse
677 1517 973 1571 destiterit.
1008 1516 1145 1571 Mihi
1175 1522 1366 1570 tamen
1395 1517 1575 1571 amico
1622 1523 1721 1571 tuo
1759 1519 1941 1583 crede,
1975 1521 2120 1590 quod

528 1606 679 1659 hunc
708 1622 874 1676 quem
906 1604 1007 1658 tibi
1037 1606 1199 1659 mitto
1232 1605 1482 1659 libellum
1527 1612 1757 1675 rogatus
1785 1608 1944 1677 coepi,
1976 1608 2124 1661 mul-

526 1694 696 1749 toties
750 1694 1074 1748 admonitus
1128 1694 1354 1765 perfeci.
1410 1694 1648 1765 Rogavit
1711 1712 1800 1748 me
1862 1696 2124 1751 dominus

2206 539 2575 609 expositiones
2607 537 2774 591 scribi
2797 538 2996 593 solent.
3034 539 3164 592 Haec
3208 556 3338 594 vero
3385 540 3646 611 epistola,
3681 541 3800 594 volo

2206 634 2270 682 ut
2300 634 2540 698 ponatur
2569 628 2624 681 in
2656 627 2858 698 capite.

2598 716 2975 771 PROLOGUS
3033 701 3409 773 AUCTORIS.

2277 802 2476 857 Tribus
2499 803 2817 858 nominibus
2841 811 3067 859 vocatus
3092 811 3178 859 est
3194 806 3490 861 Salomon:
3516 806 3809 871 Salomon,

2206 889 2260 943 id
2290 898 2375 944 est
2400 895 2694 959 paciﬁcus;
2723 891 2917 957 Edida,
2953 892 3007 945 id
3037 900 3123 946 est
3139 895 3367 947 dilectus
3384 912 3399 957 ;
3420 894 3810 959 Ecclesiastes,

2210 980 2357 1049 quod
2384 986 2472 1034 est
2498 981 2709 1045 Coleet,
2740 980 2794 1034 id
2825 985 2911 1035 est
2954 985 3323 1048 concionator,
3355 984 3502 1054 quod
3533 984 3813 1037 Ecclesias

2209 1074 2525 1139 congreget.
2560 1071 2613 1124 Is
2638 1071 2797 1138 juxta
2830 1086 3126 1124 numerum
3157 1070 3552 1127 vocabulorum
3576 1090 3815 1127 suorum

2208 1159 2317 1212 tria
2347 1159 2630 1212 volumina
2658 1158 2851 1224 edidit,
2884 1159 3205 1225 Proverbia,
3242 1160 3298 1214 id
3325 1167 3412 1214 est
3441 1162 3665 1228 Maslot,
3703 1161 3815 1216 Ec-

2208 1248 2542 1315 clesiasten),
2575 1248 2805 1301 Cantica
2834 1248 3196 1303 canticorum.
3230 1248 3298 1304 In
3329 1251 3643 1306 Proverbiis
3681 1270 3817 1324 par-

2207 1338 2390 1390 vulam
2416 1338 2641 1399 docens,
2675 1344 2731 1390 et
2759 1337 2919 1408 quasi
2951 1338 3021 1392 de
3050 1338 3247 1393 ofﬁciis
3290 1340 3665 1411 praesentibus
3689 1358 3816 1396 eru-

2205 1425 2457 1480 diens.In
2480 1427 3077 1489 Ecclesiaste,maturaa
3091 1429 3272 1482 aetatis
3285 1430 3812 1486 viruminstituens:
3878 1424 3889 1441 ³

2206 1531 2276 1567 ne
2304 1515 2612 1585 quidquam
2640 1515 2698 1569 in
2724 1516 2918 1569 mundi
2952 1516 3117 1570 rebus
3136 1524 3297 1588 putet
3318 1535 3438 1572 esse
3453 1528 3816 1590 perpetuum,

2206 1604 2303 1657 sed
2334 1604 2545 1657 caduca
2576 1610 2632 1657 et
2660 1604 2849 1658 brevia
2879 1605 3069 1659 omnia
3101 1624 3224 1678 quae
3262 1608 3545 1662 cernimus
3597 1608 3685 1663 Ad
3720 1627 3817 1664 ex-

2206 1700 2468 1757 tremum,
2503 1694 2622 1762 jam
2651 1701 3104 1749 consummatum
3142 1696 3344 1761 virum,
3375 1704 3430 1751 et
3460 1699 3678 1752 calcato
3710 1717 3817 1753 sae-

528 1782 885 1850 Anastasius,
914 1782 1309 1837 dilectissimus
1338 1784 1515 1837 frater
1556 1789 1612 1836 et
1650 1784 1911 1838 dominus
1941 1801 2118 1851 meus,
2142 1763 2332 1834 Bculo
2382 1790 2779 1852 praeparatum.
2829 1784 2887 1837 in
2930 1785 3160 1838 Cantica
3203 1788 3549 1842 canticorum
3604 1787 3815 1857 Sponsi

530 1872 944 1927 admonuerunt
973 1889 1100 1925 vero
1130 1889 1254 1927 cum
1303 1874 1398 1927 illo
1427 1880 1484 1928 et
1504 1873 1599 1928 alii
1642 1873 1823 1937 multi,
1856 1890 1968 1928 non
1998 1881 2126 1928 tan-
2203 1871 2394 1940 jungit
2441 1871 2787 1942 amplexibus
2836 1891 2847 1925 :
2893 1873 3025 1944 quia
3065 1875 3175 1928 nisi
3224 1877 3380 1946 prius
3424 1877 3817 1949 relinquamus

529 1965 651 2014 tum
677 1968 976 2032 pensantes
1003 1962 1140 2015 mihi
1181 1962 1433 2017 innatam
1484 1963 1779 2017 stultitiam
1805 1983 1820 2032 ;
1853 1971 2125 2034 quantum

528 2056 783 2104 amantes
809 2056 924 2104 tam
956 2058 1297 2106 secretorum
1347 2052 1641 2106 verborum
1681 2054 2126 2125 qualemcunque

529 2137 635 2193 sibi
692 2139 903 2194 clarere
949 2140 1229 2210 peritiam.
1271 2141 1536 2204 Quamvis
1596 2143 1849 2196 nonnulli
1906 2143 2022 2207 alii,
2072 2151 2129 2196 et

529 2228 771 2281 maxime
796 2229 1057 2283 dominus
1088 2230 1239 2283 Beda
1265 2231 1325 2284 in
1354 2231 1457 2284 hoc
1504 2232 1699 2285 eodem
1730 2231 2123 2293 laboraverint,

529 2322 748 2371 secreta
772 2318 1156 2389 patefecerint,
1189 2320 1538 2391 posterisque
1568 2320 1863 2374 lectionem
1895 2321 2127 2374 utilissi-

529 2421 680 2460 mam
711 2405 1057 2477 reliquerint.
1078 2407 1159 2462 Tu
1177 2425 1331 2477 ergo,
1354 2426 1514 2469 serve
1536 2409 1655 2473 Dei,
1684 2409 1971 2463 humiliter
1997 2411 2122 2479 lege

533 2510 657 2564 quae
703 2494 1015 2561 inveneris;
1071 2502 1128 2550 et
1176 2496 1223 2549 si
1266 2497 1599 2567 placuerint,
1643 2498 1955 2552 transcribe
2001 2515 2123 2569 quae

527 2583 749 2654 legeris.

604 2674 759 2745 Rogo
788 2692 921 2730 vero
951 2680 1016 2731 ut
1057 2676 1115 2730 in
1141 2676 1252 2730 duo
1290 2676 1564 2747 principia
1590 2677 1693 2730 hoc
1722 2693 1861 2748 opus
1890 2676 2123 2735 dividas.

534 2764 666 2833 quia
695 2765 977 2819 dictamen
1004 2765 1143 2819 illud
1172 2765 1306 2819 dum
1356 2783 1390 2820 a
1431 2768 1614 2837 seipso
1652 2766 1919 2835 variatur,
1965 2773 2128 2837 turpe

532 2860 621 2908 est
660 2853 708 2908 si
753 2852 857 2908 sub
900 2871 1012 2909 uno
1058 2854 1330 2925 principio
1372 2856 1694 2909 universum
1747 2856 2128 2910 concludatur.

530 2943 678 2998 Dum
706 2942 855 2996 enim
905 2959 1009 3013 ego
1059 2942 1117 2996 in
1157 2942 1298 2996 cella
1352 2943 1608 2997 solitaria
1644 2943 1859 3014 positus
1901 2945 2133 2998 Cantica

530 3031 876 3087 canticorum
894 3048 1249 3102 exponerem,
1265 3032 1502 3101 contigit
1524 3038 1587 3085 ut
1614 3049 1703 3086 me
1719 3034 1945 3103 quidam
1966 3034 2131 3088 amici

531 3121 644 3175 mei
674 3122 1133 3193 supervenientes
1177 3128 1545 3192 exponentem
1576 3122 1894 3175 invenirent
1926 3141 1936 3174 :
1970 3140 2128 3176 cum-

533 3228 642 3282 que
671 3229 737 3266 ea
780 3228 903 3283 qum
927 3213 1046 3282 jam
1076 3228 1438 3282 exposueram
1479 3228 1580 3282 per
1629 3218 1815 3282 partes
1857 3213 2126 3283 legerent.

532 3301 906 3355 laudaverunt
957 3301 1180 3371 quidem
1220 3314 1387 3372 opus;
1425 3302 1523 3355 sed
1550 3302 1697 3372 quod
1732 3303 2129 3356 canonicorum

531 3390 805 3444 librorum
820 3391 1071 3460 exempla
1092 3400 1203 3443 non
1222 3386 1588 3455 inserueram,
1613 3387 1815 3460 quibus
1836 3404 1959 3461 qua}
1986 3386 2130 3444 dice-

532 3494 654 3532 rem
684 3477 1077 3549 probarentur,
1095 3479 1200 3533 hoc
1237 3480 1403 3533 unius
1427 3480 1609 3534 inesse
1630 3480 1908 3533 dixerunt.
1937 3480 2016 3533 Ex
2033 3480 2130 3533 illo

534 3582 665 3619 mox
696 3572 947 3637 tempore
994 3584 1116 3637 quae
1162 3568 1444 3622 memoriae
1492 3574 1871 3629 occurrerunt,
1922 3584 2021 3636 pro
2070 3582 2131 3619 re

538 3671 709 3725 quam
736 3655 989 3725 agebam,
1024 3658 1279 3727 exempla
1307 3657 1561 3728 apposui.
1598 3658 1852 3727 quamvis
1898 3674 2009 3710 non
2039 3674 2133 3710 ne-

534 3745 777 3798 cessaria
798 3740 938 3799 mihi
985 3756 1105 3801 esse
1149 3746 1498 3801 videbantur.
1533 3746 1772 3800 Maxime
1801 3744 1949 3799 enim
1979 3758 2133 3800 com-

534 3833 825 3904 punctioni
856 3836 914 3888 in
951 3828 1293 3905 eXpositione
1327 3835 1647 3896 intendens,
1683 3848 1793 3887 non
1822 3834 2129 3905 probanda,

535 3923 632 3977 sed
656 3923 895 3977 interius
923 3925 1133 3978 inserta
1168 3924 1450 3991 dixeram;
1485 3925 1632 3978 unde
1666 3930 1857 3994 postea
1882 3925 2134 3995 exempla

536 4013 803 4082 colligens
821 4014 954 4067 dum
976 4014 1467 4077 brevitatistudeo,
1487 4014 1737 4067 strictius
1766 4014 2015 4083 expasita
2037 4010 2136 4067 mi-

536 4118 644 4155 nus
672 4103 865 4156 suavia
894 4103 1101 4172 legenti
1130 4103 1409 4156 videntur.
1449 4103 1775 4157 Dictaminis
1822 4100 2012 4172 itaque
2040 4119 2134 4155 va-

537 4191 728 4256 rietas,
764 4208 888 4261 quae
913 4193 1293 4262 exemplorum
1323 4193 1629 4246 insertione
1658 4193 1745 4257 fit,
1775 4191 1852 4245 ibi
1884 4197 2130 4257 notatur,

536 4278 633 4334 ubi
654 4280 890 4335 dicitur:
932 4282 1131 4335 Vadam
1151 4284 1223 4335 ad
1253 4287 1490 4335 montem
1521 4281 1766 4351 myrrha:
1785 4280 1918 4334 etalt
1947 4284 2136 4335 collem

2209 1961 2365 2025 vitia,
2393 1967 2451 2015 et
2475 1962 2691 2033 pompis
2720 1963 2907 2017 saeculi
2938 1965 3346 2029 renuntiemus,
3369 1982 3479 2020 non
3512 1984 3816 2038 possumus

2208 2049 2420 2125 dicere:
2450 2050 2733 2105 Osculetur
2763 2069 2846 2104 mc
2877 2055 3055 2105 osculo
3085 2057 3198 2106 oris
3227 2056 3334 2107 sui.
3365 2056 3481 2109 Hoc
3522 2052 3727 2110 ordine
3764 2062 3818 2110 et

2212 2139 2531 2209 philOSOphi
2560 2146 2864 2193 sectatores
2897 2142 3181 2206 erudiunt,
3202 2150 3264 2197 ut
3295 2144 3538 2214 primum
3567 2145 3813 2199 ethicam

2208 2228 2462 2291 doceant,
2496 2228 2695 2281 deinde
2724 2229 3011 2300 physicam
3036 2247 3047 2281 ε
3073 2235 3129 2283 et
3149 2248 3312 2300 quem
3333 2232 3391 2285 in
3410 2233 3496 2286 his
3511 2233 3814 2304 profecisse

2211 2317 2611 2388 perspexerint,
2658 2335 2758 2387 per
2802 2318 3077 2372 theoriam
3124 2320 3193 2374 ad
3241 2321 3582 2392 theologiam
3631 2340 3811 2395 usque

2210 2406 2536 2475 perducant.
2561 2407 2677 2459 Hoc
2706 2408 3015 2461 notandum
3043 2415 3146 2461 est.
3161 2409 3380 2464 Titulus
3405 2411 3556 2465 enim
3582 2412 3642 2466 in
3674 2413 3813 2466 Pro-

2211 2494 2414 2548 verbiis
2442 2494 2774 2549 adnotatur:
2796 2498 3087 2549 Proverbia
3118 2497 3447 2560 Salomonis,
3471 2502 3584 2567 ﬁlii
3610 2502 3807 2567 David,

2210 2587 2353 2648 regis
2391 2585 2586 2641 Israel.
2610 2582 2677 2637 In
2705 2582 3039 2638 Ecclesiaste
3059 2602 3185 2639 vero
3211 2604 3222 2638 :
3256 2586 3417 2641 Verba
3445 2588 3805 2657 Ecclesiastis,

2211 2674 2318 2738 ﬁlii
2338 2674 2530 2736 David,
2546 2677 2687 2739 regis
2717 2672 3083 2727 Hierusalem.
3109 2674 3175 2728 In
3193 2676 3424 2730 Cantica
3437 2679 3808 2743 canticorum,

2211 2778 2313 2814 nec
2362 2762 2511 2814 filius
2562 2760 2759 2823 David,
2792 2779 2895 2816 nec
2925 2780 3018 2817 rex
3060 2765 3250 2830 Israel,
3293 2766 3407 2819 sive
3454 2766 3815 2822 Hierusalem

2215 2850 2610 2921 praescribitur,
2642 2851 2772 2922 quia
2786 2852 2856 2905 ad
2872 2852 3201 2922 incipientes
3217 2860 3272 2908 et
3300 2861 3537 2925 paterna
3554 2856 3805 2926 dignitas

2214 2947 2271 2994 et
2293 2939 2450 3010 regni
2493 2940 2780 3011 proprium
2828 2957 3033 2995 nomen
3059 2942 3266 2997 sufficit
3300 2963 3311 2997 :
3347 2949 3404 2998 et
3430 2946 3666 3014 aequalis
3705 2964 3817 3000 ma-

2210 3029 2386 3099 gister
2425 3037 2527 3094 est,
2574 3035 2630 3082 et
2667 3030 2843 3083 nescit
2880 3048 2939 3083 se
2989 3048 3109 3084 esse
3148 3049 3357 3101 regem.
3402 3032 3677 3088 Paciﬁcus
3716 3036 3812 3089 Dei

2213 3118 2397 3171 Patris
2420 3124 2476 3171 et
2496 3118 2855 3172 Ecclesiastes
2883 3126 3075 3173 noster
3103 3121 3359 3175 Christus
3377 3128 3481 3184 est,
3506 3124 3602 3193 qui
3629 3125 3813 3178 medio

2213 3208 2426 3278 pariete
2455 3208 2738 3261 destructo
2767 3214 2823 3261 et
2849 3209 3177 3263 inimicitias
3219 3211 3277 3264 in
3322 3228 3489 3265 carne
3514 3229 3812 3277 evacuans,

2212 3300 2339 3365 fecit
2370 3302 2606 3366 utraque
2635 3314 2816 3351 unum
2834 3299 3050 3369 (Ephcs.
3075 3314 3135 3364 ιι,
3166 3298 3274 3368 14);
3308 3303 3497 3355 Pacem
3528 3319 3713 3356 meam
3751 3306 3815 3356 do

2212 3388 2357 3440 vobis
2384 3382 2567 3457 (Joan.
2602 3396 2709 3445 xlv,
2739 3384 2850 3450 27).
2884 3380 2962 3439 De
2991 3396 3102 3457 quo
3134 3381 3299 3441 Pater
3337 3388 3408 3442 ad
3458 3390 3765 3463 discipulos
3800 3412 3809 3444 :

2213 3477 2314 3530 Hic
2345 3480 2419 3528 est
2452 3475 2624 3528 Filius
2642 3492 2792 3528 meus
2812 3477 3057 3541 dilectus,
3084 3478 3145 3529 in
3176 3493 3280 3544 quo
3304 3479 3446 3531 mihi
3471 3484 3783 3548 complacui
3800 3500 3810 3535 :

2212 3562 2394 3632 ipsum
2425 3566 2613 3617 audite
2640 3565 2855 3629 (Matth.
2890 3578 2976 3626 III,
3012 3563 3119 3631 17),
3152 3565 3285 3635 quia
3312 3571 3402 3620 est
3435 3575 3607 3639 caput
3636 3569 3816 3623 Eccle-

2213 3654 2325 3707 sia}.

2682 3786 2689 3797 .
2725 3738 2956 3798 CAPUT
2994 3740 3296 3804 PRIMUM.

2362 3830 2514 3897 (CAP.
2549 3829 2594 3885 Ι.
2631 3834 2887 3886 Osculum
2930 3837 3060 3895 oris,
3101 3834 3401 3902 {aspiratio
3430 3832 3674 3904 Sponsi.)

2292 3920 2336 3976 1.
2368 3922 2507 3975 Vers
2536 3920 2579 3979 1.
2618 3923 2901 3976 Osculetur
2929 3940 3013 3977 me
3033 3927 3210 3977 osculo
3242 3929 3354 3978 oris
3383 3930 3489 3979 sui.
3508 3927 3585 3980 Os
3605 3929 3817 3998 sponsi,

2215 4009 2510 4079 inspiratio
2542 4010 2767 4065 Christi.
2800 4013 3065 4066 Osculum
3096 4013 3231 4081 oris,
3252 4014 3430 4068 dulcis
3456 4033 3616 4069 amor
3644 4017 3819 4087 inspi-

2217 4094 2468 4153 rationis.
2497 4094 2644 4154 Dicit
2671 4118 2804 4170 ergo
2832 4118 3035 4172 sponsa
3075 4102 3352 4157 desiderio
3378 4111 3641 4171 aestuans,
3679 4111 3733 4160 et
3759 4107 3818 4161 in

2216 4190 2536 4260 amplexum
2584 4191 2776 4260 sponsi
2825 4192 2910 4244 sui
2960 4192 3362 4247 inardescens:
3397 4194 3685 4249 Osculetur
3733 4214 3818 4249 me

2217 4282 2397 4332 oscula
2422 4283 2535 4333 oris
2556 4283 2665 4336 sui.
2696 4278 2773 4333 Ac
2796 4281 2844 4333 si
2885 4281 3130 4335 diceret:
3170 4280 3271 4335 Ille
3304 4299 3470 4352 quem
3503 4300 3674 4354 super
3701 4302 3819 4338 om-

538 4369 724 4422 thurz‘s
756 4370 933 4434 (Cant.
966 4386 1039 4431 1v,
1068 4366 1151 4440 6).
1192 4371 1308 4424 Hoc
1337 4371 1485 4424 dicto
1516 4376 1571 4424 et
1606 4370 1873 4440 exposito,
1908 4368 2457 4463 ﬁniaturﬁniadmo
2487 4368 2669 4421 solum
2699 4368 2894 4437 diligo,
2921 4369 3121 4430 veniat.
3160 4369 3255 4439 qui
3279 4370 3571 4425 dulcedine
3592 4388 3708 4427 suae
3737 4373 3818 4426 in-

538 4457 684 4511 liber
701 4457 939 4528 primus,
964 4458 1303 4530 incipiatque
1325 4460 1625 4523 secundus,
1649 4459 1728 4511 sic
1747 4458 1934 4511 oriens
1964 4477 1974 4511 :
2004 4460 2133 4511 Tota

531 4542 774 4615 pulchra
793 4547 1060 4609 es,amica
1080 4564 1217 4610 mea,
1234 4550 1281 4601 et
1308 4550 1529 4602 macula
1561 4564 1671 4601 non
1700 4553 1773 4601 est
1797 4549 1857 4601 in
1885 4553 1929 4601 te
1948 4548 2129 4616 (Cant.

535 4650 614 4700 Iv,
638 4632 711 4705 7).
740 4634 1147 4707 Pergamenum
1170 4640 1381 4702 autem,
1414 4638 1461 4691 si
1491 4635 1591 4690 tibi
1623 4634 1878 4701 defuerit,
1913 4637 2134 4692 mittam

540 4726 816 4795 quantum
844 4725 1101 4780 sufficiet.

609 4810 756 4886 Lege
808 4815 1002 4887 igitur,
1058 4816 1234 4869 frater
1278 4815 1679 4880 amantissime,
1737 4813 2134 4888 sapientissimi

535 4902 706 4960 verba
734 4902 1048 4960 Salomonis
1079 4904 1311 4959 Cantica
1350 4905 1717 4973 canticorum,
1752 4923 1873 4976 quae
1895 4906 1963 4960 ob
1985 4924 2135 4960 reve-

535 4992 779 5050 rentiam
827 4994 1191 5050 sacratissimi
1235 5012 1450 5059 sensus,
1495 4994 1564 5049 ob
1603 4996 1983 5051 excellentiam
2027 5014 2133 5051 nu-

534 5084 725 5156 ptialis
754 5082 982 5152 amoris,
1017 5085 1086 5139 ob
1130 5082 1330 5156 Sponsi
1379 5090 1434 5139 et
1476 5085 1704 5157 Sponsae
1746 5086 2133 5140 suavissimam

534 5169 1094 5246 conglutinationem,
1126 5191 1237 5229 non
1267 5175 1445 5229 solum
1479 5174 1728 5239 Cantica,
1760 5175 1858 5228 sed
1900 5175 2136 5229 Cantica

531 5265 876 5319 canticorum
917 5267 1205 5317 vocantur.
1239 5264 1304 5318 In
1324 5264 1524 5318 horum
1555 5262 1898 5334 expositione
1928 5263 1973 5317 si
2001 5262 2134 5334 quid

530 5353 633 5408 tibi
683 5353 1045 5425 displicuerit,
1093 5369 1190 5406 ora
1222 5370 1321 5424 pro
1365 5352 1685 5423 ignorantia
1715 5368 1869 5417 mea;
1902 5352 1948 5405 si
2001 5353 2133 5423 quid

530 5442 632 5495 tibi
658 5442 948 5513 placuerit,
984 5458 1082 5496 ora
1112 5459 1211 5512 pro
1249 5441 1489 5512 peccatis
1534 5439 1691 5505 meis,
1734 5440 1829 5510 qui
1870 5439 2007 5494 bene
2048 5441 2129 5494 lo-

533 5548 676 5601 quor
702 5538 760 5585 et
787 5534 933 5588 male
960 5549 1179 5604 operor.
1205 5532 1361 5596 Quod
1385 5532 1433 5585 si
1454 5531 1656 5585 librum
1683 5531 1851 5583 istum
1872 5530 1972 5583 tibi
2000 5530 2132 5583 scri-

530 5619 664 5672 bere
692 5620 938 5687 libuerit,
972 5638 1084 5675 non
1108 5621 1186 5673 ita
1214 5621 1269 5673 in
1304 5620 1650 5689 marginibus
1682 5620 1828 5675 sicut
1849 5618 1939 5673 hic
1962 5619 2130 5674 habe-

2217 4458 2541 4528 spirationis
2569 4475 2657 4510 me
2685 4463 2903 4527 tangat,
2934 4458 3065 4529 quia
3094 4475 3220 4512 cum
3248 4461 3370 4528 ejus
3400 4461 3654 4514 osculum
3686 4479 3818 4516 sen-

2217 4547 2315 4611 tio,
2348 4545 2529 4601 subita
2560 4546 2872 4600 mutatione
2902 4563 2990 4600 me
3019 4547 3367 4618 derelinquo,
3412 4557 3468 4602 et
3505 4550 3563 4603 in
3603 4552 3729 4621 ejus
3748 4551 3820 4606 si-

2219 4637 2592 4690 militudinem
2634 4637 2780 4690 illico
2819 4635 3121 4707 liquefacta
3159 4637 3545 4693 transformor.
3579 4640 3821 4697 Fastidit

2219 4727 2424 4797 quippe
2454 4732 2646 4779 sancta
2678 4742 2833 4779 mens
2864 4727 3055 4780 omnia
3086 4742 3209 4797 quae
3251 4742 3352 4798 per
3390 4742 3592 4800 corpus
3621 4731 3815 4795 sentit,

2219 4821 2276 4868 et
2301 4815 2355 4868 in
2383 4814 2480 4868 illa
2499 4814 2776 4885 spiritalia
2815 4821 2933 4870 tota
2970 4817 3333 4870 transmutari
3366 4819 3727 4889 concupiscit,
3764 4826 3821 4875 et

2218 4904 2351 4957 dum
2374 4905 2482 4958 ista
2506 4904 2853 4975 obstrepunt,
2884 4905 2941 4957 in
2967 4904 3061 4959 illa
3083 4904 3247 4975 fugit,
3277 4922 3448 4976 seque
3474 4904 3819 4963 abscondere

2218 5010 2289 5047 ne
2318 4993 2434 5048 haec
2482 4994 2707 5055 sentiat,
2764 4994 2997 5064 appetit.
3032 4994 3274 5064 Ideoque
3322 4996 3574 5049 osculum
3625 4999 3819 5068 sponsi

2218 5084 2459 5154 praeerit,
2489 5084 2619 5153 quia
2645 5084 2691 5136 si
2722 5083 2813 5137 ille
2841 5083 3148 5153 gratissimi
3187 5084 3393 5139 amoris
3423 5086 3643 5140 vinculo
3676 5087 3821 5143 hanc

2219 5184 2331 5226 non
2363 5172 2553 5237 trahit,
2577 5173 2693 5226 haec
2726 5172 2775 5225 vi
2799 5186 2913 5226 sua-
2938 5173 3347 5227 molestissimae
3374 5175 3698 5244 gravedinis
3727 5177 3819 5231 de-

2216 5266 2391 5323 tenta,
2425 5262 2704 5332 quomodo
2735 5278 2793 5315 se
2841 5260 2912 5315 ad
2944 5261 3101 5315 illum
3133 5263 3400 5324 conferat,
3444 5264 3674 5319 omnino
3705 5278 3817 5321 non

2217 5352 2444 5405 invenit.
2486 5352 2593 5405 Sed
2624 5352 2748 5423 plus
2769 5368 3005 5422 sponsus
3026 5352 3367 5407 anxietatem
3391 5354 3513 5423 ejus
3538 5356 3814 5423 sentiens,

2215 5458 2463 5495 amorem
2492 5441 2748 5511 diligens,
2782 5445 2969 5494 votum
3001 5442 3319 5506 exaudiens,
3354 5443 3605 5497 osculum
3640 5447 3817 5516 porri-

2211 5532 2313 5601 git,
2356 5540 2414 5586 et
2442 5548 2511 5585 ne
2536 5531 2813 5585 desiderio
2845 5531 3127 5595 Iassescat,
3159 5540 3328 5601 gustu
3358 5549 3472 5587 suae
3516 5535 3815 5593 suavitatis

2210 5621 2368 5691 lenit,
2410 5628 2466 5677 et
2502 5622 2634 5676 dum
2681 5638 2840 5677 suam
2886 5624 3241 5692 praesentiam
3272 5624 3514 5691 exhibet,
3563 5640 3689 5680 eam
3736 5628 3811 5681 ad
