3934 6358
152 350 296 413 1365
1203 358 1577 417 ΟΟΜΜΕΝΤ.
1619 364 1697 418 IN

1806 360 2018 422 lNTIC.
2062 360 2344 421 CANTIC.
3268 358 3410 421 1366

137 481 323 551 majus
343 460 659 536 dilectionis
688 482 939 536 osculum
971 469 1240 538 accendit.
1266 485 1424 541 Unde
1441 488 1557 541 haec
1572 489 1732 542 illum
1755 488 1937 550 ADeo
1966 492 2287 545 coniiciunt.
2322 487 2427 554 Qui
2458 488 2733 560 ejusmodi
2754 494 2857 555 est,
2881 482 3157 545 desiderio
3186 495 3404 553 aestuat,

139 570 411 636 sentiens,
444 570 515 624 ad
547 586 675 625 eum
705 588 765 625 se
792 571 1098 639 convertit;
1127 579 1182 626 et
1213 591 1376 644 quem
1410 583 1739 646 prmsentem
1823 586 1880 633 et
1905 582 2064 650 quasi
2110 582 2251 634 nihil
2296 580 2520 646 habeat,
2554 596 2775 649 semper
2814 578 3028 647 majora
3060 584 3302 649 exoptat.
3339 575 3411 634 Et
3441 637 3455 653 ε

135 657 325 725 habet,
380 674 510 712 mox
547 657 820 730 gaudens,
863 675 993 714 voce
1046 666 1282 724 mutata,
1311 664 1637 735 alloquitur
1683 670 1739 718 et
1822 669 1953 738 quia
1971 669 2075 722 sibi
2104 669 2281 722 virtus
2309 685 2422 722 non
2451 668 2720 739 suppetit,
2752 668 2809 721 in
2838 666 3015 721 Deum
3047 666 3413 736 inliians,tra-

135 746 269 801 dicit
299 762 313 798 :

352 837 546 903 (Ubera
565 837 768 906 sponsi,
791 835 1006 892 dilectio
1032 839 1131 894 Dei
1158 845 1208 895 et
1226 843 1519 911 prorimi.)

203 925 262 978 2.
293 926 435 992 Quia
464 929 697 980 meliora
742 926 873 981 sunt
903 924 1073 982 ubera
1105 934 1200 984 tua
1229 934 1377 997 vino,
1408 933 1731 1000 fragrantia

134 1014 434 1081 unguentis
485 1018 725 1083 optimis.
782 1015 969 1070 Ubera
1016 1019 1223 1089 sponsi,
1272 1020 1495 1073 dilectio
1535 1020 1635 1074 Dei
1674 1027 1730 1075 et

130 1102 391 1173 proximi.
411 1098 488 1157 Ex
517 1100 605 1157 his
622 1103 889 1160 uberibus
906 1123 1166 1177 sponsam
1192 1126 1350 1162 suam
1382 1109 1525 1163 lacte
1548 1108 1727 1181 pieta-

129 1192 203 1245 tis
222 1192 405 1245 nutrit
431 1197 488 1246 et
515 1190 664 1247 inter
692 1194 1068 1249 tentationum
1101 1197 1375 1261 turbines,
1401 1198 1488 1252 his
1507 1216 1631 1252 eam
1650 1199 1729 1253 fo-

129 1283 239 1343 vet,
274 1286 349 1340 et,
379 1286 443 1334 ut
467 1281 749 1351 persistat,
776 1283 970 1337 reiicit.
993 1284 1137 1348 Quid
1167 1291 1356 1340 autem
1385 1305 1484 1359 per
1514 1289 1721 1355 vinum,

128 1370 238 1423 nisi
267 1383 403 1423 cura
427 1371 752 1441 temporalis
777 1372 1144 1443 exprimitur?
1166 1374 1212 1428 Α
1243 1391 1354 1446 qua
1375 1394 1532 1431 mens
1560 1395 1727 1432 saecu-

130 1459 264 1512 laris
289 1458 591 1529 cujuslibet
618 1458 947 1528 inebriatur,
987 1466 1050 1516 ut
1080 1464 1150 1517 ad
1188 1464 1489 1519 invisibilia
1519 1482 1724 1536 cogno-

126 1548 354 1613 scenda,
397 1555 496 1603 aut
516 1566 580 1602 ex
600 1556 738 1615 toto,
780 1557 878 1604 aut
903 1568 1045 1621 pene
1072 1551 1414 1607 insensibilis
1434 1554 1721 1609 reddatur.

129 1638 240 1691 Sed
269 1637 448 1692 ubera
474 1639 662 1709 sponsi
688 1639 815 1692 vino
847 1640 1081 1695 meliora
1110 1642 1374 1708 existunt,
1416 1644 1550 1715 quia
1581 1645 1722 1699 illud

128 1731 310 1790 necat,
337 1727 452 1781 haec
478 1729 763 1796 nutriunt;
796 1727 932 1782 illud
954 1731 1143 1785 oculos
1164 1733 1365 1786 mentis
1387 1734 1723 1798 turbat,ha2c

1819 758 1877 811 hi
1915 775 1974 811 se
2006 757 2251 829 postulat
2270 756 2459 812 dicens
2496 775 2506 809 :

1814 847 1982 915 (Odor
1997 851 2428 914 unguentorum,
2452 848 2640 914 gratia
2660 840 3053 914 divina,quam
3076 848 3408 916 sequimur.)

1882 934 1942 992 5.
1980 933 2140 992 Vers.
2169 935 2222 989 3.
2266 932 2438 989 Trahe
2489 949 2570 987 me
2594 939 2712 1002 post
2754 938 2816 995 te,
2853 950 3146 988 curremus
3191 941 3255 989 in
3288 936 3412 990 odo-

1812 1040 1929 1077 rem
1961 1028 2373 1091 unguentorum
2399 1030 2643 1077 tuorum.
2665 1018 2789 1076 Non
2813 1023 3006 1085 currit,
3040 1023 3135 1095 qui
3165 1041 3277 1079 non
3298 1030 3411 1079 tra-

1810 1113 1983 1179 hitur,
2014 1115 2144 1185 quia
2170 1130 2334 1184 quem
2373 1111 2559 1182 gratia
2585 1110 2770 1166 divina
2798 1128 2912 1166 non
2941 1111 3187 1181 adjuvat,
3229 1112 3407 1168 mole-

1810 1197 1919 1255 stia
1941 1218 2055 1255 suae
2085 1200 2458 1272 corruptionis
2485 1207 2769 1271 gravatur.
2804 1198 3003 1253 Gratia
3024 1200 3230 1273 quippe
3253 1196 3396 1255 divi-

1809 1305 1882 1342 na
1909 1306 2010 1343 nos
2040 1290 2324 1360 praevenit,
2359 1295 2413 1343 et
2441 1288 2791 1343 internorum
2836 1284 3189 1343 dulcedinem
3244 1284 3405 1345 nobis

1809 1379 2131 1444 ostendens,
2173 1377 2241 1432 de
2276 1377 2640 1432 exterioribus
2674 1395 2776 1431 nos
2797 1377 3140 1449 compungit,
3166 1396 3405 1451 moxque

1814 1468 1866 1521 in
1890 1466 1985 1521 illa
2026 1468 2306 1522 transiens
2336 1467 2557 1521 animus
2587 1483 2698 1539 prae
2725 1484 2919 1521 eorum
2949 1467 3245 1522 dilectione
3264 1475 3405 1523 tem-

1810 1557 2025 1627 poralia
2077 1553 2389 1628 vilipendit.
2438 1557 2549 1611 Iste
2596 1572 2727 1627 ergo
2759 1554 2855 1627 qui
2901 1552 3162 1623 trahitur,
3206 1556 3401 1626 currit,

1810 1644 1945 1717 quia
1974 1646 2256 1700 vinculum
2282 1644 2493 1700 amoris
2515 1645 2755 1699 libenter
2780 1660 3039 1716 sequens,
3084 1644 3281 1715 gratiae
3309 1663 3404 1701 ro-

1808 1733 2038 1790 boratus
2092 1753 2300 1797 amore,
2352 1735 2473 1789 sine
2518 1732 2819 1807 gravedine
2874 1733 3161 1789 obstacula
3216 1732 3407 1791 omnia

127 1816 541 1904 acuunt;_illud
568 1822 885 1887 apostatare
910 1817 1044 1873 facit
1073 1820 1356 1892 sapientes
1392 1822 1570 1887 (Eceli.
1608 1840 1718 1891 χιχ,
1745 1823 2029 1904 Btransit.
2061 1825 2177 1879 Nec
2207 1826 2437 1894 mirum,
2468 1842 2595 1879 cum
2626 1826 3043 1895 unguentorum
3064 1820 3294 1878 odorem
3323 1838 3405 1877 se-

125 1902 199 1969 2),
232 1903 352 1957 haec
375 1902 525 1974 ipsos
546 1905 749 1959 idiotas
776 1907 971 1979 utique
995 1909 1443 1980 sapientissimos
1488 1911 1721 1976 faciunt,

127 2006 250 2064 quae
277 1998 417 2064 quot
442 1992 653 2048 vicibus
692 2012 899 2066 sponsa
948 2014 1078 2050 cum
1105 1998 1421 2053 dilectionis
1465 2000 1723 2056 ubertate

125 2081 293 2152 sugit,
331 2087 419 2137 tot
445 2083 751 2139 sententias
781 2085 1071 2156 sapientiae
1102 2084 1205 2141 sibi
1236 2087 1293 2142 in
1332 2096 1583 2144 ventrem
1614 2108 1727 2145 me-

124 2171 318 2227 moriae
337 2172 536 2227 trahit.
571 2172 831 2228 Charitas
863 2175 1011 2228 enim
1044 2193 1140 2230 cor
1163 2174 1438 2248 paciﬁcat,
1475 2189 1723 2235 mentem

126 2262 184 2315 in
212 2261 627 2316 tentationibus
656 2260 904 2328 roborat,
948 2264 1004 2317 et
1037 2270 1100 2319 ut
1128 2267 1287 2321 sedes
1333 2269 1621 2338 sapientiae
1651 2271 1725 2325 sit

126 2349 317 2405 anima
334 2350 747 2422 justi.quietem
770 2352 984 2420 tribuit,
1010 2360 1066 2408 et
1084 2356 1267 2410 locum
1290 2358 1725 2429 praeparatliaec

124 2442 317 2513 itaque
346 2441 521 2495 ubera
552 2443 853 2512 unguentis
883 2443 1107 2514 Optimis
1130 2444 1403 2515 fragrant,
1425 2449 1557 2518 quia
1585 2450 1721 2503 odo-

125 2547 243 2584 rem
286 2529 581 2584 suavitatis
610 2544 710 2602 per
757 2530 1046 2600 sapientiae
1090 2531 1254 2586 verba
1307 2544 1365 2588 et
1406 2534 1722 2590 sanctitatis

124 2620 379 2690 exempla
430 2634 617 2673 secum
672 2624 917 2690 portant.
970 2620 1297 2692 Quicunque
1346 2624 1495 2678 enim
1530 2633 1724 2680 sancta

123 2709 398 2763 charitate
430 2707 529 2763 Dei
559 2725 617 2761 se
643 2706 840 2770 reficit,
865 2707 911 2762 is
948 2709 1326 2779 spiritualium
1358 2713 1634 2768 donorum
1667 2723 1721 2769 et

122 2797 350 2852 odorem
397 2801 454 2851 et
502 2797 836 2851 suavitatem
894 2795 1085 2852 sentit.
1139 2800 1388 2864 Quorum
1442 2800 1715 2857 bonorum

122 2889 381 2943 ubertate
416 2887 696 2961 proximos
748 2905 995 2958 quosque
1025 2890 1096 2942 ad
1134 2888 1405 2945 interiora
1441 2892 1722 2963 gustanda

120 2994 311 3033 secum
323 2977 516 3043 trahit,
541 2982 597 3031 et
619 2977 749 3032 utin
770 2990 1021 3031 amorem
1040 2977 1290 3033 divinum
1306 2982 1714 3049 convalescant,

122 3067 243 3122 istis
272 3066 539 3121 uberibus
568 3066 766 3121 nutrit.

370 3158 582 3220 (Oleum
611 3156 841 3222 effusum
874 3154 1084 3212 Christi
1115 3173 1314 3212 nomen
1344 3160 1462 3229 est.)

191 3244 243 3302 3.
275 3244 438 3301 Vers.
464 3240 513 3300 ‘2.
551 3246 739 3300 Oleum
760 3246 1011 3311 e/fusum,
1041 3263 1240 3301 nomen
1283 3254 1460 3301 tuum.
1496 3249 1714 3304 Nomen

120 3334 328 3406 sponsi,
346 3333 601 3388 Christus
630 3338 732 3387 est.
758 3333 865 3388 Sed
894 3351 1097 3388 nomen
1121 3337 1309 3405 sponsi
1341 3339 1500 3408 quasi
1527 3340 1712 3394 oleum

120 3424 444 3488 effunditur,
484 3424 617 3495 quia
656 3423 975 3494 quicunque
1021 3426 1248 3480 nomine
1293 3425 1611 3482 Christiano
1658 3430 1716 3484 in

119 3515 354 3568 veritate
394 3517 711 3580 censentur,
765 3512 1038 3568 charitate
1071 3523 1265 3569 sancta
1316 3517 1576 3584 afﬂuunt,
1606 3538 1717 3591 qua

120 3602 467 3668 molliuntur,
524 3606 578 3656 et
623 3607 686 3656 ut
724 3601 989 3679 ﬂammas
1019 3606 1399 3675 exemplorum
1430 3604 1709 3675 emittant,

119 3692 313 3746 eadem
340 3689 614 3745 charitate
628 3698 898 3762 perpetuo
922 3692 1465 3748 suﬂ'unduntur.llac
1477 3696 1716 3751 charita—

118 3788 174 3835 te
202 3780 261 3834 in
283 3797 533 3834 amorem
561 3780 735 3851 ipsius
766 3780 975 3834 Christi
997 3781 1381 3837 vehementius
1401 3782 1713 3840 accendun-

116 3878 226 3934 tur,
264 3870 406 3923 etab
430 3866 549 3941 ipso
568 3870 867 3941 accipiunt,
892 3888 1001 3940 quo
1032 3868 1082 3923 ei
1113 3872 1357 3942 amplius
1381 3873 1708 3943 inhaereant,

118 3970 227 4031 qUo
247 3958 677 4030 perfunduntur.
710 3956 849 4011 Hinc
869 3963 954 4012 est
973 3957 1121 4030 quod
1149 3961 1403 4031 sequitur
1430 3982 1441 4016 :

443 4049 897 4113 (Adolescenlulze,
925 4053 1123 4101 sancta:
1151 4051 1394 4121 animae.)

184 4138 240 4196 4.
290 4138 412 4194 Ideo
457 4136 865 4191 adolescentula?
910 4134 1226 4192 dilexerunt
1272 4146 1334 4192 te.
1385 4140 1527 4204 Quid
1561 4138 1708 4198 enim

115 4246 216 4300 per
241 4224 703 4287 adolescentulas,
722 4224 830 4279 nisi
859 4232 1065 4280 sanctae
1095 4227 1295 4281 animae
1324 4227 1709 4301 designantur,

114 4334 235 4389 quae
260 4312 612 4388 baptismatis
642 4332 789 4385 aqua
823 4332 922 4387 per
964 4316 1234 4385 Spiritum
1265 4326 1521 4373 sanctum
1555 4339 1710 4392 rege-

110 4413 399 4468 nerantur,
431 4411 487 4459 et
507 4404 564 4458 in
587 4420 782 4458 novam
800 4403 971 4457 vitam
1002 4422 1102 4475 per
1130 4404 1346 4459 Novum
1376 4407 1707 4464 Testamen—

1808 1920 2032 1984 quatur,
2078 1915 2210 1986 quia
2255 1931 2382 1968 cum
2428 1912 2766 1985 spiritalium
2822 1912 3095 1966 donorum
3156 1912 3403 1966 suavitas

1808 2002 2066 2071 sentitur,
2101 2002 2233 2075 quid
2271 2009 2356 2057 est
2383 2004 2441 2056 in
2463 2000 2566 2056 hac
2597 1998 3035 2073 temporalitate,
3072 2002 3233 2073 cujus
3261 1996 3406 2055 desi-

1807 2092 1962 2145 derio
1984 2090 2175 2146 omnia
2194 2098 2389 2147 sancta
2416 2109 2621 2164 sponsa
2651 2090 2875 2158 Christi,
2900 2107 2970 2144 ne
3006 2083 3170 2144 inilla
3200 2106 3404 2161 prope-

1806 2186 1911 2245 ret,
1932 2182 2224 2234 teneatur?
2245 2179 2328 2235 lbi
2349 2180 2553 2252 quippe
2580 2174 2811 2234 lenitate
2830 2182 3246 2251 unguentorum
3267 2194 3405 2248 gau-

1806 2270 1917 2327 det,
1977 2274 2033 2322 et
2077 2269 2209 2323 dum
2254 2269 2486 2324 naribus
2530 2266 2881 2324 discretionis
2928 2266 3125 2339 spirat,
3158 2264 3443 2321 charitaS'

1805 2358 1909 2412 sibi
1930 2358 2175 2411 suaviter
2197 2358 2333 2414 olet.
2367 2358 2507 2411 Hinc
2529 2362 2615 2411 est
2642 2358 2790 2429 quod
2811 2374 2846 2411 a
2873 2356 3145 2427 singulari
3168 2372 3403 2411 numero

1804 2444 1873 2499 ad
1914 2446 2188 2516 pluralem
2226 2445 2448 2511 transit,
2486 2446 2619 2516 quia
2652 2446 2708 2499 in
2740 2446 3038 2499 dilectione
3078 2439 3199 2511 Dei,
3233 2444 3402 2498 etiam

1807 2541 2164 2605 praeceptum,
2198 2533 2346 2606 quod
2376 2528 2444 2587 de
2471 2528 2707 2605 proximi
2733 2534 3034 2588 dilectione
3072 2550 3175 2588 nos
3205 2535 3403 2589 admo-

1805 2631 1919 2689 net,
1943 2624 2186 2691 invenit;
2206 2641 2315 2695 quo
2336 2625 2629 2686 instructa,
2654 2624 2871 2677 eructat
2899 2622 3059 2678 nobis
3078 2621 3244 2686 foras,
3255 2617 3404 2693 quod

1803 2714 2049 2781 gustavit
2077 2712 2321 2766 suaviter
2350 2710 2523 2777 intus,
2558 2711 2746 2765 dicens
2770 2728 2781 2761 ε

1913 2805 2194 2868 (vellaria,
2228 2807 2428 2855 sancta
2456 2802 2937 2860 contemplationis
2968 2794 3288 2872 mysteria.)

1873 2887 1925 2946 6.
1962 2892 2277 2944 lntrodumil
2310 2907 2392 2943 me
2428 2906 2525 2943 rem
2560 2894 2621 2944 in
2640 2891 2869 2943 cellaria
2889 2905 3010 2942 sua.
3038 2884 3144 2959 Qui
3172 2905 3273 2960 per
3300 2883 3402 2943 hu-

1796 2980 1891 3048 jus
1937 2978 2145 3050 sponsi,
2181 2978 2277 3051 qui
2318 2996 2414 3032 rex
2463 2984 2565 3043 est,
2598 2976 2823 3033 cellaria
2870 2976 3259 3048 intelligimus,
3291 2974 3402 3032 nisi

1803 3073 2009 3122 sancta:
2027 3068 2327 3138 Scriptum
2348 3084 2572 3132 arcana,
2595 3084 2716 3138 quae
2746 3066 3035 3131 rimamur,
3060 3060 3170 3120 nisi
3192 3072 3400 3120 sanctae

1803 3155 2290 3228 contemplationis
2321 3156 2609 3228 mysteria,
2634 3173 2871 3227 quorum
2893 3153 3123 3222 deliciis,
3157 3155 3203 3210 si
3224 3152 3401 3209 refici-

1801 3263 1946 3311 mur,
2002 3263 2128 3299 mox
2164 3242 2649 3300 convalescimus?
2708 3245 2772 3299 ln
2828 3240 2923 3299 illa
2962 3240 3155 3316 procul
3203 3236 3395 3310 dubio,

1799 3335 2648 3405 quisquisintroducitur,omnia
2658 3333 2993 3406 temporalia
3010 3351 3137 3389 mox
3154 3338 3399 3389 contem-

1799 3425 1897 3487 nit.
1925 3423 2053 3496 quia
2077 3425 2299 3478 aeternis
2319 3420 2552 3477 ditatur.
2586 3423 2717 3477 Ideo
2749 3422 3038 3495 sequitur:

2067 3512 2417 3579 (Ersultatio,
2454 3516 2516 3567 in
2548 3514 2805 3567 uberibus
2826 3512 3111 3571 Ecclesiae.)

1868 3596 1920 3657 7.
1946 3596 2360 3657 Ersultabimus
2392 3607 2439 3655 et
2471 3603 2784 3655 lectabimur
2802 3604 2863 3655 in
2887 3608 2951 3663 te,
2980 3617 3242 3655 memores
3265 3598 3395 3654 ube-

1797 3709 1927 3745 rum
1948 3697 2172 3745 tuorum
2185 3708 2349 3760 super
2366 3691 2789 3745 vinum.Sancta
2807 3690 2999 3744 anima
3018 3707 3224 3761 sponsa
3236 3688 3398 3743 Chri-

1797 3779 1868 3835 sti
1897 3781 1953 3834 in
1983 3781 2175 3851 sponsi
2213 3778 2301 3834 sui
2348 3778 2561 3833 deliciis
2600 3779 2860 3843 eXSultat,
2896 3776 3030 3833 dum
3080 3777 3395 3848 corpuralia

1795 3870 2028 3941 respuit,
2057 3874 2113 3923 et
2143 3868 2198 3923 in
2228 3864 2573 3940 spiritalibus
2601 3885 2660 3921 se
2699 3868 2963 3921 occultat.
3009 3861 3394 3937 Eumdemque

1797 3976 2061 4030 sponsum
2094 3957 2323 4012 delicias
2350 3972 2480 4011 suas
2503 3957 2656 4023 facit,
2676 3957 2733 4011 in
2758 3958 2919 4027 cujus
2947 3962 3203 4027 respectu
3234 3972 3395 4009 mun-

1795 4050 1943 4103 dana
1973 4048 2163 4102 omnia
2182 4065 2293 4101 non
2312 4053 2489 4101 curat.
2516 4046 2624 4100 Sed
2648 4045 2763 4099 haec
2784 4045 2841 4099 in
2860 4042 3132 4100 memoria
3152 4038 3394 4099 uberum

1793 4139 1928 4208 agit,
1964 4136 2113 4208 quia,
2163 4138 2296 4190 dum
2347 4135 2542 4190 recolit
2572 4140 2785 4206 quanta
2823 4130 3096 4189 charitate
3137 4130 3392 4189 Christus

1797 4245 1919 4281 eam
1970 4222 2244 4291 dilexerit,
2295 4226 2391 4296 qui
2420 4225 2694 4295 sanguine
2745 4237 2849 4279 suo
2893 4240 3017 4278 eam
3061 4223 3306 4277 moriens
3331 4220 3389 4278 in

1793 4334 1957 4370 cruce
2006 4315 2262 4378 redemit,
2318 4319 2375 4368 et
2413 4311 2663 4385 quotidie
2709 4329 2830 4366 eam
2875 4313 2933 4366 in
2963 4313 3090 4366 sinu
3134 4308 3393 4366 Ecclesia:

1792 4407 1990 4461 matris
2011 4405 2282 4477 ejusdem,
2303 4400 2593 4474 sanguinis
2618 4401 2759 4457 lacte
2788 4403 2985 4465 nutrit,
3006 4397 3199 4473 procul
3217 4398 3386 4458 dubio

106 4502 227 4551 tum
256 4490 775 4550 transformantur?
807 4494 939 4557 Quae
978 4498 1206 4565 pr0pter
1235 4493 1341 4548 olei
1369 4497 1704 4554 infusionem
1724 4480 1771 4539 ἶ)
1793 4496 1968 4566 magis
1990 4495 2281 4567 magisque
2309 4493 2357 4564 ej
2370 4510 2430 4547 us
2450 4491 2806 4546 dilectionem
2829 4490 3091 4546 intendit.
3114 4488 3273 4556 Quod
3303 4494 3390 4547 lac

107 4585 396 4641 Christum
443 4584 704 4653 diligunt,
754 4580 886 4653 quia
928 4581 997 4635 ad
1029 4583 1271 4651 gratiam
1304 4592 1527 4650 vocatae,
1553 4585 1609 4640 in
1642 4606 1707 4641 eo

104 4675 441 4729 suavitatem
473 4673 599 4726 vitae
620 4676 902 4744 perpetuae
930 4670 1241 4737 inveniunt,
1263 4689 1362 4742 pro
1395 4676 1554 4743 cujus
1580 4694 1705 4730 sua-

104 4765 293 4819 vitatis
322 4762 640 4826 dilectione,
689 4778 882 4815 omnes
913 4762 1108 4815 mundi
1156 4762 1335 4816 fastus
1382 4770 1439 4817 et
1481 4762 1703 4819 divitias

105 4859 398 4926 respuunt.
416 4850 560 4909 Sunt
583 4849 730 4907 enim
749 4851 1004 4904 nonnulli
1034 4852 1127 4921 qui
1150 4851 1227 4905 ita
1252 4852 1427 4906 Deum
1458 4852 1701 4924 diligunt

104 4951 168 4998 ut
190 4960 251 4997 se
289 4944 439 5013 ipsos
473 4946 854 5004 contemnant,
888 4939 945 4993 in
978 4940 1247 4993 interiora
1289 4958 1348 4994 se
1381 4943 1609 5012 rapiunt
1639 4946 1702 4997 ut

102 5034 284 5089 Deum
328 5031 632 5085 inveniant.
688 5026 755 5083 Et
798 5027 929 5100 quia
973 5028 1119 5082 Deus
1167 5029 1223 5083 in
1254 5032 1549 5101 superﬁcie
1588 5048 1700 5086 non

97 5126 269 5194 jacet,
297 5119 756 5175 meditationibus
786 5120 1064 5180 laborant,
1098 5116 1463 5174 subtilissime
1491 5122 1703 5192 cogita-

102 5214 285 5267 tiones
334 5226 467 5263 suas
515 5209 856 5272 examinant.
894 5208 1223 5262 lectionibus
1255 5222 1479 5277 vacant;
1510 5217 1565 5264 et
1594 5229 1703 5281 quo

103 5302 272 5355 modo
298 5301 446 5353 Deus
494 5298 828 5361 inveniatur,
862 5298 1121 5351 omnibus
1152 5297 1331 5351 modis
1380 5300 1704 5369 perquirere

102 5407 217 5445 non
246 5392 487 5443 cessant.
522 5386 592 5441 Hi
624 5386 1123 5459 profectoodorem
1148 5393 1561 5456 unguentorum
1582 5406 1706 5442 sen-

102 5481 256 5535 tiunt
276 5483 333 5531 et
359 5476 466 5531 olei
496 5476 773 5531 infusione
789 5494 847 5530 se
874 5474 1314 5546 inungunt.quia
1328 5478 1459 5530 dum
1481 5495 1702 5531 omnem

105 5567 463 5642 putredinem
484 5565 750 5621 vitiorum
781 5565 1072 5637 abjiciunt,
1088 5566 1253 5620 ﬂores
1264 5564 1367 5619 sibi
1387 5564 1701 5632 inveniunt,

105 5667 348 5731 quorum
362 5655 769 5728 compositione
781 5654 1161 5711 suaveolentia
1172 5658 1460 5725 unguenta
1468 5653 1705 5709 faciente

1789 4585 1930 4639 bene
1951 4602 2121 4656 super
2148 4587 2339 4638 vinum
2362 4580 2523 4636 dulce
2556 4599 2677 4635 esse
2712 4580 2936 4647 dicitur,
2962 4580 3094 4652 quia
3123 4594 3227 4653 per
3255 4598 3387 4636 san-

1786 4675 2016 4744 guinem
2058 4672 2265 4727 Christi
2308 4670 2747 4725 misericorditer
2794 4669 3117 4733 educamur,
3148 4670 3245 4741 qui
3288 4687 3390 4742 per

1787 4764 1927 4833 legis
1958 4764 2208 4818 litteram
2253 4777 2442 4815 severe
2475 4760 2629 4830 prius
2675 4756 3224 4829 constringebamur.
3278 4755 3387 4813 Per

1787 4869 1954 4923 quam
1981 4854 2334 4907 dilectionem
2358 4849 2698 4922 adimpletur
2717 4848 2865 4920 quod
2895 4848 3137 4902 dicitur:

2318 4942 2496 5007 (Recti,
2518 4938 2866 5006 Christiani.)

1851 5028 2071 5085 8.Recli
2094 5028 2340 5097 diligunt
2374 5034 2435 5082 te.
2466 5025 2578 5083 Soli
2610 5027 2803 5097 utique
2832 5024 2969 5079 recti
2992 5023 3279 5079 Christum
3297 5022 3386 5079 di-

1786 5119 1986 5189 ligunt,
2014 5118 2147 5189 quia
2169 5119 2486 5189 quicunque
2504 5116 2685 5171 adhuc
2716 5132 2814 5187 per
2842 5112 3081 5169 distorta
3097 5114 3384 5182 vitiorum,

1786 5227 1849 5263 ex
1881 5206 2159 5262 desiderio
2210 5214 2466 5268 currunt,
2521 5204 2655 5261 dum
2704 5204 2760 5259 in
2790 5203 3144 5259 rectitudinis
3174 5200 3383 5260 lineam

1786 5313 2008 5368 semper
2023 5296 2329 5359 oll'endunt,
2345 5295 2525 5366 ipsum
2542 5292 2775 5365 justitiae
2794 5300 3078 5348 auctorem
3096 5289 3386 5350 Christum

1788 5388 2016 5441 omnino
2039 5387 2272 5456 diligere
2301 5402 2412 5438 non
2444 5392 2700 5455 possunt.
2733 5384 2890 5439 Tunc
2920 5400 3049 5438 vero
3086 5382 3254 5437 homo
3284 5396 3386 5455 per

1788 5478 1933 5530 viam
1968 5476 2220 5529 veritatis
2251 5472 2480 5537 incedit,
2505 5491 2629 5527 cum
2661 5479 2719 5527 et
2746 5491 2915 5545 opera
2937 5473 3208 5528 virtutum
3235 5490 3386 5529 exse-

1788 5567 1999 5637 quitur,
2029 5572 2084 5619 et
2110 5574 2300 5618 tamen
2329 5568 2557 5635 peccata
2574 5579 2676 5617 sua
2696 5579 2919 5634 semper
2941 5563 3214 5635 agnoscit.
3231 5558 3386 5619 Ideo-

1788 5672 1895 5725 que
1925 5659 1981 5708 et
2001 5651 2165 5707 dicit.
