3934 6370
451 328 593 388 1367
1538 326 1849 384 ROBERTI
1890 324 2004 380 ABl

2171 323 2193 377 Ξ
2240 323 2297 377 S.
2341 320 2637 378 VIGORIS
3589 306 3724 366 1368

492 460 746 527 (Nigredo
774 465 824 514 et
853 436 1039 527 forma
1070 472 1293 526 sponsae,
1327 472 1424 525 per
1484 455 2009 524 mortiﬁcationem.)
2064 451 2350 517 Acipiam’
2372 455 2489 517 post
2535 463 2728 516 greges
2769 444 3049 497 sodalium
3093 445 3341 494 tuorum.
3389 438 3454 493 In
3493 436 3727 491 meridie

525 526 595 604 9.
623 547 781 601 Vers.
820 545 871 601 4.
904 546 1081 612 Nigra
1111 561 1233 597 sum
1257 546 1345 597 sed
1355 547 1615 611 formosa,
1631 548 1760 610 ﬁlim
1782 546 2049 597 Hierusa-
2130 538 2414 591 Christum
2436 537 2539 590 sub
2560 534 2760 590 umbra
2779 532 3047 604 pascit,et
3074 529 3261 585 cubat.
3286 528 3382 599 qui
3408 528 3467 581 in
3495 526 3728 597 refrige-

458 639 584 697 lem,
601 639 743 689 sicut
761 637 1117 689 tabernacula
1136 636 1325 694 Ucdar,
1360 637 1501 687 sicut
1520 636 1683 701 pelles
1712 632 2042 686 Salomonis.
2131 626 2346 680 ratione
2366 625 2610 696 Spiritus
2631 622 2831 690 sancti,
2850 620 2955 674 sibi
2979 619 3136 691 quasi
3160 617 3410 688 requiem
3431 622 3489 670 et
3507 621 3731 686 pastum

457 724 690 794 Nigram
716 723 924 794 quippe
954 727 1011 776 et
1038 723 1341 776 formosam
1373 727 1567 777 sancta
1592 721 1783 775 anima
1819 737 1879 774 se
1910 719 2049 774 bene
2132 720 2313 785 parat.
2345 715 2452 768 Per
2472 713 2765 768 meridiem
2798 711 3007 782 quippe
3050 707 3220 761 ardor
3247 706 3511 761 vitiorum
3544 704 3734 777 expri-

455 812 748 887 dicit,quia
775 828 999 883 semper
1021 815 1077 865 et
1104 810 1510 882 turpitudinem
1542 817 1897 882 peccatorum
1927 825 2051 863 suo-
2134 805 2342 870 mitur;
2399 820 2500 874 per
2546 802 2800 857 umbram
2838 815 2978 887 .vero
3020 796 3290 887 spiritalis
3325 796 3523 887 gratiae
3561 796 3732 887 flatus

456 882 586 954 rum
617 882 981 971 perspicit,iet
1008 905 1198 953 tamen
1233 899 1385 952 illius
1411 899 1647 969 justitiae
1674 916 1840 969 quem
1870 898 1929 952 in
1968 898 2053 951 in-
2133 892 2478 962 designatur.
2512 890 2750 945 Meridie
2788 904 2921 958 ergo
2946 886 3212 950 fervente,
3245 885 3303 939 in
3339 884 3537 939 umbra
3575 882 3735 939 Chri-

457 988 611 1043 timis
663 988 830 1053 videt,
880 988 937 1041 in
985 986 1356 1041 exterioribus
1398 987 1504 1041 sibi
1535 988 1771 1041 solerter
1810 988 2050 1041 formam
2135 986 2256 1034 stus
2277 979 2736 1051 requiescit,quia
2756 978 2888 1031 dum
2919 977 2978 1030 in
3004 975 3258 1047 reprobis
3278 980 3447 1029 aestus
3467 974 3735 1027 vitiorum

455 1078 621 1148 gerit.
645 1077 778 1141 Quae
796 1077 939 1131 bene
956 1080 1097 1130 sicut
1133 1078 1496 1130 tabernacula
1514 1077 1686 1131 Gedar
1699 1080 1884 1144 nigra.
1910 1080 2051 1130 sicut
2136 1071 2357 1139 ﬂagrat,
2380 1069 2498 1141 ipse
2518 1085 2733 1139 sponsae
2753 1084 2868 1121 suae
2886 1065 3238 1135 refrigerium
3252 1063 3469 1127 tribuit,
3490 1068 3546 1117 et
3577 1062 3636 1116 in
3667 1078 3737 1116 ea

453 1169 619 1236 pelles
649 1166 961 1221 Salomonis
998 1168 1242 1233 formosa
1273 1166 1496 1231 dicitur,
1531 1166 1662 1236 quia
1688 1165 1745 1219 in
1778 1171 2054 1235 quantum
2137 1159 2243 1213 sibi
2275 1157 2658 1213 delectabilem
2691 1158 2872 1209 locum
2901 1154 3104 1225 quietis
3132 1154 3322 1208 efﬁcit.
3361 1151 3469 1207 Sed
3494 1152 3600 1206 hoc
3627 1150 3735 1205 sibi

457 1253 722 1309 tenebras
753 1253 1117 1308 mortalitatis
1145 1253 1659 1324 portat,nigredine
1681 1253 2054 1324 corruptionis
2137 1264 2343 1319 sponsa
2370 1247 2604 1300 indicari
2623 1245 2890 1316 deposcit,
2923 1242 3069 1313 quod
3097 1242 3237 1296 nulli
3265 1257 3512 1313 unquam
3545 1241 3737 1296 decla-

458 1343 800 1398 sordidatur.
822 1343 1159 1398 Cedarenim
1186 1343 1412 1396 tenebrae
1438 1341 1870 1412 interpretatur;
1904 1342 2055 1396 Salo—
2137 1341 2315 1400 ratur,
2346 1334 2455 1388 nisi
2484 1334 2536 1388 ei
2565 1333 2660 1404 qui
2681 1333 2828 1386 idem
2846 1330 3289 1385 sanctiﬁcatricis
3305 1330 3499 1399 gratias
3529 1346 3737 1383 munus

456 1448 590 1486 mon
618 1448 770 1498 vero.
797 1432 893 1503 qui
922 1431 1208 1487 Christum
1226 1431 1524 1501 signiﬁcat,
1542 1431 1807 1501 paciﬁcus
1827 1431 2009 1485 dicitu1

2178 1424 2392 1494 ercipit.
2453 1422 2636 1486 Quare
2688 1437 2817 1474 vero
2857 1420 2928 1473 ad
2966 1420 3082 1473 haec
3119 1417 3477 1489 percipienda
3513 1424 3731 1480 zestuet,

455 1521 787 1576 Formosam
817 1537 949 1591 ergo
979 1537 1038 1575 se
1066 1520 1212 1574 sicut
1243 1520 1416 1590 pelles
1433 1520 1748 1574 Salomonis
1764 1520 2057 1591 dicit.quia
2141 1512 2535 1566 manifestatur
2554 1527 2681 1565 cum
2703 1509 2909 1564 dicitur
2942 1526 2953 1560 ε

456 1609 593 1664 dum
623 1615 849 1664 sanctos
878 1625 1129 1680 quosque
1157 1608 1253 1679 qui
1273 1608 1342 1662 ad
1377 1608 1749 1663 imitationem
1767 1609 1974 1663 Christi
1995 1626 2056 1663 se
2380 1601 2477 1666 (Ne
2507 1617 2645 1667 vaga
2673 1602 2745 1653 sit
2770 1603 2886 1667 post.
2911 1613 3093 1665 greges
3120 1599 3440 1665 passionum
3468 1600 3481 1663 )

458 1698 820 1763 mortiﬁcant,
844 1698 1056 1752 imitari
1077 1714 1189 1751 non
1220 1697 1471 1767 negligit,
1499 1714 1693 1751 eorum
1712 1698 1909 1769 utique
1937 1698 2111 1769 pul-_
2213 1690 2297 1744 14.
2326 1691 2402 1744 Ne
2431 1691 2630 1757 vagari
2658 1690 2927 1756 incipiam
2966 1691 3082 1754 post
3111 1702 3294 1754 greges
3317 1688 3594 1741 sodalium
3622 1693 3741 1742 tuo-

458 1785 767 1840 chritudini
793 1803 892 1857 per
918 1763 1346 1840 similitudinem
1374 1763 1662 1856 sejungit.
1685 1787 1769 1840 Ne
1787 1763 1917 1840 vero
1933 1763 2118 1857 pro-B
2140 1796 2292 1833 rum.
2343 1778 2509 1840 Vere.
2540 1777 2597 1830 in
2630 1793 2741 1846 quo
2784 1774 3041 1829 Christus
3079 1791 3190 1829 non
3244 1775 3429 1839 cubat.
3478 1782 3739 1847 vagatur.

457 1874 597 1928 ximi
622 1876 742 1945 ejus
779 1875 1129 1945 nigredinem
1174 1874 1551 1940 intendentes,
1586 1875 1773 1929 minus
1802 1877 2058 1946 exempla
2140 1868 2272 1939 quia
2304 1884 2481 1928 mens,
2509 1881 2676 1937 quam
2716 1865 2809 1918 ille
2840 1863 3024 1917 suavis
3054 1868 3111 1918 et
3152 1864 3498 1934 ponderosus
3529 1865 3739 1921 Christi

458 1962 734 2019 bonorum
765 1965 888 2034 ejus
917 1964 989 2018 ad
1008 1963 1383 2017 imitationem
1404 1963 1660 2033 diligant,
1692 1964 2058 2034 turpitudinis
2142 1957 2384 2028 Spiritus
2413 1972 2524 2009 non
2550 1955 2765 2025 implet,
2791 1952 2985 2007 multis
3004 1952 3436 2022 cogitationibus
3464 1954 3742 2010 dissoluta

459 2066 688 2106 causam
718 2051 1066 2106 satisfaciens
1094 2052 1359 2117 ostendit,
1396 2052 1530 2106 dum
1569 2050 1639 2105 ab
1684 2051 2058 2107 admiratione
2141 2045 2549 2102 circumfertur.
2599 2043 2707 2097 Sed
2756 2042 2851 2113 qui
2908 2047 3042 2095 sunt
3081 2042 3301 2096 sodales
3352 2043 3583 2109 Christi,
3636 2062 3742 2116 per

459 2156 562 2194 sua
592 2140 739 2195 ﬁlias
765 2140 1117 2195 Hierusalem
1148 2141 1389 2213 repellit,
1417 2140 1607 2194 dicens
1640 2158 1651 2193 :
2141 2151 2381 2207 quorum
2409 2149 2609 2203 greges
2639 2147 2844 2202 sponsa
2875 2130 3065 2201 vagari
3091 2131 3452 2202 pertimescit,
3479 2131 3588 2187 nisi
3611 2133 3741 2188 falsi

522 2229 738 2298 (Omnis
768 2231 965 2284 anima
985 2235 1195 2291 sancta,
1232 2233 1293 2283 in
1313 2232 1723 2298 comparatione
1755 2230 1980 2293 Christi,
2142 2225 2350 2296 quique
2372 2220 2713 2277 Christiani?
2752 2220 2861 2284 Qui
2882 2225 2983 2274 aut
3018 2218 3088 2273 Ob
3127 2220 3371 2275 nominis
3410 2221 3604 2287 solius,
3640 2230 3744 2278 aut

1172 2318 1372 2385 fusca.)
2141 2313 2313 2367 etiam
2344 2315 2824 2365 sacramentorum
2843 2308 3317 2373 communionem,
3339 2309 3543 2364 fratres
3573 2311 3745 2365 Chri-

531 2400 620 2459 10.
654 2403 816 2459 Vers.
860 2404 909 2459 5.
960 2406 1141 2459 Nolite
1184 2421 1269 2458 me
1306 2406 1672 2468 considerare,
1716 2408 1859 2476 quod
1900 2409 2057 2475 fusca
2141 2402 2215 2456 sti
2238 2405 2527 2462 vocantur,
2555 2398 2687 2469 quia
2717 2397 2908 2451 electis
2934 2413 3072 2468 quos
3106 2397 3226 2469 ipse
3271 2399 3474 2452 fratres
3498 2401 3741 2468 vocavit,

462 2495 590 2553 sim,
628 2494 762 2559 quia
815 2493 1145 2546 decoloravit
1185 2510 1269 2546 me
1306 2496 1404 2547 sol.
1434 2494 1543 2548 Per
1582 2496 1757 2549 solem
1801 2496 2056 2552 Christus
2138 2491 2195 2545 in
2228 2488 2476 2544 Ecclesia
2502 2486 2895 2553 cohabitando,
2924 2486 3226 2540 sociantur.
3262 2487 3511 2551 Quorum
3541 2489 3745 2544 multi-

462 2579 832 2651 signiﬁcatur.
866 2580 960 2635 Sol
993 2597 1126 2651 ergo
1156 2598 1282 2635 eum
1311 2581 1664 2649 decoloravit,
1698 2584 1831 2654 quia
1877 2574 2067 2655 quan:
2139 2579 2364 2634 tudine-8
2403 2577 2543 2631 bene
2573 2594 2673 2647 per
2703 2575 3185 2646 exprobrationem
3220 2593 3420 2647 greges
3448 2579 3746 2649 appellan-

462 2667 726 2722 tumlibet
772 2668 988 2739 fulgeat
1033 2670 1242 2736 anima,
1274 2670 1334 2724 in
1378 2672 1797 2742 comparatione
1824 2672 2052 2737 Christi,
2140 2676 2253 2731 tur,
2286 2668 2439 2739 quia,
2485 2666 2619 2720 dum
2668 2665 2829 2736 quasi
2875 2665 3283 2719 irrationabilia
3312 2667 3582 2721 animalia
3622 2667 3745 2723 sine

462 2756 739 2828 fulgorem
760 2757 992 2812 amittit.
1018 2759 1162 2813 Sunt
1184 2758 1391 2830 quippe
1432 2760 1708 2825 nonnulli,
1744 2761 1840 2832 qui
1869 2762 1927 2815 in
1954 2763 2060 2817 hac
2142 2758 2338 2812 ordine
2364 2756 2571 2819 vivunt,
2619 2754 3008 2808 seductoribus
3036 2754 3324 2825 spiritibus
3361 2757 3432 2810 ad
3461 2756 3751 2812 devoran-

463 2852 629 2902 nocte
659 2847 857 2901 mundi
884 2848 1038 2902 velut
1065 2848 1240 2901 stellae
1281 2848 1599 2903 hominibus
1627 2849 1863 2920 fulgent,
1888 2851 2059 2905 lumi-
2141 2848 2273 2901 dum
2333 2845 2653 2899 traduntur.
2715 2844 2822 2897 Per
2875 2844 3198 2913 huiusmodi
3253 2861 3454 2915 greges
3510 2854 3752 2917 vagatur

462 2936 628 2990 naria
644 2936 912 3007 proximis
940 2942 1245 3008 apparent:
1282 2937 1379 2991 sed
1409 2954 1535 2991 mox
1555 2945 1620 2992 ut
1627 2940 1861 3009 justitize
1896 2940 2061 2995 Chri-
2142 2936 2397 3007 quisquis
2417 2933 2487 2988 ab
2516 2933 2717 2987 intimo
2742 2932 3022 2986 desiderio
3053 2934 3335 3004 expulsus,
3374 2934 3747 3005 reproborum

466 3024 541 3079 sti
562 3041 623 3079 se
649 3025 1176 3096 comparant.quasi
1198 3025 1318 3079 sine
1342 3025 1467 3079 luce
1489 3033 1643 3090 sunt,
1670 3028 1767 3098 qui
1796 3028 1939 3082 bene
1971 3029 2062 3082 in-
2079 3077 2124 3137 ϐ
2144 3024 2441 3079 stultitiam
2512 3021 2825 3093 persimiles
2878 3021 3211 3091 cupiditates
3273 3022 3550 3077 imitatur.
3627 3025 3746 3079 Hos

471 3114 922 3137 -____-.._L1I11-_
952 3114 1106 3137 .._.2--._
1154 3114 1473 3137 L-_.:_2L_-‘
1505 3115 1764 3137 I__‘-L__-L
1811 3118 2060 3137 n_,_‘.1_,A
2151 3115 2348 3137 μυξη..-
2407 3112 2561 3137 Αιηηιε
2614 3127 2735 3137 num
2785 3110 3015 3137 ΜΑΙΛηόη
3066 3111 3355 3137 λΑιΞΑ-..ὀ-...ι
3407 3128 3506 3137 κ-..
3556 3129 3746 3137 ,Α---μ

466 3114 922 3185 comparabiliter
951 3114 1107 3184 prius
1153 3114 1474 3168 hominibus
1505 3110 2352 3186 lucebant.Qualiter”quippe
2405 3112 2565 3166 electi
2612 3127 2736 3163 cum
2785 3110 3017 3164 moleste
3066 3111 3373 3181 patiantur,
3407 3128 3507 3183 per
3551 3129 3752 3169 eorum

464 3219 594 3257 vero
632 3203 705 3257 ad
747 3203 852 3257 hoc
891 3204 1228 3275 pervenerit,
1274 3209 1338 3257 ut
1367 3204 1778 3276 aliquantulum
1808 3207 2058 3277 luceret),
2144 3201 2559 3263 persecutiones
2600 3199 2840 3270 probati,
2890 3198 3214 3254 mundiores
3244 3200 3312 3254 ad
3364 3207 3577 3256 aeterna
3606 3202 3756 3258 bona

467 3291 714 3345 ostendit
741 3308 868 3345 cum
897 3290 1223 3363 subjungit:
2146 3293 2547 3364 perducuntur.
2580 3290 2739 3344 Unde
2763 3289 3099 3343 admonetur
3126 3306 3348 3361 sponsa,
3380 3307 3507 3345 cum
3539 3310 3644 3364 per
3663 3294 3754 3347 in-

476 3381 673 3451 (Mater
702 3396 925 3449 sponsae,
962 3387 1156 3435 sancta
1187 3383 1448 3446 Ecclesia,
1481 3387 1641 3453 cujus
1668 3388 1780 3452 ﬁlii
1808 3390 2059 3454 apostoli.
2146 3381 2526 3453 crepationem
2554 3379 2760 3433 dicitur
2793 3395 2803 3428 :

542 3468 635 3524 11.
671 3470 804 3521 Filii
830 3473 1033 3524 matris
1057 3486 1186 3524 meae
1208 3479 1601 3539 pugnaverunt
1623 3480 1816 3529 contra
1837 3492 1940 3537 me,
1966 3492 2062 3543 po-
2397 3469 2793 3538 (Pugnandum
2814 3473 2888 3521 est
2921 3473 3114 3522 contra
3137 3470 3502 3536 tentationes.)

469 3562 705 3612 suerunt
723 3573 812 3611 me
840 3559 1113 3612 custodem
1130 3563 1192 3613 in
1214 3562 1595 3616 rineis.Mater
1609 3579 1846 3633 sponsae,
1872 3570 2069 3619 sancta
2225 3559 2310 3615 15.
2334 3560 2493 3613 Vers.
2536 3555 2587 3612 7.
2619 3555 2682 3611 Si
2710 3560 2935 3623 ignoras
2974 3561 3038 3619 te,
3085 3574 3115 3610 ο
3147 3559 3389 3625 pulchra
3432 3563 3583 3614 inter
3624 3578 3757 3615 mu-

473 3645 757 3712 Ecclesia;
793 3645 893 3699 ﬁlii
940 3647 1157 3714 matris,
1209 3649 1387 3702 sancti
1428 3651 1668 3720 apostoli
1711 3652 2065 3708 exstiterunt.
2155 3652 2329 3710 lieres,
2387 3648 2652 3715 egredere.
2715 3650 2764 3698 et
2819 3646 2914 3698 abi
2946 3651 3063 3714 post
3120 3649 3349 3714 restigia
3405 3664 3662 3717 gregum.
3699 3650 3755 3705 Si

475 3733 630 3789 Ante
645 3736 1025 3805 apostolorum
1044 3737 1251 3809 quippe
1272 3738 1745 3809 praedicationem,
1760 3758 1902 3811 pene
1918 3748 2070 3798 totus
2151 3737 2375 3807 ignorat
2397 3753 2457 3791 se
2479 3753 2703 3807 sponsa,
2740 3736 3063 3806 egrediatur
3079 3741 3137 3790 et
3151 3735 3475 3808 abeat,quia
3498 3739 3757 3810 quisquis

473 3824 719 3878 mundus
765 3824 992 3879 rebellis
1036 3827 1270 3886 exstitit.
1302 3828 1484 3881 omnis
1512 3846 1655 3899 pene
1690 3830 1878 3883 anima
1898 3831 2071 3885 idolo-
2152 3827 2330 3881 nescit
2356 3843 2416 3880 se
2454 3826 2512 3879 in
2545 3826 2649 3879 hoc
2676 3825 2943 3896 positum,
2986 3830 3051 3879 ut
3074 3826 3416 3880 tentationes
3447 3843 3549 3896 per
3594 3830 3760 3883 suile-

474 3929 602 3967 rum
625 3930 685 3967 se
705 3914 950 3968 cultibus
978 3916 1305 3980 sordidavit,
1329 3923 1385 3970 et
1413 3918 1751 3988 cupiditates
1772 3920 2070 3975 sceleratas
2153 3915 2395 3970 rentiam
2423 3916 2622 3979 vincat,
2656 3909 2691 3967 ἐι
2715 3914 3098 3969 familiaritate
3129 3915 3336 3968 Christi
3355 3916 3592 3983 recedit,
3626 3919 3761 3989 quia

479 4003 1275 4075 accumulavit.Apostolorum
1307 4022 1438 4059 vero
1469 4007 1789 4077 praedicatio
1811 4026 2067 4080 superve-
2148 4005 2205 4058 in
2233 4004 2379 4058 bello
2410 4004 2644 4075 positus,
2677 4020 2803 4057 cum
2837 4004 3074 4058 Domino
3105 4020 3205 4058 suo
3238 4021 3488 4075 pugnare
3509 4015 3753 4063 recusat.

476 4091 659 4157 niens,
693 4098 889 4146 contra
918 4094 1308 4148 omnesverbo
1337 4096 1623 4166 pugnavit.
1666 4096 1723 4151 in
1755 4099 1947 4152 multis
1977 4116 2067 4153 re-
2151 4094 2448 4149 Sciendum
2478 4098 2565 4147 est
2590 4093 2738 4147 enim
2765 4093 3025 4147 omnibus
3054 4093 3202 4164 quod
3223 4110 3349 4147 cum
3369 4094 3428 4149 in
3447 4099 3763 4153 tentatione

476 4196 651 4249 gnum
681 4181 998 4236 daemonum
1030 4183 1384 4254 expugnavit,
1416 4190 1473 4238 et
1500 4201 1734 4255 regnum
1767 4187 2067 4253 Christi,id
2160 4190 2561 4237 sumuscontra
2580 4199 2774 4236 aereas
2788 4187 3096 4253 potestates
3114 4199 3368 4253 pugnare
3381 4187 3759 4257 praecipimur,

479 4274 567 4323 est
586 4275 839 4323 sanctam
854 4270 1759 4344 Ecclesiam,ampliavit.Vinctam
1778 4293 1911 4347 ergo
1926 4278 2085 4331 Chri-
2170 4272 2303 4342 quia
2323 4273 2443 4326 sine
2469 4272 2704 4326 victoria
2734 4272 2990 4325 coronari
3017 4289 3128 4326 non
3164 4290 3481 4343 possumus.
3515 4277 3636 4331 Etsi
3659 4279 3763 4332 ad-

479 4365 589 4424 sto,
608 4365 666 4413 et
690 4360 1093 4415 sanctiﬁcatam
1121 4365 2148 4439 congregationem,apostolicusto-n
2166 4361 2449 4415 versarius
2478 4362 2651 4422 deest,
2685 4377 2789 4415 nec
2816 4368 2901 4415 est
2944 4378 3109 4432 quem
3155 4362 3470 4432 Vincamus;
3521 4365 3764 4439 ideoque

478 4449 612 4503 dem
651 4447 710 4501 in
733 4448 909 4504 vineis
940 4458 1268 4521 posuerunt,
1306 4454 1437 4524 quia
1462 4454 1673 4525 primos
1702 4456 1994 4510 credentes
2022 4447 2370 4511 inucol‘ona
2401 4450 2601 4513 deerit»
2643 4466 2810 4521 quam
2857 4451 3081 4504 nonniSi
3123 4452 3406 4507 Vincentes
3450 4456 3761 4526 capiemus.

481 4537 758 4594 Ecclesias
794 4556 897 4614 per
938 4543 1232 4609 mundum,
1264 4548 1330 4597 ut
1355 4560 1449 4597 eas
1479 4549 1536 4598 et
1579 4551 1988 4615 congregarent
2024 4552 2082 4601 et
2163 4541 2281 4595 Hoc
2310 4541 2405 4611 qui
2428 4541 2651 4609 ignorat
2678 4540 2735 4592 in
2764 4538 2906 4593 bello
2936 4546 3023 4594 est
3049 4546 3117 4594 et-
3143 4542 3301 4612 quasi
3330 4543 3389 4596 in
3419 4561 3555 4615 pace
3576 4548 3766 4601 exsul-

481 4633 849 4693 custodirent,
867 4632 1455 4704 disperserunt.Cujus
1472 4632 1838 4704 dispersionis
1850 4651 2080 4689 causam
2164 4635 2270 4696 tat,
2305 4635 2365 4683 et
2393 4646 2459 4683 eo
2480 4629 2829 4700 frequentius
2866 4630 3210 4693 vulneratur,
3235 4648 3344 4702 quo
3364 4634 3617 4688 securior
3645 4641 3761 4690 est;

482 4721 749 4792 ostendit,
774 4722 964 4776 dicens
998 4739 1010 4774 :
2163 4719 2297 4789 quia
2316 4718 2495 4773 nescit
2521 4718 2707 4773 videre
2726 4735 2892 4790 quem
2915 4725 3124 4773 caveat.
3141 4718 3318 4790 Digne
3333 4737 3465 4792 ergo
3489 4739 3523 4776 a
3545 4741 3767 4795 pugna-

1048 4812 1266 4882 (Vinea,
1298 4812 1532 4879 Judaea.)
2160 4809 2377 4863 toribus
2432 4809 2763 4876 secernitur,
2816 4815 2879 4863 ut
2927 4809 3160 4879 vestigia
3192 4827 3429 4881 gregum
3470 4821 3764 4884 sequatur,

552 4899 645 4957 12.
684 4902 905 4955 Vineam
928 4916 1108 4953 meam
1138 4916 1251 4953 non
1272 4901 1559 4953 custodiri.
1580 4899 1724 4964 Quid
1745 4917 1846 4972 per
1859 4902 2077 4956 vineam
2164 4899 2294 4969 quia
2324 4899 2461 4952 dum
2503 4899 2809 4969 prudentes
2851 4916 3102 4970 quosque
3134 4899 3346 4954 imitari
3385 4902 3642 4973 negligit,
3673 4922 3769 4960 ne-

484 4989 865 5060 singulariter,
898 4988 1010 5043 nisi
1033 4987 1233 5042 Judeea
1256 4987 1616 5058 designatur?
1636 4991 1770 5053 Quae
1799 5007 1834 5044 a
1860 5007 1920 5045 se
1948 4992 2082 5045 ﬁde-
2169 4988 2414 5043 cessario
2434 4987 2702 5058 reprobos
2722 4988 2997 5059 sequitur,
3022 5005 3161 5059 quos
3176 4989 3418 5043 stultitia
3433 4990 3617 5047 brutis
3649 4995 3770 5049 ani-

483 5079 568 5133 les
606 5079 838 5151 expulit,
874 5077 1007 5149 quia
1035 5076 1302 5131 custodiri
1338 5077 1766 5148 aspernabatur.
1800 5080 2079 5134 Preedica-
2163 5075 2403 5130 malibus
2427 5076 2639 5130 similes
2668 5077 2817 5131 fecit.

483 5167 639 5223 tione
670 5167 876 5239 quippe
898 5170 1236 5237 expugnata,
1259 5169 1315 5218 et
1334 5182 1539 5236 sponsa
1558 5167 1766 5222 Christi
1794 5168 1941 5222 facta
1966 5169 2082 5223 ani-
2164 5167 2664 5235 (Haedin'mmunda?
2675 5170 3043 5233 cogitationes;
3078 5170 3433 5224 tabernacula
3450 5176 3765 5239 pastorum.

482 5273 597 5321 ma,
663 5256 961 5310 dilectione
1006 5254 1187 5319 ardet,
1239 5258 1296 5307 et
1342 5254 1678 5325 inquirendo
1715 5273 1864 5323 eum,
1915 5274 2079 5328 quem
2591 5261 2885 5309 conrentus
2912 5257 3340 5326 heretico-rum.)

481 5346 684 5416 diligit,
709 5345 769 5399 in
797 5345 1015 5399 intimis
1042 5361 1101 5399 se
1122 5349 1365 5405 exercet.
1398 5345 1589 5399 dicens
1621 5363 1632 5398 :
2240 5341 2325 5397 16.
2352 5345 2419 5397 Et
2444 5359 2600 5412 pasce
2630 5344 2803 5397 haedos
2835 5349 2953 5397 tuos
2984 5349 3155 5413 juxta
3187 5348 3609 5402 tabernaculum
3634 5366 3769 5418 pas-

593 5435 741 5501 (Qua:
770 5438 834 5487 in
865 5434 1097 5487 meridie
1129 5434 1410 5488 Christum
1432 5437 1763 5501 requiescere
1792 5436 1972 5501 facit.)
2169 5438 2371 5486 torum.
2436 5432 2544 5486 Per
2597 5433 2811 5501 haedos,
2861 5433 3165 5488 immundae
3205 5435 3575 5505 cogitationes
3617 5436 3769 5493 desi-

553 5520 643 5575 13.
670 5522 830 5576 Vers.
882 5519 936 5577 6.
986 5523 1181 5576 Indica
1233 5523 1393 5585 mihi,
1446 5538 1608 5589 quem
1656 5524 1843 5590 diligit
1886 5526 2083 5577 anima
2162 5527 2438 5592 gnantur;
2477 5538 2577 5592 per
2621 5522 2986 5576 tabernacula
3026 5529 3338 5593 pastorum,
3379 5526 3773 5581 conventicula

485 5623 626 5668 mea,
649 5610 749 5662 ubi
760 5625 972 5677 pascas,
1006 5611 1105 5664 ubi
1123 5611 1278 5664 cubes
1302 5614 1365 5664 in
1392 5611 1642 5675 meridie,
1682 5626 1748 5665 ne
1770 5613 1969 5679 vagari
1994 5614 2082 5665 in-
2163 5611 2556 5666 haereticorum
2579 5611 2987 5682 exprimuntur.
3019 5612 3126 5677 Qui
3146 5600 3278 5683 ergo
3298 5629 3550 5684 pugnare
3566 5616 3768 5685 nescit,
