3934 6350
156 294 297 359 1369
1359 306 1711 363 EPISTOLA
1746 306 1844 361 AD
1882 305 2235 362 FRATRES.

150 429 315 498 juxta
329 424 692 482 tabernacula
709 430 996 496 pastorum
1017 427 1209 482 haedos
1230 430 1426 499 pascit,
1443 431 1574 502 quia
1603 431 1751 502 quis—
1770 433 1821 491 Α
2080 432 2406 487 (Murenam
2434 446 2633 497 aurea,
2667 446 2825 484 sacra
2853 430 3189 499 Scriptura.)

157 519 283 587 quis
314 515 717 571 obsistentibus
746 516 1114 570 tentationem
1139 517 1343 587 gladiis
1388 520 1622 574 viriliter
1644 536 1756 573 non
1911 515 1999 573 90.
2027 518 2187 572 Vers.
2232 518 2315 575 IO.
2355 520 2679 573 Murenulas
2736 534 2935 571 aureas
2982 520 3246 585 faciemus
3306 520 3428 583 tibi,

156 606 392 672 resistit,
416 605 737 659 immundus
767 605 1151 675 cogitationes,
1188 607 1347 677 quasi
1379 609 1573 662 haedos
1602 609 1759 662 lasci-
1838 609 2494 674 vermiculatasargento.
2520 608 2754 661 Murena
2784 607 2951 677 piscis
2982 613 3084 672 est,
3118 607 3213 677 qui
3235 614 3430 677 captus

154 710 269 760 vos,
320 694 380 748 in
410 694 577 748 corde
624 693 824 759 nutrit,
876 701 934 748 et
980 694 1224 749 efﬁcitur
1260 695 1310 748 ei
1349 695 1549 750 similis
1586 696 1757 750 etiam
1838 695 2005 748 vertit
2020 695 2152 749 sein
2180 695 2471 762 circulum,
2500 697 2567 749 ad
2592 697 2753 766 cujus
2775 696 3062 766 exemplar
3085 696 3149 749 fit
3194 695 3426 757 inauris.

160 783 255 854 qui
287 799 320 837 a
341 783 453 837 ﬁde
474 782 704 837 recedit.
736 783 944 837 Anima
988 801 1119 838 vero
1159 801 1282 857 qua
1328 801 1531 856 sponsa
1573 786 1759 840 Chris—
1841 800 1964 853 quae
1996 785 2291 839 murenula
2312 784 2537 850 dicitur,
2588 801 2697 856 qua
2729 785 3059 855 designatur
3094 784 3434 855 praedicatio,

160 871 234 925 sti
273 871 417 925 efﬁci
460 871 819 942 concupiscit,
864 873 1104 943 qualiter
1140 890 1200 926 se
1236 873 1459 939 habeat,
1503 872 1757 928 Christus
1841 889 1963 943 quae
1993 872 2048 926 in
2074 873 2305 927 auribus
2336 874 2590 941 inhaeret,
2621 879 2678 928 et
2697 890 2793 928 eas
2820 873 3430 945 penetrat.Murenulis,

3286 300 3428 363 1370

154 976 279 1015 eam
312 961 495 1027 docet,
523 976 648 1015 cum
682 960 733 1013 ei
763 977 865 1032 per
885 963 1360 1032 comparationem
1386 963 1644 1034 protinus
1671 963 1756 1017 di-

155 1049 267 1104 cit:

283 1140 604 1208 (Equitatus
634 1141 995 1202 lsraeliticus,
1021 1143 1216 1194 multis
1248 1143 1640 1195 tentationibus

795 1212 1107 1280 probatus.)

232 1298 316 1354 l7.
338 1298 505 1353 Vers.
525 1296 579 1355 8.
603 1300 896 1367 Equitatui
923 1316 1037 1353 meo
1068 1303 1129 1354 in
1157 1302 1417 1355 curribus
1446 1303 1759 1355 Pharaonis

158 1389 478 1442 assimilavi
525 1393 588 1450 te,
623 1390 806 1442 amica
836 1404 974 1441 mea.
1037 1389 1255 1443 Scimus
1305 1390 1436 1460 quia
1475 1391 1760 1461 equitatus

155 1475 525 1542 Israeliticus,
543 1492 743 1530 currus
774 1476 1084 1532 Pharaonis
1111 1476 1351 1548 fugiens,
1387 1479 1444 1532 in
1485 1479 1631 1534 mari
1667 1481 1762 1534 de-

154 1581 375 1619 mersos
399 1564 646 1635 reliquit,
665 1581 768 1618 nec
787 1570 975 1620 tamen
998 1567 1188 1620 statim
1208 1572 1417 1621 terram
1457 1568 1760 1639 repromis-

152 1653 330 1708 sionis
345 1653 699 1716 intravit,sed
721 1656 879 1726 prius
899 1656 1109 1710 multas
1130 1658 1473 1711 tentationes
1495 1658 1551 1711 in
1573 1674 1760 1712 eremo

1840 962 2075 1017 monilia
2103 963 2245 1017 collo
2266 963 2530 1033 ligantur,
2566 963 2699 1033 quia
2719 969 2776 1017 et
2797 963 3071 1034 sapientia
3097 968 3155 1016 et
3184 963 3381 1033 religio
3402 979 3438 1017 a

1841 1050 2142 1122 Scripturis
2174 1052 2402 1111 sanctis,
2449 1052 2904 1123 praedicatoribus
2937 1052 3288 1122 adjurgitur.
3322 1052 3432 1105 Per

1841 1141 2168 1195 murenulas
2190 1141 2339 1195 enim
2372 1141 2663 1212 Scriptura
2692 1147 2883 1195 sancta
2908 1132 3260 1210 intelligitur.
3297 1140 3432 1204 Quae

1840 1227 1981 1282 bene
2012 1246 2195 1283 aurea:
2218 1235 2275 1283 et
2292 1237 2557 1299 argenteo
2587 1230 2960 1283 vermiculata
2988 1228 3272 1294 dicuntur,
3302 1229 3435 1299 quia

1842 1323 1899 1371 et
1928 1318 2204 1389 sapientia
2228 1319 2517 1389 Scriptura
2545 1325 2738 1372 sancta
2756 1319 2952 1388 fulget,
2981 1324 3038 1371 et
3059 1334 3260 1372 sonora
3296 1333 3435 1388 prae-

1843 1406 2123 1460 dicatione
2179 1424 2280 1477 per
2325 1408 2646 1461 universum
2695 1408 2964 1461 mundum
2996 1406 3239 1460 auditur.
3281 1406 3436 1461 Sicut

1844 1495 1990 1548 enim
2005 1512 2106 1566 per
2121 1512 2320 1550 aurum
2353 1496 2646 1567 sapientia.
2675 1497 2754 1551 sic
2778 1512 2877 1567 per
2904 1500 3199 1566 argentum
3240 1498 3435 1549 sancta

1844 1584 2160 1655 praedicatio
2181 1585 2618 1639 demonstratur.
2650 1585 2751 1638 His
2790 1584 2973 1638 verbis
3011 1584 3201 1655 sponsi
3231 1600 3436 1655 sponsa

1844 1674 2164 1744 respondet,
2183 1680 2241 1727 et
2281 1691 2382 1745 per
2405 1690 2701 1745 corporeas
2726 1690 2915 1727 rerum
2944 1673 3156 1744 species
3181 1687 3434 1726 amorem

155 1744 537 1816 quadraginta
592 1746 754 1800 annis
797 1749 1087 1811 sustinuit,
1117 1750 1326 1804 multos
1379 1767 1540 1821 reges
1568 1750 1757 1805 multis

1847 1763 2085 1829 intimat,
2118 1780 2227 1833 quo
2257 1744 2588 1834 spiritaliter
2608 1763 2760 1817 intus
2779 1762 2958 1825 ardet,
2991 1762 3183 1816 dicens
3219 1781 3230 1815 :

152 1833 448 1889 laboribus
469 1835 827 1906 expugnavit,
859 1841 915 1891 et
944 1838 1024 1891 sic
1051 1839 1279 1892 tandem
1311 1839 1377 1893 ad
1403 1838 1621 1893 beatam
1651 1846 1761 1894 ter-

153 1939 302 1988 ram,
335 1923 395 1977 in
422 1940 530 1994 qua
552 1940 675 1978 cum
724 1942 927 1996 sponso
978 1927 1307 1995 delectetur,
1341 1928 1613 2000 pervenit.
1654 1928 1759 1984 Cui

151 2010 297 2066 bene
324 2012 554 2081 dicitur,
586 2014 735 2084 quod
763 2013 1059 2071 subditur:

730 2104 904 2171 (Gens:
934 2107 1181 2173 sponsa.)

225 2188 319 2244 18.
348 2190 510 2244 Vers.
540 2190 592 2248 9.
646 2194 895 2247 Pulchra
949 2198 1082 2247 sunt
1128 2210 1293 2262 gena,
1317 2196 1460 2248 sicut
1491 2198 1751 2248 turturis.

159 2282 374 2336 'I‘urtur
409 2286 707 2352 postquam
764 2299 956 2353 parem
1005 2300 1168 2337 suum
1210 2283 1520 2354 perdiderit
1555 2284 1752 2349 semel,

159 2385 454 2440 nunquam
486 2370 650 2424 alteri
678 2388 738 2424 se
762 2371 971 2442 jungit,
999 2373 1093 2426 sed
1124 2388 1348 2443 semper
1375 2372 1625 2426 solitarie
1656 2373 1758 2426 ha-

154 2458 358 2512 bitans
389 2458 443 2512 in
484 2460 702 2530 gemitu
748 2467 1087 2531 perseverat.
1115 2461 1247 2531 quia
1295 2478 1462 2532 quem
1493 2461 1762 2531 diligebat

158 2564 275 2602 non
304 2548 614 2611 inveniens,
653 2549 869 2619 quaerit.
907 2550 997 2604 Sic
1042 2556 1237 2604 sancta
1284 2566 1517 2620 quaeque
1546 2550 1753 2615 anima,

161 2637 299 2690 dum
316 2654 349 2691 a
368 2653 573 2708 sponso
594 2654 695 2693 suo
707 2638 909 2692 absens
926 2644 1031 2705 est,
1052 2639 1121 2693 ab
1143 2640 1263 2709 ejus
1310 2656 1504 2693 amore
1533 2656 1646 2693 non
1666 2657 1756 2694 re-

154 2726 325 2791 cedit,
353 2727 447 2779 sed
476 2726 536 2780 in
566 2728 687 2796 ejus
718 2727 1056 2781 desiderium
1089 2745 1312 2799 semper
1327 2729 1556 2783 anhelat
1574 2735 1631 2782 et
1656 2746 1756 2798 ge-

2070 1853 2321 1919 (Nardus
2344 1868 2565 1920 sponse,
2604 1853 2807 1905 bonum
2837 1849 3198 1920 exemplum.)

1911 1937 2278 1996 21.Vers.ll.
2317 1943 2462 1995 Dum
2493 1945 2618 1994 esset
2647 1956 2744 1993 rea;
2771 1943 2833 1994 in
2871 1942 3127 1993 accubitu
3154 1956 3271 2001 suo,
3290 1954 3439 1992 nar-

1842 2030 1945 2082 dus
1974 2044 2095 2081 mea
2115 2029 2261 2080 dedit
2287 2029 2504 2081 odorem
2533 2044 2719 2081 suum.
2752 2028 2974 2081 Nardus
3004 2033 3090 2081 est
3119 2027 3293 2081 herba
3335 2029 3438 2081 hu-

1842 2116 2011 2179 milis,
2030 2133 2152 2187 quae
2179 2122 2407 2186 gustata
2428 2116 2606 2186 frigus
2634 2116 2877 2187 expellit,
2896 2123 2953 2169 et
2981 2116 3234 2170 calefacit
3257 2132 3437 2169 mem.

1837 2204 2021 2259 brum.
2053 2204 2386 2259 Accubitum
2418 2222 2581 2259 suum
2612 2222 2705 2259 rex
2745 2211 2880 2259 tunc
2908 2205 3158 2273 intravit,
3208 2205 3434 2276 quando

1840 2295 2110 2349 Dominus
2148 2299 2339 2348 noster
2393 2296 2556 2349 Jesus
2605 2294 2862 2364 Christus
2907 2294 3273 2365 corporaliter
3308 2294 3432 2348 cceli

1840 2384 2109 2438 interiora
2136 2384 2467 2454 penetravit.
2503 2384 2625 2448 Quo
2658 2382 2735 2436 ibi
2783 2385 3187 2454 requiescente,
3221 2383 3432 2438 nardus

1842 2489 2059 2543 sponsae
2089 2472 2317 2527 odorem
2342 2489 2504 2527 suum
2528 2472 2700 2537 dedit,
2728 2473 2859 2544 quia
2885 2473 3059 2527 virtus
3090 2479 3294 2527 sanctae
3337 2472 3434 2527 Ec-

1841 2561 2282 2625 clesiac,suavcm
2298 2561 2503 2614 famam
2531 2561 2795 2615 bonitatis
2822 2562 2986 2633 longe
3008 2563 3233 2633 lateque
3271 2579 3432 2633 spar-

1840 2651 1932 2704 sit.
1962 2651 2047 2703 Ad
2073 2651 2239 2704 caelos
2274 2650 2423 2704 enim
2466 2651 2736 2704 Dominus
2771 2651 3042 2715 ascendit,
3076 2657 3134 2705 et
3163 2651 3438 2722 Spiritum

1839 2744 2094 2792 sanctum
2128 2757 2289 2793 suum
2322 2756 2490 2810 super
2515 2740 2818 2810 discipulos
2864 2740 3034 2801 misit,
3079 2757 3188 2811 quo
3218 2740 3437 2812 impleti

158 2816 284 2869 mit.
320 2816 390 2869 Et
419 2815 551 2869 dum
583 2816 741 2869 illum
774 2832 940 2886 quem
961 2818 1121 2871 valde
1142 2818 1342 2887 diligit,
1376 2835 1487 2871 non
1519 2818 1748 2884 invenit,
1834 2825 2002 2879 verba
2048 2827 2246 2880 salutis
2292 2827 2500 2880 mundo
2542 2826 2933 2897 praedicarent,
2972 2832 3030 2881 et
3092 2844 3194 2898 per
3242 2832 3439 2881 sancta

161 2905 299 2975 quia
319 2904 391 2957 ab
410 2904 563 2958 omni
580 2905 763 2959 alieno
775 2922 966 2960 amore
995 2923 1055 2960 se
1086 2907 1342 2974 retrahit,
1376 2907 1536 2978 quasi
1565 2908 1623 2961 in
1652 2924 1751 2978 ge-

161 3009 370 3047 narum
388 2994 726 3048 verecundia
748 2995 1062 3050 castitatem
1092 2996 1296 3062 cordis,
1326 2995 1448 3067 ipso
1478 2995 1674 3051 habitu
1700 3002 1758 3051 et

158 3087 291 3137 actu
319 3083 580 3137 exteriori
602 3084 866 3138 ostendit.
893 3085 1160 3156 Sequitur
1193 3105 1204 3139 :

495 3173 729 3240 (Collum
748 3189 971 3241 sponsae,
988 3177 1420 3246 pradicatores.)

231 3258 542 3316 19.6'ollum
564 3267 723 3315 tuum
743 3267 887 3316 sicut
907 3264 1279 3317 monilia.Per
1295 3265 1497 3317 collum
1521 3281 1757 3336 sponsae,

157 3349 556 3421 praedicatores
601 3356 808 3406 sanctae
831 3352 1084 3406 Ecclesiae
1114 3353 1507 3423 designantur.
1546 3354 1761 3408 Monili-

157 3438 266 3493 bus
293 3438 686 3510 praedicatores
716 3446 1135 3511 comparantur,
1177 3442 1262 3494 vel
1315 3442 1447 3513 quia
1502 3443 1758 3498 Ecclesiae

154 3534 290 3583 sunt
312 3532 727 3595 ornamentum,
759 3530 845 3582 vel
874 3530 1008 3600 quia
1041 3529 1348 3584 Ecclesiam
1373 3532 1654 3598 muniunt,
1697 3537 1761 3585 ut

155 3623 354 3689 pectus
383 3616 592 3671 monile
625 3618 710 3671 vel
741 3635 775 3671 a
798 3620 1162 3684 rotunditate,
1183 3620 1239 3673 id
1285 3625 1370 3673 est
1398 3620 1755 3690 perfectione.

160 3710 226 3762 In
254 3705 581 3772 monilibus,
602 3722 840 3776 gemmae
862 3708 918 3761 in
940 3725 1080 3762 auro
1101 3715 1403 3779 ponuntur.
1431 3709 1539 3762 Per
1559 3726 1757 3763 aurum

157 3797 367 3867 quippe
398 3795 693 3865 sapientia,
717 3813 816 3867 per
844 3798 1058 3868 lapides
1088 3804 1421 3851 ornamenta
1443 3798 1760 3868 exprimun-

156 3893 271 3940 tur.
297 3884 515 3939 Collum
539 3892 912 3956 ergo'sponsae
947 3887 1095 3941 sicut
1125 3887 1355 3940 monilia
1382 3887 1592 3951 existit,
1627 3888 1759 3958 quia

157 3973 394 4047 quilibet
414 3977 600 4026 rectus
623 3975 880 4029 Ecclesiae
907 3977 1260 4047 prazdicator,
1285 3981 1343 4029 et
1369 3976 1645 4047 sapientia
1670 3977 1758 4031 in-

155 4063 336 4119 terius
365 4077 426 4116 se
457 4061 658 4125 induit,
684 4070 742 4117 et
771 4081 941 4135 opera
967 4065 1210 4119 exterius
1257 4070 1495 4129 exercet,
1538 4082 1660 4136 quae
1697 4066 1759 4121 in

155 4152 439 4227 sapientia
466 4149 622 4206 vidit.
658 4152 761 4208 Cui
786 4160 843 4207 et
872 4154 1055 4208 adhuc
1080 4155 1284 4208 dicitur
1318 4172 1328 4207 :

1837 2930 2008 2985 opera
2030 2914 2157 2969 boni
2205 2916 2393 2970 odoris
2436 2915 2644 2968 famam
2680 2915 3116 2988 circumquaque
3146 2916 3427 2970 diffunde-

1837 3007 1981 3057 rent.
2008 3005 2168 3058 Hunc
2199 3005 2404 3076 quippe
2436 3005 2493 3058 in
2540 3004 2815 3076 baptismo
2864 3022 3217 3077 unaquaeque
3256 3006 3438 3060 ﬁdelis

1839 3093 2029 3147 anima
2058 3093 2274 3164 recipit,
2310 3101 2375 3148 ut
2404 3111 2505 3165 per
2547 3110 2676 3147 eum
2724 3094 2830 3149 sibi
2885 3112 2951 3149 ex
2996 3096 3265 3150 virtutum
3297 3111 3435 3149 con-

1839 3181 2078 3237 fectione
2109 3190 2396 3253 unguenta
2419 3190 2736 3254 componat,
2766 3191 2823 3238 et
2868 3185 3150 3256 proximos
3195 3184 3434 3255 exempli

1842 3271 2206 3338 exhibitione,
2249 3271 2410 3343 quasi
2439 3272 2714 3341 unguenti
2765 3274 2935 3328 odore
2968 3273 3202 3327 reficiat.
3237 3273 3435 3344 Sequi-

1840 3364 1935 3412 tur
1966 3378 1976 3412 :

2089 3448 2428 3520 (Fasciculus
2449 3451 2713 3518 myrrhae,
2750 3452 3146 3519 mortiﬁcalio.)

1910 3536 2007 3593 22.
2046 3537 2203 3591 Vers.
2244 3536 2322 3592 1'2.
2359 3539 2671 3592 Fasciculus
2701 3540 2947 3608 myrrhas
3000 3541 3231 3594 dilectus
3284 3557 3438 3595 meus

1842 3628 2004 3685 mihi,
2040 3630 2190 3680 inter
2212 3628 2380 3679 ubera
2410 3643 2530 3680 mea
2587 3629 3036 3681 commorabitur.
3090 3631 3435 3684 Mortuorum

1843 3731 2078 3785 corpora
2108 3715 2563 3787 myrrhacondiri
2593 3716 2793 3781 solent,
2818 3732 2888 3770 ne
2916 3722 3259 3787 putrescant.
3291 3720 3438 3789 Myr-

1838 3803 2001 3856 rham
2021 3805 2245 3875 quippe,
2270 3811 2374 3858 etc.
2397 3806 2621 3872 Reliqua
2653 3822 2821 3874 usque
2850 3808 2922 3858 ad
2952 3809 3110 3871 ﬁnem
3148 3807 3438 3861 Commen-

1842 3896 1982 3946 tarii
2009 3894 2167 3946 habes
2198 3895 2271 3947 ad
2291 3895 2517 3947 verbum
2548 3897 2625 3946 im
2665 3895 3011 3962 Expositione
3065 3912 3183 3962 qua:
3211 3898 3311 3949 sub
3338 3913 3439 3950 no-

1841 3983 1997 4035 mine
2020 3980 2078 4035 S.
2107 3982 2356 4050 Gregorii
2379 3984 2573 4049 Magni
2620 3985 2769 4037 inter
2817 3987 2932 4051 ejus
2965 3983 3138 4050 Opera
3162 3986 3308 4038 edita
3337 3990 3432 4039 est.

1852 4071 1974 4123 Vide
2001 4072 2323 4139 Patrologias
2345 4077 2472 4125 tom.
2497 4070 2739 4139 LXXIX,
2770 4075 2866 4127 col.
2896 4071 3021 4127 471.

545 4459 1415 4573 ROBBBTI
1492 4459 1745 4567 DE
1815 4465 3056 4575 TUMBALENA

1435 4642 1726 4697 PRIORIS
1773 4641 1828 4696 S.
1871 4640 2167 4695 VIGORIS

274 4799 826 4897 EPISTOLA
913 4800 1068 4895 AD
1145 4800 1772 4897 MONACHOS
1847 4801 1935 4895 S.
2014 4798 2636 4895 MICHAELIS
2708 4802 2858 4897 DE
2934 4802 3323 4897 MONTE

962 4984 1048 5043 De
1078 4982 1336 5064 quodam
1365 4983 1645 5044 monacho
1683 4981 1991 5063 epileptico
2021 5001 2059 5042 a
2091 4980 2325 5042 levitate
2353 4999 2651 5041 converso.

237 5143 529 5224 (MABILL.
570 5141 800 5204 Annal.
834 5141 1094 5220 θεαταί,
1131 5145 1177 5205 t.
1214 5145 1287 5217 V,
1321 5144 1647 5222 Append,
1681 5163 1746 5222 p.
1781 5141 1927 5205 659.
1962 5161 2033 5224 ex
2065 5159 2181 5224 ms.
2218 5140 2357 5200 cod.
2397 5139 2543 5201 olim
2567 5138 2963 5204 bibliothecae
3001 5145 3063 5206 S.
3122 5143 3417 5223 Stephani

1273 5224 1645 5285 Cadomensi
1676 5241 1841 5284 nunc
1872 5222 2357 5296 Ottobonianae.)

1633 5344 1939 5359 ω

234 5443 530 5500 Fratribus
557 5450 807 5500 montem
836 5445 995 5500 Beati
1042 5446 1330 5501 Michaelis
1361 5448 1761 5514 habitantibus,

60 5562 71 5571 -
167 5536 347 5590 frater
375 5534 669 5589 Ronsa'rus
699 5540 757 5589 et
811 5535 1016 5588 fratres
1065 5536 1250 5590 caeteri
1310 5535 1458 5590 beati
1484 5535 1676 5607 Vigori
1705 5536 1765 5591 in

164 5623 753 5682 Monte-chrismatum
785 5623 1108 5679 servientes.

1920 5447 2258 5502 Benedictus
2288 5445 2436 5499 Deus
2466 5443 2653 5507 Pater,
2669 5448 2726 5496 et
2759 5441 3086 5499 benedictus
3111 5446 3210 5500 Dei
3245 5446 3436 5511 Filius,

1848 5543 2187 5607 sanctusque
2209 5533 2500 5603 utriusque
2546 5531 2808 5603 Spiritus,
2839 5532 3024 5586 trinus
3074 5534 3132 5587 in
3192 5536 3444 5606 ejusdem

1848 5624 2160 5697 majestatis
2190 5620 2506 5677 substantia
2532 5622 2700 5684 Deus,
2728 5619 2822 5691 qui
2838 5619 2919 5673 nil
2946 5620 3065 5674 odit
3093 5637 3289 5676 eorum
3318 5639 3442 5693 quae
