3934 6362
441 360 573 429 137i

1520 370 1835 426 ROBERTI
1873 366 2181 423 ABBATIS
2222 365 2280 419 S.
2322 364 2617 419 VIGORIS

3576 362 3717 418 1372

436 498 568 553 fecit
588 497 736 565 (Sap.
769 511 845 561 x1,
882 494 990 559 55),
1042 496 1307 565 quoniam
1357 495 1478 549 vult
1527 511 1721 548 omnes
1776 493 2034 546 homines
2053 496 2095 551 A
2120 490 2361 544 surrexit
2391 488 2652 559 planctus
2682 489 3032 543 miserabiles
3046 490 3333 553 emittens,
3365 505 3603 560 nosque,
3622 490 3717 559 qui

440 588 621 641 salvos
645 585 848 649 fieri,et
870 584 937 637 ad
968 584 1309 653 agnitionem
1343 584 1593 636 veritatis
1625 583 1812 636 venire
1856 584 2030 643 (Tim,

441 676 518 745 1),
554 676 649 746 qui
678 691 780 729 nos
806 674 974 729 etiam
1008 678 1420 744 contemptores
1453 689 1563 727 non
1582 670 1912 737 contemnit,
1939 670 2036 723 sed

442 765 706 819 adversos
728 761 1019 824 convertit,
1042 778 1334 815 conversos
1355 761 1557 832 diligit,
1594 761 1937 830 dilectosque
1966 758 2036 812 ad

444 854 634 908 vultus
656 851 743 906 sui
764 850 1159 904 hilarissimam
1174 850 1672 920 beatissimamque
1694 849 1963 902 visionem
1981 848 2038 901 in

445 938 796 995 mirabilibus
806 956 920 993 suae
934 939 1225 1008 potestatis
1240 938 1545 1007 singularis
1557 938 1828 1009 provehit.
1840 937 1940 991 Hic
1952 942 2038 990 est

446 1030 594 1083 Deus
613 1034 822 1091 noster,
842 1028 993 1081 solus
1006 1028 1308 1087 timendus,
1333 1027 1484 1080 solus
1498 1026 1894 1096 amandus,qui
1924 1041 2035 1079 non

442 1118 670 1189 respicit
684 1114 929 1171 hominis
941 1114 1302 1188 [ﬂhomines]
1316 1116 1428 1172 .sed
1448 1116 1655 1188 perdit,
1675 1132 1741 1168 ea
1763 1132 1887 1185 quae
1906 1120 2038 1167 sunt

445 1212 510 1261 ut
537 1222 602 1261 ea
620 1223 742 1277 quae
770 1222 882 1261 non
912 1212 1044 1259 sunt
1063 1205 1327 1271 instruat,
1350 1204 1446 1276 qui
1494 1203 1640 1274 apud
1674 1219 1774 1256 nos
1814 1218 2035 1271 qiuzque

445 1294 674 1349 ultimos
705 1311 892 1349 δεῖνος
922 1311 1053 1348 SUOS
1072 1293 1332 1347 timorem
1366 1309 1528 1346 suum
1553 1297 1609 1345 et
1626 1307 1873 1344 amorem
1892 1306 2041 1343 reve-

445 1384 597 1448 lavit,
626 1383 945 1454 percutiens
977 1382 1268 1454 superbos,
1302 1388 1358 1435 et
1384 1397 1589 1435 sanans
1612 1379 1871 1434 humiles.
1900 1379 2039 1432 Rem

446 1471 597 1527 vobis
628 1473 825 1543 loquar
843 1472 1071 1541 dignam
1117 1470 1410 1535 memoria,
1443 1469 1650 1523 nostris
1692 1467 2041 1538 temporibus

444 1561 781 1625 inauditam,
807 1577 930 1632 quae
981 1576 1106 1613 cum
1140 1558 1388 1613 omnium
1433 1574 1598 1611 aures
1652 1556 2041 1626 magnitudine

445 1650 852 1718 singularitatis
876 1666 991 1703 sua:
1019 1648 1202 1701 valeat
1219 1646 1534 1711 exturbare,
1557 1663 1650 1699 vos
1671 1652 1862 1699 tamen
1882 1661 2036 1699 mon-

2119 597 2244 632 eum
2265 577 2837 641 circumdederamus,
2864 579 3057 632 dolore
3085 578 3259 631 nimio
3289 586 3346 632 et
3375 576 3719 632 intolerabili

2119 667 2461 723 concutiens.
2518 667 2744 721 Surrexi
2799 674 2933 722 tunc
2964 685 2994 721 e
3023 668 3142 722 solo
3173 667 3400 722 veniens
3439 667 3510 721 ad
3531 668 3713 731 illum,

2119 756 2215 811 ubi
2253 758 2308 811 in
2333 753 2593 810 manibus
2609 757 2843 810 fratrum
2852 758 3125 827 jacuerat,
3144 757 3377 826 jamque
3395 762 3724 811 surrexerat

2119 852 2343 902 tantum
2359 854 2424 901 ut
2444 850 2682 902 sederet.
2708 845 3088 917 'Aspicientem
3120 862 3249 900 vero
3280 863 3408 900 eum
3433 852 3492 900 et
3513 846 3605 899 vix
3630 862 3722 901 me

2119 943 2513 1005 agnoscentem
2537 937 2726 1007 rogavi
2757 936 3020 1007 lacrymis
3047 935 3286 1001 infusus,
3302 942 3364 990 ut
3393 934 3558 991 nobis
3587 951 3723 1005 quo-

2119 1025 2285 1078 modo
2306 1042 2439 1095 erga
2469 1044 2529 1080 se
2549 1031 2696 1080 esset
2718 1025 2963 1078 ediceret
2991 1044 3002 1092 ;
3037 1024 3132 1095 qui
3180 1025 3409 1078 tandem
3454 1023 3719 1080 nimis....

2120 1119 2177 1167 et
2203 1113 2480 1169 submisse
2527 1115 2762 1187 loquens
2788 1114 2869 1167 ait
2890 1130 2950 1167 se
2995 1112 3391 1168 miserabiliter
3419 1118 3636 1168 tortum
3667 1119 3725 1166 et

2119 1204 2483 1260 confractum.
2518 1202 2761 1273 Praecepi
2788 1202 2960 1272 igitur
3004 1208 3069 1256 ut
3117 1202 3175 1255 in
3224 1202 3487 1273 quodam,
3521 1202 3621 1272 qui
3644 1201 3723 1256 ibi

2123 1292 2336 1354 aderat,
2368 1293 2509 1346 lecto
2537 1298 2842 1363 poneretur
2874 1298 2939 1345 ut
2967 1292 3425 1361 quiesceret.Quo
3444 1292 3525 1344 sic
3550 1291 3720 1357 facto,

2123 1381 2312 1449 rogavi
2341 1382 2545 1435 fratres
2571 1392 2634 1435 ut
2656 1396 2809 1434 more
2839 1396 2939 1433 suo
2962 1380 3021 1432 in
3051 1380 3360 1450 capitulum
3390 1380 3558 1442 irent,
3588 1379 3724 1449 quia

2124 1485 2225 1538 ego
2255 1485 2286 1522 a
2306 1469 2500 1535 fratre,
2533 1469 2760 1523 omnino
2790 1469 2982 1522 dolore
3009 1483 3099 1521 me
3155 1468 3425 1537 agitante,
3459 1468 3725 1521 recedere

2127 1572 2235 1610 non
2255 1557 2506 1611 valebam
2540 1575 2557 1627 ς
2604 1557 2723 1610 sedi
2752 1570 2883 1610 vero
2902 1572 3089 1609 coram
3108 1570 3174 1609 eo
3193 1571 3433 1609 mmrens
3456 1560 3515 1608 et
3540 1555 3725 1625 lacry-

2119 1646 2646 1716 mans,locutusque
2667 1662 2795 1698 cum
2821 1662 2907 1709 eo,
2932 1645 3012 1698 ait
3029 1644 3251 1715 itaque:
3279 1662 3304 1695 α
3327 1643 3726 1698 Mihifactaest

443 1745 607 1793 tanos
637 1739 838 1792 fratres
861 1737 1104 1791 maxime
1132 1736 1377 1807 percutit
1406 1742 1462 1789 et
1490 1734 1769 1797 sollicitat,
1798 1735 1929 1804 quia
1967 1733 2035 1786 de
2062 1804 2087 1807 μ
2118 1751 2217 1788 vox
2235 1735 2488 1804 quaedam
2511 1733 2780 1789 terribilis
2794 1734 2959 1788 modo
2976 1733 3199 1788 dicens:
3232 1752 3257 1785 ι
3293 1734 3408 1786 Cur
3436 1733 3507 1786 de
3524 1748 3724 1786 mona-

445 1828 601 1881 vobis
627 1832 714 1880 est
734 1833 790 1880 et
814 1825 969 1880 vobis
1000 1804 1263 1879 mittitur.
1288 1823 1455 1894 Hugo
1489 1830 1714 1877 vocatus
1730 1822 2037 1892 fraterqui-
2061 1804 2107 1864 Β
2129 1842 2153 1873 «
2178 1823 2348 1876 sterio
2368 1831 2466 1878 tuo
2497 1838 2757 1893 egressus
2775 1822 2872 1878 es?
2907 1842 2929 1874 ι
2971 1823 3073 1877 Cui
3101 1823 3181 1876 sic
3203 1822 3519 1893 increpanti
3548 1838 3643 1875 me
3670 1828 3729 1876 et

448 1917 576 1971 dam
601 1915 749 1986 apud
779 1932 880 1969 nos
901 1913 1128 1983 degens,
1152 1930 1325 1984 nepos
1338 1913 1608 1968 Lonensis
1638 1911 1855 1965 abbatis
1871 1926 2039 1980 quem

448 2020 543 2060 vos
568 2003 778 2074 Optime
809 2003 1002 2068 nostis,
1036 2003 1168 2072 quia
1196 2001 1340 2072 apud
1366 2018 1461 2054 vos
1480 2001 1539 2054 in
1564 2000 1768 2054 scholis
1795 1999 2042 2054 nutritus

447 2099 534 2147 est
554 2111 711 2165 puer,
734 2093 841 2147 iste
871 2108 1034 2164 quem
1058 2092 1257 2162 loquor
1286 2107 1403 2145 rem
1458 2090 1696 2144 incurrit
1739 2105 1862 2158 quae
1888 2088 2041 2141 vobis

448 2199 674 2238 necesse
697 2188 782 2236 est
801 2188 866 2236 ut
885 2188 1018 2237 nota
1042 2182 1158 2234 ﬁat.
1185 2181 1245 2234 In
1269 2180 1436 2235 choro
1465 2180 1704 2250 quadam
1728 2178 1838 2243 die,
1867 2176 2039 2230 tertia

446 2272 606 2339 feria,
630 2272 763 2326 dum
794 2272 998 2325 fratres
1018 2271 1195 2324 nostri
1218 2271 1447 2323 missam
1478 2268 1865 2323 matutinalem
1891 2266 2039 2319 rele-

446 2360 694 2424 brarent,
724 2366 845 2414 erat
870 2366 927 2413 et
951 2359 1069 2429 ipse
1096 2375 1223 2412 cum
1255 2358 1490 2421 caeteris,
1521 2364 1585 2411 ut
1614 2356 1773 2410 nobis
1813 2355 2038 2409 videba-

2121 1913 2377 1976 terrenti,
2428 1913 2541 1967 alia
2587 1929 2707 1977 vox,
2766 1928 2857 1965 me
2904 1912 3189 1975 audiente,
3220 1910 3356 1965 satis
3405 1910 3631 1981 placida
3666 1918 3724 1964 et

2123 2002 2308 2055 suavis
2336 2001 2625 2055 confestim
2655 2001 2944 2071 respondit
2975 2018 2987 2054 :
3026 2020 3048 2052 ι
3084 2001 3226 2065 Quid
3251 2018 3317 2056 ex
3343 2001 3451 2054 hoc
3469 2000 3543 2054 ad
3570 1999 3672 2054 te?
3697 2018 3722 2051 η

2124 2091 2382 2161 Dumque
2402 2108 2505 2160 ego
2538 2091 2584 2144 si
2615 2090 2824 2161 aliquid
2856 2091 3088 2145 vidisset
3115 2092 3454 2162 quaesissem,
3495 2096 3727 2144 tantum

2121 2180 2364 2243 audisse,
2400 2180 2650 2250 nihilque
2700 2196 2761 2234 se
2799 2180 3001 2233 vidisse
3050 2180 3207 2234 dixit.
3257 2179 3444 2233 Finito
3484 2180 3723 2233 tandem

2122 2270 2386 2339 capitulo,
2416 2282 2473 2323 et
2510 2269 2715 2323 vocatis
2738 2268 3069 2339 quibusdam
3096 2268 3383 2334 fratribus,
3396 2268 3540 2338 jussi
3570 2274 3640 2321 ut
3665 2268 3727 2321 in

2122 2358 2347 2412 domum
2367 2358 2716 2413 infirmorum
2750 2363 3090 2428 portaretur,
3117 2358 3209 2428 qui
3238 2363 3494 2428 portatus
3515 2357 3721 2427 jacuit,

447 2454 560 2513 tur,
593 2466 763 2504 sanus
820 2454 878 2502 et
932 2448 1147 2511 hilaris,
1183 2446 1278 2517 qui
1325 2447 1692 2517 pauxillulum
1746 2444 1953 2499 doloris
1983 2444 2041 2498 in
2125 2463 2341 2517 egoque
2361 2453 2587 2502 secutus
2616 2461 2765 2509 eum,
2798 2448 3003 2517 quippe
3032 2463 3196 2517 quem
3239 2447 3395 2500 nullo
3425 2446 3595 2501 modo
3628 2462 3721 2500 res

450 2537 633 2609 capite
662 2539 910 2593 sentiens
940 2537 1141 2591 lectum
1166 2535 1324 2599 adiit,
1357 2544 1419 2589 ut
1473 2552 1530 2588 se
1580 2538 1961 2606 prosterneret.
1988 2537 2045 2587 et
2123 2543 2238 2591 tam
2257 2552 2396 2590 nova
2419 2542 2476 2589 et
2502 2541 2618 2589 tam
2650 2535 2828 2589 tristis
2866 2535 3147 2589 dimittere
3197 2552 3288 2589 me
3320 2534 3559 2599 sinebat,
3586 2535 3728 2589 assi-

452 2627 783 2698 quiesceret,
817 2625 912 2680 ubi
942 2642 1089 2690 cum,
1124 2624 1283 2679 nobis
1313 2623 1573 2677 omnibus
1630 2621 2039 2691 ignorantibus,
2125 2625 2269 2679 duus
2287 2624 2693 2694 eram.Septies
2711 2633 2899 2678 autem
2930 2641 3108 2694 usque
3133 2624 3200 2678 ad
3233 2625 3487 2678 eamdem
3520 2624 3724 2678 horam

442 2717 676 2787 jaceret,
702 2716 886 2769 subito
915 2714 1011 2768 illa
1040 2712 1296 2767 molestia
1345 2712 1615 2782 arripitur
1642 2727 1808 2782 quam
1843 2709 2042 2764 medici
2125 2715 2447 2773 crastinam.
2482 2713 2642 2769 nobis
2671 2713 3038 2783 praesentibus
3068 2719 3123 2767 et
3154 2712 3491 2769 videntibus.
3525 2714 3726 2767 eadem

450 2804 777 2877 epilepsiam
806 2802 1068 2859 vocabulo
1082 2802 1274 2857 Graeco
1304 2802 1515 2865 dicunt,
1534 2802 1620 2855 vel
1647 2817 1866 2855 sacrum
1893 2816 2045 2853 mor-
2127 2803 2311 2874 passio
2336 2816 2465 2858 eum
2497 2802 2754 2872 arripuit,
2778 2803 2903 2856 aliis
2927 2819 3052 2856 vero
3073 2802 3269 2856 diebus
3286 2819 3426 2873 pene
3456 2803 3617 2856 omni
3636 2803 3727 2857 die

449 2893 601 2961 bum,
620 2910 687 2949 eo
708 2894 856 2966 quod
879 2909 1065 2947 sacras
1081 2890 1325 2946 hominis
1348 2896 1554 2963 partes,
1589 2900 1652 2945 ut
1681 2896 1767 2944 est
1794 2896 1962 2962 caput
1988 2895 2046 2942 et
2128 2893 2299 2947 semel
2328 2897 2426 2947 aut
2446 2891 2531 2946 bis
2564 2892 2713 2946 idem
2744 2909 2942 2962 passus
2972 2897 3072 2946 est.
3092 2892 3286 2946 Vocati
3316 2891 3491 2962 igitur
3519 2892 3725 2946 medici

450 2990 716 3049 mentem,
750 2988 1000 3055 occupet.
1024 2983 1139 3037 Nos
1178 2997 1307 3035 vero
1357 2980 1662 3051 vulgariter
1713 2986 1931 3049 guttam
1957 2994 2045 3033 ca-
2126 2980 2236 3037 duo
2257 2981 2584 3045 doctissimi,
2619 2981 2715 3051 qui
2760 2981 2819 3035 in
2865 2981 3085 3036 civitate
3114 2987 3416 3051 pascentes
3456 2981 3721 3047 aderant,

449 3073 672 3135 ducam,
706 3090 770 3129 ex
828 3089 893 3127 eo
938 3071 1085 3142 quod
1134 3070 1334 3125 cadere
1390 3070 1575 3133 faciat,
1619 3085 1898 3124 vocamus.
1924 3068 2102 3142 Hac“
2125 3071 2380 3125 fecerunt
2401 3071 2450 3124 ei
2469 3070 2740 3140 quidquid
2770 3076 3071 3141 poterunt;
3104 3070 3201 3124 sed
3228 3087 3392 3141 quem
3415 3086 3519 3124 sua
3548 3085 3726 3126 manu

449 3162 891 3232 igiturarreptus
904 3166 1007 3226 est;
1031 3159 1322 3214 confestim
1353 3165 1597 3213 mentem
1628 3158 1892 3229 perdidit,
1916 3174 2041 3212 ocu-

448 3252 533 3305 los
544 3252 764 3314 clausit,
804 3267 945 3319 quos
966 3248 1135 3302 etiam
1159 3247 1419 3302 manibus
1440 3248 1682 3318 stringit,
1715 3263 1901 3317 genua
1920 3263 2044 3300 cur-

448 3340 617 3393 vavit.
646 3339 944 3393 calcitrans
975 3343 1031 3390 et
1065 3336 1286 3389 volvens
1342 3354 1401 3389 se
1456 3336 1512 3389 in
1568 3337 1728 3389 lecto.
1762 3335 1882 3405 Ego
1914 3351 2042 3388 vero

452 3445 579 3483 cum
617 3427 851 3481 fortuito
908 3443 1041 3480 casu
1097 3426 1154 3480 in
1193 3427 1436 3479 claustro
1486 3426 1685 3479 sedens
1715 3424 2041 3491 scriberem,

450 3516 700 3572 cucurrit
726 3515 902 3571 frater
931 3514 1159 3585 quidam
1182 3514 1526 3577 exturbatus,
1560 3521 1616 3567 et
1643 3514 1831 3567 dicens
1859 3514 2045 3582 Hugo-

449 3623 579 3660 nem
610 3605 771 3659 mori.
800 3604 885 3658 Ad
927 3604 1070 3658 hanc
1127 3620 1314 3657 vocem
1363 3619 1488 3657 cum
1548 3620 1650 3671 ego
1683 3602 2044 3656 tremefactus

451 3710 759 3765 surgerem,
796 3708 1194 3762 curreremque
1213 3696 1338 3761 post
1359 3707 1506 3751 eum,
1529 3692 1648 3761 jam
1672 3691 1831 3744 finita
1852 3690 2040 3755 missa,

451 3784 651 3838 fratres
677 3800 870 3837 omnes
899 3781 1202 3835 currebant
1229 3787 1517 3852 portantes
1557 3797 1776 3833 crucem
1811 3796 2046 3850 aquam-

2127 3165 2469 3231 prostratum
2514 3160 2662 3214 Deus
2709 3160 2831 3213 sola
2879 3176 2982 3213 sua
3045 3160 3370 3230 operatione
3406 3161 3725 3215 sanandum

2125 3248 2471 3320 providebat,
2506 3249 2764 3304 humana:
2807 3265 3009 3304 manus
3065 3247 3445 3303 molitionibus
3498 3249 3726 3319 erigen-

2125 3340 2257 3393 dum
2281 3354 2392 3392 non
2417 3338 2648 3407 aptavit.

2194 3429 2338 3483 Dum
2369 3428 2488 3482 htec
2518 3434 2840 3497 agerentur,
2884 3428 3126 3498 quadam
3164 3427 3257 3481 die
3280 3443 3404 3497 ego,
3444 3427 3540 3498 qui
3583 3442 3727 3497 pene

2126 3517 2386 3572 assiduus
2415 3517 2663 3579 aderam,
2696 3516 2922 3572 domum
2947 3516 3005 3571 in
3032 3530 3143 3586 qua
3195 3516 3369 3570 frater
3404 3522 3722 3587 separatus,

2126 3614 2190 3661 ut
2204 3604 2590 3676 hujuscemodi
2614 3605 2692 3658 rei
2722 3605 3090 3676 competebat,
3112 3604 3443 3667 habebatur,
3478 3604 3718 3669 intrans,

2127 3712 2254 3750 eum
2286 3701 2343 3749 et
2370 3695 2669 3758 ridentem,
2704 3696 3014 3759 sedentem,
3040 3695 3437 3763 jocantemque
3484 3709 3616 3747 cum
3647 3694 3723 3747 fa-

2128 3787 2315 3851 mulis,
2341 3785 2437 3855 qui
2459 3786 2582 3854 ejus
2606 3784 2851 3847 servitio,
2889 3801 2976 3838 me
3027 3783 3403 3855 praecipiente,
3436 3783 3619 3837 seduli
3640 3800 3725 3838 as-

450 3889 558 3944 que
584 3870 1274 3927 benedictam.Venientes
1298 3871 1490 3941 igitur,
1521 3869 1641 3925 sine
1663 3872 2049 3940 mentejacen-
2129 3875 2425 3942 sistebant,
2472 3873 2697 3940 inveni;
2758 3879 2929 3928 tantae
2986 3888 3232 3941 namque
3298 3872 3540 3926 levitatis
3603 3878 3727 3926 erat

449 3973 565 4016 tem
624 3961 959 4023 invenimus,
1019 3961 1388 4030 stringentem
1431 3960 1690 4014 manibus
1738 3961 1945 4025 oculos,
1987 3965 2046 4013 et
2131 3970 2352 4035 quantae
2373 3980 2468 4017 vos
2489 3962 2663 4021 scitis.
2687 3969 2752 4018 ut
2771 3963 2903 4016 dum
2956 3978 3177 4016 mecum
3221 3962 3280 4015 in
3318 3962 3563 4015 claustro
3592 3969 3724 4016 ante

404 4068 409 4075 ί
447 4044 684 4122 genibus
713 4051 1117 4105 calcitrantem.
1153 4050 1536 4121 Expergefacti
1575 4050 1784 4120 itaque,
1828 4055 2041 4119 septem
2125 4054 2269 4107 hanc
2287 4051 2675 4122 aegritudinem
2694 4051 3093 4113 viveret,nullis
3113 4050 3301 4114 minis,
3332 4050 3503 4103 nullis
3520 4050 3721 4122 plagis,

448 4142 694 4213 psalmos
724 4141 1135 4212 poenitentiales
1158 4141 1523 4210 incmpimus;
1550 4140 1741 4193 videns
1770 4157 1898 4193 vero
1928 4157 2042 4194 ma-
2125 4142 2295 4196 nullis
2324 4140 2628 4203 blanditiis,
2653 4140 2823 4194 nullis
2846 4138 3322 4193 admonitionibus
3337 4139 3407 4192 ad
3424 4155 3484 4193 se
3513 4140 3728 4195 rediret

448 4246 556 4284 nus
580 4230 731 4283 illius
753 4230 943 4283 oculos
966 4230 1115 4283 ultra
1137 4246 1303 4299 quam
1337 4229 1599 4299 expedire
1629 4229 1912 4281 videretur
1940 4245 2040 4299 op-
2124 4238 2188 4285 ut
2202 4248 2260 4285 se
2282 4236 2660 4300 cognosceret;
2686 4228 3105 4282 indomabiliter
3134 4230 3280 4281 enim
3324 4229 3559 4293 levitati,
3580 4230 3721 4299 jocis

448 4318 776 4389 primentes,
809 4317 1012 4371 attraxi
1033 4334 1128 4371 eas
1156 4334 1188 4369 a
1236 4318 1378 4380 loco,
1408 4316 1647 4387 dedique
1676 4316 1943 4371 fratribus
1981 4324 2045 4371 ut
2127 4327 2183 4373 et
2209 4319 2447 4373 lasciviae
2464 4317 2697 4389 juvenili
2738 4318 2972 4381 instans,
3004 4317 3372 4371 scurrilitates
3403 4334 3468 4371 ex
3497 4321 3617 4371 toto
3634 4335 3720 4372 se-

447 4412 724 4469 tenerent,
758 4408 1069 4461 reluctante
1112 4406 1209 4459 illo
1250 4408 1576 4479 plurimum,
1619 4407 1872 4478 quamvis
1902 4407 2041 4460 nihil
2066 4426 2324 4479 nquens,
2358 4406 2751 4464 contemnebat
2778 4407 3026 4472 omnino,
3069 4423 3170 4463 nec
3199 4406 3307 4463 alio
3338 4406 3503 4463 modo
3534 4406 3723 4461 frena-

452 4495 748 4549 sentiente.
784 4486 1084 4551 Paululum
1116 4504 1246 4549 vero
1268 4494 1481 4549 cumibi
1503 4503 1672 4567 super
1700 4490 1856 4551 illum
1888 4498 2041 4566 psal-
2067 4486 2106 4502 “’
2131 4496 2241 4551 bat.
2267 4494 2370 4551 Sed
2404 4497 2535 4566 quid
2567 4490 2765 4566 loquor
2793 4493 2861 4550 de
2897 4495 3143 4551 humano
3185 4492 3406 4560 adnisa,
3432 4512 3560 4549 cum
3590 4504 3724 4550 tunc

449 4584 630 4638 lentes
658 4590 716 4637 et
742 4585 1026 4654 signantes
1047 4600 1171 4637 cum
1203 4600 1367 4637 cruce
1402 4584 1773 4647 stetissemus,
1807 4586 1950 4653 jussi
1981 4592 2046 4641 ut

450 4672 509 4726 in
566 4673 874 4727 oratorium
940 4679 1280 4743 portaretur.
1314 4672 1491 4735 Quem
1537 4689 1661 4725 cum
1723 4673 2045 4728 obedientes

449 4762 651 4816 fratres
682 4762 928 4833 undique
950 4762 1359 4833 apprehensum
1384 4761 1469 4815 vix
1492 4768 1830 4831 portassent,
1874 4763 2045 4832 jacie-

450 4851 618 4906 batur
632 4851 782 4904 enim
805 4851 951 4904 inter
970 4858 1171 4903 mantis
1200 4855 1420 4902 nostras
1453 4840 1665 4913 marbo,
1700 4857 1757 4904 et
1780 4849 2038 4905 dissolve~

452 4940 617 4994 batur
630 4940 893 4995 omnibus
907 4939 1170 4993 membris
1187 4938 1431 4992 torsione
1448 4939 1692 4993 mirabili
1719 4946 1775 4993 et
1806 4944 2040 4994 misera-

450 5031 568 5093 bili,
601 5035 732 5084 ante
764 5029 913 5083 beati
944 5028 1159 5082 Nicolai
1183 5033 1608 5098 prostraverunt
1645 5026 1841 5091 altare,
1874 5046 2045 5100 seque

447 5125 869 5191 prosternentes
921 5124 977 5172 et
1019 5118 1193 5173 nimia
1225 5118 1559 5171 contritione
1590 5120 1908 5188 psallentes.
1940 5119 2044 5175 Ubi

448 5226 574 5263 cum
608 5224 709 5278 ego
739 5207 992 5261 adessem
1018 5212 1075 5259 et
1104 5202 1434 5259 mirabiliter
1463 5207 1729 5272 dolerem,
1764 5208 1904 5261 adeo
1924 5224 2046 5262 cru-

447 5298 636 5354 ciabar
687 5296 949 5367 lacrymis
992 5301 1049 5349 et
1103 5295 1361 5364 suspiriis
1409 5296 1810 5365 quatientibus.
1854 5303 1915 5349 ut
1943 5312 2045 5349 nec

446 5387 600 5458 loqui
628 5403 730 5439 nec
758 5386 997 5456 psallere
1028 5385 1290 5448 valerem,
1338 5385 1555 5437 haerens
1584 5391 1805 5437 tantum
1837 5385 1956 5438 solo
1988 5390 2043 5438 et

448 5475 673 5528 ﬂetibus
690 5474 923 5527 mazstis.
951 5473 1121 5526 Dictis
1135 5473 1325 5543 itaque
1340 5473 1570 5543 psalmis
1585 5479 1798 5541 septem
1832 5480 1887 5526 et
1911 5470 2043 5526 lita-

450 5563 562 5624 nia,
580 5566 774 5632 postea
802 5561 1130 5615 dicebantur
1153 5561 1405 5632 triginta,
1431 5577 1570 5632 quos
1587 5572 1721 5616 Usus
1753 5561 2043 5616 monachis

453 5652 539 5701 est
564 5655 697 5702 ante
741 5649 1075 5703 nocturnam
1130 5650 1384 5720 synaxim
1442 5651 1744 5719 celebrare,
1786 5662 1911 5707 cum
1948 5648 2044 5705 ille

2126 4583 2314 4637 divino
2337 4583 2549 4655 judicio
2579 4589 2780 4645 tortus,
2800 4591 2917 4636 tam
2948 4583 3196 4645 incertis,
3218 4590 3331 4635 tam
3362 4582 3725 4637 horribilibus

2127 4672 2426 4727 tormentis
2454 4678 2782 4742 qnateretur
2806 4691 2816 4733 ;
2848 4688 2949 4725 nec
2964 4672 3043 4725 sic
3064 4671 3275 4724 duritia
3290 4672 3414 4741 ejus
3434 4671 3724 4742 frangere-

2126 4767 2238 4826 tur,
2270 4767 2335 4817 ut
2348 4761 2433 4814 vel
2456 4760 2866 4831 aliquantulum
2898 4760 3084 4814 minus
3113 4760 3422 4826 lasciveret,
3456 4761 3572 4815 imo
3602 4778 3724 4815 am-

2126 4848 2273 4921 plius
2311 4855 2368 4902 et
2390 4849 2631 4919 amplius
2675 4848 2925 4902 moribds
2976 4840 3327 4903 solvebatur.
3361 4858 3543 4920 neqUe
3573 4844 3723 4904 enim

2127 4939 2390 4993 continua
2445 4938 2724 5009 passione,
2768 4938 2866 4991 sed
2922 4938 3149 4992 incertis
3187 4938 3383 5008 spatiis
3423 4939 3728 4993 accedebat

2128 5028 2330 5098 passio,
2356 5022 2742 5095 torquebatur,
2760 5026 3071 5084 tenebatur.
3086 5033 3142 5080 et
3166 5026 3592 5081 dimittebatur?
3618 5029 3729 5092 Qui

2127 5117 2391 5171 dimissus
2442 5131 2557 5169 una
2604 5114 2741 5168 hora
2788 5125 2887 5169 aut
2942 5116 3193 5183 dimidia,
3227 5116 3464 5187 repertis
3495 5116 3724 5183 viribus,

2127 5204 2393 5274 surgebat
2414 5210 2469 5258 et
2497 5203 2733 5273 pristina
2758 5204 2984 5258 levitate
3026 5205 3381 5275 pascebatur,
3416 5206 3725 5277 morboque

2126 5301 2308 5350 tortus
2340 5293 2554 5345 insania
2574 5294 2887 5363 juventutis
2916 5311 2980 5347 eo
3018 5295 3176 5363 pejus
3204 5311 3314 5364 quo
3337 5295 3725 5364 voluptuosius

2126 5382 2510 5453 torquebatur.
2531 5379 2754 5434 Intraus
2776 5382 2983 5453 itaque,
3009 5388 3071 5435 ut
3094 5383 3279 5435 dicere
3303 5398 3606 5452 cceperam,
3627 5383 3724 5437 do.

2124 5488 2298 5535 mum,
2329 5484 2455 5523 cum
2488 5468 2624 5521 mihi
2655 5470 2813 5523 valde
2835 5471 2981 5524 risus
3003 5478 3117 5524 tam
3144 5471 3497 5543 importunus
3522 5468 3721 5544 displi-

2126 5567 2294 5625 ceret,
2330 5558 2498 5624 tacui,
2533 5564 2588 5611 et
2635 5558 2753 5611 sedi
2799 5576 2925 5613 cum
2985 5576 3068 5617 eo.
3093 5571 3326 5631 parcens
3365 5559 3417 5613 ei
3469 5556 3724 5635 nihilque

2126 5652 2336 5717 dicens,
2361 5648 2532 5702 etiam
2553 5663 2666 5701 non
2694 5648 2989 5721 displicere
3015 5646 3162 5720 quod
3196 5646 3399 5720 agebat
3428 5647 3722 5717 simulavi;
