  <div class='ocr_page' id='page_1' title='image "/cluster/home/n/w/nwhite01/storage/ocr_20150623/150/umn.31951002477443u/780.png"; bbox 0 0 3934 6354; ppageno 0'>
   <div class='ocr_carea' id='block_1_1' title="bbox 208 348 345 413">
    <p class='ocr_par' dir='ltr' id='par_1_1' title="bbox 208 348 345 413">
     <span class='ocr_line' id='line_1_1' title="bbox 208 348 345 413; baseline 0.007 -1"><span class='ocrx_word' id='word_1_1' title='bbox 208 348 345 413; x_wconf 78' lang='lat'>1373</span> 
     </span>
    </p>
   </div>
   <div class='ocr_carea' id='block_1_2' title="bbox 1406 350 2276 418">
    <p class='ocr_par' dir='ltr' id='par_1_2' title="bbox 1406 350 2276 418">
     <span class='ocr_line' id='line_1_2' title="bbox 1406 350 2276 418; baseline -0.002 0"><span class='ocrx_word' id='word_1_2' title='bbox 1406 358 1756 418; x_wconf 76' lang='lat' dir='ltr'>EPISTULA</span> <span class='ocrx_word' id='word_1_3' title='bbox 1792 350 1890 416; x_wconf 79' lang='lat' dir='ltr'>AD</span> <span class='ocrx_word' id='word_1_4' title='bbox 1927 352 2276 417; x_wconf 72' lang='lat' dir='ltr'>FRATRES.</span> 
     </span>
    </p>
   </div>
   <div class='ocr_carea' id='block_1_3' title="bbox 3336 352 3478 423">
    <p class='ocr_par' dir='ltr' id='par_1_3' title="bbox 3336 352 3478 423">
     <span class='ocr_line' id='line_1_3' title="bbox 3336 352 3478 423; baseline -0.021 0"><span class='ocrx_word' id='word_1_5' title='bbox 3336 352 3478 423; x_wconf 73' lang='lat'><strong>1374</strong></span> 
     </span>
    </p>
   </div>
   <div class='ocr_carea' id='block_1_4' title="bbox 202 474 3482 564">
    <p class='ocr_par' dir='ltr' id='par_1_4' title="bbox 202 474 3482 564">
     <span class='ocr_line' id='line_1_4' title="bbox 202 474 3482 564; baseline 0.004 -29"><span class='ocrx_word' id='word_1_6' title='bbox 202 474 473 535; x_wconf 85' lang='lat' dir='ltr'>timebam</span> <span class='ocrx_word' id='word_1_7' title='bbox 496 483 646 536; x_wconf 83' lang='lat' dir='ltr'>enim</span> <span class='ocrx_word' id='word_1_8' title='bbox 681 490 751 536; x_wconf 81' lang='lat' dir='ltr'>ne</span> <span class='ocrx_word' id='word_1_9' title='bbox 779 476 933 536; x_wconf 83' lang='lat' dir='ltr'>forte</span> <span class='ocrx_word' id='word_1_10' title='bbox 959 474 1145 539; x_wconf 82' lang='lat' dir='ltr'>verbis</span> <span class='ocrx_word' id='word_1_11' title='bbox 1173 484 1334 550; x_wconf 83' lang='lat' dir='ltr'>meis,</span> <span class='ocrx_word' id='word_1_12' title='bbox 1367 486 1415 539; x_wconf 91' lang='lat' dir='ltr'>si</span> <span class='ocrx_word' id='word_1_13' title='bbox 1459 486 1671 557; x_wconf 88' lang='lat' dir='ltr'>aliquid</span> <span class='ocrx_word' id='word_1_14' title='bbox 1703 488 1801 540; x_wconf 90' lang='lat' dir='ltr'>du-</span> <span class='ocrx_word' id='word_1_15' title='bbox 1819 488 1864 546; x_wconf 87' lang='lat' dir='ltr'><strong>A</strong></span> <span class='ocrx_word' id='word_1_16' title='bbox 1889 485 2115 539; x_wconf 75' lang='lat' dir='ltr'>excitari</span> <span class='ocrx_word' id='word_1_17' title='bbox 2142 484 2346 540; x_wconf 80' lang='lat' dir='ltr'>fratres</span> <span class='ocrx_word' id='word_1_18' title='bbox 2376 484 2469 557; x_wconf 88' lang='lat' dir='ltr'>qui</span> <span class='ocrx_word' id='word_1_19' title='bbox 2494 480 2868 556; x_wconf 83' lang='lat' dir='ltr'>dormiebant,</span> <span class='ocrx_word' id='word_1_20' title='bbox 2883 490 2948 543; x_wconf 87' lang='lat' dir='ltr'>ut</span> <span class='ocrx_word' id='word_1_21' title='bbox 2966 482 3252 558; x_wconf 80' lang='lat' dir='ltr'>venirent;</span> <span class='ocrx_word' id='word_1_22' title='bbox 3280 490 3482 564; x_wconf 85' lang='lat' dir='ltr'>quibus</span> 
     </span>
    </p>
   </div>
   <div class='ocr_carea' id='block_1_5' title="bbox 202 571 1797 643">
    <p class='ocr_par' dir='ltr' id='par_1_5' title="bbox 202 571 1797 643">
     <span class='ocr_line' id='line_1_5' title="bbox 202 571 1797 643; baseline 0.003 -18"><span class='ocrx_word' id='word_1_23' title='bbox 202 572 317 626; x_wconf 89' lang='lat' dir='ltr'>rius</span> <span class='ocrx_word' id='word_1_24' title='bbox 345 571 626 642; x_wconf 89' lang='lat' dir='ltr'>loquerer,</span> <span class='ocrx_word' id='word_1_25' title='bbox 658 572 918 626; x_wconf 87' lang='lat' dir='ltr'>turbatus</span> <span class='ocrx_word' id='word_1_26' title='bbox 947 572 1265 643; x_wconf 87' lang='lat' dir='ltr'>passionem</span> <span class='ocrx_word' id='word_1_27' title='bbox 1298 575 1520 630; x_wconf 87' lang='lat' dir='ltr'>solitam</span> <span class='ocrx_word' id='word_1_28' title='bbox 1552 577 1797 630; x_wconf 88' lang='lat' dir='ltr'>incurre-</span> 
     </span>
    </p>
   </div>
   <div class='ocr_carea' id='block_1_6' title="bbox 202 660 1799 734">
    <p class='ocr_par' dir='ltr' id='par_1_6' title="bbox 202 660 1799 734">
     <span class='ocr_line' id='line_1_6' title="bbox 202 660 1799 734; baseline 0.002 -20"><span class='ocrx_word' id='word_1_29' title='bbox 202 666 304 726; x_wconf 90' lang='lat' dir='ltr'>ret,</span> <span class='ocrx_word' id='word_1_30' title='bbox 328 661 479 715; x_wconf 90' lang='lat' dir='ltr'>unde</span> <span class='ocrx_word' id='word_1_31' title='bbox 510 674 613 731; x_wconf 88' lang='lat' dir='ltr'>ego</span> <span class='ocrx_word' id='word_1_32' title='bbox 630 674 777 732; x_wconf 81' lang='lat' dir='ltr'>saepe</span> <span class='ocrx_word' id='word_1_33' title='bbox 798 660 967 715; x_wconf 87' lang='lat' dir='ltr'>etiam</span> <span class='ocrx_word' id='word_1_34' title='bbox 999 661 1364 717; x_wconf 83' lang='lat' dir='ltr'>dissimulans</span> <span class='ocrx_word' id='word_1_35' title='bbox 1389 662 1638 734; x_wconf 87' lang='lat' dir='ltr'>jocabar,</span> <span class='ocrx_word' id='word_1_36' title='bbox 1674 678 1799 717; x_wconf 92' lang='lat' dir='ltr'>con-</span> 
     </span>
    </p>
   </div>
   <div class='ocr_carea' id='block_1_7' title="bbox 198 747 1801 820">
    <p class='ocr_par' dir='ltr' id='par_1_7' title="bbox 198 747 1801 820">
     <span class='ocr_line' id='line_1_7' title="bbox 198 747 1801 820; baseline 0.002 -18"><span class='ocrx_word' id='word_1_37' title='bbox 198 747 450 819; x_wconf 78' lang='lat' dir='ltr'>gaudens</span> <span class='ocrx_word' id='word_1_38' title='bbox 479 749 708 803; x_wconf 83' lang='lat' dir='ltr'>omnino</span> <span class='ocrx_word' id='word_1_39' title='bbox 735 749 963 802; x_wconf 77' lang='lat' dir='ltr'>sanitati</span> <span class='ocrx_word' id='word_1_40' title='bbox 993 749 1112 818; x_wconf 88' lang='lat' dir='ltr'>ejus</span> <span class='ocrx_word' id='word_1_41' title='bbox 1135 755 1191 803; x_wconf 92' lang='lat' dir='ltr'>et</span> <span class='ocrx_word' id='word_1_42' title='bbox 1221 750 1416 820; x_wconf 86' lang='lat' dir='ltr'>quieti.</span> <span class='ocrx_word' id='word_1_43' title='bbox 1453 753 1592 806; x_wconf 91' lang='lat' dir='ltr'>Cum</span> <span class='ocrx_word' id='word_1_44' title='bbox 1627 751 1801 820; x_wconf 77' lang='lat' dir='ltr'>igitur</span> 
     </span>
    </p>
   </div>
   <div class='ocr_carea' id='block_1_8' title="bbox 199 836 1802 911">
    <p class='ocr_par' dir='ltr' id='par_1_8' title="bbox 199 836 1802 911">
     <span class='ocr_line' id='line_1_8' title="bbox 199 836 1802 911; baseline 0.002 -20"><span class='ocrx_word' id='word_1_45' title='bbox 199 836 453 891; x_wconf 83' lang='lat' dir='ltr'>sederem</span> <span class='ocrx_word' id='word_1_46' title='bbox 479 855 609 892; x_wconf 90' lang='lat' dir='ltr'>cum</span> <span class='ocrx_word' id='word_1_47' title='bbox 639 855 723 902; x_wconf 90' lang='lat' dir='ltr'>eo,</span> <span class='ocrx_word' id='word_1_48' title='bbox 757 839 836 892; x_wconf 86' lang='lat' dir='ltr'>ait</span> <span class='ocrx_word' id='word_1_49' title='bbox 871 861 878 889; x_wconf 91' lang='lat'>:</span> <span class='ocrx_word' id='word_1_50' title='bbox 911 857 935 891; x_wconf 66' lang='grc' dir='ltr'><strong>α</strong></span> <span class='ocrx_word' id='word_1_51' title='bbox 979 840 1157 892; x_wconf 80' lang='lat' dir='ltr'>Nocte</span> <span class='ocrx_word' id='word_1_52' title='bbox 1207 840 1314 893; x_wconf 89' lang='lat' dir='ltr'>ista</span> <span class='ocrx_word' id='word_1_53' title='bbox 1355 841 1639 911; x_wconf 84' lang='lat' dir='ltr'>praeterita</span> <span class='ocrx_word' id='word_1_54' title='bbox 1677 842 1802 894; x_wconf 89' lang='lat' dir='ltr'>dor-</span> 
     </span>
    </p>
   </div>
   <div class='ocr_carea' id='block_1_9' title="bbox 202 925 1795 998">
    <p class='ocr_par' dir='ltr' id='par_1_9' title="bbox 202 925 1795 998">
     <span class='ocr_line' id='line_1_9' title="bbox 202 925 1795 998; baseline 0.003 -20"><span class='ocrx_word' id='word_1_55' title='bbox 202 925 400 992; x_wconf 88' lang='lat' dir='ltr'>miens,</span> <span class='ocrx_word' id='word_1_56' title='bbox 450 928 601 981; x_wconf 91' lang='lat' dir='ltr'>visus</span> <span class='ocrx_word' id='word_1_57' title='bbox 638 940 764 981; x_wconf 83' lang='lat' dir='ltr'>sum</span> <span class='ocrx_word' id='word_1_58' title='bbox 812 926 950 980; x_wconf 90' lang='lat' dir='ltr'>mihi</span> <span class='ocrx_word' id='word_1_59' title='bbox 974 926 1187 997; x_wconf 85' lang='lat' dir='ltr'>judicio</span> <span class='ocrx_word' id='word_1_60' title='bbox 1218 926 1402 982; x_wconf 90' lang='lat' dir='ltr'>divino</span> <span class='ocrx_word' id='word_1_61' title='bbox 1432 928 1795 998; x_wconf 64' lang='lat' dir='ltr'>praesentari;</span> 
     </span>
    </p>
   </div>
   <div class='ocr_carea' id='block_1_10' title="bbox 202 1014 1804 1087">
    <p class='ocr_par' dir='ltr' id='par_1_10' title="bbox 202 1014 1804 1087">
     <span class='ocr_line' id='line_1_10' title="bbox 202 1014 1804 1087; baseline 0.002 -20"><span class='ocrx_word' id='word_1_62' title='bbox 202 1014 296 1068; x_wconf 88' lang='lat' dir='ltr'>ubi</span> <span class='ocrx_word' id='word_1_63' title='bbox 325 1026 454 1069; x_wconf 89' lang='lat' dir='ltr'>cum</span> <span class='ocrx_word' id='word_1_64' title='bbox 481 1015 825 1081; x_wconf 89' lang='lat' dir='ltr'>assisterem,</span> <span class='ocrx_word' id='word_1_65' title='bbox 859 1014 1204 1069; x_wconf 82' lang='lat' dir='ltr'>conscientia</span> <span class='ocrx_word' id='word_1_66' title='bbox 1230 1019 1549 1087; x_wconf 79' lang='lat' dir='ltr'>torquente,</span> <span class='ocrx_word' id='word_1_67' title='bbox 1582 1028 1804 1071; x_wconf 80' lang='lat' dir='ltr'>accUsa—</span> 
     </span>
    </p>
   </div>
   <div class='ocr_carea' id='block_1_11' title="bbox 200 1102 1806 1176">
    <p class='ocr_par' dir='ltr' id='par_1_11' title="bbox 200 1102 1806 1176">
     <span class='ocr_line' id='line_1_11' title="bbox 200 1102 1806 1176; baseline 0.002 -20"><span class='ocrx_word' id='word_1_68' title='bbox 200 1102 320 1169; x_wconf 87' lang='lat' dir='ltr'>bar,</span> <span class='ocrx_word' id='word_1_69' title='bbox 353 1103 609 1159; x_wconf 88' lang='lat' dir='ltr'>adductis</span> <span class='ocrx_word' id='word_1_70' title='bbox 638 1120 822 1159; x_wconf 88' lang='lat' dir='ltr'>coram</span> <span class='ocrx_word' id='word_1_71' title='bbox 853 1118 941 1158; x_wconf 91' lang='lat' dir='ltr'>me</span> <span class='ocrx_word' id='word_1_72' title='bbox 972 1102 1184 1169; x_wconf 89' lang='lat' dir='ltr'>multis,</span> <span class='ocrx_word' id='word_1_73' title='bbox 1209 1122 1332 1176; x_wconf 86' lang='lat' dir='ltr'>quae</span> <span class='ocrx_word' id='word_1_74' title='bbox 1350 1106 1612 1169; x_wconf 79' lang='lat' dir='ltr'>feceram,</span> <span class='ocrx_word' id='word_1_75' title='bbox 1644 1107 1806 1160; x_wconf 89' lang='lat' dir='ltr'>malis</span> 
     </span>
    </p>
   </div>
   <div class='ocr_carea' id='block_1_12' title="bbox 202 1190 1801 1266">
    <p class='ocr_par' dir='ltr' id='par_1_12' title="bbox 202 1190 1801 1266">
     <span class='ocr_line' id='line_1_12' title="bbox 202 1190 1801 1266; baseline 0.002 -20"><span class='ocrx_word' id='word_1_76' title='bbox 202 1206 324 1263; x_wconf 73' lang='lat' dir='ltr'>quae</span> <span class='ocrx_word' id='word_1_77' title='bbox 339 1190 637 1247; x_wconf 85' lang='lat' dir='ltr'>horrebam</span> <span class='ocrx_word' id='word_1_78' title='bbox 660 1194 975 1265; x_wconf 64' lang='lat' dir='ltr'>poenaliter,</span> <span class='ocrx_word' id='word_1_79' title='bbox 996 1192 1330 1247; x_wconf 84' lang='lat' dir='ltr'>erubescens</span> <span class='ocrx_word' id='word_1_80' title='bbox 1352 1196 1614 1266; x_wconf 81' lang='lat' dir='ltr'>amplius,</span> <span class='ocrx_word' id='word_1_81' title='bbox 1636 1212 1801 1266; x_wconf 83' lang='lat' dir='ltr'>quam</span> 
     </span>
    </p>
   </div>
   <div class='ocr_carea' id='block_1_13' title="bbox 201 1281 1802 1353">
    <p class='ocr_par' dir='ltr' id='par_1_13' title="bbox 201 1281 1802 1353">
     <span class='ocr_line' id='line_1_13' title="bbox 201 1281 1802 1353; baseline 0.002 -20"><span class='ocrx_word' id='word_1_82' title='bbox 201 1294 349 1334; x_wconf 89' lang='lat' dir='ltr'>nunc</span> <span class='ocrx_word' id='word_1_83' title='bbox 378 1281 716 1353; x_wconf 85' lang='lat' dir='ltr'>cogitatione</span> <span class='ocrx_word' id='word_1_84' title='bbox 732 1281 1222 1352; x_wconf 81' lang='lat' dir='ltr'>comprehendam.</span> <span class='ocrx_word' id='word_1_85' title='bbox 1253 1302 1274 1333; x_wconf 74' lang='grc' dir='ltr'><strong><em>ι</em></strong></span> <span class='ocrx_word' id='word_1_86' title='bbox 1297 1283 1413 1335; x_wconf 84' lang='lat' dir='ltr'>Hoc</span> <span class='ocrx_word' id='word_1_87' title='bbox 1444 1298 1546 1352; x_wconf 88' lang='lat' dir='ltr'>ego</span> <span class='ocrx_word' id='word_1_88' title='bbox 1567 1284 1802 1337; x_wconf 87' lang='lat' dir='ltr'>audiens</span> 
     </span>
    </p>
   </div>
   <div class='ocr_carea' id='block_1_14' title="bbox 200 1369 1796 1442">
    <p class='ocr_par' dir='ltr' id='par_1_14' title="bbox 200 1369 1796 1442">
     <span class='ocr_line' id='line_1_14' title="bbox 200 1369 1796 1442; baseline 0.002 -18"><span class='ocrx_word' id='word_1_89' title='bbox 200 1376 257 1424; x_wconf 90' lang='lat' dir='ltr'>et</span> <span class='ocrx_word' id='word_1_90' title='bbox 285 1369 344 1422; x_wconf 89' lang='lat' dir='ltr'>in</span> <span class='ocrx_word' id='word_1_91' title='bbox 370 1386 436 1423; x_wconf 88' lang='lat' dir='ltr'>eo</span> <span class='ocrx_word' id='word_1_92' title='bbox 466 1369 607 1424; x_wconf 88' lang='lat' dir='ltr'>nihil</span> <span class='ocrx_word' id='word_1_93' title='bbox 635 1370 856 1424; x_wconf 84' lang='lat' dir='ltr'>timoris</span> <span class='ocrx_word' id='word_1_94' title='bbox 903 1369 1154 1441; x_wconf 84' lang='lat' dir='ltr'>nihilque</span> <span class='ocrx_word' id='word_1_95' title='bbox 1192 1371 1467 1441; x_wconf 83' lang='lat' dir='ltr'>aspiciens</span> <span class='ocrx_word' id='word_1_96' title='bbox 1485 1372 1796 1442; x_wconf 71' lang='lat' dir='ltr'>gravitatis,</span> 
     </span>
    </p>
   </div>
   <div class='ocr_carea' id='block_1_15' title="bbox 186 1458 1800 1531">
    <p class='ocr_par' dir='ltr' id='par_1_15' title="bbox 186 1458 1800 1531">
     <span class='ocr_line' id='line_1_15' title="bbox 186 1458 1800 1531; baseline 0.001 -19"><span class='ocrx_word' id='word_1_97' title='bbox 186 1459 407 1513; x_wconf 80' lang='lat' dir='ltr'>tacitus</span> <span class='ocrx_word' id='word_1_98' title='bbox 436 1458 608 1523; x_wconf 87' lang='lat' dir='ltr'>dolui,</span> <span class='ocrx_word' id='word_1_99' title='bbox 627 1467 685 1512; x_wconf 91' lang='lat' dir='ltr'>et</span> <span class='ocrx_word' id='word_1_100' title='bbox 711 1459 995 1513; x_wconf 85' lang='lat' dir='ltr'>inclinatis</span> <span class='ocrx_word' id='word_1_101' title='bbox 1022 1461 1197 1513; x_wconf 86' lang='lat' dir='ltr'>oculis</span> <span class='ocrx_word' id='word_1_102' title='bbox 1227 1461 1541 1529; x_wconf 84' lang='lat' dir='ltr'>cogitabam</span> <span class='ocrx_word' id='word_1_103' title='bbox 1579 1467 1800 1531; x_wconf 68' lang='lat' dir='ltr'>quantae</span> 
     </span>
    </p>
   </div>
   <div class='ocr_carea' id='block_1_16' title="bbox 199 1547 1801 1619">
    <p class='ocr_par' dir='ltr' id='par_1_16' title="bbox 199 1547 1801 1619">
     <span class='ocr_line' id='line_1_16' title="bbox 199 1547 1801 1619; baseline 0.001 -18"><span class='ocrx_word' id='word_1_104' title='bbox 199 1548 428 1602; x_wconf 63' lang='lat' dir='ltr'>duritia:</span> <span class='ocrx_word' id='word_1_105' title='bbox 451 1556 599 1602; x_wconf 89' lang='lat' dir='ltr'>esset</span> <span class='ocrx_word' id='word_1_106' title='bbox 613 1549 805 1616; x_wconf 87' lang='lat' dir='ltr'>homo,</span> <span class='ocrx_word' id='word_1_107' title='bbox 827 1549 923 1619; x_wconf 90' lang='lat' dir='ltr'>qui</span> <span class='ocrx_word' id='word_1_108' title='bbox 943 1562 1045 1603; x_wconf 90' lang='lat' dir='ltr'>nec</span> <span class='ocrx_word' id='word_1_109' title='bbox 1065 1547 1250 1603; x_wconf 91' lang='lat' dir='ltr'>divino</span> <span class='ocrx_word' id='word_1_110' title='bbox 1263 1548 1474 1619; x_wconf 80' lang='lat' dir='ltr'>judicio</span> <span class='ocrx_word' id='word_1_111' title='bbox 1496 1552 1801 1605; x_wconf 81' lang='lat' dir='ltr'>exterritus</span> 
     </span>
    </p>
   </div>
   <div class='ocr_carea' id='block_1_17' title="bbox 198 1636 540 1691">
    <p class='ocr_par' dir='ltr' id='par_1_17' title="bbox 198 1636 540 1691">
     <span class='ocr_line' id='line_1_17' title="bbox 198 1636 540 1691; baseline 0 -1"><span class='ocrx_word' id='word_1_112' title='bbox 198 1636 540 1691; x_wconf 85' lang='lat' dir='ltr'>terrebatur.</span> 
     </span>
    </p>
   </div>
   <div class='ocr_carea' id='block_1_18' title="bbox 270 1725 1804 1797">
    <p class='ocr_par' dir='ltr' id='par_1_18' title="bbox 270 1725 1804 1797">
     <span class='ocr_line' id='line_1_18' title="bbox 270 1725 1804 1797; baseline 0.002 -18"><span class='ocrx_word' id='word_1_113' title='bbox 270 1725 595 1779; x_wconf 86' lang='lat' dir='ltr'>Transactis</span> <span class='ocrx_word' id='word_1_114' title='bbox 643 1725 872 1780; x_wconf 83' lang='lat' dir='ltr'>tandem</span> <span class='ocrx_word' id='word_1_115' title='bbox 926 1726 983 1779; x_wconf 89' lang='lat' dir='ltr'>in</span> <span class='ocrx_word' id='word_1_116' title='bbox 1036 1726 1141 1780; x_wconf 87' lang='lat' dir='ltr'>hac</span> <span class='ocrx_word' id='word_1_117' title='bbox 1197 1727 1471 1797; x_wconf 85' lang='lat' dir='ltr'>passionis</span> <span class='ocrx_word' id='word_1_118' title='bbox 1519 1729 1702 1782; x_wconf 86' lang='lat' dir='ltr'>euntis</span> <span class='ocrx_word' id='word_1_119' title='bbox 1747 1734 1804 1783; x_wconf 83' lang='lat' dir='ltr'>et</span> 
     </span>
    </p>
   </div>
   <div class='ocr_carea' id='block_1_19' title="bbox 1882 572 3487 648">
    <p class='ocr_par' dir='ltr' id='par_1_19' title="bbox 1882 572 3487 648">
     <span class='ocr_line' id='line_1_19' title="bbox 1882 572 3487 648; baseline 0.005 -21"><span class='ocrx_word' id='word_1_120' title='bbox 1882 575 2027 628; x_wconf 85' lang='lat' dir='ltr'>illico</span> <span class='ocrx_word' id='word_1_121' title='bbox 2048 574 2425 645; x_wconf 87' lang='lat' dir='ltr'>introgressis,</span> <span class='ocrx_word' id='word_1_122' title='bbox 2467 576 2842 648; x_wconf 87' lang='lat' dir='ltr'>psallebamus</span> <span class='ocrx_word' id='word_1_123' title='bbox 2872 594 3065 633; x_wconf 90' lang='lat' dir='ltr'>omnes</span> <span class='ocrx_word' id='word_1_124' title='bbox 3085 572 3278 634; x_wconf 89' lang='lat' dir='ltr'>eadem</span> <span class='ocrx_word' id='word_1_125' title='bbox 3300 576 3487 635; x_wconf 88' lang='lat' dir='ltr'>inten-</span> 
     </span>
    </p>
   </div>
   <div class='ocr_carea' id='block_1_20' title="bbox 1881 665 3479 738">
    <p class='ocr_par' dir='ltr' id='par_1_20' title="bbox 1881 665 3479 738">
     <span class='ocr_line' id='line_1_20' title="bbox 1881 665 3479 738; baseline 0.004 -21"><span class='ocrx_word' id='word_1_126' title='bbox 1881 665 2034 718; x_wconf 81' lang='lat' dir='ltr'>tione</span> <span class='ocrx_word' id='word_1_127' title='bbox 2057 670 2367 734; x_wconf 83' lang='lat' dir='ltr'>precantes,</span> <span class='ocrx_word' id='word_1_128' title='bbox 2395 671 2459 718; x_wconf 93' lang='lat' dir='ltr'>ut</span> <span class='ocrx_word' id='word_1_129' title='bbox 2498 666 2658 719; x_wconf 83' lang='lat' dir='ltr'>fratri</span> <span class='ocrx_word' id='word_1_130' title='bbox 2681 672 2893 733; x_wconf 90' lang='lat' dir='ltr'>nostro,</span> <span class='ocrx_word' id='word_1_131' title='bbox 2920 668 3015 738; x_wconf 91' lang='lat' dir='ltr'>qui</span> <span class='ocrx_word' id='word_1_132' title='bbox 3046 675 3167 722; x_wconf 87' lang='lat' dir='ltr'>erat</span> <span class='ocrx_word' id='word_1_133' title='bbox 3193 666 3339 723; x_wconf 89' lang='lat' dir='ltr'>sicut</span> <span class='ocrx_word' id='word_1_134' title='bbox 3358 686 3479 737; x_wconf 91' lang='lat' dir='ltr'>nos,</span> 
     </span>
    </p>
   </div>
   <div class='ocr_carea' id='block_1_21' title="bbox 1882 750 3483 824">
    <p class='ocr_par' dir='ltr' id='par_1_21' title="bbox 1882 750 3483 824">
     <span class='ocr_line' id='line_1_21' title="bbox 1882 750 3483 824; baseline 0.004 -18"><span class='ocrx_word' id='word_1_135' title='bbox 1882 753 2061 824; x_wconf 89' lang='lat' dir='ltr'>pietas</span> <span class='ocrx_word' id='word_1_136' title='bbox 2090 753 2278 806; x_wconf 88' lang='lat' dir='ltr'>divina</span> <span class='ocrx_word' id='word_1_137' title='bbox 2305 752 2642 808; x_wconf 82' lang='lat' dir='ltr'>subveniret.</span> <span class='ocrx_word' id='word_1_138' title='bbox 2666 755 2808 809; x_wconf 89' lang='lat' dir='ltr'>Tum</span> <span class='ocrx_word' id='word_1_139' title='bbox 2831 756 3014 810; x_wconf 89' lang='lat' dir='ltr'>subito</span> <span class='ocrx_word' id='word_1_140' title='bbox 3032 756 3144 820; x_wconf 90' lang='lat' dir='ltr'>ille,</span> <span class='ocrx_word' id='word_1_141' title='bbox 3166 750 3483 814; x_wconf 82' lang='lat' dir='ltr'>videntibus</span> 
     </span>
    </p>
   </div>
   <div class='ocr_carea' id='block_1_22' title="bbox 1882 839 3483 916">
    <p class='ocr_par' dir='ltr' id='par_1_22' title="bbox 1882 839 3483 916">
     <span class='ocr_line' id='line_1_22' title="bbox 1882 839 3483 916; baseline 0.004 -22"><span class='ocrx_word' id='word_1_142' title='bbox 1882 841 2041 895; x_wconf 90' lang='lat' dir='ltr'>nobis</span> <span class='ocrx_word' id='word_1_143' title='bbox 2064 839 2628 905; x_wconf 69' lang='lat' dir='ltr'>omnibus,’claudens</span> <span class='ocrx_word' id='word_1_144' title='bbox 2652 854 2806 897; x_wconf 87' lang='lat' dir='ltr'>more</span> <span class='ocrx_word' id='word_1_145' title='bbox 2843 860 2944 898; x_wconf 92' lang='lat' dir='ltr'>suo</span> <span class='ocrx_word' id='word_1_146' title='bbox 2968 846 3159 899; x_wconf 91' lang='lat' dir='ltr'>oculos</span> <span class='ocrx_word' id='word_1_147' title='bbox 3185 845 3483 916; x_wconf 79' lang='lat' dir='ltr'>abscessit,</span> 
     </span>
    </p>
   </div>
   <div class='ocr_carea' id='block_1_23' title="bbox 1884 928 3485 1007">
    <p class='ocr_par' dir='ltr' id='par_1_23' title="bbox 1884 928 3485 1007">
     <span class='ocr_line' id='line_1_23' title="bbox 1884 928 3485 1007; baseline 0.002 -22"><span class='ocrx_word' id='word_1_148' title='bbox 1884 932 2071 1001; x_wconf 84' lang='lat' dir='ltr'>sicque</span> <span class='ocrx_word' id='word_1_149' title='bbox 2093 929 2505 1000; x_wconf 86' lang='lat' dir='ltr'>aliquantulum</span> <span class='ocrx_word' id='word_1_150' title='bbox 2531 933 2727 1001; x_wconf 81' lang='lat' dir='ltr'>jacens</span> <span class='ocrx_word' id='word_1_151' title='bbox 2759 932 2944 999; x_wconf 81' lang='lat' dir='ltr'>rediit,</span> <span class='ocrx_word' id='word_1_152' title='bbox 2966 934 3292 1007; x_wconf 82' lang='lat' dir='ltr'>apertisque</span> <span class='ocrx_word' id='word_1_153' title='bbox 3309 928 3485 990; x_wconf 81' lang='lat' dir='ltr'>oculis</span> 
     </span>
    </p>
   </div>
   <div class='ocr_carea' id='block_1_24' title="bbox 1889 1019 3482 1093">
    <p class='ocr_par' dir='ltr' id='par_1_24' title="bbox 1889 1019 3482 1093">
     <span class='ocr_line' id='line_1_24' title="bbox 1889 1019 3482 1093; baseline 0.004 -21"><span class='ocrx_word' id='word_1_154' title='bbox 1889 1037 1975 1073; x_wconf 91' lang='lat' dir='ltr'>me</span> <span class='ocrx_word' id='word_1_155' title='bbox 2029 1020 2275 1084; x_wconf 87' lang='lat' dir='ltr'>intuens,</span> <span class='ocrx_word' id='word_1_156' title='bbox 2325 1019 2419 1091; x_wconf 89' lang='lat' dir='ltr'>qui</span> <span class='ocrx_word' id='word_1_157' title='bbox 2467 1036 2689 1092; x_wconf 86' lang='lat' dir='ltr'>semper</span> <span class='ocrx_word' id='word_1_158' title='bbox 2733 1020 2895 1075; x_wconf 84' lang='lat' dir='ltr'>faciei</span> <span class='ocrx_word' id='word_1_159' title='bbox 2952 1024 3074 1093; x_wconf 86' lang='lat' dir='ltr'>ejus</span> <span class='ocrx_word' id='word_1_160' title='bbox 3129 1022 3482 1091; x_wconf 87' lang='lat' dir='ltr'>assistebam,</span> 
     </span>
    </p>
   </div>
   <div class='ocr_carea' id='block_1_25' title="bbox 1887 1103 3487 1183">
    <p class='ocr_par' dir='ltr' id='par_1_25' title="bbox 1887 1103 3487 1183">
     <span class='ocr_line' id='line_1_25' title="bbox 1887 1103 3487 1183; baseline 0.005 -23"><span class='ocrx_word' id='word_1_161' title='bbox 1887 1108 2025 1163; x_wconf 79' lang='lat' dir='ltr'>dixit</span> <span class='ocrx_word' id='word_1_162' title='bbox 2058 1128 2068 1161; x_wconf 75' lang='grc' dir='ltr'>ε</span> <span class='ocrx_word' id='word_1_163' title='bbox 2106 1126 2127 1160; x_wconf 67' lang='grc' dir='ltr'><strong><em>α</em></strong></span> <span class='ocrx_word' id='word_1_164' title='bbox 2172 1103 2352 1163; x_wconf 89' lang='lat' dir='ltr'>Dicite</span> <span class='ocrx_word' id='word_1_165' title='bbox 2382 1108 2623 1163; x_wconf 88' lang='lat' dir='ltr'>dominis</span> <span class='ocrx_word' id='word_1_166' title='bbox 2655 1110 2777 1164; x_wconf 87' lang='lat' dir='ltr'>istis</span> <span class='ocrx_word' id='word_1_167' title='bbox 2827 1114 2892 1165; x_wconf 82' lang='lat' dir='ltr'>ut</span> <span class='ocrx_word' id='word_1_168' title='bbox 2936 1110 3147 1165; x_wconf 85' lang='lat' dir='ltr'>vadant</span> <span class='ocrx_word' id='word_1_169' title='bbox 3175 1117 3232 1167; x_wconf 90' lang='lat' dir='ltr'>et</span> <span class='ocrx_word' id='word_1_170' title='bbox 3260 1112 3487 1183; x_wconf 88' lang='lat' dir='ltr'>requie-</span> 
     </span>
    </p>
   </div>
   <div class='ocr_carea' id='block_1_26' title="bbox 1887 1196 3483 1269">
    <p class='ocr_par' dir='ltr' id='par_1_26' title="bbox 1887 1196 3483 1269">
     <span class='ocr_line' id='line_1_26' title="bbox 1887 1196 3483 1269; baseline 0.003 -18"><span class='ocrx_word' id='word_1_171' title='bbox 1887 1206 2062 1259; x_wconf 78' lang='lat' dir='ltr'>scant,</span> <span class='ocrx_word' id='word_1_172' title='bbox 2096 1197 2225 1269; x_wconf 86' lang='lat' dir='ltr'>quia</span> <span class='ocrx_word' id='word_1_173' title='bbox 2246 1208 2352 1267; x_wconf 86' lang='lat' dir='ltr'>ego</span> <span class='ocrx_word' id='word_1_174' title='bbox 2375 1198 2471 1252; x_wconf 90' lang='lat' dir='ltr'>Dei</span> <span class='ocrx_word' id='word_1_175' title='bbox 2500 1199 2685 1268; x_wconf 85' lang='lat' dir='ltr'>gratia</span> <span class='ocrx_word' id='word_1_176' title='bbox 2713 1199 2855 1253; x_wconf 86' lang='lat' dir='ltr'>liber</span> <span class='ocrx_word' id='word_1_177' title='bbox 2885 1208 3007 1254; x_wconf 84' lang='lat' dir='ltr'>sum</span> <span class='ocrx_word' id='word_1_178' title='bbox 3031 1204 3087 1255; x_wconf 91' lang='lat' dir='ltr'>et</span> <span class='ocrx_word' id='word_1_179' title='bbox 3103 1200 3395 1257; x_wconf 89' lang='lat' dir='ltr'>absolutus</span> <span class='ocrx_word' id='word_1_180' title='bbox 3413 1196 3483 1256; x_wconf 90' lang='lat' dir='ltr'>ab</span> 
     </span>
    </p>
   </div>
   <div class='ocr_carea' id='block_1_27' title="bbox 1887 1280 3485 1360">
    <p class='ocr_par' dir='ltr' id='par_1_27' title="bbox 1887 1280 3485 1360">
     <span class='ocr_line' id='line_1_27' title="bbox 1887 1280 3485 1360; baseline 0.004 -21"><span class='ocrx_word' id='word_1_181' title='bbox 1887 1290 1988 1340; x_wconf 86' lang='lat' dir='ltr'>hac</span> <span class='ocrx_word' id='word_1_182' title='bbox 2031 1287 2306 1356; x_wconf 86' lang='lat' dir='ltr'>passione,</span> <span class='ocrx_word' id='word_1_183' title='bbox 2353 1280 2491 1340; x_wconf 89' lang='lat' dir='ltr'>nihil</span> <span class='ocrx_word' id='word_1_184' title='bbox 2544 1293 2810 1357; x_wconf 76' lang='lat' dir='ltr'>passumis</span> <span class='ocrx_word' id='word_1_185' title='bbox 2848 1298 3026 1360; x_wconf 81' lang='lat' dir='ltr'>us‘qu‘e</span> <span class='ocrx_word' id='word_1_186' title='bbox 3080 1290 3138 1343; x_wconf 85' lang='lat' dir='ltr'>in</span> <span class='ocrx_word' id='word_1_187' title='bbox 3184 1284 3332 1344; x_wconf 86' lang='lat' dir='ltr'>diem</span> <span class='ocrx_word' id='word_1_188' title='bbox 3374 1294 3485 1345; x_wconf 84' lang='lat' dir='ltr'>ter—</span> 
     </span>
    </p>
   </div>
   <div class='ocr_carea' id='block_1_28' title="bbox 1884 1374 3476 1447">
    <p class='ocr_par' dir='ltr' id='par_1_28' title="bbox 1884 1374 3476 1447">
     <span class='ocr_line' id='line_1_28' title="bbox 1884 1374 3476 1447; baseline 0.001 -16"><span class='ocrx_word' id='word_1_189' title='bbox 1884 1378 2044 1431; x_wconf 90' lang='lat' dir='ltr'>tium.</span> <span class='ocrx_word' id='word_1_190' title='bbox 2095 1400 2119 1424; x_wconf 81' lang='lat'><strong><em>»</em></strong></span> <span class='ocrx_word' id='word_1_191' title='bbox 2147 1379 2195 1429; x_wconf 86' lang='grc' dir='ltr'><strong>Λ</strong></span> <span class='ocrx_word' id='word_1_192' title='bbox 2224 1392 2334 1445; x_wconf 91' lang='lat' dir='ltr'>quo</span> <span class='ocrx_word' id='word_1_193' title='bbox 2356 1388 2480 1429; x_wconf 70' lang='lat' dir='ltr'>cum</span> <span class='ocrx_word' id='word_1_194' title='bbox 2506 1377 2882 1446; x_wconf 64' lang='lat' dir='ltr'>quaesivissem</span> <span class='ocrx_word' id='word_1_195' title='bbox 2906 1378 3148 1447; x_wconf 84' lang='lat' dir='ltr'>qualiter</span> <span class='ocrx_word' id='word_1_196' title='bbox 3166 1379 3270 1432; x_wconf 88' lang='lat' dir='ltr'>hoc</span> <span class='ocrx_word' id='word_1_197' title='bbox 3287 1374 3476 1445; x_wconf 89' lang='lat' dir='ltr'>sciret,</span> 
     </span>
    </p>
   </div>
   <div class='ocr_carea' id='block_1_29' title="bbox 1887 1464 3483 1536">
    <p class='ocr_par' dir='ltr' id='par_1_29' title="bbox 1887 1464 3483 1536">
     <span class='ocr_line' id='line_1_29' title="bbox 1887 1464 3483 1536; baseline 0.003 -19"><span class='ocrx_word' id='word_1_198' title='bbox 1887 1465 2179 1535; x_wconf 89' lang='lat' dir='ltr'>respondit</span> <span class='ocrx_word' id='word_1_199' title='bbox 2209 1482 2220 1517; x_wconf 90' lang='lat'>:</span> <span class='ocrx_word' id='word_1_200' title='bbox 2255 1482 2279 1514; x_wconf 73' lang='grc' dir='ltr'>ί(</span> <span class='ocrx_word' id='word_1_201' title='bbox 2312 1464 2511 1518; x_wconf 86' lang='lat' dir='ltr'>Audivi</span> <span class='ocrx_word' id='word_1_202' title='bbox 2550 1476 2740 1519; x_wconf 84' lang='lat' dir='ltr'>vocem</span> <span class='ocrx_word' id='word_1_203' title='bbox 2774 1482 2896 1536; x_wconf 70' lang='lat' dir='ltr'>quae</span> <span class='ocrx_word' id='word_1_204' title='bbox 2941 1466 3073 1519; x_wconf 91' lang='lat' dir='ltr'>mihi</span> <span class='ocrx_word' id='word_1_205' title='bbox 3103 1467 3346 1521; x_wconf 86' lang='lat' dir='ltr'>diceret:</span> <span class='ocrx_word' id='word_1_206' title='bbox 3382 1465 3483 1521; x_wconf 90' lang='lat' dir='ltr'>Dic</span> 
     </span>
    </p>
   </div>
   <div class='ocr_carea' id='block_1_30' title="bbox 1886 1552 3479 1627">
    <p class='ocr_par' dir='ltr' id='par_1_30' title="bbox 1886 1552 3479 1627">
     <span class='ocr_line' id='line_1_30' title="bbox 1886 1552 3479 1627; baseline 0.001 -19"><span class='ocrx_word' id='word_1_207' title='bbox 1886 1554 2058 1608; x_wconf 88' lang='lat' dir='ltr'>servis</span> <span class='ocrx_word' id='word_1_208' title='bbox 2081 1552 2178 1608; x_wconf 91' lang='lat' dir='ltr'>Dei</span> <span class='ocrx_word' id='word_1_209' title='bbox 2210 1552 2303 1624; x_wconf 88' lang='lat' dir='ltr'>qui</span> <span class='ocrx_word' id='word_1_210' title='bbox 2322 1554 2466 1607; x_wconf 88' lang='lat' dir='ltr'>circa</span> <span class='ocrx_word' id='word_1_211' title='bbox 2487 1557 2543 1607; x_wconf 90' lang='lat' dir='ltr'>te</span> <span class='ocrx_word' id='word_1_212' title='bbox 2558 1558 2781 1617; x_wconf 88' lang='lat' dir='ltr'>sunt,ut</span> <span class='ocrx_word' id='word_1_213' title='bbox 2797 1554 3002 1608; x_wconf 87' lang='lat' dir='ltr'>vadant</span> <span class='ocrx_word' id='word_1_214' title='bbox 3026 1560 3080 1609; x_wconf 92' lang='lat' dir='ltr'>et</span> <span class='ocrx_word' id='word_1_215' title='bbox 3105 1554 3479 1627; x_wconf 87' lang='lat' dir='ltr'>requiescant,</span> 
     </span>
    </p>
   </div>
   <div class='ocr_carea' id='block_1_31' title="bbox 1887 1641 3483 1715">
    <p class='ocr_par' dir='ltr' id='par_1_31' title="bbox 1887 1641 3483 1715">
     <span class='ocr_line' id='line_1_31' title="bbox 1887 1641 3483 1715; baseline 0.002 -19"><span class='ocrx_word' id='word_1_216' title='bbox 1887 1643 2019 1713; x_wconf 88' lang='lat' dir='ltr'>quia</span> <span class='ocrx_word' id='word_1_217' title='bbox 2045 1659 2220 1713; x_wconf 91' lang='lat' dir='ltr'>usque</span> <span class='ocrx_word' id='word_1_218' title='bbox 2251 1642 2308 1694; x_wconf 92' lang='lat' dir='ltr'>in</span> <span class='ocrx_word' id='word_1_219' title='bbox 2341 1642 2569 1695; x_wconf 88' lang='lat' dir='ltr'>tertium</span> <span class='ocrx_word' id='word_1_220' title='bbox 2598 1642 2744 1695; x_wconf 89' lang='lat' dir='ltr'>diem</span> <span class='ocrx_word' id='word_1_221' title='bbox 2775 1641 2913 1695; x_wconf 85' lang='lat' dir='ltr'>nihil</span> <span class='ocrx_word' id='word_1_222' title='bbox 2948 1642 3121 1711; x_wconf 84' lang='lat' dir='ltr'>hujus</span> <span class='ocrx_word' id='word_1_223' title='bbox 3148 1643 3327 1696; x_wconf 85' lang='lat' dir='ltr'>morbi</span> <span class='ocrx_word' id='word_1_224' title='bbox 3353 1661 3483 1715; x_wconf 87' lang='lat' dir='ltr'>pas-</span> 
     </span>
    </p>
   </div>
   <div class='ocr_carea' id='block_1_32' title="bbox 1885 1726 3485 1801">
    <p class='ocr_par' dir='ltr' id='par_1_32' title="bbox 1885 1726 3485 1801">
     <span class='ocr_line' id='line_1_32' title="bbox 1885 1726 3485 1801; baseline 0.001 -15"><span class='ocrx_word' id='word_1_225' title='bbox 1885 1748 2049 1787; x_wconf 93' lang='lat' dir='ltr'>surus</span> <span class='ocrx_word' id='word_1_226' title='bbox 2080 1747 2155 1784; x_wconf 88' lang='lat' dir='ltr'>es.</span> <span class='ocrx_word' id='word_1_227' title='bbox 2193 1746 2219 1780; x_wconf 69' lang='grc' dir='ltr'><strong>η</strong></span> <span class='ocrx_word' id='word_1_228' title='bbox 2242 1731 2441 1784; x_wconf 89' lang='lat' dir='ltr'>Certus</span> <span class='ocrx_word' id='word_1_229' title='bbox 2464 1731 2639 1800; x_wconf 84' lang='lat' dir='ltr'>igitur</span> <span class='ocrx_word' id='word_1_230' title='bbox 2660 1726 2862 1795; x_wconf 86' lang='lat' dir='ltr'>factus,</span> <span class='ocrx_word' id='word_1_231' title='bbox 2890 1730 3035 1801; x_wconf 88' lang='lat' dir='ltr'>jussi</span> <span class='ocrx_word' id='word_1_232' title='bbox 3064 1737 3128 1786; x_wconf 93' lang='lat' dir='ltr'>ut</span> <span class='ocrx_word' id='word_1_233' title='bbox 3156 1730 3485 1787; x_wconf 88' lang='lat' dir='ltr'>recederent</span> 
     </span>
    </p>
   </div>
   <div class='ocr_carea' id='block_1_33' title="bbox 200 1812 2684 1896">
    <p class='ocr_par' dir='ltr' id='par_1_33' title="bbox 200 1812 2684 1896">
     <span class='ocr_line' id='line_1_33' title="bbox 200 1812 2684 1896; baseline 0.002 -29"><span class='ocrx_word' id='word_1_234' title='bbox 200 1814 494 1868; x_wconf 86' lang='lat' dir='ltr'>redeuntis</span> <span class='ocrx_word' id='word_1_235' title='bbox 553 1812 924 1869; x_wconf 85' lang='lat' dir='ltr'>alternatione</span> <span class='ocrx_word' id='word_1_236' title='bbox 975 1815 1170 1885; x_wconf 86' lang='lat' dir='ltr'>viginti</span> <span class='ocrx_word' id='word_1_237' title='bbox 1219 1824 1274 1869; x_wconf 89' lang='lat' dir='ltr'>et</span> <span class='ocrx_word' id='word_1_238' title='bbox 1311 1820 1525 1891; x_wconf 86' lang='lat' dir='ltr'>septem</span> <span class='ocrx_word' id='word_1_239' title='bbox 1584 1817 1863 1896; x_wconf 81' lang='lat' dir='ltr'>diebus,B</span> <span class='ocrx_word' id='word_1_240' title='bbox 1885 1821 1979 1892; x_wconf 91' lang='lat' dir='ltr'>qui</span> <span class='ocrx_word' id='word_1_241' title='bbox 2014 1826 2297 1883; x_wconf 85' lang='lat' dir='ltr'>venerant,</span> <span class='ocrx_word' id='word_1_242' title='bbox 2330 1826 2386 1872; x_wconf 91' lang='lat' dir='ltr'>et</span> <span class='ocrx_word' id='word_1_243' title='bbox 2405 1817 2684 1873; x_wconf 88' lang='lat' dir='ltr'>abierunt.</span> 
     </span>
    </p>
   </div>
   <div class='ocr_carea' id='block_1_34' title="bbox 198 1902 1797 1974">
    <p class='ocr_par' dir='ltr' id='par_1_34' title="bbox 198 1902 1797 1974">
     <span class='ocr_line' id='line_1_34' title="bbox 198 1902 1797 1974; baseline 0.003 -19"><span class='ocrx_word' id='word_1_244' title='bbox 198 1902 468 1957; x_wconf 86' lang='lat' dir='ltr'>vicesimo</span> <span class='ocrx_word' id='word_1_245' title='bbox 490 1905 680 1956; x_wconf 88' lang='lat' dir='ltr'>octavo</span> <span class='ocrx_word' id='word_1_246' title='bbox 701 1918 822 1973; x_wconf 86' lang='lat' dir='ltr'>ego,</span> <span class='ocrx_word' id='word_1_247' title='bbox 857 1903 951 1974; x_wconf 90' lang='lat' dir='ltr'>qui</span> <span class='ocrx_word' id='word_1_248' title='bbox 978 1919 1104 1957; x_wconf 86' lang='lat' dir='ltr'>eum</span> <span class='ocrx_word' id='word_1_249' title='bbox 1141 1904 1352 1974; x_wconf 89' lang='lat' dir='ltr'>absque</span> <span class='ocrx_word' id='word_1_250' title='bbox 1382 1904 1797 1959; x_wconf 86' lang='lat' dir='ltr'>intermissione</span> 
     </span>
    </p>
   </div>
   <div class='ocr_carea' id='block_1_35' title="bbox 199 1991 1793 2063">
    <p class='ocr_par' dir='ltr' id='par_1_35' title="bbox 199 1991 1793 2063">
     <span class='ocr_line' id='line_1_35' title="bbox 199 1991 1793 2063; baseline 0.001 -17"><span class='ocrx_word' id='word_1_251' title='bbox 199 1991 261 2046; x_wconf 89' lang='lat' dir='ltr'>in</span> <span class='ocrx_word' id='word_1_252' title='bbox 291 1993 624 2046; x_wconf 88' lang='lat' dir='ltr'>memoriam</span> <span class='ocrx_word' id='word_1_253' title='bbox 645 1992 929 2063; x_wconf 86' lang='lat' dir='ltr'>gerebam,</span> <span class='ocrx_word' id='word_1_254' title='bbox 956 1999 1081 2063; x_wconf 89' lang='lat' dir='ltr'>post</span> <span class='ocrx_word' id='word_1_255' title='bbox 1107 2008 1318 2047; x_wconf 72' lang='lat' dir='ltr'>coenam</span> <span class='ocrx_word' id='word_1_256' title='bbox 1344 1994 1581 2047; x_wconf 89' lang='lat' dir='ltr'>fratrum</span> <span class='ocrx_word' id='word_1_257' title='bbox 1612 1994 1793 2048; x_wconf 88' lang='lat' dir='ltr'>locum</span> 
     </span>
    </p>
   </div>
   <div class='ocr_carea' id='block_1_36' title="bbox 200 2080 1797 2153">
    <p class='ocr_par' dir='ltr' id='par_1_36' title="bbox 200 2080 1797 2153">
     <span class='ocr_line' id='line_1_36' title="bbox 200 2080 1797 2153; baseline 0.001 -19"><span class='ocrx_word' id='word_1_258' title='bbox 200 2080 531 2151; x_wconf 83' lang='lat' dir='ltr'>ingrediens</span> <span class='ocrx_word' id='word_1_259' title='bbox 578 2083 695 2136; x_wconf 88' lang='lat' dir='ltr'>sedi</span> <span class='ocrx_word' id='word_1_260' title='bbox 736 2083 895 2151; x_wconf 82' lang='lat' dir='ltr'>juxta</span> <span class='ocrx_word' id='word_1_261' title='bbox 927 2083 1221 2148; x_wconf 88' lang='lat' dir='ltr'>cortinam,</span> <span class='ocrx_word' id='word_1_262' title='bbox 1265 2099 1387 2153; x_wconf 74' lang='lat' dir='ltr'>quae</span> <span class='ocrx_word' id='word_1_263' title='bbox 1425 2089 1556 2136; x_wconf 89' lang='lat' dir='ltr'>ante</span> <span class='ocrx_word' id='word_1_264' title='bbox 1594 2083 1797 2136; x_wconf 88' lang='lat' dir='ltr'>lectum</span> 
     </span>
    </p>
   </div>
   <div class='ocr_carea' id='block_1_37' title="bbox 199 2169 1802 2241">
    <p class='ocr_par' dir='ltr' id='par_1_37' title="bbox 199 2169 1802 2241">
     <span class='ocr_line' id='line_1_37' title="bbox 199 2169 1802 2241; baseline 0.002 -18"><span class='ocrx_word' id='word_1_265' title='bbox 199 2170 396 2224; x_wconf 86' lang='lat' dir='ltr'>fratris</span> <span class='ocrx_word' id='word_1_266' title='bbox 424 2176 586 2224; x_wconf 89' lang='lat' dir='ltr'>tensa</span> <span class='ocrx_word' id='word_1_267' title='bbox 614 2169 911 2241; x_wconf 85' lang='lat' dir='ltr'>pendebat.</span> <span class='ocrx_word' id='word_1_268' title='bbox 936 2172 1188 2241; x_wconf 89' lang='lat' dir='ltr'>Cumque</span> <span class='ocrx_word' id='word_1_269' title='bbox 1209 2171 1304 2224; x_wconf 91' lang='lat' dir='ltr'>diu</span> <span class='ocrx_word' id='word_1_270' title='bbox 1333 2172 1605 2237; x_wconf 88' lang='lat' dir='ltr'>sederem,</span> <span class='ocrx_word' id='word_1_271' title='bbox 1630 2177 1688 2225; x_wconf 90' lang='lat' dir='ltr'>et</span> <span class='ocrx_word' id='word_1_272' title='bbox 1707 2171 1802 2226; x_wconf 88' lang='lat' dir='ltr'>ille</span> 
     </span>
    </p>
   </div>
   <div class='ocr_carea' id='block_1_38' title="bbox 199 2258 1801 2333">
    <p class='ocr_par' dir='ltr' id='par_1_38' title="bbox 199 2258 1801 2333">
     <span class='ocr_line' id='line_1_38' title="bbox 199 2258 1801 2333; baseline 0.001 -20"><span class='ocrx_word' id='word_1_273' title='bbox 199 2259 258 2314; x_wconf 87' lang='lat' dir='ltr'>in</span> <span class='ocrx_word' id='word_1_274' title='bbox 281 2259 425 2313; x_wconf 87' lang='lat' dir='ltr'>lecto</span> <span class='ocrx_word' id='word_1_275' title='bbox 443 2260 674 2330; x_wconf 82' lang='lat' dir='ltr'>jaceret,</span> <span class='ocrx_word' id='word_1_276' title='bbox 692 2258 939 2313; x_wconf 89' lang='lat' dir='ltr'>mirabar</span> <span class='ocrx_word' id='word_1_277' title='bbox 959 2261 1104 2330; x_wconf 89' lang='lat' dir='ltr'>quod</span> <span class='ocrx_word' id='word_1_278' title='bbox 1136 2275 1249 2313; x_wconf 92' lang='lat' dir='ltr'>non</span> <span class='ocrx_word' id='word_1_279' title='bbox 1284 2261 1641 2331; x_wconf 84' lang='lat' dir='ltr'>loqueretur;</span> <span class='ocrx_word' id='word_1_280' title='bbox 1669 2276 1801 2333; x_wconf 88' lang='lat' dir='ltr'>ape-</span> 
     </span>
    </p>
   </div>
   <div class='ocr_carea' id='block_1_39' title="bbox 200 2348 1797 2419">
    <p class='ocr_par' dir='ltr' id='par_1_39' title="bbox 200 2348 1797 2419">
     <span class='ocr_line' id='line_1_39' title="bbox 200 2348 1797 2419; baseline 0.001 -18"><span class='ocrx_word' id='word_1_281' title='bbox 200 2349 354 2402; x_wconf 87' lang='lat' dir='ltr'>riens</span> <span class='ocrx_word' id='word_1_282' title='bbox 384 2361 514 2401; x_wconf 88' lang='lat' dir='ltr'>vero</span> <span class='ocrx_word' id='word_1_283' title='bbox 539 2349 811 2401; x_wconf 88' lang='lat' dir='ltr'>cortinam</span> <span class='ocrx_word' id='word_1_284' title='bbox 844 2348 1055 2419; x_wconf 86' lang='lat' dir='ltr'>aspexi,</span> <span class='ocrx_word' id='word_1_285' title='bbox 1074 2356 1130 2402; x_wconf 88' lang='lat' dir='ltr'>et</span> <span class='ocrx_word' id='word_1_286' title='bbox 1150 2364 1274 2402; x_wconf 86' lang='lat' dir='ltr'>ecce</span> <span class='ocrx_word' id='word_1_287' title='bbox 1290 2348 1515 2419; x_wconf 87' lang='lat' dir='ltr'>jacebat</span> <span class='ocrx_word' id='word_1_288' title='bbox 1543 2349 1797 2418; x_wconf 88' lang='lat' dir='ltr'>supinus,</span> 
     </span>
    </p>
   </div>
   <div class='ocr_carea' id='block_1_40' title="bbox 198 2434 1801 2508">
    <p class='ocr_par' dir='ltr' id='par_1_40' title="bbox 198 2434 1801 2508">
     <span class='ocr_line' id='line_1_40' title="bbox 198 2434 1801 2508; baseline 0.001 -18"><span class='ocrx_word' id='word_1_289' title='bbox 198 2434 407 2490; x_wconf 88' lang='lat' dir='ltr'>clausis</span> <span class='ocrx_word' id='word_1_290' title='bbox 453 2436 644 2501; x_wconf 91' lang='lat' dir='ltr'>oculis,</span> <span class='ocrx_word' id='word_1_291' title='bbox 678 2441 948 2507; x_wconf 87' lang='lat' dir='ltr'>tanquam</span> <span class='ocrx_word' id='word_1_292' title='bbox 994 2438 1300 2491; x_wconf 89' lang='lat' dir='ltr'>dormiens.</span> <span class='ocrx_word' id='word_1_293' title='bbox 1354 2438 1607 2508; x_wconf 88' lang='lat' dir='ltr'>Cumque</span> <span class='ocrx_word' id='word_1_294' title='bbox 1646 2438 1801 2508; x_wconf 89' lang='lat' dir='ltr'>aspi-</span> 
     </span>
    </p>
   </div>
   <div class='ocr_carea' id='block_1_41' title="bbox 197 2525 1802 2595">
    <p class='ocr_par' dir='ltr' id='par_1_41' title="bbox 197 2525 1802 2595">
     <span class='ocr_line' id='line_1_41' title="bbox 197 2525 1802 2595; baseline 0.001 -16"><span class='ocrx_word' id='word_1_295' title='bbox 197 2526 350 2580; x_wconf 89' lang='lat' dir='ltr'>ciens</span> <span class='ocrx_word' id='word_1_296' title='bbox 370 2525 714 2595; x_wconf 68' lang='lat' dir='ltr'>haasitarem,</span> <span class='ocrx_word' id='word_1_297' title='bbox 744 2526 1007 2580; x_wconf 89' lang='lat' dir='ltr'>dubitans</span> <span class='ocrx_word' id='word_1_298' title='bbox 1036 2533 1226 2581; x_wconf 89' lang='lat' dir='ltr'>utrum</span> <span class='ocrx_word' id='word_1_299' title='bbox 1257 2543 1454 2580; x_wconf 79' lang='lat' dir='ltr'>somno</span> <span class='ocrx_word' id='word_1_300' title='bbox 1502 2543 1574 2581; x_wconf 87' lang='lat' dir='ltr'>an</span> <span class='ocrx_word' id='word_1_301' title='bbox 1608 2527 1802 2581; x_wconf 89' lang='lat' dir='ltr'>morbo</span> 
     </span>
    </p>
   </div>
   <div class='ocr_carea' id='block_1_42' title="bbox 197 2616 1804 2686">
    <p class='ocr_par' dir='ltr' id='par_1_42' title="bbox 197 2616 1804 2686">
     <span class='ocr_line' id='line_1_42' title="bbox 197 2616 1804 2686; baseline 0 -17"><span class='ocrx_word' id='word_1_302' title='bbox 197 2623 507 2679; x_wconf 87' lang='lat' dir='ltr'>teneretur,</span> <span class='ocrx_word' id='word_1_303' title='bbox 545 2616 865 2669; x_wconf 88' lang='lat' dir='ltr'>nullatenus</span> <span class='ocrx_word' id='word_1_304' title='bbox 898 2616 1066 2682; x_wconf 90' lang='lat' dir='ltr'>enim,</span> <span class='ocrx_word' id='word_1_305' title='bbox 1103 2616 1247 2669; x_wconf 91' lang='lat' dir='ltr'>sicut</span> <span class='ocrx_word' id='word_1_306' title='bbox 1266 2616 1479 2686; x_wconf 88' lang='lat' dir='ltr'>pridem</span> <span class='ocrx_word' id='word_1_307' title='bbox 1506 2617 1804 2670; x_wconf 83' lang='lat' dir='ltr'>accedente</span> 
     </span>
    </p>
   </div>
   <div class='ocr_carea' id='block_1_43' title="bbox 198 2704 1804 2776">
    <p class='ocr_par' dir='ltr' id='par_1_43' title="bbox 198 2704 1804 2776">
     <span class='ocr_line' id='line_1_43' title="bbox 198 2704 1804 2776; baseline 0 -18"><span class='ocrx_word' id='word_1_308' title='bbox 198 2705 461 2775; x_wconf 86' lang='lat' dir='ltr'>passione</span> <span class='ocrx_word' id='word_1_309' title='bbox 504 2704 736 2768; x_wconf 88' lang='lat' dir='ltr'>solebat,</span> <span class='ocrx_word' id='word_1_310' title='bbox 787 2705 1129 2769; x_wconf 87' lang='lat' dir='ltr'>movebatur,</span> <span class='ocrx_word' id='word_1_311' title='bbox 1179 2705 1382 2758; x_wconf 86' lang='lat' dir='ltr'>accessi</span> <span class='ocrx_word' id='word_1_312' title='bbox 1423 2705 1686 2776; x_wconf 90' lang='lat' dir='ltr'>propius,</span> <span class='ocrx_word' id='word_1_313' title='bbox 1747 2710 1804 2758; x_wconf 86' lang='lat' dir='ltr'>et</span> 
     </span>
    </p>
   </div>
   <div class='ocr_carea' id='block_1_44' title="bbox 197 2794 1797 2865">
    <p class='ocr_par' dir='ltr' id='par_1_44' title="bbox 197 2794 1797 2865">
     <span class='ocr_line' id='line_1_44' title="bbox 197 2794 1797 2865; baseline -0.001 -17"><span class='ocrx_word' id='word_1_314' title='bbox 197 2800 369 2865; x_wconf 88' lang='lat' dir='ltr'>caput</span> <span class='ocrx_word' id='word_1_315' title='bbox 385 2795 508 2863; x_wconf 85' lang='lat' dir='ltr'>ejus</span> <span class='ocrx_word' id='word_1_316' title='bbox 528 2794 769 2863; x_wconf 85' lang='lat' dir='ltr'>agitans,</span> <span class='ocrx_word' id='word_1_317' title='bbox 785 2794 1149 2864; x_wconf 88' lang='lat' dir='ltr'>clamansque</span> <span class='ocrx_word' id='word_1_318' title='bbox 1169 2811 1296 2848; x_wconf 90' lang='lat' dir='ltr'>eum</span> <span class='ocrx_word' id='word_1_319' title='bbox 1310 2794 1536 2847; x_wconf 89' lang='lat' dir='ltr'>nomine</span> <span class='ocrx_word' id='word_1_320' title='bbox 1554 2794 1797 2865; x_wconf 88' lang='lat' dir='ltr'>proprio,</span> 
     </span>
    </p>
   </div>
   <div class='ocr_carea' id='block_1_45' title="bbox 199 2882 1802 2954">
    <p class='ocr_par' dir='ltr' id='par_1_45' title="bbox 199 2882 1802 2954">
     <span class='ocr_line' id='line_1_45' title="bbox 199 2882 1802 2954; baseline 0 -17"><span class='ocrx_word' id='word_1_321' title='bbox 199 2899 327 2938; x_wconf 88' lang='lat' dir='ltr'>cum</span> <span class='ocrx_word' id='word_1_322' title='bbox 352 2898 467 2936; x_wconf 91' lang='lat' dir='ltr'>non</span> <span class='ocrx_word' id='word_1_323' title='bbox 496 2882 894 2954; x_wconf 88' lang='lat' dir='ltr'>respondisset,</span> <span class='ocrx_word' id='word_1_324' title='bbox 915 2900 1017 2936; x_wconf 91' lang='lat' dir='ltr'>nec</span> <span class='ocrx_word' id='word_1_325' title='bbox 1045 2884 1233 2937; x_wconf 90' lang='lat' dir='ltr'>oculos</span> <span class='ocrx_word' id='word_1_326' title='bbox 1254 2883 1584 2953; x_wconf 86' lang='lat' dir='ltr'>aperuisset,</span> <span class='ocrx_word' id='word_1_327' title='bbox 1607 2883 1802 2953; x_wconf 57' lang='lat' dir='ltr'>depren-</span> 
     </span>
    </p>
   </div>
   <div class='ocr_carea' id='block_1_46' title="bbox 199 2972 1802 3043">
    <p class='ocr_par' dir='ltr' id='par_1_46' title="bbox 199 2972 1802 3043">
     <span class='ocr_line' id='line_1_46' title="bbox 199 2972 1802 3043; baseline 0 -18"><span class='ocrx_word' id='word_1_328' title='bbox 199 2972 371 3026; x_wconf 87' lang='lat' dir='ltr'>hendi</span> <span class='ocrx_word' id='word_1_329' title='bbox 423 2973 737 3042; x_wconf 88' lang='lat' dir='ltr'>passionem</span> <span class='ocrx_word' id='word_1_330' title='bbox 776 2972 1092 3033; x_wconf 81' lang='lat' dir='ltr'>accessisse,</span> <span class='ocrx_word' id='word_1_331' title='bbox 1149 2976 1206 3025; x_wconf 92' lang='lat' dir='ltr'>et</span> <span class='ocrx_word' id='word_1_332' title='bbox 1253 2972 1567 3043; x_wconf 81' lang='lat' dir='ltr'>exspectavi</span> <span class='ocrx_word' id='word_1_333' title='bbox 1622 2972 1802 3025; x_wconf 87' lang='lat' dir='ltr'>donec</span> 
     </span>
    </p>
   </div>
   <div class='ocr_carea' id='block_1_47' title="bbox 198 3060 1795 3132">
    <p class='ocr_par' dir='ltr' id='par_1_47' title="bbox 198 3060 1795 3132">
     <span class='ocr_line' id='line_1_47' title="bbox 198 3060 1795 3132; baseline -0.001 -17"><span class='ocrx_word' id='word_1_334' title='bbox 198 3061 523 3128; x_wconf 86' lang='lat' dir='ltr'>recederet;</span> <span class='ocrx_word' id='word_1_335' title='bbox 548 3078 671 3132; x_wconf 65' lang='lat' dir='ltr'>quae</span> <span class='ocrx_word' id='word_1_336' title='bbox 699 3078 825 3115; x_wconf 88' lang='lat' dir='ltr'>cum</span> <span class='ocrx_word' id='word_1_337' title='bbox 852 3061 1192 3126; x_wconf 89' lang='lat' dir='ltr'>recessisset,</span> <span class='ocrx_word' id='word_1_338' title='bbox 1217 3062 1439 3131; x_wconf 90' lang='lat' dir='ltr'>aperuit</span> <span class='ocrx_word' id='word_1_339' title='bbox 1463 3062 1557 3115; x_wconf 87' lang='lat' dir='ltr'>ille</span> <span class='ocrx_word' id='word_1_340' title='bbox 1586 3060 1795 3127; x_wconf 82' lang='lat' dir='ltr'>oculos,</span> 
     </span>
    </p>
   </div>
   <div class='ocr_carea' id='block_1_48' title="bbox 1954 1906 3480 1978">
    <p class='ocr_par' dir='ltr' id='par_1_48' title="bbox 1954 1906 3480 1978">
     <span class='ocr_line' id='line_1_48' title="bbox 1954 1906 3480 1978; baseline 0.001 -15"><span class='ocrx_word' id='word_1_341' title='bbox 1954 1911 2051 1963; x_wconf 86' lang='lat' dir='ltr'>liis</span> <span class='ocrx_word' id='word_1_342' title='bbox 2087 1910 2278 1978; x_wconf 86' lang='lat' dir='ltr'>itaque</span> <span class='ocrx_word' id='word_1_343' title='bbox 2301 1908 2462 1961; x_wconf 91' lang='lat' dir='ltr'>dictis</span> <span class='ocrx_word' id='word_1_344' title='bbox 2484 1915 2541 1961; x_wconf 87' lang='lat' dir='ltr'>et</span> <span class='ocrx_word' id='word_1_345' title='bbox 2560 1908 2714 1973; x_wconf 89' lang='lat' dir='ltr'>actis,</span> <span class='ocrx_word' id='word_1_346' title='bbox 2749 1909 2931 1962; x_wconf 88' lang='lat' dir='ltr'>factus</span> <span class='ocrx_word' id='word_1_347' title='bbox 2960 1912 3047 1962; x_wconf 92' lang='lat' dir='ltr'>est</span> <span class='ocrx_word' id='word_1_348' title='bbox 3085 1916 3256 1963; x_wconf 83' lang='lat' dir='ltr'>sanus</span> <span class='ocrx_word' id='word_1_349' title='bbox 3285 1906 3480 1977; x_wconf 85' lang='lat' dir='ltr'>frater,</span> 
     </span>
    </p>
   </div>
   <div class='ocr_carea' id='block_1_49' title="bbox 1879 1995 3484 2070">
    <p class='ocr_par' dir='ltr' id='par_1_49' title="bbox 1879 1995 3484 2070">
     <span class='ocr_line' id='line_1_49' title="bbox 1879 1995 3484 2070; baseline -0.002 -16"><span class='ocrx_word' id='word_1_350' title='bbox 1879 2002 1957 2055; x_wconf 92' lang='lat' dir='ltr'>sic</span> <span class='ocrx_word' id='word_1_351' title='bbox 1989 2010 2324 2070; x_wconf 88' lang='lat' dir='ltr'>permanens</span> <span class='ocrx_word' id='word_1_352' title='bbox 2356 2001 2474 2049; x_wconf 89' lang='lat' dir='ltr'>tota</span> <span class='ocrx_word' id='word_1_353' title='bbox 2503 1995 2597 2049; x_wconf 86' lang='lat' dir='ltr'>illa</span> <span class='ocrx_word' id='word_1_354' title='bbox 2636 1996 2748 2062; x_wconf 89' lang='lat' dir='ltr'>die,</span> <span class='ocrx_word' id='word_1_355' title='bbox 2788 2003 2950 2051; x_wconf 92' lang='lat' dir='ltr'>nocte</span> <span class='ocrx_word' id='word_1_356' title='bbox 2988 2001 3043 2051; x_wconf 86' lang='lat' dir='ltr'>et</span> <span class='ocrx_word' id='word_1_357' title='bbox 3083 1997 3173 2051; x_wconf 86' lang='lat' dir='ltr'>die</span> <span class='ocrx_word' id='word_1_358' title='bbox 3203 1998 3484 2070; x_wconf 87' lang='lat' dir='ltr'>sequenti,</span> 
     </span>
    </p>
   </div>
   <div class='ocr_carea' id='block_1_50' title="bbox 1881 2085 3479 2158">
    <p class='ocr_par' dir='ltr' id='par_1_50' title="bbox 1881 2085 3479 2158">
     <span class='ocr_line' id='line_1_50' title="bbox 1881 2085 3479 2158; baseline -0.002 -15"><span class='ocrx_word' id='word_1_359' title='bbox 1881 2094 2060 2158; x_wconf 89' lang='lat' dir='ltr'>usque</span> <span class='ocrx_word' id='word_1_360' title='bbox 2088 2086 2146 2140; x_wconf 88' lang='lat' dir='ltr'>in</span> <span class='ocrx_word' id='word_1_361' title='bbox 2194 2085 2305 2138; x_wconf 89' lang='lat' dir='ltr'>diei</span> <span class='ocrx_word' id='word_1_362' title='bbox 2349 2085 2529 2138; x_wconf 74' lang='lat' dir='ltr'>tertiae</span> <span class='ocrx_word' id='word_1_363' title='bbox 2567 2100 2769 2138; x_wconf 88' lang='lat' dir='ltr'>nonam</span> <span class='ocrx_word' id='word_1_364' title='bbox 2813 2086 2896 2139; x_wconf 88' lang='lat' dir='ltr'>vel</span> <span class='ocrx_word' id='word_1_365' title='bbox 2935 2086 3210 2140; x_wconf 86' lang='lat' dir='ltr'>decimam</span> <span class='ocrx_word' id='word_1_366' title='bbox 3262 2086 3479 2140; x_wconf 88' lang='lat' dir='ltr'>horam.</span> 
     </span>
    </p>
   </div>
   <div class='ocr_carea' id='block_1_51' title="bbox 1884 2170 3480 2239">
    <p class='ocr_par' dir='ltr' id='par_1_51' title="bbox 1884 2170 3480 2239">
     <span class='ocr_line' id='line_1_51' title="bbox 1884 2170 3480 2239; baseline -0.001 -7"><span class='ocrx_word' id='word_1_367' title='bbox 1884 2176 2086 2233; x_wconf 86' lang='lat' dir='ltr'>Mansit</span> <span class='ocrx_word' id='word_1_368' title='bbox 2134 2182 2261 2227; x_wconf 70' lang='lat' dir='ltr'>Vero</span> <span class='ocrx_word' id='word_1_369' title='bbox 2307 2170 2538 2227; x_wconf 90' lang='lat' dir='ltr'>timidus</span> <span class='ocrx_word' id='word_1_370' title='bbox 2586 2172 2762 2239; x_wconf 80' lang='lat' dir='ltr'>valde,</span> <span class='ocrx_word' id='word_1_371' title='bbox 2810 2180 2867 2228; x_wconf 90' lang='lat' dir='ltr'>et</span> <span class='ocrx_word' id='word_1_372' title='bbox 2910 2175 3130 2228; x_wconf 84' lang='lat' dir='ltr'>frenata</span> <span class='ocrx_word' id='word_1_373' title='bbox 3177 2175 3480 2230; x_wconf 89' lang='lat' dir='ltr'>admodum</span> 
     </span>
    </p>
   </div>
   <div class='ocr_carea' id='block_1_52' title="bbox 1885 2262 3479 2337">
    <p class='ocr_par' dir='ltr' id='par_1_52' title="bbox 1885 2262 3479 2337">
     <span class='ocr_line' id='line_1_52' title="bbox 1885 2262 3479 2337; baseline -0.001 -18"><span class='ocrx_word' id='word_1_374' title='bbox 1885 2266 2121 2337; x_wconf 87' lang='lat' dir='ltr'>pristina</span> <span class='ocrx_word' id='word_1_375' title='bbox 2149 2262 2391 2323; x_wconf 84' lang='lat' dir='ltr'>levitate,</span> <span class='ocrx_word' id='word_1_376' title='bbox 2431 2277 2554 2315; x_wconf 89' lang='lat' dir='ltr'>cum</span> <span class='ocrx_word' id='word_1_377' title='bbox 2588 2274 2827 2316; x_wconf 81' lang='lat' dir='ltr'>maerore</span> <span class='ocrx_word' id='word_1_378' title='bbox 2843 2263 3000 2333; x_wconf 82' lang='lat' dir='ltr'>gravi</span> <span class='ocrx_word' id='word_1_379' title='bbox 3030 2262 3479 2334; x_wconf 65' lang='lat' dir='ltr'>praestolabatur,</span> 
     </span>
    </p>
   </div>
   <div class='ocr_carea' id='block_1_53' title="bbox 1884 2348 3483 2426">
    <p class='ocr_par' dir='ltr' id='par_1_53' title="bbox 1884 2348 3483 2426">
     <span class='ocr_line' id='line_1_53' title="bbox 1884 2348 3483 2426; baseline 0 -18"><span class='ocrx_word' id='word_1_380' title='bbox 1884 2354 2015 2426; x_wconf 93' lang='lat' dir='ltr'>quid</span> <span class='ocrx_word' id='word_1_381' title='bbox 2045 2362 2214 2424; x_wconf 84' lang='lat' dir='ltr'>super</span> <span class='ocrx_word' id='word_1_382' title='bbox 2250 2367 2314 2405; x_wconf 89' lang='lat' dir='ltr'>eo</span> <span class='ocrx_word' id='word_1_383' title='bbox 2342 2351 2462 2405; x_wconf 82' lang='lat' dir='ltr'>fieri</span> <span class='ocrx_word' id='word_1_384' title='bbox 2487 2348 2654 2405; x_wconf 91' lang='lat' dir='ltr'>vellet</span> <span class='ocrx_word' id='word_1_385' title='bbox 2682 2352 2849 2406; x_wconf 88' lang='lat' dir='ltr'>Deus.</span> <span class='ocrx_word' id='word_1_386' title='bbox 2897 2351 3016 2407; x_wconf 86' lang='lat' dir='ltr'>Adii</span> <span class='ocrx_word' id='word_1_387' title='bbox 3047 2359 3237 2407; x_wconf 85' lang='lat' dir='ltr'>autem</span> <span class='ocrx_word' id='word_1_388' title='bbox 3267 2362 3394 2407; x_wconf 84' lang='lat' dir='ltr'>eum</span> <span class='ocrx_word' id='word_1_389' title='bbox 3425 2358 3483 2408; x_wconf 91' lang='lat' dir='ltr'>et</span> 
     </span>
    </p>
   </div>
   <div class='ocr_carea' id='block_1_54' title="bbox 1883 2438 3479 2511">
    <p class='ocr_par' dir='ltr' id='par_1_54' title="bbox 1883 2438 3479 2511">
     <span class='ocr_line' id='line_1_54' title="bbox 1883 2438 3479 2511; baseline -0.001 -13"><span class='ocrx_word' id='word_1_390' title='bbox 1883 2443 2145 2498; x_wconf 88' lang='lat' dir='ltr'>accersivi</span> <span class='ocrx_word' id='word_1_391' title='bbox 2174 2438 2376 2505; x_wconf 83' lang='lat' dir='ltr'>verbis,</span> <span class='ocrx_word' id='word_1_392' title='bbox 2410 2456 2616 2511; x_wconf 87' lang='lat' dir='ltr'>rogans</span> <span class='ocrx_word' id='word_1_393' title='bbox 2655 2447 2719 2494; x_wconf 91' lang='lat' dir='ltr'>ut</span> <span class='ocrx_word' id='word_1_394' title='bbox 2748 2440 2819 2494; x_wconf 89' lang='lat' dir='ltr'>ad</span> <span class='ocrx_word' id='word_1_395' title='bbox 2857 2455 2953 2494; x_wconf 91' lang='lat' dir='ltr'>cor</span> <span class='ocrx_word' id='word_1_396' title='bbox 2981 2450 3147 2495; x_wconf 85' lang='lat' dir='ltr'>suum</span> <span class='ocrx_word' id='word_1_397' title='bbox 3175 2438 3386 2495; x_wconf 77' lang='lat' dir='ltr'>rediret</span> <span class='ocrx_word' id='word_1_398' title='bbox 3421 2446 3479 2496; x_wconf 91' lang='lat' dir='ltr'>et</span> 
     </span>
    </p>
   </div>
   <div class='ocr_carea' id='block_1_55' title="bbox 1884 2529 3483 2605">
    <p class='ocr_par' dir='ltr' id='par_1_55' title="bbox 1884 2529 3483 2605">
     <span class='ocr_line' id='line_1_55' title="bbox 1884 2529 3483 2605; baseline -0.003 -17"><span class='ocrx_word' id='word_1_399' title='bbox 1884 2538 2213 2605; x_wconf 87' lang='lat' dir='ltr'>agnosceret</span> <span class='ocrx_word' id='word_1_400' title='bbox 2250 2530 2380 2601; x_wconf 88' lang='lat' dir='ltr'>quid</span> <span class='ocrx_word' id='word_1_401' title='bbox 2412 2529 2602 2589; x_wconf 85' lang='lat' dir='ltr'>fuerit.</span> <span class='ocrx_word' id='word_1_402' title='bbox 2635 2531 3109 2600; x_wconf 79' lang='lat' dir='ltr'>confitereturque</span> <span class='ocrx_word' id='word_1_403' title='bbox 3146 2530 3335 2584; x_wconf 85' lang='lat' dir='ltr'>omnia</span> <span class='ocrx_word' id='word_1_404' title='bbox 3358 2536 3483 2602; x_wconf 89' lang='lat' dir='ltr'>pec-</span> 
     </span>
    </p>
   </div>
   <div class='ocr_carea' id='block_1_56' title="bbox 1885 2618 3484 2689">
    <p class='ocr_par' dir='ltr' id='par_1_56' title="bbox 1885 2618 3484 2689">
     <span class='ocr_line' id='line_1_56' title="bbox 1885 2618 3484 2689; baseline -0.002 -13"><span class='ocrx_word' id='word_1_405' title='bbox 1885 2629 2009 2676; x_wconf 87' lang='lat' dir='ltr'>cata</span> <span class='ocrx_word' id='word_1_406' title='bbox 2039 2634 2159 2680; x_wconf 83' lang='lat' dir='ltr'>sua,</span> <span class='ocrx_word' id='word_1_407' title='bbox 2187 2627 2241 2674; x_wconf 92' lang='lat' dir='ltr'>et</span> <span class='ocrx_word' id='word_1_408' title='bbox 2261 2620 2359 2673; x_wconf 83' lang='lat' dir='ltr'>illa</span> <span class='ocrx_word' id='word_1_409' title='bbox 2390 2618 2649 2681; x_wconf 84' lang='lat' dir='ltr'>maxime,</span> <span class='ocrx_word' id='word_1_410' title='bbox 2673 2619 2875 2689; x_wconf 90' lang='lat' dir='ltr'>quibus</span> <span class='ocrx_word' id='word_1_411' title='bbox 2895 2625 3165 2689; x_wconf 89' lang='lat' dir='ltr'>tanquam</span> <span class='ocrx_word' id='word_1_412' title='bbox 3187 2618 3484 2673; x_wconf 88' lang='lat' dir='ltr'>tormentis</span> 
     </span>
    </p>
   </div>
   <div class='ocr_carea' id='block_1_57' title="bbox 1886 2707 3483 2777">
    <p class='ocr_par' dir='ltr' id='par_1_57' title="bbox 1886 2707 3483 2777">
     <span class='ocr_line' id='line_1_57' title="bbox 1886 2707 3483 2777; baseline -0.002 -12"><span class='ocrx_word' id='word_1_413' title='bbox 1886 2710 2226 2765; x_wconf 86' lang='lat' dir='ltr'>conscientia</span> <span class='ocrx_word' id='word_1_414' title='bbox 2254 2722 2381 2762; x_wconf 86' lang='lat' dir='ltr'>eum</span> <span class='ocrx_word' id='word_1_415' title='bbox 2428 2708 2486 2760; x_wconf 90' lang='lat' dir='ltr'>in</span> <span class='ocrx_word' id='word_1_416' title='bbox 2522 2707 2710 2760; x_wconf 89' lang='lat' dir='ltr'>divino</span> <span class='ocrx_word' id='word_1_417' title='bbox 2734 2708 2966 2777; x_wconf 89' lang='lat' dir='ltr'>judicio.</span> <span class='ocrx_word' id='word_1_418' title='bbox 3010 2708 3155 2761; x_wconf 88' lang='lat' dir='ltr'>sicut</span> <span class='ocrx_word' id='word_1_419' title='bbox 3184 2708 3239 2762; x_wconf 86' lang='lat' dir='ltr'>in</span> <span class='ocrx_word' id='word_1_420' title='bbox 3272 2708 3483 2763; x_wconf 89' lang='lat' dir='ltr'>somnis</span> 
     </span>
    </p>
   </div>
   <div class='ocr_carea' id='block_1_58' title="bbox 1884 2795 3482 2866">
    <p class='ocr_par' dir='ltr' id='par_1_58' title="bbox 1884 2795 3482 2866">
     <span class='ocr_line' id='line_1_58' title="bbox 1884 2795 3482 2866; baseline 0 -15"><span class='ocrx_word' id='word_1_421' title='bbox 1884 2801 2063 2854; x_wconf 88' lang='lat' dir='ltr'>visum</span> <span class='ocrx_word' id='word_1_422' title='bbox 2108 2805 2191 2853; x_wconf 89' lang='lat' dir='ltr'>est</span> <span class='ocrx_word' id='word_1_423' title='bbox 2231 2798 2355 2861; x_wconf 90' lang='lat' dir='ltr'>sibi,</span> <span class='ocrx_word' id='word_1_424' title='bbox 2407 2795 2787 2862; x_wconf 85' lang='lat' dir='ltr'>cruciaverat;</span> <span class='ocrx_word' id='word_1_425' title='bbox 2831 2797 2978 2866; x_wconf 88' lang='lat' dir='ltr'>quod</span> <span class='ocrx_word' id='word_1_426' title='bbox 3021 2797 3115 2850; x_wconf 92' lang='lat' dir='ltr'>ille</span> <span class='ocrx_word' id='word_1_427' title='bbox 3153 2798 3387 2851; x_wconf 86' lang='lat' dir='ltr'>audiens</span> <span class='ocrx_word' id='word_1_428' title='bbox 3426 2804 3482 2851; x_wconf 92' lang='lat' dir='ltr'>et</span> 
     </span>
    </p>
   </div>
   <div class='ocr_carea' id='block_1_59' title="bbox 1882 2883 3483 2954">
    <p class='ocr_par' dir='ltr' id='par_1_59' title="bbox 1882 2883 3483 2954">
     <span class='ocr_line' id='line_1_59' title="bbox 1882 2883 3483 2954; baseline -0.001 -13"><span class='ocrx_word' id='word_1_429' title='bbox 1882 2900 2154 2951; x_wconf 87' lang='lat' dir='ltr'>annuens,</span> <span class='ocrx_word' id='word_1_430' title='bbox 2172 2884 2320 2940; x_wconf 88' lang='lat' dir='ltr'>illico</span> <span class='ocrx_word' id='word_1_431' title='bbox 2339 2885 2610 2938; x_wconf 86' lang='lat' dir='ltr'>confitens</span> <span class='ocrx_word' id='word_1_432' title='bbox 2629 2884 2884 2954; x_wconf 83' lang='lat' dir='ltr'>exposuit</span> <span class='ocrx_word' id='word_1_433' title='bbox 2900 2883 3036 2937; x_wconf 89' lang='lat' dir='ltr'>mihi</span> <span class='ocrx_word' id='word_1_434' title='bbox 3066 2893 3289 2938; x_wconf 85' lang='lat' dir='ltr'>omnem</span> <span class='ocrx_word' id='word_1_435' title='bbox 3307 2886 3483 2939; x_wconf 85' lang='lat' dir='ltr'>vitam</span> 
     </span>
    </p>
   </div>
   <div class='ocr_carea' id='block_1_60' title="bbox 1880 2972 3485 3047">
    <p class='ocr_par' dir='ltr' id='par_1_60' title="bbox 1880 2972 3485 3047">
     <span class='ocr_line' id='line_1_60' title="bbox 1880 2972 3485 3047; baseline -0.002 -15"><span class='ocrx_word' id='word_1_436' title='bbox 1880 2993 2039 3032; x_wconf 90' lang='lat' dir='ltr'>suam</span> <span class='ocrx_word' id='word_1_437' title='bbox 2062 2974 2423 3047; x_wconf 62' lang='lat' dir='ltr'>praeteritam,</span> <span class='ocrx_word' id='word_1_438' title='bbox 2451 2979 2724 3043; x_wconf 88' lang='lat' dir='ltr'>quantum</span> <span class='ocrx_word' id='word_1_439' title='bbox 2737 2972 3018 3026; x_wconf 87' lang='lat' dir='ltr'>recordari</span> <span class='ocrx_word' id='word_1_440' title='bbox 3038 2972 3238 3043; x_wconf 90' lang='lat' dir='ltr'>potuit,</span> <span class='ocrx_word' id='word_1_441' title='bbox 3255 2974 3485 3043; x_wconf 81' lang='lat' dir='ltr'>planctu</span> 
     </span>
    </p>
   </div>
   <div class='ocr_carea' id='block_1_61' title="bbox 1882 3060 3483 3138">
    <p class='ocr_par' dir='ltr' id='par_1_61' title="bbox 1882 3060 3483 3138">
     <span class='ocr_line' id='line_1_61' title="bbox 1882 3060 3483 3138; baseline -0.001 -19"><span class='ocrx_word' id='word_1_442' title='bbox 1882 3076 1991 3138; x_wconf 94' lang='lat' dir='ltr'>quo</span> <span class='ocrx_word' id='word_1_443' title='bbox 2039 3064 2231 3127; x_wconf 87' lang='lat' dir='ltr'>valuit,</span> <span class='ocrx_word' id='word_1_444' title='bbox 2291 3072 2696 3131; x_wconf 89' lang='lat' dir='ltr'>assumensque</span> <span class='ocrx_word' id='word_1_445' title='bbox 2754 3060 3047 3115; x_wconf 88' lang='lat' dir='ltr'>consilium</span> <span class='ocrx_word' id='word_1_446' title='bbox 3089 3068 3124 3115; x_wconf 85' lang='lat' dir='ltr'>a</span> <span class='ocrx_word' id='word_1_447' title='bbox 3180 3070 3287 3125; x_wconf 84' lang='lat' dir='ltr'>me,</span> <span class='ocrx_word' id='word_1_448' title='bbox 3333 3062 3483 3133; x_wconf 86' lang='lat' dir='ltr'>quod</span> 
     </span>
    </p>
   </div>
   <div class='ocr_carea' id='block_1_62' title="bbox 199 3146 3475 3221">
    <p class='ocr_par' dir='ltr' id='par_1_62' title="bbox 199 3146 3475 3221">
     <span class='ocr_line' id='line_1_62' title="bbox 199 3146 3475 3221; baseline 0 -18"><span class='ocrx_word' id='word_1_449' title='bbox 199 3157 259 3204; x_wconf 87' lang='lat' dir='ltr'>et</span> <span class='ocrx_word' id='word_1_450' title='bbox 315 3149 559 3204; x_wconf 85' lang='lat' dir='ltr'>extensis</span> <span class='ocrx_word' id='word_1_451' title='bbox 606 3150 905 3220; x_wconf 87' lang='lat' dir='ltr'>poplitibus</span> <span class='ocrx_word' id='word_1_452' title='bbox 952 3151 1239 3221; x_wconf 88' lang='lat' dir='ltr'>planctum</span> <span class='ocrx_word' id='word_1_453' title='bbox 1296 3150 1538 3203; x_wconf 82' lang='lat' dir='ltr'>flebilem</span> <span class='ocrx_word' id='word_1_454' title='bbox 1588 3146 2082 3215; x_wconf 84' lang='lat' dir='ltr'>emisit,Cmeiius</span> <span class='ocrx_word' id='word_1_455' title='bbox 2119 3150 2325 3206; x_wconf 73' lang='lat' dir='ltr'>inVeni.</span> <span class='ocrx_word' id='word_1_456' title='bbox 2360 3151 2460 3204; x_wconf 92' lang='lat' dir='ltr'>Die</span> <span class='ocrx_word' id='word_1_457' title='bbox 2485 3148 2672 3212; x_wconf 86' lang='lat' dir='ltr'>tertia,</span> <span class='ocrx_word' id='word_1_458' title='bbox 2710 3165 2833 3220; x_wconf 60' lang='lat' dir='ltr'>quae</span> <span class='ocrx_word' id='word_1_459' title='bbox 2865 3146 3145 3203; x_wconf 86' lang='lat' dir='ltr'>minarum</span> <span class='ocrx_word' id='word_1_460' title='bbox 3175 3148 3294 3204; x_wconf 88' lang='lat' dir='ltr'>dies</span> <span class='ocrx_word' id='word_1_461' title='bbox 3333 3156 3475 3219; x_wconf 87' lang='lat' dir='ltr'>erat,</span> 
     </span>
    </p>
   </div>
   <div class='ocr_carea' id='block_1_63' title="bbox 198 3238 1799 3301">
    <p class='ocr_par' dir='ltr' id='par_1_63' title="bbox 198 3238 1799 3301">
     <span class='ocr_line' id='line_1_63' title="bbox 198 3238 1799 3301; baseline -0.001 -8"><span class='ocrx_word' id='word_1_462' title='bbox 198 3239 391 3294; x_wconf 89' lang='lat' dir='ltr'>dicens</span> <span class='ocrx_word' id='word_1_463' title='bbox 419 3254 478 3292; x_wconf 88' lang='lat' dir='ltr'>se</span> <span class='ocrx_word' id='word_1_464' title='bbox 490 3238 659 3293; x_wconf 89' lang='lat' dir='ltr'>nimis</span> <span class='ocrx_word' id='word_1_465' title='bbox 682 3240 984 3301; x_wconf 84' lang='lat' dir='ltr'>laborasse,</span> <span class='ocrx_word' id='word_1_466' title='bbox 1008 3244 1065 3293; x_wconf 91' lang='lat' dir='ltr'>et</span> <span class='ocrx_word' id='word_1_467' title='bbox 1093 3239 1501 3294; x_wconf 89' lang='lat' dir='ltr'>lacessentibus</span> <span class='ocrx_word' id='word_1_468' title='bbox 1532 3239 1799 3293; x_wconf 89' lang='lat' dir='ltr'>membris</span> 
     </span>
    </p>
   </div>
   <div class='ocr_carea' id='block_1_64' title="bbox 198 3328 1796 3399">
    <p class='ocr_par' dir='ltr' id='par_1_64' title="bbox 198 3328 1796 3399">
     <span class='ocr_line' id='line_1_64' title="bbox 198 3328 1796 3399; baseline 0 -17"><span class='ocrx_word' id='word_1_469' title='bbox 198 3328 444 3399; x_wconf 82' lang='lat' dir='ltr'>fatigari,</span> <span class='ocrx_word' id='word_1_470' title='bbox 466 3329 659 3398; x_wconf 87' lang='lat' dir='ltr'>sicque</span> <span class='ocrx_word' id='word_1_471' title='bbox 677 3336 764 3383; x_wconf 89' lang='lat' dir='ltr'>ter</span> <span class='ocrx_word' id='word_1_472' title='bbox 783 3329 978 3382; x_wconf 87' lang='lat' dir='ltr'>eadem</span> <span class='ocrx_word' id='word_1_473' title='bbox 1006 3329 1146 3382; x_wconf 90' lang='lat' dir='ltr'>hora</span> <span class='ocrx_word' id='word_1_474' title='bbox 1186 3345 1405 3381; x_wconf 91' lang='lat' dir='ltr'>mecum</span> <span class='ocrx_word' id='word_1_475' title='bbox 1428 3345 1491 3381; x_wconf 89' lang='lat' dir='ltr'>eo</span> <span class='ocrx_word' id='word_1_476' title='bbox 1513 3329 1796 3398; x_wconf 89' lang='lat' dir='ltr'>loquente,</span> 
     </span>
    </p>
   </div>
   <div class='ocr_carea' id='block_1_65' title="bbox 197 3417 1803 3488">
    <p class='ocr_par' dir='ltr' id='par_1_65' title="bbox 197 3417 1803 3488">
     <span class='ocr_line' id='line_1_65' title="bbox 197 3417 1803 3488; baseline -0.001 -16"><span class='ocrx_word' id='word_1_477' title='bbox 197 3418 498 3472; x_wconf 88' lang='lat' dir='ltr'>accedente</span> <span class='ocrx_word' id='word_1_478' title='bbox 516 3417 775 3488; x_wconf 87' lang='lat' dir='ltr'>passione</span> <span class='ocrx_word' id='word_1_479' title='bbox 804 3417 903 3471; x_wconf 88' lang='lat' dir='ltr'>ivit</span> <span class='ocrx_word' id='word_1_480' title='bbox 930 3423 986 3471; x_wconf 89' lang='lat' dir='ltr'>et</span> <span class='ocrx_word' id='word_1_481' title='bbox 1012 3417 1195 3471; x_wconf 91' lang='lat' dir='ltr'>rediit.</span> <span class='ocrx_word' id='word_1_482' title='bbox 1232 3417 1484 3486; x_wconf 88' lang='lat' dir='ltr'>Cumque</span> <span class='ocrx_word' id='word_1_483' title='bbox 1514 3433 1616 3487; x_wconf 90' lang='lat' dir='ltr'>ego</span> <span class='ocrx_word' id='word_1_484' title='bbox 1646 3418 1803 3470; x_wconf 84' lang='lat' dir='ltr'>valde</span> 
     </span>
    </p>
   </div>
   <div class='ocr_carea' id='block_1_66' title="bbox 195 3506 1801 3571">
    <p class='ocr_par' dir='ltr' id='par_1_66' title="bbox 195 3506 1801 3571">
     <span class='ocr_line' id='line_1_66' title="bbox 195 3506 1801 3571; baseline -0.001 -10"><span class='ocrx_word' id='word_1_485' title='bbox 195 3508 469 3571; x_wconf 85' lang='lat' dir='ltr'>dolerem,</span> <span class='ocrx_word' id='word_1_486' title='bbox 498 3511 656 3560; x_wconf 84' lang='lat' dir='ltr'>tanta</span> <span class='ocrx_word' id='word_1_487' title='bbox 686 3507 1025 3560; x_wconf 91' lang='lat' dir='ltr'>contritione</span> <span class='ocrx_word' id='word_1_488' title='bbox 1054 3507 1250 3559; x_wconf 87' lang='lat' dir='ltr'>videns</span> <span class='ocrx_word' id='word_1_489' title='bbox 1278 3506 1510 3559; x_wconf 86' lang='lat' dir='ltr'>fratrem</span> <span class='ocrx_word' id='word_1_490' title='bbox 1542 3512 1599 3559; x_wconf 90' lang='lat' dir='ltr'>et</span> <span class='ocrx_word' id='word_1_491' title='bbox 1622 3506 1801 3559; x_wconf 85' lang='lat' dir='ltr'>ﬁlium</span> 
     </span>
    </p>
   </div>
   <div class='ocr_carea' id='block_1_67' title="bbox 195 3595 1799 3666">
    <p class='ocr_par' dir='ltr' id='par_1_67' title="bbox 195 3595 1799 3666">
     <span class='ocr_line' id='line_1_67' title="bbox 195 3595 1799 3666; baseline -0.001 -16"><span class='ocrx_word' id='word_1_492' title='bbox 195 3612 387 3650; x_wconf 87' lang='lat' dir='ltr'>meum</span> <span class='ocrx_word' id='word_1_493' title='bbox 409 3595 683 3650; x_wconf 85' lang='lat' dir='ltr'>laborare.</span> <span class='ocrx_word' id='word_1_494' title='bbox 715 3611 814 3666; x_wconf 92' lang='lat' dir='ltr'>pro</span> <span class='ocrx_word' id='word_1_495' title='bbox 845 3610 954 3666; x_wconf 90' lang='lat' dir='ltr'>quo</span> <span class='ocrx_word' id='word_1_496' title='bbox 987 3597 1229 3649; x_wconf 83' lang='lat' dir='ltr'>animam</span> <span class='ocrx_word' id='word_1_497' title='bbox 1265 3611 1551 3665; x_wconf 88' lang='lat' dir='ltr'>ponerem,</span> <span class='ocrx_word' id='word_1_498' title='bbox 1594 3596 1641 3648; x_wconf 92' lang='lat' dir='ltr'>si</span> <span class='ocrx_word' id='word_1_499' title='bbox 1671 3611 1799 3665; x_wconf 83' lang='lat' dir='ltr'>pos-</span> 
     </span>
    </p>
   </div>
   <div class='ocr_carea' id='block_1_68' title="bbox 195 3684 1799 3753">
    <p class='ocr_par' dir='ltr' id='par_1_68' title="bbox 195 3684 1799 3753">
     <span class='ocr_line' id='line_1_68' title="bbox 195 3684 1799 3753; baseline -0.001 -15"><span class='ocrx_word' id='word_1_500' title='bbox 195 3702 336 3743; x_wconf 83' lang='lat' dir='ltr'>sem,</span> <span class='ocrx_word' id='word_1_501' title='bbox 371 3701 474 3738; x_wconf 88' lang='lat' dir='ltr'>nec</span> <span class='ocrx_word' id='word_1_502' title='bbox 503 3685 742 3738; x_wconf 87' lang='lat' dir='ltr'>valerem</span> <span class='ocrx_word' id='word_1_503' title='bbox 773 3701 1119 3747; x_wconf 87' lang='lat' dir='ltr'>succurrere,</span> <span class='ocrx_word' id='word_1_504' title='bbox 1162 3684 1534 3753; x_wconf 88' lang='lat' dir='ltr'>ingemiscens</span> <span class='ocrx_word' id='word_1_505' title='bbox 1577 3684 1799 3739; x_wconf 90' lang='lat' dir='ltr'>interno</span> 
     </span>
    </p>
   </div>
   <div class='ocr_carea' id='block_1_69' title="bbox 197 3773 1797 3844">
    <p class='ocr_par' dir='ltr' id='par_1_69' title="bbox 197 3773 1797 3844">
     <span class='ocr_line' id='line_1_69' title="bbox 197 3773 1797 3844; baseline -0.002 -16"><span class='ocrx_word' id='word_1_506' title='bbox 197 3774 463 3844; x_wconf 89' lang='lat' dir='ltr'>suspirio,</span> <span class='ocrx_word' id='word_1_507' title='bbox 483 3773 621 3827; x_wconf 87' lang='lat' dir='ltr'>dixit</span> <span class='ocrx_word' id='word_1_508' title='bbox 652 3774 816 3826; x_wconf 87' lang='lat' dir='ltr'>mihi:</span> <span class='ocrx_word' id='word_1_509' title='bbox 839 3792 864 3825; x_wconf 79' lang='grc' dir='ltr'><strong><em>α</em></strong></span> <span class='ocrx_word' id='word_1_510' title='bbox 886 3774 1069 3835; x_wconf 88' lang='lat' dir='ltr'>Pater,</span> <span class='ocrx_word' id='word_1_511' title='bbox 1096 3774 1282 3836; x_wconf 88' lang='lat' dir='ltr'>Pater,</span> <span class='ocrx_word' id='word_1_512' title='bbox 1307 3789 1474 3843; x_wconf 83' lang='lat' dir='ltr'>quam</span> <span class='ocrx_word' id='word_1_513' title='bbox 1500 3774 1797 3843; x_wconf 88' lang='lat' dir='ltr'>pessimam</span> 
     </span>
    </p>
   </div>
   <div class='ocr_carea' id='block_1_70' title="bbox 194 3861 1796 3933">
    <p class='ocr_par' dir='ltr' id='par_1_70' title="bbox 194 3861 1796 3933">
     <span class='ocr_line' id='line_1_70' title="bbox 194 3861 1796 3933; baseline -0.001 -17"><span class='ocrx_word' id='word_1_514' title='bbox 194 3868 419 3917; x_wconf 88' lang='lat' dir='ltr'>noctem</span> <span class='ocrx_word' id='word_1_515' title='bbox 469 3862 671 3916; x_wconf 91' lang='lat' dir='ltr'>ducere</span> <span class='ocrx_word' id='word_1_516' title='bbox 700 3879 788 3916; x_wconf 89' lang='lat' dir='ltr'>me</span> <span class='ocrx_word' id='word_1_517' title='bbox 816 3867 1037 3933; x_wconf 89' lang='lat' dir='ltr'>oportet</span> <span class='ocrx_word' id='word_1_518' title='bbox 1086 3863 1248 3925; x_wconf 88' lang='lat' dir='ltr'>hanc,</span> <span class='ocrx_word' id='word_1_519' title='bbox 1283 3877 1406 3931; x_wconf 70' lang='lat' dir='ltr'>quae</span> <span class='ocrx_word' id='word_1_520' title='bbox 1435 3861 1724 3916; x_wconf 86' lang='lat' dir='ltr'>imminet!</span> <span class='ocrx_word' id='word_1_521' title='bbox 1772 3881 1796 3914; x_wconf 71' lang='lat' dir='ltr'>n</span> 
     </span>
    </p>
   </div>
   <div class='ocr_carea' id='block_1_71' title="bbox 197 3950 1804 4021">
    <p class='ocr_par' dir='ltr' id='par_1_71' title="bbox 197 3950 1804 4021">
     <span class='ocr_line' id='line_1_71' title="bbox 197 3950 1804 4021; baseline -0.002 -14"><span class='ocrx_word' id='word_1_522' title='bbox 197 3954 340 4007; x_wconf 91' lang='lat' dir='ltr'>Cum</span> <span class='ocrx_word' id='word_1_523' title='bbox 376 3967 656 4021; x_wconf 86' lang='lat' dir='ltr'>rogassem</span> <span class='ocrx_word' id='word_1_524' title='bbox 698 3957 762 4004; x_wconf 90' lang='lat' dir='ltr'>ut</span> <span class='ocrx_word' id='word_1_525' title='bbox 795 3951 1005 4004; x_wconf 87' lang='lat' dir='ltr'>diceret</span> <span class='ocrx_word' id='word_1_526' title='bbox 1034 3951 1166 4021; x_wconf 88' lang='lat' dir='ltr'>quid</span> <span class='ocrx_word' id='word_1_527' title='bbox 1199 3951 1442 4013; x_wconf 86' lang='lat' dir='ltr'>timeret,</span> <span class='ocrx_word' id='word_1_528' title='bbox 1478 3956 1533 4004; x_wconf 90' lang='lat' dir='ltr'>et</span> <span class='ocrx_word' id='word_1_529' title='bbox 1562 3950 1804 4021; x_wconf 85' lang='lat' dir='ltr'>qualiter</span> 
     </span>
    </p>
   </div>
   <div class='ocr_carea' id='block_1_72' title="bbox 196 4040 1798 4109">
    <p class='ocr_par' dir='ltr' id='par_1_72' title="bbox 196 4040 1798 4109">
     <span class='ocr_line' id='line_1_72' title="bbox 196 4040 1798 4109; baseline -0.001 -14"><span class='ocrx_word' id='word_1_530' title='bbox 196 4043 303 4095; x_wconf 87' lang='lat' dir='ltr'>hoc</span> <span class='ocrx_word' id='word_1_531' title='bbox 341 4040 528 4104; x_wconf 89' lang='lat' dir='ltr'>sciret,</span> <span class='ocrx_word' id='word_1_532' title='bbox 563 4040 803 4109; x_wconf 83' lang='lat' dir='ltr'>adjecit:</span> <span class='ocrx_word' id='word_1_533' title='bbox 842 4060 864 4090; x_wconf 71' lang='grc' dir='ltr'><strong><em>ι</em></strong></span> <span class='ocrx_word' id='word_1_534' title='bbox 907 4040 1113 4092; x_wconf 69' lang='lat' dir='ltr'>Vocem</span> <span class='ocrx_word' id='word_1_535' title='bbox 1153 4040 1339 4093; x_wconf 89' lang='lat' dir='ltr'>audivi</span> <span class='ocrx_word' id='word_1_536' title='bbox 1368 4044 1675 4094; x_wconf 89' lang='lat' dir='ltr'>terrentem</span> <span class='ocrx_word' id='word_1_537' title='bbox 1708 4056 1798 4094; x_wconf 91' lang='lat' dir='ltr'>me</span> 
     </span>
    </p>
   </div>
   <div class='ocr_carea' id='block_1_73' title="bbox 196 4128 1797 4199">
    <p class='ocr_par' dir='ltr' id='par_1_73' title="bbox 196 4128 1797 4199">
     <span class='ocr_line' id='line_1_73' title="bbox 196 4128 1797 4199; baseline -0.002 -15"><span class='ocrx_word' id='word_1_538' title='bbox 196 4129 367 4184; x_wconf 90' lang='lat' dir='ltr'>nimis</span> <span class='ocrx_word' id='word_1_539' title='bbox 394 4134 458 4180; x_wconf 84' lang='lat' dir='ltr'>ac</span> <span class='ocrx_word' id='word_1_540' title='bbox 484 4128 761 4182; x_wconf 89' lang='lat' dir='ltr'>dicentem</span> <span class='ocrx_word' id='word_1_541' title='bbox 787 4146 797 4180; x_wconf 86' lang='lat'>:</span> <span class='ocrx_word' id='word_1_542' title='bbox 832 4129 989 4197; x_wconf 89' lang='lat' dir='ltr'>Roga</span> <span class='ocrx_word' id='word_1_543' title='bbox 1026 4128 1272 4199; x_wconf 90' lang='lat' dir='ltr'>priorem</span> <span class='ocrx_word' id='word_1_544' title='bbox 1305 4135 1463 4181; x_wconf 89' lang='lat' dir='ltr'>tuum</span> <span class='ocrx_word' id='word_1_545' title='bbox 1489 4128 1797 4183; x_wconf 87' lang='lat' dir='ltr'>Robertum</span> 
     </span>
    </p>
   </div>
   <div class='ocr_carea' id='block_1_74' title="bbox 198 4217 1798 4287">
    <p class='ocr_par' dir='ltr' id='par_1_74' title="bbox 198 4217 1798 4287">
     <span class='ocr_line' id='line_1_74' title="bbox 198 4217 1798 4287; baseline -0.002 -14"><span class='ocrx_word' id='word_1_546' title='bbox 198 4224 257 4273; x_wconf 89' lang='lat' dir='ltr'>et</span> <span class='ocrx_word' id='word_1_547' title='bbox 272 4218 478 4272; x_wconf 86' lang='lat' dir='ltr'>fratres</span> <span class='ocrx_word' id='word_1_548' title='bbox 506 4223 634 4270; x_wconf 89' lang='lat' dir='ltr'>tuos</span> <span class='ocrx_word' id='word_1_549' title='bbox 664 4222 914 4278; x_wconf 82' lang='lat' dir='ltr'>caeteros,</span> <span class='ocrx_word' id='word_1_550' title='bbox 958 4223 1021 4270; x_wconf 91' lang='lat' dir='ltr'>ut</span> <span class='ocrx_word' id='word_1_551' title='bbox 1049 4224 1210 4270; x_wconf 91' lang='lat' dir='ltr'>orent</span> <span class='ocrx_word' id='word_1_552' title='bbox 1255 4232 1356 4286; x_wconf 88' lang='lat' dir='ltr'>pro</span> <span class='ocrx_word' id='word_1_553' title='bbox 1403 4223 1479 4281; x_wconf 80' lang='lat' dir='ltr'>te,</span> <span class='ocrx_word' id='word_1_554' title='bbox 1530 4218 1663 4287; x_wconf 86' lang='lat' dir='ltr'>quia</span> <span class='ocrx_word' id='word_1_555' title='bbox 1692 4217 1798 4270; x_wconf 90' lang='lat' dir='ltr'>nisi</span> 
     </span>
    </p>
   </div>
   <div class='ocr_carea' id='block_1_75' title="bbox 196 4306 1798 4377">
    <p class='ocr_par' dir='ltr' id='par_1_75' title="bbox 196 4306 1798 4377">
     <span class='ocr_line' id='line_1_75' title="bbox 196 4306 1798 4377; baseline -0.002 -15"><span class='ocrx_word' id='word_1_556' title='bbox 196 4308 385 4362; x_wconf 87' lang='lat' dir='ltr'>divina</span> <span class='ocrx_word' id='word_1_557' title='bbox 402 4307 581 4377; x_wconf 88' lang='lat' dir='ltr'>pietas</span> <span class='ocrx_word' id='word_1_558' title='bbox 601 4306 938 4366; x_wconf 84' lang='lat' dir='ltr'>subvenerit,</span> <span class='ocrx_word' id='word_1_559' title='bbox 962 4306 1263 4376; x_wconf 87' lang='lat' dir='ltr'>pessimam</span> <span class='ocrx_word' id='word_1_560' title='bbox 1287 4311 1505 4359; x_wconf 91' lang='lat' dir='ltr'>noctem</span> <span class='ocrx_word' id='word_1_561' title='bbox 1532 4323 1798 4377; x_wconf 86' lang='lat' dir='ltr'>passurus</span> 
     </span>
    </p>
   </div>
   <div class='ocr_carea' id='block_1_76' title="bbox 197 4395 1797 4465">
    <p class='ocr_par' dir='ltr' id='par_1_76' title="bbox 197 4395 1797 4465">
     <span class='ocr_line' id='line_1_76' title="bbox 197 4395 1797 4465; baseline -0.001 -14"><span class='ocrx_word' id='word_1_562' title='bbox 197 4414 257 4451; x_wconf 81' lang='lat' dir='ltr'>es</span> <span class='ocrx_word' id='word_1_563' title='bbox 272 4396 462 4450; x_wconf 79' lang='lat' dir='ltr'>istam.</span> <span class='ocrx_word' id='word_1_564' title='bbox 498 4396 658 4450; x_wconf 83' lang='lat' dir='ltr'>Nunc</span> <span class='ocrx_word' id='word_1_565' title='bbox 680 4412 833 4465; x_wconf 89' lang='lat' dir='ltr'>ergo,</span> <span class='ocrx_word' id='word_1_566' title='bbox 874 4397 1083 4457; x_wconf 89' lang='lat' dir='ltr'>Patres,</span> <span class='ocrx_word' id='word_1_567' title='bbox 1105 4395 1415 4449; x_wconf 89' lang='lat' dir='ltr'>succurrite</span> <span class='ocrx_word' id='word_1_568' title='bbox 1437 4404 1493 4449; x_wconf 84' lang='lat' dir='ltr'>et</span> <span class='ocrx_word' id='word_1_569' title='bbox 1513 4402 1669 4449; x_wconf 90' lang='lat' dir='ltr'>orate</span> <span class='ocrx_word' id='word_1_570' title='bbox 1698 4412 1797 4465; x_wconf 90' lang='lat' dir='ltr'>pro</span> 
     </span>
    </p>
   </div>
   <div class='ocr_carea' id='block_1_77' title="bbox 1883 3238 3479 3302">
    <p class='ocr_par' dir='ltr' id='par_1_77' title="bbox 1883 3238 3479 3302">
     <span class='ocr_line' id='line_1_77' title="bbox 1883 3238 3479 3302; baseline -0.002 -5"><span class='ocrx_word' id='word_1_571' title='bbox 1883 3260 1973 3297; x_wconf 92' lang='lat' dir='ltr'>me</span> <span class='ocrx_word' id='word_1_572' title='bbox 2001 3243 2327 3295; x_wconf 91' lang='lat' dir='ltr'>consulente</span> <span class='ocrx_word' id='word_1_573' title='bbox 2359 3244 2413 3293; x_wconf 88' lang='lat' dir='ltr'>et</span> <span class='ocrx_word' id='word_1_574' title='bbox 2432 3243 2714 3301; x_wconf 89' lang='lat' dir='ltr'>monente,</span> <span class='ocrx_word' id='word_1_575' title='bbox 2739 3254 2901 3292; x_wconf 88' lang='lat' dir='ltr'>mane</span> <span class='ocrx_word' id='word_1_576' title='bbox 2922 3238 2979 3292; x_wconf 88' lang='lat' dir='ltr'>in</span> <span class='ocrx_word' id='word_1_577' title='bbox 3004 3239 3327 3302; x_wconf 83' lang='lat' dir='ltr'>oratorium,</span> <span class='ocrx_word' id='word_1_578' title='bbox 3350 3250 3479 3294; x_wconf 87' lang='lat' dir='ltr'>cum</span> 
     </span>
    </p>
   </div>
   <div class='ocr_carea' id='block_1_78' title="bbox 1885 3327 3482 3401">
    <p class='ocr_par' dir='ltr' id='par_1_78' title="bbox 1885 3327 3482 3401">
     <span class='ocr_line' id='line_1_78' title="bbox 1885 3327 3482 3401; baseline -0.001 -16"><span class='ocrx_word' id='word_1_579' title='bbox 1885 3337 1943 3385; x_wconf 78' lang='lat' dir='ltr'>et</span> <span class='ocrx_word' id='word_1_580' title='bbox 1971 3347 2073 3401; x_wconf 90' lang='lat' dir='ltr'>ego</span> <span class='ocrx_word' id='word_1_581' title='bbox 2103 3342 2292 3383; x_wconf 88' lang='lat' dir='ltr'>secum</span> <span class='ocrx_word' id='word_1_582' title='bbox 2319 3330 2480 3393; x_wconf 88' lang='lat' dir='ltr'>irem,</span> <span class='ocrx_word' id='word_1_583' title='bbox 2516 3327 2779 3399; x_wconf 75' lang='lat' dir='ltr'>perrexit,</span> <span class='ocrx_word' id='word_1_584' title='bbox 2819 3328 3203 3401; x_wconf 78' lang='lat' dir='ltr'>fratribus‘qtle</span> <span class='ocrx_word' id='word_1_585' title='bbox 3240 3329 3482 3401; x_wconf 85' lang='lat' dir='ltr'>primam</span> 
     </span>
    </p>
   </div>
   <div class='ocr_carea' id='block_1_79' title="bbox 1885 3417 3482 3492">
    <p class='ocr_par' dir='ltr' id='par_1_79' title="bbox 1885 3417 3482 3492">
     <span class='ocr_line' id='line_1_79' title="bbox 1885 3417 3482 3492; baseline -0.001 -18"><span class='ocrx_word' id='word_1_586' title='bbox 1885 3421 2241 3492; x_wconf 87' lang='lat' dir='ltr'>psalmosque</span> <span class='ocrx_word' id='word_1_587' title='bbox 2270 3430 2510 3488; x_wconf 89' lang='lat' dir='ltr'>sequens</span> <span class='ocrx_word' id='word_1_588' title='bbox 2533 3422 2590 3470; x_wconf 90' lang='lat' dir='ltr'>et</span> <span class='ocrx_word' id='word_1_589' title='bbox 2619 3417 2850 3470; x_wconf 88' lang='lat' dir='ltr'>missam</span> <span class='ocrx_word' id='word_1_590' title='bbox 2906 3417 3323 3484; x_wconf 87' lang='lat' dir='ltr'>matutinalem,</span> <span class='ocrx_word' id='word_1_591' title='bbox 3360 3424 3482 3488; x_wconf 81' lang='lat' dir='ltr'>quae</span> 
     </span>
    </p>
   </div>
   <div class='ocr_carea' id='block_1_80' title="bbox 1885 3504 3484 3578">
    <p class='ocr_par' dir='ltr' id='par_1_80' title="bbox 1885 3504 3484 3578">
     <span class='ocr_line' id='line_1_80' title="bbox 1885 3504 3484 3578; baseline -0.001 -15"><span class='ocrx_word' id='word_1_592' title='bbox 1885 3504 2055 3563; x_wconf 84' lang='lat' dir='ltr'>etiam</span> <span class='ocrx_word' id='word_1_593' title='bbox 2084 3523 2148 3562; x_wconf 90' lang='lat' dir='ltr'>ex</span> <span class='ocrx_word' id='word_1_594' title='bbox 2168 3506 2329 3578; x_wconf 86' lang='lat' dir='ltr'>jussu</span> <span class='ocrx_word' id='word_1_595' title='bbox 2360 3512 2552 3560; x_wconf 87' lang='lat' dir='ltr'>nostro</span> <span class='ocrx_word' id='word_1_596' title='bbox 2593 3518 2692 3576; x_wconf 91' lang='lat' dir='ltr'>pro</span> <span class='ocrx_word' id='word_1_597' title='bbox 2742 3506 2982 3576; x_wconf 82' lang='lat' dir='ltr'>peccatis</span> <span class='ocrx_word' id='word_1_598' title='bbox 3014 3504 3166 3561; x_wconf 92' lang='lat' dir='ltr'>illius</span> <span class='ocrx_word' id='word_1_599' title='bbox 3195 3505 3484 3561; x_wconf 78' lang='lat' dir='ltr'>Celebran-</span> 
     </span>
    </p>
   </div>
   <div class='ocr_carea' id='block_1_81' title="bbox 1882 3590 3485 3662">
    <p class='ocr_par' dir='ltr' id='par_1_81' title="bbox 1882 3590 3485 3662">
     <span class='ocr_line' id='line_1_81' title="bbox 1882 3590 3485 3662; baseline -0.002 -10"><span class='ocrx_word' id='word_1_600' title='bbox 1882 3598 2053 3662; x_wconf 88' lang='lat' dir='ltr'>tibus,</span> <span class='ocrx_word' id='word_1_601' title='bbox 2082 3594 2176 3650; x_wconf 90' lang='lat' dir='ltr'>ille</span> <span class='ocrx_word' id='word_1_602' title='bbox 2216 3600 2372 3649; x_wconf 85' lang='lat' dir='ltr'>extra</span> <span class='ocrx_word' id='word_1_603' title='bbox 2411 3596 2641 3648; x_wconf 87' lang='lat' dir='ltr'>chorum</span> <span class='ocrx_word' id='word_1_604' title='bbox 2683 3595 2903 3658; x_wconf 85' lang='lat' dir='ltr'>sedens,</span> <span class='ocrx_word' id='word_1_605' title='bbox 2938 3594 2995 3647; x_wconf 89' lang='lat' dir='ltr'>in</span> <span class='ocrx_word' id='word_1_606' title='bbox 3028 3590 3485 3650; x_wconf 86' lang='lat' dir='ltr'>meditationibus</span> 
     </span>
    </p>
   </div>
   <div class='ocr_carea' id='block_1_82' title="bbox 1883 3678 3485 3758">
    <p class='ocr_par' dir='ltr' id='par_1_82' title="bbox 1883 3678 3485 3758">
     <span class='ocr_line' id='line_1_82' title="bbox 1883 3678 3485 3758; baseline -0.001 -17"><span class='ocrx_word' id='word_1_607' title='bbox 1883 3689 2214 3758; x_wconf 88' lang='lat' dir='ltr'>etlacrymis</span> <span class='ocrx_word' id='word_1_608' title='bbox 2236 3684 2644 3758; x_wconf 83' lang='lat' dir='ltr'>perseverabat.</span> <span class='ocrx_word' id='word_1_609' title='bbox 2668 3684 2781 3738; x_wconf 83' lang='lat' dir='ltr'>Nos</span> <span class='ocrx_word' id='word_1_610' title='bbox 2805 3701 2935 3738; x_wconf 87' lang='lat' dir='ltr'>vero</span> <span class='ocrx_word' id='word_1_611' title='bbox 2956 3678 3127 3739; x_wconf 80' lang='lat' dir='ltr'>finitis</span> <span class='ocrx_word' id='word_1_612' title='bbox 3148 3702 3270 3756; x_wconf 61' lang='lat' dir='ltr'>quae</span> <span class='ocrx_word' id='word_1_613' title='bbox 3292 3684 3485 3740; x_wconf 82' lang='lat' dir='ltr'>ﬁnien-</span> 
     </span>
    </p>
   </div>
   <div class='ocr_carea' id='block_1_83' title="bbox 1884 3773 3482 3844">
    <p class='ocr_par' dir='ltr' id='par_1_83' title="bbox 1884 3773 3482 3844">
     <span class='ocr_line' id='line_1_83' title="bbox 1884 3773 3482 3844; baseline -0.001 -14"><span class='ocrx_word' id='word_1_614' title='bbox 1884 3778 1954 3830; x_wconf 87' lang='lat' dir='ltr'>da</span> <span class='ocrx_word' id='word_1_615' title='bbox 1984 3782 2161 3839; x_wconf 89' lang='lat' dir='ltr'>erant,</span> <span class='ocrx_word' id='word_1_616' title='bbox 2197 3778 2335 3830; x_wconf 88' lang='lat' dir='ltr'>hora</span> <span class='ocrx_word' id='word_1_617' title='bbox 2373 3775 2470 3829; x_wconf 92' lang='lat' dir='ltr'>illa</span> <span class='ocrx_word' id='word_1_618' title='bbox 2494 3773 2801 3844; x_wconf 82' lang='lat' dir='ltr'>capitulum</span> <span class='ocrx_word' id='word_1_619' title='bbox 2842 3774 3170 3844; x_wconf 89' lang='lat' dir='ltr'>introgressi</span> <span class='ocrx_word' id='word_1_620' title='bbox 3213 3775 3482 3842; x_wconf 88' lang='lat' dir='ltr'>sedimus,</span> 
     </span>
    </p>
   </div>
   <div class='ocr_carea' id='block_1_84' title="bbox 1884 3858 3486 3936">
    <p class='ocr_par' dir='ltr' id='par_1_84' title="bbox 1884 3858 3486 3936">
     <span class='ocr_line' id='line_1_84' title="bbox 1884 3858 3486 3936; baseline -0.001 -17"><span class='ocrx_word' id='word_1_621' title='bbox 1884 3872 1940 3919; x_wconf 90' lang='lat' dir='ltr'>et</span> <span class='ocrx_word' id='word_1_622' title='bbox 1967 3872 2091 3936; x_wconf 90' lang='lat' dir='ltr'>post</span> <span class='ocrx_word' id='word_1_623' title='bbox 2111 3865 2249 3919; x_wconf 90' lang='lat' dir='ltr'>alias</span> <span class='ocrx_word' id='word_1_624' title='bbox 2280 3862 2793 3925; x_wconf 85' lang='lat' dir='ltr'>sermocinationes,</span> <span class='ocrx_word' id='word_1_625' title='bbox 2823 3876 2944 3933; x_wconf 85' lang='lat' dir='ltr'>quae</span> <span class='ocrx_word' id='word_1_626' title='bbox 2977 3864 3304 3917; x_wconf 85' lang='lat' dir='ltr'>necessariae</span> <span class='ocrx_word' id='word_1_627' title='bbox 3330 3858 3486 3918; x_wconf 83' lang='lat' dir='ltr'>vide-</span> 
     </span>
    </p>
   </div>
   <div class='ocr_carea' id='block_1_85' title="bbox 1884 3948 3486 4024">
    <p class='ocr_par' dir='ltr' id='par_1_85' title="bbox 1884 3948 3486 4024">
     <span class='ocr_line' id='line_1_85' title="bbox 1884 3948 3486 4024; baseline -0.001 -16"><span class='ocrx_word' id='word_1_628' title='bbox 1884 3955 2108 4019; x_wconf 88' lang='lat' dir='ltr'>bantur,</span> <span class='ocrx_word' id='word_1_629' title='bbox 2140 3956 2209 4008; x_wconf 88' lang='lat' dir='ltr'>de</span> <span class='ocrx_word' id='word_1_630' title='bbox 2255 3953 2350 4009; x_wconf 91' lang='lat' dir='ltr'>illo</span> <span class='ocrx_word' id='word_1_631' title='bbox 2390 3948 2726 4007; x_wconf 87' lang='lat' dir='ltr'>mentionem</span> <span class='ocrx_word' id='word_1_632' title='bbox 2776 3948 3079 4018; x_wconf 89' lang='lat' dir='ltr'>introduxi,</span> <span class='ocrx_word' id='word_1_633' title='bbox 3113 3952 3486 4024; x_wconf 86' lang='lat' dir='ltr'>omnibusque</span> 
     </span>
    </p>
   </div>
   <div class='ocr_carea' id='block_1_86' title="bbox 1883 4040 3478 4111">
    <p class='ocr_par' dir='ltr' id='par_1_86' title="bbox 1883 4040 3478 4111">
     <span class='ocr_line' id='line_1_86' title="bbox 1883 4040 3478 4111; baseline -0.001 -14"><span class='ocrx_word' id='word_1_634' title='bbox 1883 4042 2262 4097; x_wconf 91' lang='lat' dir='ltr'>annuentibus</span> <span class='ocrx_word' id='word_1_635' title='bbox 2293 4044 2519 4095; x_wconf 85' lang='lat' dir='ltr'>vocatus</span> <span class='ocrx_word' id='word_1_636' title='bbox 2550 4047 2635 4095; x_wconf 90' lang='lat' dir='ltr'>est</span> <span class='ocrx_word' id='word_1_637' title='bbox 2662 4040 2719 4094; x_wconf 90' lang='lat' dir='ltr'>in</span> <span class='ocrx_word' id='word_1_638' title='bbox 2746 4041 3074 4111; x_wconf 84' lang='lat' dir='ltr'>capitulum,</span> <span class='ocrx_word' id='word_1_639' title='bbox 3118 4042 3221 4095; x_wconf 87' lang='lat' dir='ltr'>hoc</span> <span class='ocrx_word' id='word_1_640' title='bbox 3260 4043 3410 4095; x_wconf 87' lang='lat' dir='ltr'>enim</span> <span class='ocrx_word' id='word_1_641' title='bbox 3443 4059 3478 4097; x_wconf 87' lang='lat' dir='ltr'>a</span> 
     </span>
    </p>
   </div>
   <div class='ocr_carea' id='block_1_87' title="bbox 1882 4127 3481 4201">
    <p class='ocr_par' dir='ltr' id='par_1_87' title="bbox 1882 4127 3481 4201">
     <span class='ocr_line' id='line_1_87' title="bbox 1882 4127 3481 4201; baseline -0.001 -17"><span class='ocrx_word' id='word_1_642' title='bbox 1882 4148 1971 4184; x_wconf 88' lang='lat' dir='ltr'>me</span> <span class='ocrx_word' id='word_1_643' title='bbox 1992 4130 2249 4201; x_wconf 85' lang='lat' dir='ltr'>petierat,</span> <span class='ocrx_word' id='word_1_644' title='bbox 2273 4142 2361 4183; x_wconf 91' lang='lat' dir='ltr'>me</span> <span class='ocrx_word' id='word_1_645' title='bbox 2383 4135 2573 4183; x_wconf 82' lang='lat' dir='ltr'>tamen</span> <span class='ocrx_word' id='word_1_646' title='bbox 2597 4127 2753 4199; x_wconf 88' lang='lat' dir='ltr'>prius</span> <span class='ocrx_word' id='word_1_647' title='bbox 2773 4130 3097 4183; x_wconf 89' lang='lat' dir='ltr'>consulente</span> <span class='ocrx_word' id='word_1_648' title='bbox 3119 4134 3175 4183; x_wconf 87' lang='lat' dir='ltr'>et</span> <span class='ocrx_word' id='word_1_649' title='bbox 3197 4134 3481 4197; x_wconf 82' lang='lat' dir='ltr'>monente,</span> 
     </span>
    </p>
   </div>
   <div class='ocr_carea' id='block_1_88' title="bbox 1881 4214 3480 4290">
    <p class='ocr_par' dir='ltr' id='par_1_88' title="bbox 1881 4214 3480 4290">
     <span class='ocr_line' id='line_1_88' title="bbox 1881 4214 3480 4290; baseline 0.001 -19"><span class='ocrx_word' id='word_1_650' title='bbox 1881 4219 2221 4290; x_wconf 85' lang='lat' dir='ltr'>sequebatur</span> <span class='ocrx_word' id='word_1_651' title='bbox 2247 4237 2259 4286; x_wconf 91' lang='lat'><strong>;</strong></span> <span class='ocrx_word' id='word_1_652' title='bbox 2302 4217 2507 4289; x_wconf 87' lang='lat' dir='ltr'>quippe</span> <span class='ocrx_word' id='word_1_653' title='bbox 2528 4214 2645 4287; x_wconf 82' lang='lat' dir='ltr'>jam</span> <span class='ocrx_word' id='word_1_654' title='bbox 2672 4219 2911 4272; x_wconf 81' lang='lat' dir='ltr'>multum</span> <span class='ocrx_word' id='word_1_655' title='bbox 2941 4218 3186 4272; x_wconf 86' lang='lat' dir='ltr'>domitus</span> <span class='ocrx_word' id='word_1_656' title='bbox 3215 4214 3480 4273; x_wconf 85' lang='lat' dir='ltr'>volunta-</span> 
     </span>
    </p>
   </div>
   <div class='ocr_carea' id='block_1_89' title="bbox 1880 4307 3483 4378">
    <p class='ocr_par' dir='ltr' id='par_1_89' title="bbox 1880 4307 3483 4378">
     <span class='ocr_line' id='line_1_89' title="bbox 1880 4307 3483 4378; baseline 0 -16"><span class='ocrx_word' id='word_1_657' title='bbox 1880 4317 1992 4362; x_wconf 90' lang='lat' dir='ltr'>tem</span> <span class='ocrx_word' id='word_1_658' title='bbox 2024 4320 2204 4362; x_wconf 87' lang='lat' dir='ltr'>meam</span> <span class='ocrx_word' id='word_1_659' title='bbox 2239 4322 2303 4361; x_wconf 87' lang='lat' dir='ltr'>ex</span> <span class='ocrx_word' id='word_1_660' title='bbox 2333 4312 2451 4360; x_wconf 90' lang='lat' dir='ltr'>toto</span> <span class='ocrx_word' id='word_1_661' title='bbox 2481 4307 2539 4360; x_wconf 88' lang='lat' dir='ltr'>in</span> <span class='ocrx_word' id='word_1_662' title='bbox 2562 4307 2987 4378; x_wconf 87' lang='lat' dir='ltr'>quibuscunque</span> <span class='ocrx_word' id='word_1_663' title='bbox 3008 4312 3243 4378; x_wconf 79' lang='lat' dir='ltr'>poterat.</span> <span class='ocrx_word' id='word_1_664' title='bbox 3264 4308 3483 4378; x_wconf 77' lang='lat' dir='ltr'>Ingres-</span> 
     </span>
    </p>
   </div>
   <div class='ocr_carea' id='block_1_90' title="bbox 1881 4395 3479 4467">
    <p class='ocr_par' dir='ltr' id='par_1_90' title="bbox 1881 4395 3479 4467">
     <span class='ocr_line' id='line_1_90' title="bbox 1881 4395 3479 4467; baseline -0.001 -15"><span class='ocrx_word' id='word_1_665' title='bbox 1881 4414 1976 4452; x_wconf 92' lang='lat' dir='ltr'>sus</span> <span class='ocrx_word' id='word_1_666' title='bbox 2008 4397 2182 4467; x_wconf 85' lang='lat' dir='ltr'>igitur</span> <span class='ocrx_word' id='word_1_667' title='bbox 2221 4396 2597 4467; x_wconf 80' lang='lat' dir='ltr'>prosternitur</span> <span class='ocrx_word' id='word_1_668' title='bbox 2628 4398 2745 4449; x_wconf 88' lang='lat' dir='ltr'>toto</span> <span class='ocrx_word' id='word_1_669' title='bbox 2793 4406 3024 4466; x_wconf 82' lang='lat' dir='ltr'>eorpOre</span> <span class='ocrx_word' id='word_1_670' title='bbox 3065 4404 3253 4449; x_wconf 84' lang='lat' dir='ltr'>coram</span> <span class='ocrx_word' id='word_1_671' title='bbox 3298 4395 3479 4459; x_wconf 85' lang='lat' dir='ltr'>nobis,</span> 
     </span>
    </p>
   </div>
   <div class='ocr_carea' id='block_1_91' title="bbox 196 4469 3484 4556">
    <p class='ocr_par' dir='ltr' id='par_1_91' title="bbox 196 4469 3484 4556">
     <span class='ocr_line' id='line_1_91' title="bbox 196 4469 3484 4556; baseline -0.001 -16"><span class='ocrx_word' id='word_1_672' title='bbox 196 4504 306 4552; x_wconf 90' lang='lat' dir='ltr'>me,</span> <span class='ocrx_word' id='word_1_673' title='bbox 337 4486 471 4556; x_wconf 85' lang='lat' dir='ltr'>quia</span> <span class='ocrx_word' id='word_1_674' title='bbox 509 4485 668 4539; x_wconf 89' lang='lat' dir='ltr'>valde</span> <span class='ocrx_word' id='word_1_675' title='bbox 714 4486 888 4538; x_wconf 90' lang='lat' dir='ltr'>timeo</span> <span class='ocrx_word' id='word_1_676' title='bbox 919 4485 1214 4538; x_wconf 90' lang='lat' dir='ltr'>attendens</span> <span class='ocrx_word' id='word_1_677' title='bbox 1261 4484 1431 4537; x_wconf 87' lang='lat' dir='ltr'>verba</span> <span class='ocrx_word' id='word_1_678' title='bbox 1479 4502 1600 4555; x_wconf 56' lang='lat' dir='ltr'>qua</span> <span class='ocrx_word' id='word_1_679' title='bbox 1649 4485 1799 4539; x_wconf 84' lang='lat' dir='ltr'>dicta</span> <span class='ocrx_word' id='word_1_680' title='bbox 1820 4469 2054 4537; x_wconf 80' lang='lat' dir='ltr'>Dtantis</span> <span class='ocrx_word' id='word_1_681' title='bbox 2096 4481 2357 4552; x_wconf 86' lang='lat' dir='ltr'>lacrymis</span> <span class='ocrx_word' id='word_1_682' title='bbox 2406 4480 2623 4552; x_wconf 89' lang='lat' dir='ltr'>plenus,</span> <span class='ocrx_word' id='word_1_683' title='bbox 2655 4485 2813 4533; x_wconf 89' lang='lat' dir='ltr'>tanto</span> <span class='ocrx_word' id='word_1_684' title='bbox 2863 4479 3016 4534; x_wconf 92' lang='lat' dir='ltr'>luctu</span> <span class='ocrx_word' id='word_1_685' title='bbox 3053 4480 3263 4535; x_wconf 88' lang='lat' dir='ltr'>fractus</span> <span class='ocrx_word' id='word_1_686' title='bbox 3294 4484 3357 4535; x_wconf 89' lang='lat' dir='ltr'>ut</span> <span class='ocrx_word' id='word_1_687' title='bbox 3395 4490 3484 4536; x_wconf 87' lang='lat' dir='ltr'>me</span> 
     </span>
    </p>
   </div>
   <div class='ocr_carea' id='block_1_92' title="bbox 192 4573 1797 4643">
    <p class='ocr_par' dir='ltr' id='par_1_92' title="bbox 192 4573 1797 4643">
     <span class='ocr_line' id='line_1_92' title="bbox 192 4573 1797 4643; baseline -0.002 -13"><span class='ocrx_word' id='word_1_688' title='bbox 192 4581 327 4630; x_wconf 90' lang='lat' dir='ltr'>sunt</span> <span class='ocrx_word' id='word_1_689' title='bbox 349 4575 508 4629; x_wconf 87' lang='lat' dir='ltr'>mihi.</span> <span class='ocrx_word' id='word_1_690' title='bbox 540 4600 564 4623; x_wconf 77' lang='grc' dir='ltr'><strong><em>ιι</em></strong></span> <span class='ocrx_word' id='word_1_691' title='bbox 594 4576 680 4628; x_wconf 91' lang='lat' dir='ltr'>Me</span> <span class='ocrx_word' id='word_1_692' title='bbox 701 4573 892 4643; x_wconf 88' lang='lat' dir='ltr'>itaque</span> <span class='ocrx_word' id='word_1_693' title='bbox 919 4573 1291 4643; x_wconf 67' lang='lat' dir='ltr'>praecipiente,</span> <span class='ocrx_word' id='word_1_694' title='bbox 1310 4573 1600 4627; x_wconf 83' lang='lat' dir='ltr'>confestim</span> <span class='ocrx_word' id='word_1_695' title='bbox 1622 4575 1797 4628; x_wconf 89' lang='lat' dir='ltr'>vocati</span> 
     </span>
    </p>
   </div>
   <div class='ocr_carea' id='block_1_93' title="bbox 192 4662 1796 4734">
    <p class='ocr_par' dir='ltr' id='par_1_93' title="bbox 192 4662 1796 4734">
     <span class='ocr_line' id='line_1_93' title="bbox 192 4662 1796 4734; baseline -0.002 -15"><span class='ocrx_word' id='word_1_696' title='bbox 192 4671 330 4719; x_wconf 91' lang='lat' dir='ltr'>sunt</span> <span class='ocrx_word' id='word_1_697' title='bbox 355 4664 560 4718; x_wconf 86' lang='lat' dir='ltr'>fratres</span> <span class='ocrx_word' id='word_1_698' title='bbox 573 4668 832 4734; x_wconf 89' lang='lat' dir='ltr'>quatuor,</span> <span class='ocrx_word' id='word_1_699' title='bbox 859 4676 999 4732; x_wconf 90' lang='lat' dir='ltr'>quos</span> <span class='ocrx_word' id='word_1_700' title='bbox 1021 4678 1122 4733; x_wconf 82' lang='lat' dir='ltr'>ego</span> <span class='ocrx_word' id='word_1_701' title='bbox 1144 4662 1466 4716; x_wconf 90' lang='lat' dir='ltr'>nominibus</span> <span class='ocrx_word' id='word_1_702' title='bbox 1487 4662 1796 4733; x_wconf 84' lang='lat' dir='ltr'>designavi,</span> 
     </span>
    </p>
   </div>
   <div class='ocr_carea' id='block_1_94' title="bbox 191 4750 1797 4823">
    <p class='ocr_par' dir='ltr' id='par_1_94' title="bbox 191 4750 1797 4823">
     <span class='ocr_line' id='line_1_94' title="bbox 191 4750 1797 4823; baseline -0.002 -15"><span class='ocrx_word' id='word_1_703' title='bbox 191 4754 480 4823; x_wconf 87' lang='lat' dir='ltr'>allatoque</span> <span class='ocrx_word' id='word_1_704' title='bbox 516 4769 640 4806; x_wconf 90' lang='lat' dir='ltr'>cum</span> <span class='ocrx_word' id='word_1_705' title='bbox 671 4766 834 4805; x_wconf 89' lang='lat' dir='ltr'>cruce</span> <span class='ocrx_word' id='word_1_706' title='bbox 865 4759 919 4805; x_wconf 87' lang='lat' dir='ltr'>et</span> <span class='ocrx_word' id='word_1_707' title='bbox 949 4751 1301 4805; x_wconf 87' lang='lat' dir='ltr'>candelabris</span> <span class='ocrx_word' id='word_1_708' title='bbox 1333 4750 1543 4806; x_wconf 84' lang='lat' dir='ltr'>Christi</span> <span class='ocrx_word' id='word_1_709' title='bbox 1576 4752 1797 4805; x_wconf 89' lang='lat' dir='ltr'>Domini</span> 
     </span>
    </p>
   </div>
   <div class='ocr_carea' id='block_1_95' title="bbox 194 4841 1795 4911">
    <p class='ocr_par' dir='ltr' id='par_1_95' title="bbox 194 4841 1795 4911">
     <span class='ocr_line' id='line_1_95' title="bbox 194 4841 1795 4911; baseline -0.003 -13"><span class='ocrx_word' id='word_1_710' title='bbox 194 4843 379 4898; x_wconf 90' lang='lat' dir='ltr'>nostri</span> <span class='ocrx_word' id='word_1_711' title='bbox 397 4846 753 4896; x_wconf 85' lang='lat' dir='ltr'>sacrosancto</span> <span class='ocrx_word' id='word_1_712' title='bbox 784 4854 1036 4911; x_wconf 89' lang='lat' dir='ltr'>corpore,</span> <span class='ocrx_word' id='word_1_713' title='bbox 1059 4854 1149 4894; x_wconf 88' lang='lat' dir='ltr'>me</span> <span class='ocrx_word' id='word_1_714' title='bbox 1171 4841 1525 4901; x_wconf 85' lang='lat' dir='ltr'>exhortante,</span> <span class='ocrx_word' id='word_1_715' title='bbox 1544 4841 1795 4911; x_wconf 59' lang='lat' dir='ltr'>praemis</span> 
     </span>
    </p>
   </div>
   <div class='ocr_carea' id='block_1_96' title="bbox 193 4929 1795 5004">
    <p class='ocr_par' dir='ltr' id='par_1_96' title="bbox 193 4929 1795 5004">
     <span class='ocr_line' id='line_1_96' title="bbox 193 4929 1795 5004; baseline -0.003 -17"><span class='ocrx_word' id='word_1_716' title='bbox 193 4949 371 5004; x_wconf 89' lang='lat' dir='ltr'>saque</span> <span class='ocrx_word' id='word_1_717' title='bbox 432 4931 798 4995; x_wconf 84' lang='lat' dir='ltr'>confessione,</span> <span class='ocrx_word' id='word_1_718' title='bbox 851 4929 1099 5001; x_wconf 89' lang='lat' dir='ltr'>corporis</span> <span class='ocrx_word' id='word_1_719' title='bbox 1147 4930 1291 4983; x_wconf 84' lang='lat' dir='ltr'>sacri</span> <span class='ocrx_word' id='word_1_720' title='bbox 1345 4930 1795 4983; x_wconf 88' lang='lat' dir='ltr'>communionem</span> 
     </span>
    </p>
   </div>
   <div class='ocr_carea' id='block_1_97' title="bbox 194 5018 1798 5092">
    <p class='ocr_par' dir='ltr' id='par_1_97' title="bbox 194 5018 1798 5092">
     <span class='ocr_line' id='line_1_97' title="bbox 194 5018 1798 5092; baseline -0.004 -15"><span class='ocrx_word' id='word_1_721' title='bbox 194 5022 457 5092; x_wconf 90' lang='lat' dir='ltr'>sumpsit,</span> <span class='ocrx_word' id='word_1_722' title='bbox 491 5020 781 5089; x_wconf 81' lang='lat' dir='ltr'>iactusque</span> <span class='ocrx_word' id='word_1_723' title='bbox 822 5019 1075 5072; x_wconf 87' lang='lat' dir='ltr'>securior</span> <span class='ocrx_word' id='word_1_724' title='bbox 1111 5018 1357 5089; x_wconf 89' lang='lat' dir='ltr'>jacebat,</span> <span class='ocrx_word' id='word_1_725' title='bbox 1401 5019 1562 5072; x_wconf 91' lang='lat' dir='ltr'>nobis</span> <span class='ocrx_word' id='word_1_726' title='bbox 1609 5035 1798 5072; x_wconf 89' lang='lat' dir='ltr'>coram</span> 
     </span>
    </p>
   </div>
   <div class='ocr_carea' id='block_1_98' title="bbox 195 5096 1801 5180">
    <p class='ocr_par' dir='ltr' id='par_1_98' title="bbox 195 5096 1801 5180">
     <span class='ocr_line' id='line_1_98' title="bbox 195 5096 1801 5180; baseline -0.003 -15"><span class='ocrx_word' id='word_1_727' title='bbox 195 5109 521 5166; x_wconf 88' lang='lat' dir='ltr'>sedentibus</span> <span class='ocrx_word' id='word_1_728' title='bbox 560 5116 617 5163; x_wconf 93' lang='lat' dir='ltr'>et</span> <span class='ocrx_word' id='word_1_729' title='bbox 645 5096 1094 5180; x_wconf 88' lang='lat' dir='ltr'>exspectantibus</span> <span class='ocrx_word' id='word_1_730' title='bbox 1142 5109 1355 5178; x_wconf 89' lang='lat' dir='ltr'>pariter</span> <span class='ocrx_word' id='word_1_731' title='bbox 1401 5107 1662 5162; x_wconf 90' lang='lat' dir='ltr'>omnibus</span> <span class='ocrx_word' id='word_1_732' title='bbox 1702 5112 1801 5161; x_wconf 90' lang='lat' dir='ltr'>aut</span> 
     </span>
    </p>
   </div>
   <div class='ocr_carea' id='block_1_99' title="bbox 197 5197 1798 5271">
    <p class='ocr_par' dir='ltr' id='par_1_99' title="bbox 197 5197 1798 5271">
     <span class='ocr_line' id='line_1_99' title="bbox 197 5197 1798 5271; baseline -0.004 -16"><span class='ocrx_word' id='word_1_733' title='bbox 197 5202 443 5271; x_wconf 84' lang='lat' dir='ltr'>gratiam</span> <span class='ocrx_word' id='word_1_734' title='bbox 495 5203 595 5254; x_wconf 88' lang='lat' dir='ltr'>aut</span> <span class='ocrx_word' id='word_1_735' title='bbox 635 5198 911 5269; x_wconf 87' lang='lat' dir='ltr'>judicium</span> <span class='ocrx_word' id='word_1_736' title='bbox 958 5198 1079 5260; x_wconf 91' lang='lat' dir='ltr'>Dei,</span> <span class='ocrx_word' id='word_1_737' title='bbox 1130 5199 1263 5268; x_wconf 90' lang='lat' dir='ltr'>quia</span> <span class='ocrx_word' id='word_1_738' title='bbox 1315 5197 1503 5250; x_wconf 88' lang='lat' dir='ltr'>omnia</span> <span class='ocrx_word' id='word_1_739' title='bbox 1535 5210 1798 5267; x_wconf 85' lang='lat' dir='ltr'>quaecun-</span> 
     </span>
    </p>
   </div>
   <div class='ocr_carea' id='block_1_100' title="bbox 200 5285 1796 5360">
    <p class='ocr_par' dir='ltr' id='par_1_100' title="bbox 200 5285 1796 5360">
     <span class='ocr_line' id='line_1_100' title="bbox 200 5285 1796 5360; baseline -0.004 -18"><span class='ocrx_word' id='word_1_740' title='bbox 200 5305 312 5360; x_wconf 88' lang='lat' dir='ltr'>que</span> <span class='ocrx_word' id='word_1_741' title='bbox 342 5288 461 5342; x_wconf 88' lang='lat' dir='ltr'>vuit</span> <span class='ocrx_word' id='word_1_742' title='bbox 488 5292 673 5358; x_wconf 86' lang='lat' dir='ltr'>potest</span> <span class='ocrx_word' id='word_1_743' title='bbox 714 5288 782 5340; x_wconf 90' lang='lat' dir='ltr'>Et</span> <span class='ocrx_word' id='word_1_744' title='bbox 802 5302 926 5340; x_wconf 90' lang='lat' dir='ltr'>ecce</span> <span class='ocrx_word' id='word_1_745' title='bbox 936 5288 1054 5356; x_wconf 87' lang='lat' dir='ltr'>jam</span> <span class='ocrx_word' id='word_1_746' title='bbox 1080 5286 1225 5339; x_wconf 88' lang='lat' dir='ltr'>facta</span> <span class='ocrx_word' id='word_1_747' title='bbox 1245 5290 1407 5339; x_wconf 90' lang='lat' dir='ltr'>nocte</span> <span class='ocrx_word' id='word_1_748' title='bbox 1429 5290 1484 5338; x_wconf 92' lang='lat' dir='ltr'>et</span> <span class='ocrx_word' id='word_1_749' title='bbox 1506 5285 1796 5355; x_wconf 89' lang='lat' dir='ltr'>quiescen-</span> 
     </span>
    </p>
   </div>
   <div class='ocr_carea' id='block_1_101' title="bbox 197 5374 1800 5446">
    <p class='ocr_par' dir='ltr' id='par_1_101' title="bbox 197 5374 1800 5446">
     <span class='ocr_line' id='line_1_101' title="bbox 197 5374 1800 5446; baseline -0.004 -13"><span class='ocrx_word' id='word_1_750' title='bbox 197 5378 352 5433; x_wconf 85' lang='lat' dir='ltr'>tibus</span> <span class='ocrx_word' id='word_1_751' title='bbox 380 5377 666 5437; x_wconf 87' lang='lat' dir='ltr'>fratribus,</span> <span class='ocrx_word' id='word_1_752' title='bbox 686 5376 930 5446; x_wconf 85' lang='lat' dir='ltr'>exceptis</span> <span class='ocrx_word' id='word_1_753' title='bbox 953 5374 1020 5428; x_wconf 88' lang='lat' dir='ltr'>iis</span> <span class='ocrx_word' id='word_1_754' title='bbox 1063 5376 1159 5446; x_wconf 90' lang='lat' dir='ltr'>qui</span> <span class='ocrx_word' id='word_1_755' title='bbox 1184 5390 1400 5429; x_wconf 87' lang='lat' dir='ltr'>mecum</span> <span class='ocrx_word' id='word_1_756' title='bbox 1434 5380 1612 5432; x_wconf 83' lang='lat' dir='ltr'>erant,</span> <span class='ocrx_word' id='word_1_757' title='bbox 1648 5390 1800 5427; x_wconf 88' lang='lat' dir='ltr'>acce-</span> 
     </span>
    </p>
   </div>
   <div class='ocr_carea' id='block_1_102' title="bbox 195 5462 1799 5537">
    <p class='ocr_par' dir='ltr' id='par_1_102' title="bbox 195 5462 1799 5537">
     <span class='ocr_line' id='line_1_102' title="bbox 195 5462 1799 5537; baseline -0.004 -15"><span class='ocrx_word' id='word_1_758' title='bbox 195 5469 368 5522; x_wconf 88' lang='lat' dir='ltr'>dente</span> <span class='ocrx_word' id='word_1_759' title='bbox 420 5467 697 5537; x_wconf 86' lang='lat' dir='ltr'>passione,</span> <span class='ocrx_word' id='word_1_760' title='bbox 749 5465 887 5518; x_wconf 88' lang='lat' dir='ltr'>abiit</span> <span class='ocrx_word' id='word_1_761' title='bbox 924 5462 1165 5530; x_wconf 86' lang='lat' dir='ltr'>anobis,</span> <span class='ocrx_word' id='word_1_762' title='bbox 1219 5464 1366 5518; x_wconf 90' lang='lat' dir='ltr'>sicut</span> <span class='ocrx_word' id='word_1_763' title='bbox 1415 5469 1799 5527; x_wconf 85' lang='lat' dir='ltr'>consueverat,</span> 
     </span>
    </p>
   </div>
   <div class='ocr_carea' id='block_1_103' title="bbox 197 5554 1803 5624">
    <p class='ocr_par' dir='ltr' id='par_1_103' title="bbox 197 5554 1803 5624">
     <span class='ocr_line' id='line_1_103' title="bbox 197 5554 1803 5624; baseline -0.003 -14"><span class='ocrx_word' id='word_1_764' title='bbox 197 5557 465 5610; x_wconf 84' lang='lat' dir='ltr'>claudens</span> <span class='ocrx_word' id='word_1_765' title='bbox 502 5557 711 5620; x_wconf 91' lang='lat' dir='ltr'>oculos,</span> <span class='ocrx_word' id='word_1_766' title='bbox 756 5561 812 5608; x_wconf 89' lang='lat' dir='ltr'>et</span> <span class='ocrx_word' id='word_1_767' title='bbox 854 5555 1045 5624; x_wconf 89' lang='lat' dir='ltr'>jacens</span> <span class='ocrx_word' id='word_1_768' title='bbox 1081 5554 1368 5607; x_wconf 88' lang='lat' dir='ltr'>immotus.</span> <span class='ocrx_word' id='word_1_769' title='bbox 1417 5554 1671 5624; x_wconf 86' lang='lat' dir='ltr'>Cumque</span> <span class='ocrx_word' id='word_1_770' title='bbox 1702 5568 1803 5605; x_wconf 88' lang='lat' dir='ltr'>nos</span> 
     </span>
    </p>
   </div>
   <div class='ocr_carea' id='block_1_104' title="bbox 199 5641 1802 5718">
    <p class='ocr_par' dir='ltr' id='par_1_104' title="bbox 199 5641 1802 5718">
     <span class='ocr_line' id='line_1_104' title="bbox 199 5641 1802 5718; baseline -0.002 -18"><span class='ocrx_word' id='word_1_771' title='bbox 199 5645 589 5718; x_wconf 78' lang='lat' dir='ltr'>psalleremus,</span> <span class='ocrx_word' id='word_1_772' title='bbox 639 5651 697 5700; x_wconf 86' lang='lat' dir='ltr'>et</span> <span class='ocrx_word' id='word_1_773' title='bbox 730 5646 850 5716; x_wconf 87' lang='lat' dir='ltr'>ipse</span> <span class='ocrx_word' id='word_1_774' title='bbox 889 5643 1091 5714; x_wconf 65' lang='lat' dir='ltr'>saepius</span> <span class='ocrx_word' id='word_1_775' title='bbox 1141 5641 1250 5697; x_wconf 86' lang='lat' dir='ltr'>iret</span> <span class='ocrx_word' id='word_1_776' title='bbox 1289 5648 1347 5698; x_wconf 89' lang='lat' dir='ltr'>et</span> <span class='ocrx_word' id='word_1_777' title='bbox 1391 5642 1619 5709; x_wconf 87' lang='lat' dir='ltr'>rediret,-</span> <span class='ocrx_word' id='word_1_778' title='bbox 1657 5641 1802 5712; x_wconf 88' lang='lat' dir='ltr'>jussi</span> 
     </span>
    </p>
   </div>
   <div class='ocr_carea' id='block_1_105' title="bbox 1881 4569 3485 4639">
    <p class='ocr_par' dir='ltr' id='par_1_105' title="bbox 1881 4569 3485 4639">
     <span class='ocr_line' id='line_1_105' title="bbox 1881 4569 3485 4639; baseline -0.001 -14"><span class='ocrx_word' id='word_1_779' title='bbox 1881 4589 1945 4626; x_wconf 84' lang='lat' dir='ltr'>ex</span> <span class='ocrx_word' id='word_1_780' title='bbox 1979 4572 2092 4625; x_wconf 88' lang='lat' dir='ltr'>imo</span> <span class='ocrx_word' id='word_1_781' title='bbox 2125 4571 2288 4624; x_wconf 90' lang='lat' dir='ltr'>corde</span> <span class='ocrx_word' id='word_1_782' title='bbox 2337 4572 2678 4633; x_wconf 88' lang='lat' dir='ltr'>concuteret,</span> <span class='ocrx_word' id='word_1_783' title='bbox 2730 4574 3003 4639; x_wconf 89' lang='lat' dir='ltr'>tantoque</span> <span class='ocrx_word' id='word_1_784' title='bbox 3047 4569 3240 4624; x_wconf 84' lang='lat' dir='ltr'>dolore</span> <span class='ocrx_word' id='word_1_785' title='bbox 3288 4576 3354 4625; x_wconf 91' lang='lat' dir='ltr'>ut</span> <span class='ocrx_word' id='word_1_786' title='bbox 3399 4570 3485 4624; x_wconf 76' lang='lat' dir='ltr'>vix</span> 
     </span>
    </p>
   </div>
   <div class='ocr_carea' id='block_1_106' title="bbox 1878 4657 3479 4731">
    <p class='ocr_par' dir='ltr' id='par_1_106' title="bbox 1878 4657 3479 4731">
     <span class='ocr_line' id='line_1_106' title="bbox 1878 4657 3479 4731; baseline -0.001 -17"><span class='ocrx_word' id='word_1_787' title='bbox 1878 4661 2033 4731; x_wconf 91' lang='lat' dir='ltr'>loqui</span> <span class='ocrx_word' id='word_1_788' title='bbox 2055 4660 2125 4714; x_wconf 89' lang='lat' dir='ltr'>ad</span> <span class='ocrx_word' id='word_1_789' title='bbox 2156 4658 2322 4714; x_wconf 87' lang='lat' dir='ltr'>verba</span> <span class='ocrx_word' id='word_1_790' title='bbox 2342 4657 2492 4711; x_wconf 90' lang='lat' dir='ltr'>illius</span> <span class='ocrx_word' id='word_1_791' title='bbox 2520 4657 2782 4721; x_wconf 87' lang='lat' dir='ltr'>valerem,</span> <span class='ocrx_word' id='word_1_792' title='bbox 2808 4657 2973 4712; x_wconf 88' lang='lat' dir='ltr'>misto</span> <span class='ocrx_word' id='word_1_793' title='bbox 2989 4659 3197 4728; x_wconf 86' lang='lat' dir='ltr'>gaudio</span> <span class='ocrx_word' id='word_1_794' title='bbox 3220 4658 3479 4729; x_wconf 86' lang='lat' dir='ltr'>agitaret.</span> 
     </span>
    </p>
   </div>
   <div class='ocr_carea' id='block_1_107' title="bbox 1882 4745 3477 4818">
    <p class='ocr_par' dir='ltr' id='par_1_107' title="bbox 1882 4745 3477 4818">
     <span class='ocr_line' id='line_1_107' title="bbox 1882 4745 3477 4818; baseline -0.002 -13"><span class='ocrx_word' id='word_1_795' title='bbox 1882 4750 2207 4805; x_wconf 88' lang='lat' dir='ltr'>Gaudebam</span> <span class='ocrx_word' id='word_1_796' title='bbox 2237 4751 2384 4801; x_wconf 86' lang='lat' dir='ltr'>enim</span> <span class='ocrx_word' id='word_1_797' title='bbox 2412 4746 2793 4807; x_wconf 85' lang='lat' dir='ltr'>vehementer,</span> <span class='ocrx_word' id='word_1_798' title='bbox 2827 4745 2974 4816; x_wconf 87' lang='lat' dir='ltr'>quod</span> <span class='ocrx_word' id='word_1_799' title='bbox 3003 4752 3119 4800; x_wconf 87' lang='lat' dir='ltr'>tam</span> <span class='ocrx_word' id='word_1_800' title='bbox 3151 4746 3477 4818; x_wconf 84' lang='lat' dir='ltr'>superbum,</span> 
     </span>
    </p>
   </div>
   <div class='ocr_carea' id='block_1_108' title="bbox 1880 4827 3483 4906">
    <p class='ocr_par' dir='ltr' id='par_1_108' title="bbox 1880 4827 3483 4906">
     <span class='ocr_line' id='line_1_108' title="bbox 1880 4827 3483 4906; baseline -0.001 -13"><span class='ocrx_word' id='word_1_801' title='bbox 1880 4847 1995 4893; x_wconf 88' lang='lat' dir='ltr'>tam</span> <span class='ocrx_word' id='word_1_802' title='bbox 2018 4839 2308 4902; x_wconf 88' lang='lat' dir='ltr'>lascivum,</span> <span class='ocrx_word' id='word_1_803' title='bbox 2331 4840 2446 4891; x_wconf 88' lang='lat' dir='ltr'>tam</span> <span class='ocrx_word' id='word_1_804' title='bbox 2472 4835 2815 4906; x_wconf 89' lang='lat' dir='ltr'>pertinacem</span> <span class='ocrx_word' id='word_1_805' title='bbox 2838 4835 2894 4888; x_wconf 91' lang='lat' dir='ltr'>in</span> <span class='ocrx_word' id='word_1_806' title='bbox 2917 4833 3071 4889; x_wconf 89' lang='lat' dir='ltr'>omni</span> <span class='ocrx_word' id='word_1_807' title='bbox 3093 4827 3483 4891; x_wconf 70' lang='lat' dir='ltr'>adolescentiae</span> 
     </span>
    </p>
   </div>
   <div class='ocr_carea' id='block_1_109' title="bbox 1881 4923 3481 4996">
    <p class='ocr_par' dir='ltr' id='par_1_109' title="bbox 1881 4923 3481 4996">
     <span class='ocr_line' id='line_1_109' title="bbox 1881 4923 3481 4996; baseline -0.001 -15"><span class='ocrx_word' id='word_1_808' title='bbox 1881 4929 2146 4989; x_wconf 87' lang='lat' dir='ltr'>vanitate,</span> <span class='ocrx_word' id='word_1_809' title='bbox 2169 4927 2333 4980; x_wconf 85' lang='lat' dir='ltr'>modo</span> <span class='ocrx_word' id='word_1_810' title='bbox 2365 4928 2728 4996; x_wconf 89' lang='lat' dir='ltr'>prostratum,</span> <span class='ocrx_word' id='word_1_811' title='bbox 2754 4925 2869 4977; x_wconf 90' lang='lat' dir='ltr'>tam</span> <span class='ocrx_word' id='word_1_812' title='bbox 2892 4923 3185 4990; x_wconf 87' lang='lat' dir='ltr'>humilem,</span> <span class='ocrx_word' id='word_1_813' title='bbox 3207 4932 3325 4979; x_wconf 89' lang='lat' dir='ltr'>tam</span> <span class='ocrx_word' id='word_1_814' title='bbox 3357 4942 3481 4980; x_wconf 89' lang='lat' dir='ltr'>mo-</span> 
     </span>
    </p>
   </div>
   <div class='ocr_carea' id='block_1_110' title="bbox 1880 5012 3483 5086">
    <p class='ocr_par' dir='ltr' id='par_1_110' title="bbox 1880 5012 3483 5086">
     <span class='ocr_line' id='line_1_110' title="bbox 1880 5012 3483 5086; baseline -0.001 -17"><span class='ocrx_word' id='word_1_815' title='bbox 1880 5018 2121 5081; x_wconf 88' lang='lat' dir='ltr'>destum,</span> <span class='ocrx_word' id='word_1_816' title='bbox 2139 5024 2254 5070; x_wconf 88' lang='lat' dir='ltr'>tam</span> <span class='ocrx_word' id='word_1_817' title='bbox 2279 5028 2604 5069; x_wconf 89' lang='lat' dir='ltr'>conversum</span> <span class='ocrx_word' id='word_1_818' title='bbox 2640 5014 2711 5067; x_wconf 90' lang='lat' dir='ltr'>ad</span> <span class='ocrx_word' id='word_1_819' title='bbox 2743 5027 2961 5066; x_wconf 85' lang='lat' dir='ltr'>omnem</span> <span class='ocrx_word' id='word_1_820' title='bbox 2986 5012 3328 5083; x_wconf 75' lang='lat' dir='ltr'>pcenitentiae</span> <span class='ocrx_word' id='word_1_821' title='bbox 3356 5026 3483 5086; x_wconf 86' lang='lat' dir='ltr'>gra-</span> 
     </span>
    </p>
   </div>
   <div class='ocr_carea' id='block_1_111' title="bbox 1880 5099 3484 5172">
    <p class='ocr_par' dir='ltr' id='par_1_111' title="bbox 1880 5099 3484 5172">
     <span class='ocr_line' id='line_1_111' title="bbox 1880 5099 3484 5172; baseline -0.001 -13"><span class='ocrx_word' id='word_1_822' title='bbox 1880 5107 2108 5160; x_wconf 89' lang='lat' dir='ltr'>vitatem</span> <span class='ocrx_word' id='word_1_823' title='bbox 2139 5106 2411 5159; x_wconf 87' lang='lat' dir='ltr'>videbam.</span> <span class='ocrx_word' id='word_1_824' title='bbox 2440 5102 2694 5158; x_wconf 84' lang='lat' dir='ltr'>Surrexit</span> <span class='ocrx_word' id='word_1_825' title='bbox 2716 5101 2906 5172; x_wconf 86' lang='lat' dir='ltr'>igitur,</span> <span class='ocrx_word' id='word_1_826' title='bbox 2943 5118 3031 5155; x_wconf 91' lang='lat' dir='ltr'>me</span> <span class='ocrx_word' id='word_1_827' title='bbox 3056 5099 3308 5172; x_wconf 89' lang='lat' dir='ltr'>jubente,</span> <span class='ocrx_word' id='word_1_828' title='bbox 3343 5108 3399 5158; x_wconf 89' lang='lat' dir='ltr'>et</span> <span class='ocrx_word' id='word_1_829' title='bbox 3425 5104 3484 5158; x_wconf 87' lang='lat' dir='ltr'>in</span> 
     </span>
    </p>
   </div>
   <div class='ocr_carea' id='block_1_112' title="bbox 1882 5190 3481 5264">
    <p class='ocr_par' dir='ltr' id='par_1_112' title="bbox 1882 5190 3481 5264">
     <span class='ocr_line' id='line_1_112' title="bbox 1882 5190 3481 5264; baseline -0.001 -15"><span class='ocrx_word' id='word_1_830' title='bbox 1882 5196 2077 5249; x_wconf 88' lang='lat' dir='ltr'>eodem</span> <span class='ocrx_word' id='word_1_831' title='bbox 2122 5195 2277 5248; x_wconf 90' lang='lat' dir='ltr'>luctu</span> <span class='ocrx_word' id='word_1_832' title='bbox 2326 5195 2657 5264; x_wconf 87' lang='lat' dir='ltr'>persistens,</span> <span class='ocrx_word' id='word_1_833' title='bbox 2697 5192 2835 5245; x_wconf 89' lang='lat' dir='ltr'>adeo</span> <span class='ocrx_word' id='word_1_834' title='bbox 2883 5196 2946 5244; x_wconf 90' lang='lat' dir='ltr'>ut</span> <span class='ocrx_word' id='word_1_835' title='bbox 3005 5190 3093 5244; x_wconf 84' lang='lat' dir='ltr'>vix</span> <span class='ocrx_word' id='word_1_836' title='bbox 3132 5192 3481 5261; x_wconf 79' lang='lat' dir='ltr'>loqueretur,</span> 
     </span>
    </p>
   </div>
   <div class='ocr_carea' id='block_1_113' title="bbox 1882 5278 3481 5355">
    <p class='ocr_par' dir='ltr' id='par_1_113' title="bbox 1882 5278 3481 5355">
     <span class='ocr_line' id='line_1_113' title="bbox 1882 5278 3481 5355; baseline -0.002 -17"><span class='ocrx_word' id='word_1_837' title='bbox 1882 5283 2131 5355; x_wconf 80' lang='lat' dir='ltr'>quaesivit</span> <span class='ocrx_word' id='word_1_838' title='bbox 2164 5302 2197 5336; x_wconf 90' lang='lat' dir='ltr'>a</span> <span class='ocrx_word' id='word_1_839' title='bbox 2226 5283 2385 5336; x_wconf 87' lang='lat' dir='ltr'>nobis</span> <span class='ocrx_word' id='word_1_840' title='bbox 2415 5288 2479 5336; x_wconf 89' lang='lat' dir='ltr'>ut</span> <span class='ocrx_word' id='word_1_841' title='bbox 2502 5298 2672 5352; x_wconf 82' lang='lat' dir='ltr'>super</span> <span class='ocrx_word' id='word_1_842' title='bbox 2699 5298 2763 5335; x_wconf 88' lang='lat' dir='ltr'>eo</span> <span class='ocrx_word' id='word_1_843' title='bbox 2794 5284 2850 5334; x_wconf 90' lang='lat' dir='ltr'>et</span> <span class='ocrx_word' id='word_1_844' title='bbox 2875 5294 3044 5351; x_wconf 74' lang='lat' dir='ltr'>seper</span> <span class='ocrx_word' id='word_1_845' title='bbox 3072 5279 3315 5351; x_wconf 87' lang='lat' dir='ltr'>peccatis</span> <span class='ocrx_word' id='word_1_846' title='bbox 3345 5278 3481 5349; x_wconf 88' lang='lat' dir='ltr'>suis,</span> 
     </span>
    </p>
   </div>
   <div class='ocr_carea' id='block_1_114' title="bbox 1883 5368 3478 5449">
    <p class='ocr_par' dir='ltr' id='par_1_114' title="bbox 1883 5368 3478 5449">
     <span class='ocr_line' id='line_1_114' title="bbox 1883 5368 3478 5449; baseline -0.001 -23"><span class='ocrx_word' id='word_1_847' title='bbox 1883 5390 2004 5443; x_wconf 74' lang='lat' dir='ltr'>quae</span> <span class='ocrx_word' id='word_1_848' title='bbox 2028 5373 2186 5424; x_wconf 87' lang='lat' dir='ltr'>valde</span> <span class='ocrx_word' id='word_1_849' title='bbox 2209 5371 2447 5441; x_wconf 90' lang='lat' dir='ltr'>plurima</span> <span class='ocrx_word' id='word_1_850' title='bbox 2468 5388 2527 5425; x_wconf 91' lang='lat' dir='ltr'>se</span> <span class='ocrx_word' id='word_1_851' title='bbox 2548 5372 2745 5425; x_wconf 87' lang='lat' dir='ltr'>fecisse</span> <span class='ocrx_word' id='word_1_852' title='bbox 2763 5368 3151 5449; x_wconf 85' lang='lat' dir='ltr'>cognoscebat,</span> <span class='ocrx_word' id='word_1_853' title='bbox 3179 5374 3234 5422; x_wconf 87' lang='lat' dir='ltr'>et</span> <span class='ocrx_word' id='word_1_854' title='bbox 3252 5369 3478 5439; x_wconf 85' lang='lat' dir='ltr'>quibus,</span> 
     </span>
    </p>
   </div>
   <div class='ocr_carea' id='block_1_115' title="bbox 1885 5457 3485 5531">
    <p class='ocr_par' dir='ltr' id='par_1_115' title="bbox 1885 5457 3485 5531">
     <span class='ocr_line' id='line_1_115' title="bbox 1885 5457 3485 5531; baseline -0.003 -16"><span class='ocrx_word' id='word_1_855' title='bbox 1885 5462 2036 5515; x_wconf 89' lang='lat' dir='ltr'>ultra</span> <span class='ocrx_word' id='word_1_856' title='bbox 2088 5476 2255 5531; x_wconf 90' lang='lat' dir='ltr'>quam</span> <span class='ocrx_word' id='word_1_857' title='bbox 2297 5465 2609 5530; x_wconf 88' lang='lat' dir='ltr'>putaverat,</span> <span class='ocrx_word' id='word_1_858' title='bbox 2649 5458 3009 5530; x_wconf 89' lang='lat' dir='ltr'>gravabatur,</span> <span class='ocrx_word' id='word_1_859' title='bbox 3053 5457 3485 5529; x_wconf 85' lang='lat' dir='ltr'>praeciperemus</span> 
     </span>
    </p>
   </div>
   <div class='ocr_carea' id='block_1_116' title="bbox 1886 5545 3484 5622">
    <p class='ocr_par' dir='ltr' id='par_1_116' title="bbox 1886 5545 3484 5622">
     <span class='ocr_line' id='line_1_116' title="bbox 1886 5545 3484 5622; baseline -0.002 -17"><span class='ocrx_word' id='word_1_860' title='bbox 1886 5551 2033 5622; x_wconf 92' lang='lat' dir='ltr'>quod</span> <span class='ocrx_word' id='word_1_861' title='bbox 2063 5550 2325 5621; x_wconf 90' lang='lat' dir='ltr'>placeret.</span> <span class='ocrx_word' id='word_1_862' title='bbox 2364 5548 2505 5617; x_wconf 90' lang='lat' dir='ltr'>Ergo</span> <span class='ocrx_word' id='word_1_863' title='bbox 2537 5549 2795 5618; x_wconf 89' lang='lat' dir='ltr'>respondi</span> <span class='ocrx_word' id='word_1_864' title='bbox 2843 5564 2945 5618; x_wconf 84' lang='lat' dir='ltr'>ego</span> <span class='ocrx_word' id='word_1_865' title='bbox 2990 5560 3091 5618; x_wconf 91' lang='lat' dir='ltr'>pro</span> <span class='ocrx_word' id='word_1_866' title='bbox 3135 5545 3393 5602; x_wconf 88' lang='lat' dir='ltr'>omnibus</span> <span class='ocrx_word' id='word_1_867' title='bbox 3419 5552 3484 5602; x_wconf 87' lang='lat' dir='ltr'>ut</span> 
     </span>
    </p>
   </div>
   <div class='ocr_carea' id='block_1_117' title="bbox 1885 5634 3485 5711">
    <p class='ocr_par' dir='ltr' id='par_1_117' title="bbox 1885 5634 3485 5711">
     <span class='ocr_line' id='line_1_117' title="bbox 1885 5634 3485 5711; baseline -0.002 -18"><span class='ocrx_word' id='word_1_868' title='bbox 1885 5640 2059 5711; x_wconf 89' lang='lat' dir='ltr'>potui,</span> <span class='ocrx_word' id='word_1_869' title='bbox 2094 5654 2276 5708; x_wconf 89' lang='lat' dir='ltr'>neque</span> <span class='ocrx_word' id='word_1_870' title='bbox 2317 5637 2465 5690; x_wconf 88' lang='lat' dir='ltr'>enim</span> <span class='ocrx_word' id='word_1_871' title='bbox 2506 5637 2576 5690; x_wconf 90' lang='lat' dir='ltr'>ad</span> <span class='ocrx_word' id='word_1_872' title='bbox 2601 5636 2908 5707; x_wconf 65' lang='lat' dir='ltr'>perfractum</span> <span class='ocrx_word' id='word_1_873' title='bbox 2935 5636 3120 5691; x_wconf 84' lang='lat' dir='ltr'>cordis</span> <span class='ocrx_word' id='word_1_874' title='bbox 3146 5634 3390 5706; x_wconf 83' lang='lat' dir='ltr'>gemitus</span> <span class='ocrx_word' id='word_1_875' title='bbox 3428 5641 3485 5690; x_wconf 85' lang='lat' dir='ltr'>et</span> 
     </span>
    </p>
   </div>
  </div>
