3934 6362
382 316 518 381 1375

1484 328 1794 384 ROBERTI
1833 325 2135 381 ABBATIS
2175 326 2233 380 S.
2274 324 2570 380 VIGORIS

3511 310 3649 370 1376

376 448 640 522 lacrymae
683 453 1014 510 defﬂuentes
1041 457 1353 528 exprimere
1389 453 1792 527 permittebant
1816 451 1965 524 quod
1982 452 2034 511 A
2053 450 2406 504 mirantibus.
2423 447 2806 504 Psallebamus
2820 443 2995 515 igitur
3012 444 3285 513 quantum
3299 443 3648 528 poteramus,

379 539 653 595 volebam.
690 543 945 616 Suscepit
977 546 1167 616 itaque
1199 564 1232 600 a
1274 546 1464 609 fratre,
1498 545 1587 598 cui
1632 548 1970 614 praeceptum

382 634 487 691 est,
521 637 725 684 exutus
756 634 1020 687 staminio
1043 636 1319 705 judicium
1350 635 1631 704 virgarum
1659 648 1785 685 cum
1811 636 1971 685 tanta

378 716 720 786 humilitate,
752 722 896 776 sicut
916 724 1052 777 mihi
1083 731 1272 795 postea
1300 724 1557 795 privatim
1581 721 1650 775 ab
1674 739 1737 774 eo
1758 722 1971 774 dictum

380 811 485 869 est,
528 813 592 860 ut
636 826 831 879 parum
872 812 976 865 sibi
1021 814 1317 867 videretur.
1350 813 1497 884 quod
1528 810 1967 882 percutiebatur.

378 893 624 967 Praecepi
664 899 838 969 igitur
863 901 1148 965 fratribus,
1182 903 1276 973 qui
1306 919 1408 973 per
1434 902 1623 955 omnia
1648 899 1972 954 obcdientes

381 991 562 1049 erant,
593 993 654 1039 ut
676 987 775 1041 illa
802 990 890 1042 die
915 992 1237 1060 jejunantes
1266 998 1322 1045 et
1347 992 1762 1062 pulmentorum
1791 993 1971 1042 cocto-

380 1085 507 1124 I‘um
526 1076 879 1145 perceptione
901 1078 1123 1148 penitus
1142 1078 1823 1133 abstinerent.Prandium
1843 1091 1971 1128 vero

379 1166 644 1226 vestrum,
677 1163 928 1234 inquam,
952 1183 1017 1220 ex
1047 1173 1165 1221 toto
1195 1185 1316 1238 ego,
1338 1172 1403 1221 ut
1429 1167 1653 1221 solitum
1684 1170 1787 1231 est,
1818 1162 1971 1217 vobis

380 1249 567 1318 parari
593 1251 812 1316 faciam,
846 1256 993 1326 quod
1035 1273 1134 1327 pro
1174 1256 1326 1310 vobis
1357 1272 1631 1327 pauperes
1678 1255 1737 1308 in
1773 1254 1967 1307 eadem

380 1335 546 1391 domo
592 1342 889 1396 refectoria
908 1360 1021 1397 una
1048 1345 1185 1398 hora
1232 1351 1363 1399 ante
1409 1362 1504 1397 vos
1553 1341 1970 1397 discumbentes

381 1428 697 1495 comedant,
715 1438 777 1484 ut
809 1433 866 1485 in
882 1434 1140 1487 omnibus
1162 1451 1282 1504 quae.
1313 1450 1629 1504 possumus,
1662 1440 1720 1485 et
1743 1431 1971 1501 jejuniis

381 1520 439 1568 et
467 1518 813 1573 orationibus
852 1528 909 1574 et
957 1522 1329 1593 eleemosynis
1373 1522 1533 1576 fratri
1557 1521 1611 1575 in
1641 1520 1971 1574 necessitate

382 1608 540 1659 tanta
570 1608 752 1677 posito
776 1626 1190 1668 succurramus.

452 1695 665 1758 Quibus
696 1699 954 1753 omnibus
983 1701 1278 1765 concessis,
1302 1701 1604 1773 petitisque
1628 1699 1972 1755 orationibus

2054 546 2439 611 exspectantes
2483 544 2544 592 ut
2594 537 2804 591 rediret
2828 534 2898 588 ad
2928 548 3146 593 sensus,
3188 535 3244 584 et
3281 524 3549 583 sciremus
3578 522 3653 579 ab

2054 647 2118 683 eo
2159 646 2330 699 quare
2362 630 2465 682 hoc
2513 627 2747 681 fecisset.
2800 626 2869 679 Et
2915 639 3040 677 ecce
3091 619 3277 684 rediit,
3319 617 3545 689 planctu
3589 629 3653 668 se

2054 719 2401 783 concutiens,
2424 722 2482 771 et
2501 717 2690 770 dicens
2716 733 2726 767 :
2760 734 2781 765 ε
2826 714 2994 775 Deus,
3019 712 3189 773 Deus,
3221 714 3492 779 quantum
3522 720 3655 759 con-

2054 808 2319 878 stringor.
2364 830 2378 853 ι
2408 805 2511 860 Cui
2537 821 2663 859 cum
2695 808 2817 874 ego,
2842 798 3209 873 psallentibus
3238 796 3472 857 caeteris,
3496 795 3653 848 dice-

2054 913 2169 950 rem
2185 902 2248 950 ut
2268 896 2399 967 quid
2418 912 2551 966 erga
2570 911 2628 947 se
2650 890 3085 961 ﬁeretaperiret,
3101 886 3390 957 respondit
3414 904 3459 937 ει
3485 883 3653 937 Malae

2056 985 2241 1040 bestiae
2273 1002 2361 1038 me
2392 984 2686 1055 impetunt.
2721 983 2809 1035 »A
2839 996 2947 1051 quo
2967 994 3092 1031 cum
3119 991 3426 1047 quaererem
3456 979 3653 1027 utrum

2053 1096 2202 1133 nunc
2223 1083 2524 1149 praesentes
2540 1082 2689 1140 sunt,
2719 1091 2787 1128 an
2810 1077 3182 1135 recesserunt,
3205 1069 3307 1123 ait:
3322 1088 3349 1121 α
3380 1068 3655 1122 Recesse-

2055 1173 2206 1221 runt.
2243 1185 2270 1219 )›
2301 1165 2543 1236 Praecepi
2581 1164 2728 1217 illico
2758 1161 3024 1215 fratribus
3052 1157 3309 1213 omnibus
3350 1163 3416 1210 ut
3451 1161 3653 1209 euntes

2053 1260 2284 1325 agerent
2339 1253 2620 1307 orationes
2666 1258 2723 1305 et
2769 1250 2963 1304 laudes
3008 1246 3376 1319 vespertinas.
3434 1244 3652 1309 Quibus

2052 1343 2310 1413 egressis,
2343 1359 2639 1396 remanens
2680 1357 2782 1411 ego
2818 1340 2970 1393 solus
3021 1354 3145 1392 cum
3205 1336 3378 1389 fratre
3424 1336 3652 1404 jacente

2053 1433 2376 1486 sciscitabar
2400 1432 2720 1501 diligenter,
2767 1434 2828 1482 ut
2873 1428 3126 1482 audirem
3156 1425 3225 1479 ab
3257 1441 3322 1479 eo
3375 1424 3442 1477 de
3489 1424 3651 1493 signo

2054 1522 2232 1576 crucis
2254 1522 2401 1593 quod
2421 1528 2509 1575 ter
2532 1521 2759 1586 fecerat,
2782 1525 2839 1572 et
2866 1516 3058 1571 bestiis
3085 1532 3224 1587 quas
3244 1514 3479 1580 dixerat,
3513 1513 3654 1565 veri-

2054 1617 2247 1665 tatem.
2290 1612 2370 1665 De
2423 1628 2531 1682 quo
2583 1627 2708 1664 cum
2752 1609 3051 1663 sollicitum
3092 1622 3182 1659 me
3225 1604 3476 1659 vidisset.
3518 1602 3646 1655 ait:

2060 1720 2081 1751 ι
2123 1701 2291 1754 Visus
2321 1705 2406 1755 est
2433 1700 2569 1753 mihi
2598 1699 2763 1752 modo
2789 1697 3048 1752 ostiolum
3080 1694 3226 1749 istud
3246 1693 3457 1746 intrare
3481 1693 3651 1745 homo

381 1798 415 1835 a
437 1782 631 1849 fratre,
661 1786 755 1856 qui
771 1803 957 1841 coram
981 1788 1201 1842 astabat
1223 1790 1362 1843 flens
1390 1789 1633 1844 ubertim
1654 1795 1708 1842 et
1730 1772 2035 1858 graviterB
2056 1790 2393 1859 nigerrimus
2440 1795 2497 1843 et
2544 1788 2807 1842 horridus
2855 1787 3149 1858 plusquam
3195 1783 3380 1837 dicere
3411 1782 3649 1846 valeam,

381 1870 689 1942 suspirans,
707 1878 764 1927 et
797 1876 1101 1946 praemissis
1127 1894 1159 1930 a
1187 1878 1348 1932 nobis
1384 1879 1477 1949 qui
1505 1878 1853 1943 sedebamus,
1887 1877 1973 1930 vix

380 1958 546 2013 ﬂetus
574 1968 639 2015 ut
667 1962 1027 2035 loqueremur
1066 1966 1561 2039 interrumpentes,
1608 1968 1971 2033 surreximus,

378 2046 576 2102 euntes
605 2068 730 2105 cum
754 2055 1096 2124 psalmorum
1114 2063 1328 2127 septem
1350 2057 1739 2111 decantatione
1760 2057 1817 2109 in
1843 2072 1971 2108 ora-

374 2137 606 2205 torium,
648 2141 742 2196 ubi
778 2146 1046 2213 prostrati
1082 2146 1384 2216 jacuimus,
1413 2148 1589 2201 donec
1626 2146 1770 2201 ﬁniti
1817 2151 1966 2201 sunt.

378 2225 514 2280 Post
536 2245 658 2298 quae
679 2233 868 2286 omnia
889 2236 1124 2305 praecepi
1152 2236 1250 2290 uni
1269 2253 1331 2290 ex
1355 2236 1619 2290 fratribus
1648 2244 1713 2290 ut
1743 2236 1971 2290 missam

379 2330 480 2384 pro
513 2320 753 2387 peccatis
773 2322 925 2377 illius
937 2324 1128 2377 statim
1151 2325 1377 2388 diceret,
1397 2343 1564 2396 quam
1589 2326 1809 2379 audiret
1830 2326 1968 2396 ipse,

381 2407 439 2456 et
465 2416 817 2464 sacramenta
856 2414 1104 2482 corporis
1133 2419 1190 2467 et
1227 2415 1516 2485 sanguinis
1554 2414 1761 2469 Christi
1794 2414 1973 2485 perci-

380 2500 558 2562 peret.
578 2495 759 2551 Factis
782 2499 955 2568 igitur
974 2502 1234 2556 omnibus
1246 2520 1367 2573 quae
1379 2504 1527 2557 dicta
1544 2509 1693 2568 sunt,
1717 2503 1975 2573 datisque

377 2584 718 2653 pauperibus
757 2588 977 2643 refectis
1007 2607 1105 2660 per
1134 2590 1383 2661 singulos
1423 2592 1660 2662 singulis
1708 2591 1968 2657 denariis,

378 2669 482 2724 feci
510 2673 681 2727 etiam
708 2692 896 2731 coram
940 2678 1133 2743 fratre,
1168 2687 1396 2751 propter
1437 2698 1602 2752 quem
1638 2681 1755 2734 haec
1782 2681 1973 2734 omnia

2057 1881 2244 1934 oculos
2267 1878 2479 1933 habens
2506 1878 2701 1949 igneos
2722 1884 2778 1931 et
2807 1875 2876 1931 ab
2906 1892 3003 1929 ore
3022 1875 3207 1943 ignem
3233 1872 3447 1943 jaciens
3477 1876 3535 1924 et
3563 1887 3655 1924 su-

2056 1985 2158 2039 per
2205 1984 2293 2021 me
2342 1968 2559 2031 efﬂans,
2605 1967 2947 2035 trahensque
2980 1963 3120 2016 duos
3174 1977 3340 2015 canes
3392 1958 3654 2013 horridos

2051 2074 2240 2122 manu,
2283 2056 2429 2110 sicut
2456 2061 2578 2109 erat
2606 2061 2662 2108 et
2680 2055 2820 2125 ipse,
2851 2070 2991 2124 quos
3010 2068 3137 2105 cum
3164 2051 3223 2104 in
3254 2066 3344 2103 me
3372 2048 3655 2102 animaret

2053 2152 2111 2201 et
2138 2152 2379 2216 cogeret,
2407 2161 2620 2215 egoque
2649 2145 2773 2197 illos
2802 2159 2891 2197 me
2921 2142 3268 2212 impedentes
3293 2139 3451 2192 valde.
3477 2155 3651 2208 expa-

2054 2251 2355 2293 vescerem.
2401 2251 2574 2288 unum
2604 2249 2818 2297 eorum,
2851 2232 2947 2303 qui
2976 2229 3245 2294 anteibat,
3287 2243 3474 2299 pugno
3520 2242 3651 2296 per-

2055 2324 2203 2377 cussi
2234 2330 2291 2377 et
2320 2323 2577 2393 effugavi,
2603 2338 2842 2392 cumque
2872 2320 3197 2375 accessisset
3217 2318 3377 2381 alter,
3402 2332 3504 2369 nec
3530 2323 3650 2370 tam

2055 2413 2545 2484 proximus,quam
2569 2412 2713 2466 alius
2727 2410 2929 2475 fuerat,
2953 2411 3131 2472 fieret,
3157 2406 3405 2478 percussi
3434 2415 3492 2459 et
3519 2421 3651 2458 eum

2057 2519 2266 2573 pugno,
2284 2508 2342 2556 et
2359 2507 2485 2573 post
2501 2501 2743 2572 primum
2767 2499 2972 2570 expuli.
3006 2497 3090 2552 Ab
3110 2497 3175 2551 iis
3208 2496 3477 2550 liberatus
3508 2495 3651 2548 effu-

2055 2592 2199 2660 gatis
2229 2590 2300 2644 ivi
2325 2591 2395 2644 ad
2430 2590 2731 2654 hominem,
2758 2589 2852 2660 qui
2874 2589 2994 2643 loco
3015 2588 3273 2650 haeserat,
3305 2592 3362 2640 et
3393 2584 3654 2638 similiter

2054 2697 2241 2751 pugno
2280 2679 2616 2751 percutiens,
2640 2685 2767 2750 post
2793 2694 2958 2732 canes
2988 2677 3147 2747 ejeci,
3175 2675 3383 2746 sicque,
3411 2673 3652 2727 Domino

379 2758 606 2828 fiebant,
627 2766 971 2832 comedente,
1017 2784 1321 2840 pauperem
1351 2770 1445 2840 qui
1477 2770 1736 2823 inventus
1768 2775 1855 2823 est
1882 2787 1970 2823 se-
2054 2771 2376 2831 miserante,
2410 2770 2590 2824 tribus
2609 2769 2812 2823 ictibus
2838 2768 2978 2823 liber
2997 2769 3175 2821 factus
3200 2783 3324 2822 sum
3347 2766 3417 2819 ab
3444 2765 3531 2818 his
3556 2765 3656 2818 tri-

377 2847 529 2916 dere,
563 2857 627 2904 ut
653 2869 781 2908 cum
811 2872 876 2908 eo
901 2857 1236 2912 comederet.
1270 2858 1537 2913 Volebam
1561 2858 1711 2912 enim
1741 2857 1968 2912 omnino
2050 2860 2156 2915 bus
2183 2860 2457 2915 hostibus.
2486 2859 2739 2914 Intellexi
2771 2859 2964 2929 igitur,
3014 2856 3168 2928 quod
3202 2862 3317 2910 tres
3364 2855 3508 2910 ictus
3557 2854 3653 2909 isti

376 2942 441 2991 ut
469 2955 581 2994 non
611 2943 790 2998 solum
818 2962 919 3016 pro
948 2963 1033 3010 eo,
1058 2947 1154 3000 sed
1184 2947 1353 3002 etiam
1385 2965 1511 3002 cum
1542 2965 1608 3002 eo
1633 2948 1886 3003 Christus
1915 2948 1973 3002 in
2055 2950 2284 3004 fuerunt
2312 2950 2423 3003 tria
2450 2949 2611 3019 signa
2636 2948 2815 3003 crucis
2845 2964 2967 3019 qum
2996 2947 3262 3012 videram,
3307 2943 3468 2999 nobis
3496 2944 3654 3016 psal-

376 3024 557 3082 forma
578 3033 838 3103 pauperis
858 3036 1202 3098 reﬁceretur,
1227 3053 1391 3107 quem
1414 3037 1473 3090 in
1493 3036 1827 3090 necessitate
1853 3042 1970 3090 tam
1996 3093 2035 3107 Α
2054 3040 2316 3105 lentibus,
2348 3038 2489 3094 ﬁeri.
2535 3057 2561 3091 »

373 3117 822 3184 proximefutura
838 3123 1480 3194 deprecabamuromnes
1500 3125 1968 3196 ﬁeriadjutorem.
1993 3117 2036 3152 υ
2126 3128 2369 3194 Interea,
2400 3132 2655 3181 revocato
2686 3142 2799 3179 uno
2838 3142 2904 3178 ex
2934 3123 3201 3178 fratribus
3234 3122 3331 3193 qui
3369 3120 3647 3185 abierant,

375 3204 504 3259 Dati
527 3214 661 3262 sunt
696 3210 864 3266 etiam
895 3213 1024 3266 huic
1053 3214 1164 3267 duo
1196 3214 1431 3280 denarii,
1460 3232 1598 3285 quos
1628 3215 1698 3268 ad
1727 3216 1830 3268 hoc
1869 3231 1970 3284 ego
2054 3233 2288 3287 pensum
2324 3216 2642 3270 orationum
2673 3214 3119 3286 vespertinarum
3158 3218 3214 3266 et
3252 3212 3485 3266 laudum
3516 3227 3648 3264 cum

375 3291 538 3349 fratri
566 3299 1283 3373 tradideram.Cumitaque
1303 3303 1739 3357 comedissemus
1753 3320 1966 3367 omnes,
2053 3312 2280 3376 aegroto,
2305 3306 2400 3376 qui
2423 3306 2610 3376 etipse
2627 3304 2914 3358 nobiscum
2937 3302 3229 3375 psallebat,
3254 3300 3645 3372 persolvimus.

376 3387 434 3436 et
458 3383 599 3437 hora
627 3402 749 3456 quae
778 3387 1084 3442 timebatur
1114 3390 1572 3461 proxima-ﬁeret,
1608 3408 1711 3460 ego
1740 3390 1969 3444 domum
2052 3396 2255 3448 Postea
2283 3395 2451 3449 etiam
2473 3395 2622 3448 aliud
2654 3394 2837 3448 vocari
2879 3392 3131 3464 praecepi,
3157 3397 3222 3447 ut
3245 3397 3362 3445 tres
3394 3406 3649 3444 essemus

375 3470 594 3525 intrans
617 3474 848 3529 fratrem
875 3478 1164 3532 sedentem
1205 3479 1390 3532 inveni
1438 3485 1495 3534 et
1531 3479 1831 3546 timidum;
1875 3480 1970 3550 qui
2053 3500 2179 3537 cum
2205 3484 2377 3538 fratre
2399 3485 2655 3554 jacente;
2688 3483 2786 3537 alii
2826 3499 2953 3536 vero
2983 3498 3197 3545 omnes,
3230 3480 3406 3534 ﬁnitis
3444 3479 3647 3533 ofﬁciis

373 3559 523 3615 illico
553 3563 692 3616 mihi
719 3565 860 3618 dans
881 3583 1107 3621 manum
1141 3574 1199 3621 et
1231 3584 1265 3620 a
1293 3586 1381 3621 me
1407 3575 1701 3639 susceptus
1728 3570 1972 3624 surrexit
2052 3573 2424 3633 diurnalibus.
2466 3591 2532 3627 ex
2569 3578 2845 3644 praecepto
2887 3578 3078 3626 nostro
3118 3569 3426 3640 temperius
3473 3584 3644 3639 quam

373 3664 407 3700 a
441 3649 560 3703 loco
581 3651 638 3705 in
660 3669 769 3723 quo
791 3654 1038 3722 sedebat,
1069 3657 1273 3711 vadens
1288 3674 1503 3711 mecum
1521 3664 1578 3711 et
1586 3656 1801 3727 jaciens
1833 3674 1891 3711 se
1910 3658 1967 3712 in

374 3737 601 3805 lectum,
626 3742 720 3796 ubi
751 3760 876 3797 cum
903 3762 1092 3800 coram
1118 3763 1183 3801 eo
1214 3746 1487 3812 sederem,
1522 3754 1646 3818 post
1672 3747 1965 3817 paululum

373 3829 685 3898 suspirans,
734 3832 858 3886 ait:
899 3854 920 3885 α
964 3836 1106 3899 Heu,
1158 3836 1346 3900 Pater,
1391 3843 1663 3907 quantum
1705 3836 1870 3891 modo
1909 3837 1967 3890 in

371 3918 554 3988 capite
575 3920 734 3976 doleo
762 3922 773 3975 !
796 3924 960 3977 modo
983 3924 1115 3979 mihi
1130 3942 1315 3995 genua
1334 3926 1542 3990 dolent,
1569 3926 1732 3979 modo
1761 3942 1926 3980 crura
1949 3945 1961 3993 ;

371 4020 521 4060 nunc
552 4006 798 4081 brachia,
822 4017 878 4065 et
906 4029 1030 4067 ecce
1063 4030 1161 4084 per
1186 4019 1369 4068 totum
1399 4030 1602 4084 corpus
1622 4015 1782 4067 dolor
1808 4013 1965 4083 inge-

373 4096 623 4151 minatur
648 4104 703 4153 et
730 4102 949 4157 crescit.
987 4103 1281 4173 »Cumque
1312 4102 1428 4157 haec
1457 4103 1648 4157 dicens
1676 4104 1967 4157 vehemen-

372 4186 462 4236 ter
497 4184 729 4253 doleret,
775 4190 937 4244 aﬂ‘uit
981 4190 1209 4261 quidam
1249 4192 1444 4256 laicus,
1485 4192 1574 4246 cui
1619 4197 1680 4245 ut
1709 4192 1968 4262 loquerer

373 4273 686 4342 oportebat,
721 4284 779 4331 et
807 4278 967 4332 exivi.
1001 4295 1127 4333 cum
1159 4281 1350 4333 statim
1390 4285 1679 4335 revocatus
1709 4297 1743 4333 a
1770 4297 1965 4351 puero,

2051 3663 2470 3716 consuevissent
2522 3662 2829 3716 dormitum
2866 3661 3068 3715 ierunt.
3106 3657 3456 3730 Reputabam
3494 3656 3648 3710 enim

2051 3758 2301 3806 tractans
2330 3751 2387 3805 in
2419 3751 2604 3814 corde,
2631 3751 2753 3804 utsi
2776 3750 3020 3803 maxima
3045 3748 3374 3802 imminente
3400 3746 3649 3800 necessi-

2049 3848 2165 3895 tate
2194 3847 2294 3895 aut
2319 3840 2512 3895 mortis
2541 3846 2641 3894 aut
2670 3839 2904 3909 alicujus
2934 3838 3106 3903 exitii,
3140 3837 3273 3908 quid
3312 3836 3463 3891 enim
3494 3836 3648 3890 futu-

2049 3946 2174 3983 rum
2194 3935 2342 3983 esset
2360 3930 2557 3984 incerti
2584 3945 2830 3991 eramus,
2844 3927 3137 3998 oportebat
3155 3942 3350 3981 omnes
3372 3926 3649 3980 affuturos

2049 4035 2170 4073 esse
2195 4038 2207 4086 ;
2234 4019 2438 4073 bonum
2459 4024 2583 4073 erat
2616 4019 2661 4072 si
2692 4017 3045 4088 aliquantum
3084 4030 3280 4069 somno
3310 4014 3503 4069 refecti
3531 4014 3647 4067 fue-

2048 4108 2181 4174 rint,
2225 4114 2281 4161 et
2323 4108 2501 4178 magis
2540 4107 2723 4162 sobrie
2772 4107 3022 4160 facerent
3059 4103 3332 4175 quidquid
3360 4103 3643 4173 agendum

2051 4204 2218 4251 esset.
2246 4197 2478 4251 Fuimus
2508 4197 2698 4268 itaque
2724 4202 2839 4250 tres
2861 4211 2986 4249 cum
3010 4194 3105 4247 illo
3136 4201 3336 4264 quarto
3359 4192 3454 4263 qui
3474 4192 3647 4263 patie-

2050 4284 2235 4350 batur,
2261 4287 2553 4356 loquentes
2583 4303 2707 4339 cum
2741 4302 2805 4338 eo
2834 4289 2891 4338 et
2915 4284 3267 4338 consolantes
3296 4298 3645 4352 eum,quan-

375 4361 470 4431 qui
492 4372 703 4432 aegroto
734 4367 1048 4432 assistebat,
1068 4370 1503 4440 ingrerliensque
1525 4370 1752 4424 domum
1782 4369 1967 4423 inveni
1986 4374 2173 4433 Dtum
2204 4392 2364 4445 posse
2384 4374 2625 4429 dabatur
2650 4374 2829 4429 nobis.
2856 4375 3047 4427 Tantae
3077 4389 3205 4426 vero
3234 4370 3539 4425 debilitatis
3559 4372 3644 4425 vel

372 4465 501 4503 eum
521 4452 802 4520 jacentem
841 4464 1240 4529 arreptumque
1270 4459 1528 4513 molestia
1557 4460 1822 4530 pristina;
1856 4477 1971 4513 non

375 4544 566 4595 tamen
599 4543 920 4599 caltitrabat
958 4553 1056 4601 aut
1097 4548 1422 4602 volvebatur
1464 4549 1608 4601 sicut
1649 4549 1825 4619 prius,
1872 4550 1969 4603 sed

373 4628 578 4684 clausis
604 4634 796 4699 oculis,
829 4640 1096 4705 tanquam
1147 4637 1432 4691 dormiens
1469 4653 1583 4690 non
1623 4637 1966 4692 movebatur.

372 4717 629 4790 Cumque
641 4730 768 4792 post
781 4724 1190 4795 aliquantulum
1202 4731 1313 4778 tem
1322 4726 1471 4796 poris
1491 4726 1583 4779 red
1593 4726 1712 4779 iens
1728 4727 1973 4797 aperiret

374 4808 563 4862 oculos
592 4827 794 4882 meque
822 4812 1124 4884 inspiceret
1146 4814 1522 4875 assistentem,
1548 4814 1751 4868 iterum
1774 4816 1969 4869 eodem

373 4898 541 4952 modo
570 4907 764 4971 raptus
794 4908 880 4956 est
904 4922 916 4970 ;
950 4909 1008 4957 et
1033 4920 1161 4957 cum
1191 4904 1396 4974 saepius
1422 4904 1602 4968 ﬁeret,
1628 4909 1685 4957 et
1711 4904 1805 4958 ille
1834 4922 1971 4975 spu-

372 4995 576 5056 maret,
608 4990 798 5046 videns
819 5010 922 5063 ego
955 4993 1201 5046 laborem
1235 4993 1356 5062 ejus
1385 4998 1606 5046 tantum
1637 4993 1970 5063 ingemuiex

370 5076 593 5145 intimo,
630 5087 685 5135 et
714 5083 841 5137 misi
867 5099 968 5153 pro
997 5088 1269 5136 conventu
1309 5083 1545 5135 fratrum
1577 5090 1641 5137 ut
1668 5083 1929 5136 adessent
1953 5102 1966 5151 ;

374 5169 575 5239 quibus
596 5171 964 5240 praesentibus
985 5178 1042 5223 et
1064 5171 1434 5241 psallentibus
1456 5171 1616 5226 nobis
1637 5189 1823 5225 coram
1856 5189 1971 5225 om-

371 5259 536 5313 nibus
557 5267 830 5329 aagrotum
853 5261 1109 5314 molestia
1126 5277 1227 5314 sua
1252 5261 1362 5313 arri
1371 5261 1768 5332 puitCumque
1789 5261 1970 5314 adhuc

371 5348 441 5403 ab
475 5349 670 5403 eadem
725 5356 1031 5415 teneretur,
1068 5351 1383 5422 clausisque
1433 5352 1608 5406 oculis
1648 5359 1706 5405 et
1744 5351 1966 5421 pugnis,

372 5438 511 5491 nihil
561 5456 775 5504 eorum,
838 5457 960 5510 qua:
1008 5457 1040 5494 a
1079 5441 1239 5495 nobis
1292 5441 1657 5511 gerebantur,
1714 5439 1966 5505 sentiret,

373 5527 597 5595 aperuit
616 5545 846 5582 manum
878 5530 1133 5584 dextram
1175 5530 1380 5596 subito,
1415 5536 1473 5583 et
1501 5531 1721 5599 erigens
1746 5546 1869 5581 eam
1900 5530 1968 5582 ad

374 5620 560 5688 caput.
599 5616 843 5684 signavit
881 5618 1129 5689 seipsum
1178 5626 1284 5680 ter,
1328 5621 1489 5674 nobis
1552 5618 1869 5674 videntibus
1914 5624 1971 5674 et

2052 4464 2400 4518 lassitudinis
2429 4465 2488 4518 in
2516 4481 2747 4535 corpore
2777 4468 2899 4517 erat
2927 4468 2991 4516 ut
3017 4478 3144 4515 cum
3176 4461 3232 4514 in
3264 4461 3408 4514 lecto
3430 4477 3540 4530 quo
3560 4462 3647 4531 ja-

2052 4552 2229 4618 cebat,
2274 4570 2497 4624 quoquo
2536 4554 2721 4619 modo,
2767 4559 2831 4606 ut
2875 4552 2961 4605 vel
3000 4568 3202 4622 parum
3241 4556 3358 4603 tam
3400 4550 3645 4604 maxima

2052 4643 2307 4696 molestia
2332 4644 2528 4696 saltem
2559 4642 2815 4695 mutandi
2846 4641 3017 4695 situm
3044 4640 3403 4709 levigaretur.
3423 4655 3646 4710 compo-

2052 4749 2187 4786 nere
2216 4749 2275 4786 se
2306 4732 2471 4785 vellet
2522 4732 2676 4785 nullo
2717 4730 2880 4783 modo
2917 4730 3147 4783 valeret.
3196 4729 3312 4782 Nos
3361 4745 3511 4789 vero,
3547 4728 3643 4798 qui

2051 4822 2367 4887 aderamus,
2395 4837 2520 4875 cum
2552 4821 2621 4873 ad
2650 4819 3162 4890 appetitum,quem
3193 4817 3391 4871 ﬁeriin
3407 4834 3473 4871 eo
3491 4817 3644 4871 vide-

2053 4909 2270 4964 bamus.
2315 4910 2583 4962 vellemus
2630 4925 2759 4961 eum
2798 4923 3152 4977 componere,
3193 4906 3283 4959 vix
3311 4922 3439 4959 eum
3472 4905 3643 4959 etiam

2051 5016 2176 5052 cum
2198 4998 2389 5052 labore
2407 4998 2783 5051 movebaznus.
2800 4999 2821 5020 *
2842 4997 2927 5050 Ad
2943 5002 3157 5050 naturae
3170 4995 3483 5049 necessaria
3515 5012 3644 5049 cum

2051 5088 2133 5141 ire
2159 5088 2344 5149 vellet,
2376 5103 2479 5141 nec
2506 5103 2735 5156 surgere
2763 5102 2865 5140 nec
2893 5102 2925 5138 a
2954 5085 3075 5138 loco
3102 5101 3159 5138 se
3182 5101 3402 5138 movere
3432 5084 3642 5150 valens,

2051 5176 2269 5230 duobus
2316 5175 2605 5241 fratribus,
2646 5176 2823 5229 tensis
2861 5174 3125 5237 brachiis,
3159 5174 3485 5243 erigendum
3513 5190 3647 5244 por-

2050 5267 2396 5336 tanduinque
2427 5282 2486 5319 se
2519 5263 2771 5335 praebuit,
2805 5263 2901 5334 qui
2945 5280 3072 5316 eum
3105 5280 3230 5316 cum
3272 5263 3483 5327 labore,
3524 5263 3647 5317 sine

2051 5354 2203 5407 illius
2232 5355 2418 5425 aliquo
2458 5361 2614 5407 motu
2662 5353 2985 5416 auxiliabili,
3020 5361 3248 5423 excepto
3296 5352 3445 5423 quod
3476 5353 3647 5427 pedes

2051 5459 2152 5513 per
2179 5449 2386 5496 terram
2412 5443 2590 5512 magis
2607 5441 2868 5495 trahebat
2896 5459 3062 5512 quam
3094 5440 3339 5512 regebat,
3356 5447 3646 5512 portantes

2052 5539 2108 5584 et
2120 5538 2467 5601 reportantes
2487 5531 2545 5584 in
2566 5531 2709 5584 lecto
2721 5547 2908 5583 coram
2933 5548 3020 5583 me
3038 5537 3344 5600 posuerunt
3364 5529 3644 5600 quomodo

2050 5626 2373 5690 potuerunt.
2407 5622 2476 5675 Et
2503 5636 2631 5675 cum
2658 5624 2829 5674 tantae
2873 5621 3218 5690 aegritudinis
3246 5619 3494 5691 pondere
3521 5634 3645 5689 pre-
