3934 6352
268 336 409 395 1377
1467 340 1817 394 EPISTOLA

1921 339 1950 393 D
1990 339 2337 394 FRATRES.
3391 349 3526 408 1378

264 465 532 528 meretur,
578 462 798 518 dicebat
835 467 1024 518 tamen
1072 464 1246 519 videri
1289 465 1394 519 sibi
1437 465 1586 537 quod
1613 464 1755 518 nihil
1790 463 2047 525 inAait:
2083 462 2296 535 «Signa
2312 462 2469 519 vobis
2496 466 2792 522 verborum
2823 471 3236 542 istorum,quod
3249 476 3522 543 verasint,

260 566 494 621 corpore
531 556 836 622 pateretur,
882 569 996 624 prae
1052 553 1252 609 timore
1304 572 1413 625 quo
1462 554 1685 608 animus
1730 555 1853 623 ejus
1936 554 2187 609 dicturus
2217 573 2364 621 sum,
2395 556 2492 610 sed
2515 558 2761 612 nondum
2782 576 2847 613 ea
2864 560 3073 623 audita,
3093 564 3371 619 audienda
3386 583 3525 637 prae-

259 640 637 698 cruciabatur.
674 643 927 713 Cumque
958 660 1060 713 ego
1082 661 1389 714 quaererem
1422 643 1554 714 quid
1580 643 1806 696 timeret
1836 659 1848 694 :
1935 644 2127 697 stolor.
2168 663 2191 694 ι
2218 644 2432 708 Quibus
2460 645 2642 712 dictis,
2676 664 2777 717 ego
2806 649 3072 703 fratribus
3100 651 3209 705 illis
3247 656 3528 710 montanis

262 747 287 781 ι
318 730 534 797 Timeo,
565 731 765 802 inquit,
815 749 902 785 me
952 733 1010 785 in
1056 733 1299 797 illorum,
1335 749 1473 802 quos
1499 732 1628 795 vidi,
1656 748 1853 785 manus
1936 734 2120 797 (erant
2142 739 2329 787 autem
2362 735 2628 805 quinque)
2668 754 2680 789 :
2718 758 2739 785 ι
2776 737 2893 802 Eia,
2928 739 3141 793 domini
3174 742 3303 806 mei,
3336 744 3526 798 audis-

257 825 356 872 aut
386 818 445 872 in
475 820 772 890 nequiores
789 838 1163 900 reversurum.
1201 842 1225 873 »
1253 819 1647 891 Loquebamur
1662 826 1848 873 autem
1932 819 2022 881 tis,
2059 836 2181 889 quae
2206 837 2239 873 a
2262 821 2373 874 Deo
2395 829 2672 893 praecepta
2709 831 2843 878 sunt
2865 824 3045 891 vobis;
3084 828 3326 882 recedite
3359 848 3521 898 nunc,

256 908 334 961 sic
366 908 622 972 invicem,
645 917 704 964 et
740 927 883 970 ecce,
911 913 1036 979 jam
1069 916 1231 964 nocte
1265 910 1615 973 imminente,
1658 914 1852 979 raptus

257 1003 343 1050 est
362 997 570 1051 iterum
602 1004 658 1052 et
671 999 988 1069 spumabat,
1013 999 1343 1070 erigensque
1370 999 1513 1053 sicut
1542 998 1697 1069 prius
1736 1015 1853 1053 ma-

253 1103 413 1152 num,
446 1087 686 1157 signavit
713 1105 774 1141 se
804 1094 1006 1142 totum.
1040 1088 1295 1159 Cumque
1325 1104 1425 1141 nos
1463 1087 1847 1157 psalleremus,

255 1182 313 1227 et
333 1176 427 1229 ille
456 1177 683 1241 rediret,
707 1177 1063 1247 quaesivimus
1086 1183 1350 1231 utrumne
1365 1176 1849 1247 vidissetaliquid?

257 1280 285 1313 α
322 1264 462 1329 Vidi,
484 1264 686 1335 inquit,
714 1265 989 1319 intrantes
1018 1266 1245 1319 domum
1275 1265 1418 1318 hanc
1443 1263 1698 1318 homines
1711 1272 1846 1328 tres,

255 1352 351 1421 qui
380 1353 605 1407 lanceas
624 1359 739 1407 tres
765 1353 1064 1425 gestabant
1091 1355 1283 1424 igneas
1309 1354 1548 1407 fetentes
1577 1359 1848 1423 tanquam

253 1449 443 1496 essent
461 1443 739 1505 sulfureae,
760 1444 962 1514 quibus
982 1460 1107 1497 cum
1138 1461 1228 1497 me
1258 1444 1462 1497 vellent
1490 1444 1843 1512 transfigere,

251 1530 413 1600 signo
443 1531 622 1585 crucis
652 1532 798 1603 quod
828 1548 863 1585 a
892 1548 981 1585 me
1000 1532 1181 1585 teneri
1200 1531 1490 1586 videbatur
1510 1536 1632 1598 (nos
1644 1533 1848 1602 quippe

248 1618 308 1672 in
333 1636 502 1674 manu
529 1619 680 1675 illius
695 1637 918 1675 crucem
941 1621 1311 1687 tenebamus),
1347 1638 1436 1675 me
1457 1621 1843 1686 defendebam,

248 1714 307 1761 et
335 1708 461 1762 illos
490 1709 772 1779 fugabam.
803 1730 824 1759 ι
854 1710 1037 1764 Jacuit
1066 1710 1255 1781 itaque
1284 1710 1478 1764 dolens
1501 1715 1557 1763 et
1572 1710 1844 1780 plangens

1935 915 1997 962 ut
2026 908 2228 962 iterum
2249 910 2305 964 in
2333 912 2523 966 stratis
2552 913 2751 966 vestris
2768 914 3087 984 quiescatis.
3111 934 3135 967 ν
3162 918 3357 982 Neque
3375 920 3524 975 enim

1933 1013 2058 1051 cum
2088 998 2275 1051 omnia
2303 1000 2415 1053 alia
2441 1001 2649 1071 optime
2689 1002 3075 1064 attendissem.
3107 1005 3176 1059 de
3205 1006 3380 1076 signis
3402 1025 3524 1078 quae

1932 1084 2165 1138 dicenda
2211 1094 2374 1141 erant
2411 1088 2617 1159 aliquid
2666 1106 3057 1160 perceperam;
3109 1094 3205 1146 sed
3252 1095 3357 1148 hoc
3403 1096 3522 1166 ipse

1930 1173 2101 1238 idem,
2142 1176 2478 1231 testantibus
2521 1178 2779 1232 omnibus
2818 1179 2914 1249 qui
2953 1181 3249 1247 affuerant,
3291 1201 3351 1238 se
3380 1185 3526 1240 sicut

1931 1263 2136 1317 dixisse
2171 1263 2307 1317 mihi
2353 1272 2547 1335 postea
2581 1266 2969 1323 manifestavit.
3024 1270 3308 1341 Praecepto
3348 1272 3526 1343 igitur

1931 1368 2056 1405 meo
2086 1352 2287 1406 fratres
2300 1354 2539 1408 velocius
2561 1354 2882 1410 obedientcs
2907 1358 3026 1427 jam
3058 1359 3522 1428 surgebant,cum

1929 1438 2024 1493 ille
2050 1442 2144 1510 qui
2168 1442 2391 1511 jacebat
2411 1460 2596 1497 coram
2618 1444 2777 1498 nobis
2806 1452 3000 1516 raptus
3021 1453 3135 1514 est;
3169 1448 3384 1504 detinui
3413 1450 3522 1505 ita-

1931 1546 2039 1599 que
2069 1530 2172 1583 hoc
2195 1532 2384 1585 videns
2405 1533 2605 1587 fratres
2625 1534 2720 1605 qui
2744 1535 2863 1604 jam
2886 1544 3333 1603 surrexerant,ut
3354 1540 3523 1595 simul

1929 1619 2318 1687 psalleremus,
2368 1628 2629 1674 eventum
2676 1621 2757 1675 rei
2816 1629 3217 1693 exspectantes.
3271 1626 3522 1682 Diximus

1928 1722 2061 1775 ergo
2090 1712 2269 1761 totum
2312 1709 2589 1779 psalmum
2616 1711 2943 1778 Quicunque
2970 1716 3108 1779 vult,
3133 1720 3188 1766 et
3217 1715 3524 1784 adjecimus

246 1814 307 1851 se
338 1798 732 1852 vehementer:
760 1800 880 1869 jam
920 1806 1134 1867 tamen,
1176 1799 1556 1853 consolatione
1595 1805 1841 1869 accepta,
1866 1820 1905 1878 Β
1929 1796 2115 1849 Gloria
2153 1800 2330 1851 Palrz'.
2361 1799 2480 1862 Quo
2513 1798 2672 1852 finito
2704 1799 2870 1852 rediit
2897 1799 2992 1853 ille
3017 1807 3074 1855 et
3102 1802 3247 1856 sedit
3268 1804 3321 1856 in
3354 1804 3518 1871 lecto,

245 1885 472 1941 dicebat
499 1904 558 1941 se
583 1904 810 1958 sperare
836 1889 1045 1958 optime
1074 1898 1392 1943 eVasurum.
1425 1888 1679 1959 Cumque
1717 1905 1839 1959 ego,

245 1974 371 2046 ipso
386 1978 668 2042 audiente,
684 1977 754 2031 ob
768 1977 917 2031 illius
941 1978 1379 2031 consolationem
1400 1977 1844 2031 confirmandam

246 2066 439 2135 aliqua
465 2065 731 2121 fratribus
761 2066 854 2138 qui
877 2067 1112 2121 aderant
1131 2068 1200 2121 de
1222 2066 1524 2137 Scripturis
1544 2072 1600 2120 et
1628 2067 1697 2120 de
1735 2067 1845 2120 fide

246 2155 539 2209 Trinitatis
566 2155 833 2225 dicerem,
856 2163 914 2210 et
944 2157 1120 2210 multa
1142 2156 1471 2226 jamnoctis
1501 2172 1630 2226 pars
1655 2161 1845 2209 trans-

246 2245 409 2309 isset,
458 2244 643 2299 subito
694 2262 822 2299 cum
865 2245 959 2299 ille
1007 2246 1308 2315 diligenter
1354 2245 1595 2307 audiret,
1644 2245 1846 2298 clausit

248 2334 461 2399 oculos,
496 2339 554 2387 et
593 2351 763 2388 sensu
800 2334 939 2388 abiit
979 2351 1014 2387 a
1050 2334 1229 2390 nobis.
1265 2334 1406 2388 Cum
1437 2334 1493 2387 in
1525 2334 1717 2387 eodem
1750 2350 1846 2387 ex-

246 2439 409 2476 cessu
439 2422 673 2493 positus,
713 2424 830 2493 jam
863 2423 1010 2476 enim
1043 2439 1347 2487 excessum,
1388 2439 1500 2476 non
1531 2422 1844 2476 molestiam

245 2519 348 2567 aut
382 2513 695 2583 passionem
720 2513 1009 2566 nominare
1033 2512 1229 2577 habeo,
1263 2529 1466 2565 manus
1492 2513 1736 2582 jungens
1773 2511 1842 2565 ad

245 2603 449 2656 coelum
481 2602 724 2672 erigeret
752 2608 1020 2672 tanquam
1069 2618 1256 2663 orans,
1303 2617 1516 2671 nosque
1562 2602 1842 2671 psalmum

248 2691 382 2745 ﬁdei
395 2692 706 2744 diceremus
728 2692 1050 2758 Qm’cunque
1064 2694 1181 2743 rult
1200 2693 1403 2755 salvus,
1426 2689 1842 2760 repetitumque

249 2780 647 2846 mediaremus,
675 2780 767 2833 ille
792 2779 1051 2848 aperiens
1081 2780 1629 2849 oculos,erectasque
1645 2783 1842 2832 tenens

249 2869 625 2935 manus,sicut
638 2869 1023 2938 easjunxerat,
1040 2868 1258 2922 locutus
1277 2872 1381 2933 est,
1400 2867 1588 2920 dicens
1614 2885 1627 2919 :
1654 2867 1841 2920 Gloria

251 2960 536 3023 tibi,1)eus.
557 2958 811 3028 Cumque
829 2973 930 3011 nos
954 2957 1155 3027 psalmi
1175 2958 1343 3010 finem
1354 2957 1837 3019 accelerassemus,

1926 1884 2175 1955 dixitque
2212 1902 2221 1938 :
2264 1905 2292 1938 α
2338 1888 2671 1941 Benedictus
2710 1888 2875 1954 Deus,
2920 1890 3251 1945 Benedictus
3276 1893 3452 1961 Deus;
3492 1912 3517 1946 υ

1921 1974 2166 2046 jungens
2197 1993 2397 2030 manus
2427 1982 2485 2030 et
2502 1977 2763 2041 adorans,
2800 1978 3085 2049 oculisque
3111 1981 3390 2036 alacribus
3417 2000 3519 2037 nos

1927 2064 2202 2135 aspiciens
2226 2083 2237 2116 :
2270 2087 2289 2112 ι
2312 2066 2391 2118 En
2424 2065 2601 2135 signa,
2625 2066 2725 2127 ait,
2758 2066 2912 2120 vobis
2939 2074 3002 2120 ut
3020 2068 3220 2131 dicam,
3256 2070 3302 2124 si
3321 2072 3519 2126 audire

1926 2153 2218 2223 placuerit.
2255 2174 2276 2204 ι
2303 2154 2460 2217 Quod
2481 2171 2606 2207 cum
2628 2155 2855 2208 omnino
2879 2156 3115 2225 placere,
3133 2160 3518 2229 respondisse-

1927 2258 2053 2295 mus
2080 2258 2403 2301 omnes,nos
2429 2242 2610 2296 verbis
2640 2244 2941 2298 etillinutu
2966 2246 3060 2315 qui
3090 2248 3518 2318 completorium

1927 2332 2203 2395 dixerant,
2234 2332 2312 2385 sic
2338 2332 2555 2386 locutus
2586 2338 2672 2386 est
2701 2350 2712 2384 :
2751 2354 2770 2385 ι
2805 2334 2863 2388 Si
2893 2351 3142 2406 unquam
3180 2338 3420 2409 amplius
3458 2339 3516 2393 in

1928 2423 2080 2475 omni
2104 2421 2220 2474 vita
2248 2437 2374 2474 mea
2403 2426 2459 2474 et
2482 2427 2662 2476 vestra
2693 2438 2781 2476 me
2811 2424 2980 2494 hujus
3010 2424 3357 2481 infirmitatis
3386 2445 3516 2499 pro-

1926 2516 2053 2578 pter
2081 2527 2245 2581 quam
2278 2510 2367 2564 hic
2391 2511 2571 2580 jaceo,
2597 2512 2816 2581 signum
2840 2513 3067 2584 aliquod
3086 2520 3185 2569 aut
3201 2517 3517 2573 molestiam

1926 2599 2230 2669 patientem
2260 2600 2523 2663 videritis,
2557 2600 2746 2654 sciatis
2768 2619 3121 2673 nequaquam
3144 2622 3333 2659 verum
3347 2606 3518 2661 fuisse

1927 2689 2073 2758 quod
2105 2705 2137 2741 a
2167 2704 2256 2741 me
2282 2689 2491 2742 dictum
2524 2695 2641 2756 est;
2682 2695 2739 2743 et
2766 2708 2891 2744 ecce
2923 2708 3071 2745 nunc
3100 2694 3318 2765 integre
3346 2713 3516 2751 sanus

1923 2775 2104 2829 factus
2134 2794 2257 2830 sum
2280 2783 2337 2830 et
2357 2777 2568 2837 firmus,
2600 2787 2799 2848 potens
2828 2796 3061 2849 surgere
3083 2787 3138 2835 et
3157 2783 3240 2836 ire
3270 2789 3327 2837 et
3349 2800 3516 2854 agere

1924 2863 2194 2934 quidquid
2209 2881 2345 2917 sano
2376 2864 2587 2919 homini
2617 2867 2896 2935 agendum
2918 2874 3019 2921 est.
3048 2885 3074 2921 ιθ
3107 2868 3363 2941 Cumque
3393 2879 3515 2927 stu-

1922 2951 2125 3021 pefacti
2152 2953 2359 3022 gaudio
2389 2960 2447 3007 et
2482 2954 2762 3008 evidentia
2788 2955 2870 3008 rei
2903 2955 3244 3022 (videbamus
3268 2960 3417 3014 enim
3455 2961 3514 3016 in

249 3053 308 3101 et
335 3047 430 3101 ille
458 3046 680 3117 saepius,
712 3047 897 3101 Gloria
921 3048 1037 3110 tibi,
1071 3047 1229 3104 Deus,
1263 3046 1577 3115 repetisset,
1607 3044 1835 3099 omnino
1858 3056 1899 3114 ε
1921 3042 2045 3111 ejus
2082 3041 2223 3095 facie
2260 3043 2445 3096 nescio
2485 3044 2631 3112 quod
2679 3043 2929 3099 divinum
2969 3045 3191 3115 signum
3232 3049 3508 3121 sanitatis)

242 3136 392 3189 unde
411 3140 528 3189 tam
560 3135 688 3189 laeta
716 3139 945 3205 tamque
975 3134 1231 3188 amabilis
1270 3151 1374 3188 vox
1403 3134 1483 3187 illi
1509 3133 1640 3187 data
1668 3137 1832 3195 esset,

242 3241 366 3295 qua:
394 3224 564 3279 toties
595 3224 989 3290 reiterabatur,
1024 3224 1165 3278 scire
1198 3228 1543 3294 appetentes,
1571 3221 1838 3275 sciscitati

239 3315 541 3368 sumus.At
565 3312 659 3366 ille
685 3312 1097 3383 aliquantulum
1128 3329 1318 3366 severe
1347 3329 1437 3365 me
1467 3311 1833 3374 intuens,ait:

243 3420 271 3455 α
296 3403 580 3457 Vocantur
609 3401 748 3454 mihi
778 3418 971 3455 omnes
1003 3401 1264 3455 monachi
1298 3401 1369 3455 de
1417 3406 1607 3454 monte
1646 3399 1835 3454 Sancti

239 3491 549 3556 Michaelis,
584 3490 680 3561 qui
720 3490 780 3543 in
820 3489 1158 3544 monasterio
1213 3490 1322 3544 isto
1365 3494 1787 3544 commorantur
1820 3506 1831 3541 :

238 3580 448 3634 missus
476 3597 599 3634 sum
631 3579 780 3633 enim
801 3579 1061 3645 nuntius;
1092 3598 1118 3631 »
1143 3596 1383 3650 cumque
1408 3579 1512 3632 hoc
1540 3578 1677 3631 mihi
1699 3578 1835 3631 satis

238 3669 579 3739 displiceret,
601 3669 809 3722 timens
823 3668 927 3722 hoc
941 3668 1170 3738 aliquod
1193 3685 1314 3722 esse
1332 3668 1643 3721 illusorium
1663 3667 1837 3738 phan-

238 3762 446 3821 tasma,
476 3774 782 3828 verensque
816 3758 1036 3819 fratres,
1070 3757 1165 3827 qui
1206 3757 1275 3810 ad
1320 3762 1622 3810 nocturnas
1651 3773 1835 3809 surre-

237 3847 386 3901 cturi
433 3852 596 3900 erant
645 3846 947 3910 orationes,
991 3846 1279 3899 excitando
1326 3846 1582 3915 fatigare,
1640 3845 1833 3898 multis

236 3935 422 3989 verbis
447 3952 518 3988 ne
554 3936 658 3988 hoc
686 3936 845 3988 ﬁeret
877 3934 1175 3989 renitebar.
1209 3937 1281 3988 At
1309 3934 1402 3988 ille
1439 3934 1576 3987 mihi
1606 3950 1834 4004 prorsus

238 4024 474 4093 restitit,
499 4024 706 4086 dicens,
738 4041 803 4077 ex
826 4029 944 4077 toto
961 4024 1040 4077 sic
1068 4023 1188 4076 ﬁeri
1218 4023 1494 4093 expedire.
1519 4022 1685 4077 Nolui
1707 4028 1835 4075 tan-

238 4114 367 4167 dem
399 4113 642 4184 amplius
663 4113 940 4176 resistere,
970 4119 1226 4166 metuens
1250 4129 1313 4165 ex
1335 4113 1534 4176 altero,
1563 4128 1633 4165 ne
1654 4111 1700 4165 si
1731 4111 1835 4164 hoc

239 4208 578 4273 praeceptum
595 4202 842 4255 divinum
862 4208 1028 4263 esset,
1044 4200 1581 4255 Deoinobedientem
1602 4202 1834 4254 fratrem

238 4291 502 4356 facerem,
526 4290 674 4344 unde
713 4308 814 4360 ego
846 4296 902 4343 et
929 4291 1047 4360 ipse
1074 4290 1284 4360 pariter
1311 4289 1393 4343 rei
1424 4289 1787 4343 existeremus
1818 4308 1830 4352 ;

240 4379 596 4451 quaesivimus
618 4379 687 4432 de
715 4396 775 4432 se
796 4378 915 4448 ipso
945 4378 1079 4448 quid
1108 4377 1214 4431 sibi
1244 4378 1497 4432 futurum
1528 4378 1829 4441 videretur,

239 4473 295 4521 et
325 4467 419 4520 ille
444 4484 503 4521 se
531 4467 713 4521 adhuc
741 4466 955 4521 nescire
971 4466 1278 4536 respondit.

309 4556 506 4610 Vocati
543 4555 732 4626 itaque
778 4572 917 4625 quos
954 4554 1146 4620 voluit,
1199 4555 1466 4608 citissime
1508 4555 1827 4622 affuerunt;

239 4645 443 4718 quibus
462 4644 847 4717 praesentibus,
873 4661 962 4698 me
994 4650 1228 4715 rogante
1253 4651 1317 4698 ut
1338 4645 1679 4715 loqueretur,
1702 4644 1783 4698 ait
1816 4662 1826 4697 :

244 4756 266 4786 ι
300 4737 349 4789 Λ
376 4735 491 4790 Deo
529 4740 586 4788 et
621 4751 654 4787 a
692 4740 882 4788 sancto
921 4734 1187 4788 Michaele
1229 4739 1286 4787 et
1324 4750 1358 4787 a
1386 4740 1578 4787 sancto
1604 4734 1828 4799 Vigore,

240 4824 450 4895 optimo
468 4823 892 4894 patrono,vobis
921 4823 1179 4876 omnibus
1199 4822 1341 4884 dico,
1366 4830 1430 4876 ut
1460 4839 1748 4893 nunquam
1773 4823 1829 4876 in

239 4918 489 4967 montem
512 4912 701 4967 Sancti
728 4912 1016 4966 Michaelis
1040 4910 1281 4965 redeatis
1297 4916 1391 4965 aut
1416 4911 1635 4965 intretis
1645 4912 1832 4982 gratia

238 5001 316 5056 ibi
346 5000 694 5063 remanendi,
722 5001 967 5071 quandiu
996 5001 1129 5061 iste,
1159 5000 1254 5071 qui
1275 5017 1424 5054 nunc
1442 4999 1700 5055 ibiabbas
1723 5007 1827 5068 est,

238 5091 456 5146 vixerit.
495 5090 655 5153 Quod
694 5090 741 5143 si
780 5091 957 5144 ieritis
996 5096 1053 5143 et
1087 5090 1425 5146 manseritis.
1461 5091 1572 5144 fine
1600 5090 1745 5144 malo
1777 5095 1833 5144 et

239 5186 420 5235 morte
440 5179 683 5250 pessima
702 5178 1127 5233 consumemini.
1162 5198 1181 5228 ι
1205 5178 1546 5249 Cumqueilli
1578 5180 1647 5233 ad
1667 5179 1833 5234 verba

240 5288 301 5325 se
332 5269 716 5336 inclinassent,
752 5270 949 5323 ﬂentes
981 5285 1093 5339 pra:
1131 5268 1357 5338 gaudio,
1396 5268 1600 5338 adjecit
1642 5269 1736 5324 ille
1776 5276 1832 5325 et

1921 3130 2275 3193 miraremur,
2304 3131 2533 3185 ineunte
2552 3131 2687 3185 mihi
2715 3133 2955 3202 quodam
2986 3150 3053 3188 ex
3080 3135 3346 3190 fratribus
3376 3138 3513 3193 dixi-

1918 3234 2044 3271 mus
2082 3235 2217 3272 voce
2244 3218 2430 3273 sobria
2472 3225 2529 3273 et
2551 3218 2824 3274 submisse
2866 3222 2930 3273 Te
2962 3223 3133 3276 Deum
3172 3226 3509 3288 laudamus;

1919 3312 1977 3360 et
2001 3306 2083 3360 illi
2112 3308 2337 3378 quidem
2360 3308 2580 3373 fratres,
2606 3308 2807 3379 quibus
2828 3316 3058 3381 prOpter
3085 3312 3512 3382 completorium

1917 3395 2181 3467 loquendi
2222 3398 2446 3451 licentia
2492 3414 2604 3452 non
2635 3404 2775 3461 erat,
2808 3399 2879 3452 ad
2922 3406 3102 3455 strata
3138 3417 3259 3468 sua,
3293 3420 3383 3457 me
3415 3404 3511 3474 ju-

1916 3484 2102 3547 bente,
2135 3486 2410 3541 abierunt.
2428 3487 2530 3541 Ille
2547 3504 2678 3542 vero
2707 3488 2898 3542 statim
2920 3488 3080 3544 nobis
3107 3507 3293 3545 coram
3316 3491 3510 3563 positis

1917 3579 1975 3627 et
1998 3591 2124 3628 cum
2155 3591 2220 3629 eo
2250 3576 2606 3645 surgentibus
2634 3576 2729 3647 qui
2759 3594 2870 3631 non
2892 3578 3506 3646 abieramus,surrexit,

1916 3663 2055 3717 mihi
2084 3664 2217 3717 data
2246 3681 2438 3729 manu,
2472 3682 2641 3719 sanus
2677 3671 2733 3719 et
2766 3666 2961 3720 hilaris
2990 3676 3048 3721 et
3076 3668 3339 3723 robustus
3366 3671 3513 3724 sicut

1916 3752 2241 3806 nos.Stabat
2268 3753 2441 3823 igitur
2458 3754 2793 3824 gaudens,et
2813 3772 2915 3808 nos
2937 3755 3282 3810 mirabamur
3300 3765 3357 3812 et
3375 3774 3509 3812 con-

1913 3841 2331 3911 gaudebamus;
2353 3842 2671 3896 videbamus
2696 3844 2903 3914 quippe
2932 3844 3214 3898 hominem
3248 3846 3412 3899 modo
3450 3848 3509 3901 in

1916 3930 2058 3983 lecto
2083 3932 2385 4000 jacentem,
2418 3931 2683 3985 diuturna
2712 3937 2768 3985 et
2798 3933 3035 3986 molesta
3071 3933 3328 4004 passione
3359 3935 3511 3989 colli-

1918 4035 2043 4072 sum
2091 4020 2525 4091 contritumque,
2559 4026 2616 4074 et
2641 4037 2781 4091 pene
2812 4021 3072 4075 omnibus
3100 4021 3364 4077 membris
3392 4023 3508 4078 dis-

1918 4110 2183 4173 solutum,
2209 4116 2273 4163 ut
2292 4127 2391 4163 nec
2418 4111 2587 4164 etiam
2620 4110 2829 4165 moveri
2853 4111 2922 4165 ad
2944 4112 3251 4165 sedendum
3276 4113 3503 4179 valeret,

1915 4205 2171 4268 essetque
2194 4199 2245 4252 ei
2277 4198 2397 4269 ipsa
2435 4199 2564 4253 lecti
2606 4200 2872 4254 mollities
2912 4206 3255 4255 tormentum
3282 4201 3501 4272 ingens,

1917 4304 2066 4341 nunc
2085 4303 2213 4340 vero
2234 4287 2355 4357 ipsa
2373 4288 2568 4341 eadem
2595 4289 2734 4342 hora
2754 4289 2980 4343 robuste
2999 4290 3322 4356 surrexisse,
3356 4297 3507 4346 stare

1917 4375 2205 4429 nobiscum
2236 4393 2437 4429 sanum
2455 4382 2513 4429 et
2537 4378 3300 4446 gaudentemBenediximus
3317 4380 3508 4451 itaque

1851 4464 2115 4543 DDeum,
2151 4464 2245 4535 qui
2276 4465 2516 4534 percutit
2540 4471 2598 4519 et
2633 4473 2814 4533 sanat,
2843 4468 3142 4522 mortificat
3170 4476 3226 4522 et
3244 4469 3505 4536 viviﬁcat,

1912 4552 2139 4607 deducit
2167 4553 2236 4606 ad
2266 4553 2474 4607 inferos
2507 4559 2565 4607 et
2583 4554 2799 4608 reducit
2828 4558 2972 4615 (Tob.
3006 4572 3126 4622 xm,
3150 4555 3223 4626 2).
3258 4558 3354 4611 Est
3374 4574 3507 4628 ergo

1914 4641 2078 4696 hodie
2109 4642 2168 4696 in
2196 4643 2459 4708 claustro,
2493 4643 2785 4697 nobiscum
2822 4643 3156 4700 benedicens
3196 4648 3384 4711 Deum,
3410 4646 3507 4717 qui

1914 4748 2041 4785 eum
2064 4748 2209 4795 vere,
2225 4738 2289 4785 ut
2309 4738 2469 4802 pater
2485 4732 2726 4801 diligens
2741 4733 2939 4799 tilium,
2973 4735 3249 4805 percussit
3265 4742 3323 4790 et
3340 4752 3507 4789 sana-

1912 4821 2198 4875 vit.Sanus
2210 4837 2453 4892 namque
2465 4837 2696 4891 corpore
2710 4821 2994 4876 meliorem
3010 4824 3145 4877 etde
3159 4824 3265 4877 fide
3277 4825 3510 4896 amplio-

1914 4929 2029 4965 rem
2059 4911 2305 4981 suscepit
2343 4911 2401 4964 in
2447 4911 2637 4965 anima
2666 4910 2985 4967 sanitatem.
3020 4912 3324 4983 Correptus
3356 4915 3507 4968 enim

1914 5006 1971 5054 et
1997 5006 2277 5054 correctus
2309 5016 2491 5053 mores
2532 4999 2756 5053 omnino
2796 4999 3054 5062 mutavit,
3097 5000 3209 5053 Deo
3250 5002 3509 5073 omnipo-

1912 5088 2055 5143 tenti
2081 5088 2329 5142 subdidit
2353 5088 2477 5158 ipsa
2504 5105 2606 5142 sua
2633 5087 2748 5141 vita
2776 5087 2915 5141 dans
2942 5087 3506 5161 testimonium,quod

1914 5195 2040 5232 vere
2070 5194 2298 5231 manum
2345 5176 2760 5247 Omnipotentis
2803 5177 3059 5237 senserit,
3098 5176 3187 5230 cui
3217 5183 3302 5231 est
3330 5178 3509 5233 honor

1913 5273 1971 5323 et
1990 5268 2171 5339 gloria
2202 5274 2259 5320 et
2287 5271 2534 5338 potestas
2563 5266 2622 5319 in
2658 5266 2862 5319 saecula
2895 5266 3245 5320 saeculorum.
3288 5268 3497 5327 Amen.
