3934 6378
390 400 3671 429 _______________________._________________._______

1725 580 1888 626 ANNO
1930 581 2146 629 DOMIﬂI
2189 581 2357 625 τίΧοιί

1210 768 2564 943 GEBARDUS
2668 768 2845 939 ll

1494 1055 2096 1125 CAMERACENSIS
2139 1057 2592 1123 EPISCOPUS.

841 1358 1331 1454 NOTITIA
1388 1354 2045 1451 HISTORICA
2096 1354 2241 1449 IN
2298 1353 3005 1451 GEBARDUM
3066 1354 3183 1447 II

1638 1559 1828 1641 (Gall.
1881 1558 2105 1621 ('hrist.
2154 1561 2259 1639 Ill,
2307 1559 2439 1642 21.)

476 1894 760 1951 Gerardus
792 1895 850 1949 in
872 1894 1156 1950 territorio
1176 1893 1455 1949 Alostensi
1484 1898 1662 1956 ortus,
1687 1893 1993 1947 monachus
2012 1891 2066 1950 A
2086 1891 2318 1959 bemont)
2349 1907 2451 1961 pro
2481 1891 2761 1949 creatione
2803 1894 3129 1950 monasterii
3161 1894 3272 1948 hoc
3296 1893 3356 1948 in
3379 1894 3523 1961 loco,
3553 1911 3694 1948 nec-

402 1989 463 2041 et
488 1985 821 2055 praepositus
836 1984 984 2055 apud
1002 1985 1055 2037 S.
1083 1984 1387 2039 Vedastum
1415 1981 1519 2036 sub
1547 1982 1746 2037 Adolfo
1774 1980 1994 2046 abbate,
2081 1996 2193 2039 non
2242 1980 2492 2050 diploma
2538 1981 2781 2052 Philippi
2822 1984 2970 2053 regis
3013 2000 3108 2038 an.
3140 1984 3340 2037 eodem
3377 1981 3529 2040 l083.
3572 1985 3689 2037 An.

403 2090 528 2131 cum
559 2073 704 2129 foret
732 2074 788 2128 S.
821 2072 1059 2129 Litberti
1084 2089 1280 2143 nepos,
1309 2073 1522 2127 electus
1548 2081 1632 2125 est
1663 2071 1719 2127 in
1740 2071 1862 2139 ejus
1881 2086 2000 2125 suc—
2081 2067 2337 2138 sequenti
2378 2070 2668 2125 ecclesiam
2699 2072 2754 2126 S.
2806 2072 2958 2126 Petri
3007 2072 3318 2127 Montensis
3362 2072 3520 2126 dedit
3558 2089 3691 2126 mo-

402 2179 679 2221 cessorem
717 2179 812 2217 an.
846 2158 1001 2217 1076.
1045 2161 1130 2217 Ab
1160 2161 1402 2215 Henrico
1442 2177 1573 2230 rege
1611 2160 1997 2217 investituram
2082 2157 2329 2211 nasterio
2372 2160 2426 2215 S.
2481 2160 2732 2229 Dionysii
2778 2177 2949 2231 prope
3000 2160 3222 2216 Montes
3270 2161 3327 2214 in
3360 2162 3683 2223 Hannonis,

400 2251 650 2323 accipit;
692 2258 1036 2322 quapropter
1078 2250 1149 2304 de
1199 2252 1321 2320 ejus
1362 2249 1715 2307 ordinatione
1743 2249 1999 2318 legitima
2079 2245 2312 2299 consilio
2344 2246 2602 2303 Balduini
2645 2249 2867 2305 comitis
2910 2251 3240 2305 Hannonie.
3274 2251 3576 2304 Ecclesiam
3603 2250 3677 2307 B.

401 2338 679 2396 dubitavit
731 2339 1035 2409 Gregorius
1094 2355 1239 2409 papa
1294 2339 1415 2403 VII,
1461 2337 1832 2408 precepitque
1887 2339 1998 2393 Hu-
2078 2333 2268 2387 Mariae
2299 2335 2369 2388 de
2392 2336 2740 2401 Valencenis,
2775 2339 2868 2407 pia
2896 2338 3231 2393 liberalitate
3272 2339 3525 2408 ejusdem
3555 2338 3691 2392 Bal-

398 2428 537 2498 goni
570 2427 761 2483 Diensi
792 2429 1074 2497 episc0po,
1106 2444 1208 2482 suo
1237 2428 1442 2496 legato,
1475 2432 1539 2480 ut
1564 2433 1755 2480 coacta
1784 2426 1997 2495 synodo
2082 2422 2241 2477 duini
2285 2430 2343 2481 et
2380 2425 2649 2483 Richildis
2678 2426 2853 2496 ipsius
2893 2428 3091 2482 matris
3120 2428 3425 2488 conditam.
3455 2428 3686 2481 dicavit.

403 2516 724 2588 exploraret
746 2522 935 2571 utrum
968 2516 1233 2585 ignorans
1253 2532 1325 2569 an
1355 2515 1525 2585 probe
1554 2515 1735 2569 sciens
1762 2515 2005 2585 probibi-
2084 2512 2191 2568 An.
2228 2510 2365 2568 l085
2386 2513 2641 2568 interfuit
2669 2515 2902 2571 concilio
2932 2517 3384 2588 Compendiensi,
3418 2533 3485 2570 ex
3510 2516 3691 2586 Spici-

405 2605 617 2665 tionem
640 2605 698 2659 S.
722 2604 870 2659 sedis
899 2604 968 2659 de
990 2604 1336 2661 investituris
1365 2620 1398 2656 a
1427 2604 1571 2657 laica
1590 2619 1760 2657 manu
1780 2619 1893 2657 non
1922 2620 2006 2658 re-
2086 2600 2217 2670 legii
2248 2606 2400 2657 tomo
2444 2603 2515 2665 Il,
2551 2621 2678 2673 pag.
2711 2604 2834 2660 599.
2868 2606 2997 2660 Fuit
3025 2606 3301 2663 mediator
3332 2605 3483 2660 inter
3509 2621 3680 2659 cano-

408 2693 699 2767 cipiendis,
744 2693 1139 2748 investituram
1183 2693 1488 2763 accepisset
1534 2696 1628 2760 (l).
1682 2692 2006 2746 Emendatis
2087 2690 2240 2744 uicos
2269 2691 2324 2744 S.
2354 2692 2684 2747 Gaucherici
2706 2699 2762 2747 et
2793 2695 2850 2748 S.
2888 2695 3139 2766 Sepulcri
3166 2694 3485 2759 monachos,
3514 2710 3691 2765 super

408 2800 536 2855 quae
570 2783 629 2841 in
668 2780 845 2853 ipsius
890 2782 1241 2852 promotione
1284 2782 1482 2839 vitiosa
1530 2780 1877 2841 videbantur.
1934 2779 2004 2837 ab
2086 2778 2399 2848 piscatione
2426 2781 2483 2835 in
2508 2781 2903 2837 Scaldiﬂuvio.

409 2872 648 2942 Hugone
674 2872 860 2941 legato
899 2871 1212 2941 episcopale
1241 2887 1445 2927 munus
1464 2870 1637 2924 libere
1657 2870 1922 2932 exercuit,
1947 2874 2005 2927 et
2156 2869 2318 2923 Anno
2343 2867 2495 2935 1089,
2515 2871 2601 2927 sui
2630 2871 2983 2942 episcopatus
3002 2871 3218 2929 decimo
3240 2872 3695 2943 quarto,aliquot

406 2961 637 3033 quidem
682 2978 774 3017 an.
814 2959 947 3017 1079
978 2960 1073 3028 (2),
1107 2962 1440 3030 praesulatus
1469 2960 1555 3015 sui
1589 2964 1808 3030 quarto,
1850 2961 2003 3015 Alar-
2088 2972 2155 3013 ex
2182 2958 2423 3028 propriis
2452 2958 2611 3015 bonis
2648 2960 2854 3015 allodia
2881 2961 3271 3017 Cameracensi
3309 2961 3477 3015 cessit
3503 2961 3697 3016 Eccle-

408 3049 543 3109 dum
572 3051 615 3114 Ι,
647 3049 1127 3120 Aquicintinensis
1150 3049 1478 3104 monasterii
1497 3048 1759 3105 abbatem
1786 3049 2005 3105 ordina-
2085 3045 2199 3101 site.
2251 3047 2338 3101 Ad
2381 3048 2581 3107 ccelum
2629 3049 2929 3118 prtemissis
2975 3050 3171 3104 multis
3213 3049 3539 3119 hujusmodi
3582 3049 3693 3119 piis

408 3138 524 3207 vit;
556 3139 716 3209 cujus
755 3138 994 3193 abbatiae
1035 3154 1209 3209 prope
1247 3139 1499 3193 Duacum
1541 3137 1660 3197 sitae
1688 3137 2068 3224 fundationiB
2087 3135 2349 3205 operibus
2386 3137 2650 3207 migravit
2682 3138 2775 3195 die
2804 3153 2861 3193 ιχ
2888 3138 3129 3208 Augusti
3159 3155 3252 3192 an.
3289 3136 3428 3193 1092
3453 3140 3565 3206 (3);
3597 3155 3694 3192 se-

405 3226 546 3283 favit
599 3227 717 3281 suis
766 3226 969 3281 litteris
1002 3227 1106 3280 hoc
1156 3242 1304 3279 anno
1350 3225 1515 3286 datis,
1563 3226 1713 3296 apud
1750 3227 2003 3280 Mirmum
2086 3224 2392 3294 pulcroque
2415 3226 2656 3283 donatus
2683 3228 2848 3283 estin
2882 3227 3085 3297 majori
3114 3227 3184 3282 B.
3213 3226 3407 3282 Mariae
3427 3227 3689 3285 ecclesia.

406 3332 529 3387 cap.
556 3313 628 3373 40
660 3315 818 3385 Belg.
843 3315 1073 3385 diplom.
1092 3315 1299 3369 Eodem
1330 3331 1421 3371 an.
1452 3314 1783 3384 subscripsit
1802 3315 2004 3370 litteris
2087 3310 2191 3373 Illo
2226 3314 2458 3371 sedente
2478 3316 2768 3373 Cameraci
2790 3316 3026 3386 contigit
3064 3316 3213 3387 quod
3236 3316 3543 3386 Gregorius
3562 3317 3690 3383 VII,

406 3404 653 3475 Philippi
689 3404 1034 3459 Francorum
1064 3403 1213 3473 regis
1240 3420 1340 3474 pro
1370 3403 1710 3461 monasterio
1740 3404 1798 3459 S.
1827 3403 2005 3466 Quinv-
2087 3399 2135 3455 Ι.
2166 3416 2240 3467 1v,
2274 3420 2361 3473 ep.
2394 3402 2484 3468 20,
2517 3405 2589 3459 ad
2619 3405 2925 3461 Gofredum
2957 3405 3279 3476 episcopum
3309 3404 3696 3460 Parisiensem

409 3492 518 3551 tini
549 3492 757 3549 Bellov.
785 3509 910 3563 quae
938 3491 1100 3547 edita
1127 3497 1262 3547 sunt
1288 3491 1360 3545 ab
1384 3494 1512 3547 Ant.
1544 3492 1782 3551 Loisello
1804 3492 1862 3549 in
1892 3493 2007 3549 Mo-
2084 3491 2277 3561 scribit
2303 3510 2314 3544 :
2344 3510 2371 3544 α
2395 3493 2535 3551 Item
2566 3494 2803 3549 relatum
2834 3494 2996 3548 nobis
3018 3500 3105 3549 est
3132 3495 3568 3549 Cameracenses
3594 3495 3698 3547 ho-

408 3580 697 3641 numentis
717 3580 975 3637 Ecclesia
998 3581 1202 3645 Bellov.
1238 3582 1511 3639 Joannem
1538 3581 1596 3639 in
1625 3580 1886 3637 abbatem
1916 3582 2005 3636 Si-
2086 3580 2295 3637 minem
2316 3582 2612 3651 quemdam
2634 3583 2879 3637 ﬂammis
2900 3582 3293 3649 tradidisse,eo
3326 3583 3477 3653 quod
3509 3583 3699 3637 Simo-

408 3670 693 3727 thiensem
724 3670 949 3725 ordinat
980 3670 1129 3725 circa
1157 3686 1248 3725 an.
1285 3668 1432 3727 1081.
1452 3670 1595 3725 Huic
1615 3669 1874 3740 episcopo
1895 3670 2008 3725 Ilo-
2088 3668 2279 3727 niueos
2305 3675 2360 3723 et
2377 3669 2733 3740 presbyteros
2757 3671 3128 3729 fornicatores
3142 3671 3340 3726 missas
3362 3687 3474 3726 non
3489 3670 3701 3725 debere

404 3759 651 3819 rinensis
682 3759 938 3814 Ecclesia)
966 3776 1103 3812 cura
1138 3765 1257 3813 tum
1279 3758 1579 3813 commissa
1608 3765 1730 3812 erat
1759 3759 1830 3813 ob
1868 3759 2007 3813 inte-
2089 3756 2391 3821 celebrare,
2427 3765 2484 3812 et
2512 3760 2660 3829 quod
2713 3759 2936 3817 illorum
2967 3760 3213 3814 ofﬁcium
3245 3760 3479 3814 minime
3526 3760 3707 3814 susci-

407 3849 559 3907 stina
584 3848 988 3905 Morinensium
1018 3864 1144 3901 cum
1172 3865 1275 3903 suo
1305 3848 1564 3919 episcopo
1598 3847 1848 3909 dissidia,
1881 3866 2006 3919 quae
2088 3846 2350 3916 piendum
2396 3847 2558 3911 foret,
2594 3848 2779 3902 dicere
2809 3865 2981 3905 ausus
3012 3849 3200 3905 fuerit.
3236 3849 3398 3912 Quod
3427 3849 3561 3919 quia
3592 3865 3701 3903 no-

407 3956 444 3995 a
474 3944 655 3993 morte
682 3937 952 4008 Brogonis
981 3937 1225 4007 episcopi
1264 3954 1487 4007 semper
1514 3937 1571 3996 in
1611 3937 1862 4003 deterius
1890 3954 2005 3992 cre-
2087 3935 2172 3991 bis
2195 3936 2353 3993 valde
2381 3937 2652 4001 terribile.
2683 3944 2741 3993 et
2780 3938 2830 3993 si
2854 3955 3044 3993 verum
3084 3945 3171 3993 est
3189 3939 3349 3992 'omni
3379 3938 3564 4008 rigore
3595 3955 3700 3992 ca-

405 4031 606 4085 verant
635 4030 886 4096 tempore
920 4026 1094 4080 trium
1127 4025 1536 4096 episcoporum,
1571 4026 1837 4081 Hucberti
1862 4026 2005 4081 scili—
2084 4026 2299 4080 nonicm
2332 4026 2617 4080 severitati
2651 4027 3046 4083 vindicandum
3071 4043 3193 4082 esse
3227 4027 3467 4085 videtur.
3498 4026 3701 4081 frater-

407 4120 516 4179 cet.
568 4113 854 4170 Lamberti
899 4132 931 4169 a
962 4114 1205 4171 Roberto
1256 4115 1488 4169 Frisone
1527 4114 1752 4181 intrusi.
1798 4122 1856 4169 et
1900 4116 2005 4171 Ge-
2085 4114 2322 4171 nitatem
2342 4120 2497 4173 tuam
2522 4115 2758 4171 sollicite
2778 4117 2948 4186 hujus
2977 4116 3058 4171 rei
3084 4116 3375 4170 veritatem
3398 4116 3687 4186 inquirere

408 4204 582 4269 rardi,
624 4208 692 4259 ut
735 4221 802 4261 ex
840 4204 1008 4272 Greg.
1044 4202 1150 4258 VII
1195 4203 1418 4266 litteris,
1452 4209 1510 4258 et
1536 4204 1702 4274 Iperii
1744 4205 2006 4260 Chronico
2089 4204 2459 4261 admonemus
2491 4223 2502 4257 :
2537 4209 2593 4258 et
2618 4205 2665 4258 si
2687 4222 2782 4259 eos
2808 4205 2878 4259 ad
2910 4210 3129 4260 tantam
3159 4204 3551 4259 crudelitatem
3577 4205 3686 4258 im,

408 4298 582 4365 patet.
614 4293 720 4349 An.
763 4290 899 4348 1082
939 4291 1234 4362 subsignat
1273 4292 1489 4346 litteras
1520 4293 1723 4363 quibus
1770 4293 1829 4348 S.
1881 4294 2009 4351 Diov
2090 4292 2211 4362 pias
2254 4308 2454 4349 manus
2500 4294 2819 4349 extendisse
2861 4295 3202 4363 cognoveris,
3243 4293 3314 4347 ab
3359 4294 3597 4348 introitu
3635 4299 3695 4347 et

407 4381 559 4453 nysii
579 4380 637 4437 in
666 4380 967 4439 Drocareia
982 4381 1385 4438 monasterium
1412 4382 1818 4452 Sylvae-Majori
1839 4382 2010 4452 subji-
2092 4381 2245 4439 omni
2273 4382 2666 4438 communione
2686 4382 2931 4438 ecclesia;
2962 4387 3220 4437 auctores
3235 4383 3448 4452 pariter
3468 4387 3526 4436 et
3539 4398 3690 4441 com-

408 4470 557 4531 citur
574 4484 611 4525 a
629 4468 903 4527 Balduino
925 4469 1127 4524 comite
1158 4471 1434 4526 Flandrize
1463 4476 1522 4525 et
1552 4470 1805 4529 Ricbilde
1829 4477 2009 4527 matre
2031 4520 2071 4540 η
2090 4468 2259 4538 plices
2286 4486 2547 4540 separare
2568 4486 2679 4527 non
2710 4471 2956 4536 differas,
2980 4478 3035 4525 et
3067 4470 3227 4525 nobis
3255 4472 3423 4540 hujus
3452 4470 3535 4524 rei
3562 4487 3685 4524 cer-

407 4558 608 4630 ipsius,
640 4574 704 4613 ex
734 4558 1018 4615 Mabillon.
1044 4559 1340 4615 Consensit
1355 4560 2009 4617 fundationimonesterii
2028 4520 2389 4617 ciiwdinem
2415 4559 2662 4613 indicare
2692 4560 2875 4616 stude.
2903 4520 3144 4615 {Mense
3170 4520 3373 4615 Martio
3388 4559 3520 4613 anni
3548 4556 3688 4615 1077

407 4644 1004 4717 Afﬂigemiensiscirca
1017 4663 1111 4702 an.
1148 4645 1280 4705 1083
1309 4649 1394 4703 uti
1424 4648 1668 4705 refertur
1695 4648 1752 4702 in
1775 4648 2010 4705 historia
2090 4647 2180 4701 hic
2208 4647 2501 4717 episcopus
2516 4648 2775 4718 quadam
2802 4654 3017 4706 statuta
3045 4665 3146 4720 pro
3165 4647 3456 4705 monachis
3484 4648 3543 4702 8.
3561 4649 3686 4707 Gis-

410 4734 579 4804 hujus
599 4734 922 4793 monasterii
936 4734 1032 4791 lib.
1055 4752 1095 4801 ι,
1127 4753 1177 4791 c.
1210 4735 1264 4800 4,
1298 4735 1393 4790 ubi
1422 4736 2000 4795 laudaturGerardus.
2088 4736 2201 4797 leni
2231 4736 2423 4793 edidit.

408 4821 751 4895 Approbavit
778 4823 996 4879 litteras
1022 4825 1273 4881 Anselmi
1313 4825 1385 4879 de
1428 4824 1851 4885 Ribodi-«Monte
1885 4828 2001 4896 (m-

481 4965 554 5032 (1)
587 4966 835 5037 Epistola
867 4967 1117 5036 Gregorii
1153 4984 1263 5039 qua
1292 4967 1543 5040 praecipit
1566 4974 1631 5023 ut
1653 4968 1782 5024 dato
1816 4987 2003 5029 sacra-

408 5060 601 5112 mento
631 5057 916 5111 Gerardus
942 5057 1253 5115 afﬁrmaret
1280 5058 1336 5111 in
1360 5057 1744 5137 episcoporum
1769 5068 1913 5118 coetu
1945 5078 2004 5115 se

407 5148 696 5219 ignorasse
717 5146 1002 5199 decretum
1022 5163 1196 5221 papae,
1222 5148 1314 5223 qui
1343 5147 1609 5206 laicorum
1644 5148 2002 5204 investituras

406 5234 759 5309 prohibebat.
784 5235 917 5296 data
946 5240 1031 5288 est
1072 5249 1125 5291 Iv
1164 5236 1288 5290 idus
1321 5236 1455 5291 Maii
1486 5238 1676 5293 indict.
1715 5254 1802 5304 xv,
1838 5238 1892 5295 id
1920 5245 2005 5294 est

409 5342 502 5380 an.
546 5324 676 5381 10⁸17
703 5342 713 5377 :
751 5324 898 5379 unde
926 5324 1124 5394 conjici
1147 5331 1328 5397 potest
1344 5332 1568 5397 tempus
1590 5327 1875 5381 electionis
1898 5328 2001 5381 Ge-

405 5413 580 5468 rardi.

483 5502 553 5573 (2)
606 5503 672 5558 In
713 5503 994 5558 chartario
1060 5505 1122 5562 S.
1180 5505 1430 5578 Sepulcri
1495 5506 1706 5577 legitur
1761 5506 2000 5561 donasse

2086 4969 2356 5029 Walterio
2395 4972 2584 5035 abbati
2633 4976 2686 5035 S,
2745 4974 2994 5047 Sepulcri
3024 4977 3202 5035 altare
3232 4972 3300 5035 de
3341 4974 3555 5042 Lewes,
3587 4992 3680 5035 an.

2084 5059 2248 5131 1071),
2278 5063 2362 5117 sui
2395 5064 2744 5139 episcopatus
2775 5083 2868 5119 an.
2913 5080 2982 5125 11;
3028 5064 3121 5119 ubi
3168 5064 3386 5119 videtur
3433 5064 3681 5134 primum

2085 5151 2206 5220 ejus
2228 5152 2580 5229 episcopatus
2601 5170 2808 5213 annum
2829 5170 2939 5209 non
2961 5154 3270 5225 computari
3294 5152 3363 5206 ab
3383 5153 3676 5215 electione.

2084 5240 2180 5293 sed
2213 5258 2247 5295 a
2277 5250 2530 5313 tempore
2562 5260 2671 5317 quo
2708 5244 2868 5313 Hugo
2899 5243 3154 5315 Gregorii
3198 5242 3422 5313 septimi
3468 5244 3675 5303 summi

2083 5328 2359 5399 pontiﬁcis
2391 5332 2608 5400 legatus
2628 5331 2697 5385 de
2726 5332 2847 5402 ipso
2872 5332 3146 5402 judicium
3169 5331 3317 5385 tulit.

2150 5418 2224 5489 (3)
2254 5419 2435 5473 Pridie
2458 5421 2582 5473 Kal.
2602 5423 2744 5490 Aug.
2761 5437 2826 5474 ex
2854 5421 3001 5475 notis
3030 5437 3165 5475 mss.
3183 5419 3398 5473 Baluzii
3428 5420 3501 5474 ad
3522 5418 3669 5475 Gall.

2082 5508 2216 5562 Chr.
2252 5506 2282 5563 3
2313 5507 2429 5563 Jul.
2462 5526 2527 5564 ex
2557 5509 2794 5564 Raissio.
