3934 6380
179 307 306 368 1381

752 308 1191 364 RAYNALDUS
1230 305 1593 362 REMENSIS
1631 306 1974 373 ARCHIEP.
2017 339 2083 349 —
2124 308 2423 371 NOTITIA
2458 309 2864 365 HISTORICA.

3294 305 3438 372 1382

507 590 1172 731 CHARTA
1274 591 2019 726 GERARDI
2114 593 2238 724 ΙΙ
2333 590 3104 726 EPISCOPI

1289 830 1378 895 De
1424 830 1828 895 fundatione
1875 831 2297 913 aquiscincti.

1419 996 1582 1075 (Gal.
1634 996 1884 1070 Christ,
1930 1015 2017 1079 lu,
2065 1000 2190 1075 87,)

237 1287 534 1345 Gsuanus
560 1291 856 1356 secundus,
896 1289 1388 1349 Cameracensium
1436 1291 1537 1346 Dei
1581 1292 1767 1363 gratia

166 1374 749 1446 episcopus,omnibus
777 1378 986 1433 Christi
1018 1380 1296 1441 ﬁdelibus,
1321 1386 1591 1435 aeternam
1624 1380 1761 1435 bea-

166 1466 486 1527 titudinem.

236 1555 361 1613 Duo
388 1557 614 1624 milites,
644 1559 967 1628 parochiani
999 1561 1195 1623 nostri,
1229 1577 1436 1630 genere
1467 1566 1524 1614 ot
1553 1561 1762 1615 divitiis

163 1645 435 1714 praeclari,
470 1646 732 1705 Valterus
782 1647 995 1703 scilicet
1040 1654 1096 1703 et
1128 1649 1408 1714 Sicherus,
1464 1651 1762 1705 mundanae

163 1732 377 1790 militiae
412 1734 702 1805 cingulum
721 1737 1087 1807 deponentes,
1107 1754 1332 1793 omnem
1367 1739 1537 1807 hujus
1562 1738 1756 1792 mundi

163 1823 563 1893 proprietatem
592 1831 1034 1891 contemnentes,
1066 1826 1374 1881 theoricam
1395 1828 1567 1882 vitam
1598 1827 1759 1896 sequi

163 1911 604 1982 spoponderunt,
637 1930 808 1984 seque
837 1920 895 1969 et
935 1931 1039 1969 sua
1083 1915 1274 1969 omnia
1316 1916 1429 1969 Deo
1467 1916 1755 1981 dedentes,

164 1998 271 2070 ipsi
313 2001 495 2055 solum
544 2000 603 2055 in
634 2008 968 2072 perpetuum
1012 2003 1293 2057 deservire
1343 2005 1746 2074 promiserunt,

164 2088 461 2160 locumque
478 2090 577 2160 qui
615 2091 978 2161 Aquicinctus
1009 2092 1217 2147 dicitur
1243 2093 1564 2161 elegerunt;
1592 2094 1762 2147 eccle-

161 2176 307 2241 siam
332 2177 470 2233 inibi
491 2180 738 2239 volentes
758 2186 1097 2247 restaurare,
1122 2198 1290 2252 quam
1322 2198 1356 2236 a
1378 2183 1433 2236 8.
1458 2181 1758 2247 Cerdanio,

163 2264 224 2319 in
254 2266 451 2323 eodem
472 2267 593 2321 loco
619 2269 963 2327 cremiticam
985 2270 1153 2325 vitam
1192 2270 1765 2334 ducente,audierant

166 2354 446 2424 quondam
472 2356 808 2418 aedificatam
848 2358 1037 2413 fuisse.
1077 2359 1193 2413 Hoc
1238 2363 1428 2413 autem
1467 2356 1761 2413 consilium

163 2442 428 2499 Valterus
448 2444 661 2509 scilicet
687 2463 751 2501 ac
789 2447 1070 2511 Sichorus,
1089 2447 1351 2501 Valterus
1380 2464 1480 2518 per
1499 2451 1756 2508 matrem,

1849 1290 2112 1345 Sicherus
2138 1305 2240 1360 per
2256 1292 2915 1353 uxorem,confirmatum
2951 1292 3179 1346 Ansello
3206 1309 3442 1363 aperue-

1845 1384 2006 1435 runt.
2049 1378 2179 1450 Ipse
2208 1394 2336 1435 vero
2381 1380 2643 1435 Ansellus
2671 1379 2910 1432 insulam
2942 1379 3098 1434 illam
3136 1381 3435 1451 Aquicinii,

1845 1472 1903 1522 et
1931 1468 2333 1522 arundinetum
2361 1468 2649 1539 pertinens
2701 1469 2771 1522 ad
2811 1484 2954 1533 eam,
2986 1474 3043 1522 et
3082 1469 3269 1523 villam
3317 1486 3441 1541 qua:

1844 1558 2151 1611 Vedretum
2191 1557 2415 1617 dicitur,
2440 1558 2621 1611 eidem
2661 1557 2859 1611 insulae
2902 1558 3246 1628 contiguam,
3265 1576 3389 1629 quae
3408 1576 3443 1613 a

1843 1646 2006 1700 nobis
2034 1647 2092 1700 in
2113 1645 2447 1700 beneficium
2471 1645 2718 1708 tenebat,
2741 1646 2799 1700 in
2828 1662 3000 1700 manu
3024 1662 3150 1703 mea
3174 1647 3435 1709 reddidit,

1841 1740 1897 1789 et
1922 1752 2026 1805 ego
2054 1752 2123 1789 ea
2163 1736 2221 1788 in
2247 1737 2343 1805 jus
2382 1743 2715 1805 perpetuum
2749 1735 2949 1789 donavi
2978 1736 3223 1790 ecclesiae
3264 1736 3442 1806 ipsius

1843 1824 2147 1894 Aquicinii.
2177 1825 2409 1894 Signum
2424 1824 2682 1878 Widonis
2711 1824 3108 1878 archidiaconi.
3129 1825 3184 1879 S.
3202 1824 3439 1879 Widrici

1840 1914 1994 1968 arch.
2051 1914 2107 1967 S.
2139 1913 2369 1968 Anselli.
2416 1914 2471 1967 S.
2520 1913 2752 1975 Vilardi,
2811 1913 3101 1981 Johannis,
3155 1913 3436 1981 Fulconis,

1842 2002 2201 2073 Ingebrandi,
2247 2002 2502 2063 Huberti,
2549 2003 2769 2067 Wlferi,
2815 2003 3027 2065 Alardi,
3063 2004 3125 2058 S.
3180 2002 3442 2059 Vualteri

1842 2089 2143 2145 Castellani
2176 2091 2499 2153 Duacensis,
2534 2092 2590 2145 S.
2626 2091 2961 2144 Ciarebaldi.
2986 2093 3189 2144 Actum
3218 2097 3305 2145 est
3333 2093 3439 2146 hoc

1844 2184 1992 2235 anno
2033 2182 2103 2233 ab
2150 2178 2432 2236 Incarnat.
2484 2180 2707 2234 Domini
2753 2178 2906 2243 I079,
2938 2180 3128 2234 indict.
3167 2195 3245 2245 xx,
3289 2197 3438 2235 anno

1848 2269 2074 2323 Henrici
2094 2270 2245 2338 regis
2274 2283 2421 2334 xxvr,
2456 2270 2790 2340 prmsuiatus
2811 2285 2942 2322 vero
2967 2268 3182 2323 domini
3198 2269 3439 2324 Gerardi

1844 2356 1916 2425 II,
1952 2358 2370 2412 Cameracensis
2401 2359 2646 2430 episcopi
2671 2375 2740 2413 ιν.

1458 2785 1623 2831 ANNO
1667 2784 1886 2830 DOMlNI
1929 2785 2152 2831 MXCIII.

896 2947 2502 3132 RAYNALDUS
2648 2954 2711 3127 Ι

1232 3242 1624 3304 REMENSIS
1667 3239 2362 3303 ARCHIEPISCOPUS.

553 3537 1045 3641 ΝΟΤΙΤΙΑ
1123 3536 1763 3639 HISTORICA

1849 3538 1994 3633 IN
2074 3538 2880 3641 RAYNALDUM
2956 3541 3029 3636 Ι.

1391 3716 1575 3795 (Gali.
1629 3718 1876 3795 Christ,
1926 3720 2029 3798 1X,
2079 3718 2206 3795 75.)

1673 3883 1952 3900 -ι-υιπ-ήι-

238 4033 262 4065 ‹
297 4011 434 4070 Post
454 4012 630 4069 multa
661 4030 871 4085 genera
900 4012 1332 4080 dissensionum,
1367 4010 1552 4081 inquit
1580 4009 1970 4071 Chro—Atuit.
2004 4023 2068 4069 ut
2095 4012 2338 4069 ecclesiae
2367 4011 2512 4067 bono
2537 4029 2604 4069 ac
2630 4011 2948 4083 reipublicm
2993 4012 3226 4071 utilitati
3275 4018 3442 4073 natus

164 4101 329 4156 nicon
359 4100 741 4169 Nicasianum,
763 4109 887 4173 post
914 4102 1093 4156 varias
1114 4101 1507 4174 oppressiones
1528 4099 1764 4153 divitum

164 4188 553 4255 ethumilium,
572 4195 699 4267 post
712 4190 1040 4246 innumeras
1060 4189 1452 4244 distractiones
1469 4202 1765 4247 ornamen-

163 4282 359 4333 torum
372 4276 1179 4351 ecclesiarum,quaeaquodam
1202 4277 1534 4337 Manassede
1556 4276 1763 4349 injuste

163 4384 373 4425 nomen
410 4367 722 4443 episcopale
742 4368 1055 4435 affectante,
1088 4368 1203 4427 Deo
1233 4373 1289 4422 et
1309 4365 1567 4429 omnibus
1590 4364 1769 4425 homi-

162 4456 331 4510 nibus
375 4473 476 4526 pro
502 4455 711 4510 viribus
737 4457 1053 4522 resistente,
1088 4456 1230 4509 infra
1260 4462 1314 4509 et
1364 4461 1519 4509 extra
1568 4453 1766 4510 urbem

166 4546 319 4600 facta
340 4550 492 4607 sunt,
517 4544 700 4598 subito
730 4562 873 4599 nova
896 4546 989 4599 lux
1019 4545 1287 4611 exoritur,
1324 4564 1350 4597 ν
1395 4550 1502 4599 etc.
1534 4544 1765 4598 Rainal-

162 4636 299 4689 dum
327 4633 609 4704 intelligit,
630 4634 1045 4688 thesaurarium
1067 4636 1123 4689 S.
1144 4634 1374 4689 Martini
1402 4633 1763 4699 Turonensis,

163 4740 228 4777 ex
250 4723 460 4777 illustri
484 4721 828 4779 Berleiorum
850 4722 1065 4778 familia
1089 4723 1408 4789 oriundum,
1428 4722 1607 4777 filium
1637 4723 1766 4777 Ber-

162 4812 257 4866 leii
281 4812 355 4865 de
379 4810 778 4867 Monasteriolo
809 4817 866 4866 et
895 4812 1122 4867 Graeciae
1151 4829 1250 4866 seu
1289 4811 1505 4878 Grisize,
1525 4829 1646 4883 quae
1673 4828 1767 4882 po-

163 4907 289 4955 stea
315 4898 587 4953 Gaufrido
616 4898 878 4954 Martello
908 4901 1110 4955 comite
1138 4900 1526 4971 Andegavensi
1548 4900 1762 4971 nupsit.

161 4988 497 5053 Rainaldus,
532 5006 697 5061 quem
730 4989 824 5043 alii
864 4991 1201 5048 Rainoldum
1251 5006 1349 5044 seu
1396 4992 1766 5059 Raginoldum

165 5083 390 5142 vocant,
423 5078 643 5133 culmen
687 5078 1017 5151 episcopalis
1075 5079 1303 5133 honoris
1334 5079 1571 5150 adeptus
1618 5095 1765 5134 anno

164 5166 333 5234 1083,
367 5182 531 5220 omne
568 5167 815 5223 studium
844 5166 1140 5239 impendit,
1165 5174 1228 5221 ut
1257 5185 1323 5221 ea
1354 5185 1474 5238 quae
1505 5184 1538 5220 a
1573 5168 1766 5221 deces-

163 5273 297 5311 sore
334 5272 435 5309 suo
464 5256 705 5325 pessime
731 5262 890 5327 gesta
921 5257 1161 5324 fuerant,
1188 5257 1499 5311 resarciret.
1545 5256 1765 5312 Etenim

160 5362 283 5399 non
314 5343 493 5398 urben
523 5345 723 5408 solum,
758 5346 855 5399 sed
896 5362 1119 5401 omnem
1156 5344 1211 5399 in
1253 5345 1489 5399 circuitu
1529 5346 1647 5416 ejus
1684 5363 1768 5400 ro-

163 5434 403 5503 gionem
432 5432 588 5486 velut
624 5450 658 5487 a
692 5432 955 5489 Barbaris
985 5440 1259 5490 vastatam
1291 5438 1348 5495 et
1384 5435 1766 5490 conculcatam

169 5521 418 5592 reperit;
451 5521 549 5575 sed
566 5521 794 5599 ingenio
824 5522 998 5577 solers
1028 5528 1085 5577 et
1111 5522 1344 5595 pervigil
1373 5523 1625 5594 dispersa
1653 5524 1768 5583 col.-

167 5610 337 5682 legit,
365 5614 424 5664 et
450 5610 734 5666 exinanita
748 5610 808 5677 in
826 5612 1127 5693 pristinam
1141 5613 1495 5689 majestatem
1511 5611 1591 5675 sic
1604 5613 1771 5675 resti-

1846 4117 1969 4159 esse
1998 4100 2298 4159 videretur.

1916 4190 2077 4244 Anno
2127 4190 2246 4261 ipso
2301 4188 2432 4247 1083
2485 4190 2780 4261 suscripsit
2831 4191 3147 4247 fundationi
3200 4189 3442 4251 abbatiae

1850 4277 2050 4333 Ribodi
2074 4279 2299 4335 montis.
2331 4281 2494 4339 Anno
2522 4279 2779 4350 sequenti
2818 4280 3115 4335 concilium
3143 4279 3447 4341 celebravit

1850 4366 1994 4437 apud
2014 4367 2363 4432 Suessiones,
2386 4367 2723 4439 scripsitque
2761 4368 3010 4423 Gsrardo
3041 4369 3300 4441 episcopo
3340 4370 3441 4429 Cao

1849 4454 2177 4521 meracensi,
2193 4460 2515 4525 prwcz'pz‘cm
2528 4460 2590 4511 in
2603 4460 2807 4512 virtute
2838 4459 3149 4515 obs-dignitas
3170 4465 3286 4515 uta
3302 4475 3441 4527 paw»

1842 4560 2041 4614 perum
2073 4544 2298 4606 Christi,
2318 4545 2375 4601 id
2404 4550 2489 4605 est
2508 4547 2910 4603 monachorum
2931 4545 3438 4617 Affligemonsium,

1848 4634 2201 4701 infestatione
2213 4634 2509 4696 desisteret,
2529 4652 2623 4689 nec
2653 4653 2737 4689 eos
2766 4639 2922 4691 ultra
2940 4653 3133 4693 vexare
3149 4653 3444 4705 presuma-

1845 4720 2161 4775 ret-Eodem
2181 4736 2329 4777 anno
2351 4723 2703 4779 conﬁrmavit
2712 4724 3071 4781 donationem
3092 4725 3284 4781 altaris
3296 4726 3441 4780 Ven-

1848 4809 2023 4867 tiliaci
2048 4809 2251 4867 factum
2285 4810 2843 4880 majori-monasterio
2874 4830 2908 4868 a
2943 4814 3260 4873 Theobaldo
3291 4815 3442 4887 pala-

1847 4898 1967 4957 tino
1996 4896 2198 4954 comite
2226 4902 2480 4967 tempore
2509 4898 2735 4957 Henrici
2764 4901 2933 4971 regis,
2965 4908 3023 4957 et
3041 4902 3313 4959 Guidonis
3341 4902 3443 4961 Cas

1849 4986 2126 5043 stellionei
2167 4986 2570 5058 archiepiscopi
2609 4987 2918 5045 Remensis.
2952 4992 3115 5047 Anno
3146 4989 3281 5051 1085
3313 5009 3444 5064 εγῃμ

1849 5079 1916 5133 od
1925 5094 2020 5135 um
2031 5077 2626 5147 coegitCompendii,in
2642 5095 2755 5148 qua
2771 5082 3259 5153 contraHilgotum
3279 5084 3444 5141 Sues-

1848 5168 2163 5229 sionensem
2194 5167 2416 5225 firmata
2452 5173 2540 5221 est
2567 5165 2793 5221 libertas
2831 5170 3077 5225 ecclesias
3107 5173 3163 5226 S.
3196 5172 3443 5233 Cornelii

1851 5255 2332 5329 Compendiensis.
2364 5256 2572 5311 Eodem
2601 5272 2748 5310 anno
2781 5260 3083 5313 monachos
3113 5277 3179 5317 ex
3217 5260 3444 5321 abbatia

1851 5347 1907 5403 S.
1966 5344 2295 5403 Theoderici
2344 5344 2658 5401 transmisit
2704 5344 2763 5397 in
2802 5345 2984 5400 vicum
3032 5349 3441 5419 Peteghensem

1850 5434 2103 5490 dioecesis
2130 5440 2264 5495 tunc
2276 5432 2664 5500 Tornacensis,
2688 5449 2836 5487 nunc
2861 5434 3264 5493 Gandavensis.
3280 5442 3444 5499 Anno

1857 5522 1992 5587 1086
2010 5529 2228 5601 septem
2259 5521 2461 5579 altaria
2482 5521 2638 5579 dedit
2666 5520 2954 5579 monachis
2971 5524 3026 5577 S.
3052 5525 3262 5593 Basoli,
3281 5533 3340 5585 et.
3356 5544 3445 5591 ec-

1853 5612 2085 5675 clesiam
2135 5612 2191 5673 S.
2224 5610 2425 5677 Hilarii
2468 5609 2856 5681 Marogilensis
2891 5611 3097 5683 Agneti
3142 5613 3442 5678 abbatissae
