3934 6374
487 365 513 419 1
526 361 631 419 383

1560 347 1931 402 RAYNALDI
1969 325 2332 401 REMENSIS
2369 343 2708 399 ARCHIEP.

3632 332 3772 391 1384

488 485 757 551 Avenaci;
805 480 1222 546 monachosque
1257 473 1708 544 Afﬁigemienses
1744 471 1963 525 fortiter
1998 471 2394 541 tu-Analdum
2423 474 2479 524 et
2508 469 2891 537 suifraganeos
2937 466 3059 535 ejus
3086 463 3302 517 naviter
3355 463 3590 534 carpsit,
3623 460 3775 532 quod

487 583 639 631 tatus
655 580 741 628 est
760 573 1024 626 adversus
1045 565 1356 620 Gerardum
1378 562 1859 617 Cameracensem.
1876 560 2088 614 Eodem

491 681 639 719 anno
686 678 814 716 cum
867 658 1183 728 accingeret
1232 671 1291 706 se
1335 652 1403 705 ad
1457 651 1652 704 limina
1706 649 2088 720 apostolorum

492 752 788 813 visitanda,
813 746 1089 803 concessit
1120 742 1404 796 monachis
1434 738 1924 808 Andaginensibus
1945 739 2088 791 alta-

494 843 581 896 ria
612 840 889 912 quadam,
921 831 1270 902 Remigianis
1310 846 1437 882 vero
1468 828 1647 881 altare
1686 826 1834 897 quod
1875 830 1996 879 erat
2032 824 2089 877 in

493 932 613 985 vico
645 931 701 983 S.
722 924 996 995 Remigii;
1028 938 1194 992 quam
1227 919 1485 972 ultimam
1514 915 1873 969 donationem
1896 915 2092 968 conﬁr-

498 1018 672 1073 mavit
700 1032 846 1070 anno
902 1009 1054 1069 1089.
1089 1012 1249 1063 Anno
1292 1005 1430 1059 1088
1476 1004 1766 1059 ecclesiam
1815 1003 1885 1056 de
1924 1004 2094 1057 Buzai

490 1110 653 1179 juxta
677 1103 942 1175 oppidum
963 1099 1127 1154 Turis
1158 1113 1327 1167 super
1355 1096 1668 1149 Matronam
1698 1091 1973 1147 concessit
1998 1108 2093 1144 ec-

497 1195 681 1251 clesia
709 1189 1023 1247 Turonensi
1054 1204 1153 1258 pro
1181 1183 1564 1238 anniversario
1595 1198 1697 1236 suo
1736 1180 2089 1235 celebrando.

497 1288 659 1340 Anno
678 1280 819 1338 1089
835 1278 1186 1351 privilegium
1219 1273 1429 1343 accepit
1457 1272 1526 1325 ab
1555 1271 1780 1325 Urbano
1799 1271 1849 1324 lI
1874 1284 2095 1323 summo

496 1374 776 1446 pontiﬁce,
810 1385 920 1440 quo
949 1368 1253 1420 Remenses
1284 1360 1687 1430 archiepiscopi
1708 1365 1765 1412 et
1784 1358 1950 1429 pallio
1969 1362 2095 1411 ute-

498 1468 715 1526 rentur,
748 1466 805 1512 et
825 1457 1095 1528 primates
1125 1451 1449 1505 dicerentur
1478 1447 1735 1501 secunda
1770 1446 2018 1516 Belgica,
2040 1450 2097 1498 et

500 1569 662 1622 reges
691 1542 1196 1603 Christianissimos
1223 1545 1631 1592 consecrarent.

573 1621 652 1694 Ex
679 1637 843 1692 Italia
862 1650 963 1706 per
990 1629 1321 1686 Arverniam
1343 1626 1564 1680 rediens
1581 1641 1729 1679 anno
1763 1622 1919 1689 1090,
1948 1621 2098 1694 apud

504 1724 843 1784 Casam-Dei
873 1723 1206 1779 diversatur,
1249 1715 1345 1769 ubi
1386 1731 1510 1768 cum
1540 1712 1911 1767 monasticum
1946 1710 2099 1765 ordi-

2170 565 2328 613 tanto
2339 558 2572 612 facinori
2588 574 2699 611 non
2719 572 2778 609 se
2798 554 3035 608 viriliter
3044 549 3655 623 Opposuissent.Ann01
3668 545 3772 604 09’!

2170 656 2422 703 coactum
2453 656 2538 700 est
2562 662 2729 716 super
2754 645 2949 698 eodem
2993 644 3219 712 negotio
3245 641 3544 695 concilium
3586 640 3772 693 Duro-
3826 670 3831 674 -

2171 738 2393 792 cortori.
2441 755 2465 787 «
2513 732 2906 805 Congregavit,
2951 731 3138 803 inquit
3169 730 3470 785 chronicon
3521 729 3578 783 S.
3620 725 3775 780 Petri

2170 828 2313 883 Vivi.
2334 826 2625 896 Philippus
2642 841 2737 878 rex
2765 821 3213 893 archiepiscopos
3237 827 3293 874 et
3311 819 3601 890 episcopos
3616 815 3777 886 regni

2173 916 2260 970 sui
2289 916 2346 969 in
2376 914 2641 969 Remensi
2679 911 2837 971 urbe,
2873 917 2930 965 et
2960 909 3205 964 obtinuit
3243 908 3312 962 ab
3353 906 3775 977 archiepiscopo

2179 1004 2432 1060 Richerio
2462 1002 2681 1073 magnis
2729 1000 2986 1072 precibus
3016 1005 3081 1052 ut
3128 998 3319 1052 Remis
3357 997 3425 1050 ad
3474 995 3776 1050 concilium

2176 1111 2288 1148 non
2313 1093 2714 1162 dedignaretur
2736 1090 2840 1157 ire,
2863 1087 3165 1142 ostendens
3179 1085 3516 1139 Rainaldum
3539 1084 3780 1137 Remen-

2176 1201 2293 1237 sem
2341 1181 2822 1251 archiepiscopum
2867 1175 3167 1247 podagrico
3205 1174 3397 1228 dolore
3418 1177 3779 1226 contractum

2178 1288 2291 1326 non
2314 1287 2476 1342 posse
2501 1267 2761 1339 progredi
2784 1267 2853 1320 de
2883 1282 2985 1319 sua
3017 1264 3181 1330 sede;
3217 1282 3240 1313 ι
3278 1262 3426 1316 unde
3457 1260 3667 1332 prasul
3689 1258 3781 1313 ille

2178 1378 2211 1413 a
2233 1358 2518 1413 nonnullis
2548 1357 2729 1410 dictus
2755 1361 2840 1409 est
2868 1354 3176 1408 Ruinaldus
3201 1347 3782 1406 Contractus.Eodem

2178 1465 2325 1503 anno
2346 1448 2639 1517 Hugonem
2660 1443 3104 1513 Regitestensem
3134 1440 3416 1505 comitem,
3443 1438 3540 1509 qui
3571 1437 3644 1491 ob
3666 1436 3782 1489 illa-

2179 1544 2267 1592 tas
2284 1534 2606 1590 hominibus
2628 1535 2685 1587 8.
2708 1531 2950 1601 Remigii
2975 1529 3297 1583 vexationes
3328 1524 3784 1582 excommunica-

2179 1633 2272 1681 tus
2299 1627 2503 1688 fuerat,
2521 1623 2650 1676 facti
2670 1621 3033 1693 poenitentem
3056 1617 3365 1672 Rainaldus
3380 1614 3621 1670 absolvit
3647 1614 3788 1667 :for—

2186 1732 2329 1770 mam
2381 1711 2749 1768 absolutionis
2778 1711 2900 1780 ejus
2936 1708 3142 1761 videsis
3173 1707 3233 1760 in
3284 1704 3597 1776 appendice
3638 1703 3791 1756 inter

503 1833 635 1872 nem
686 1811 1017 1868 arctioribus
1064 1804 1291 1861 statutis
1331 1802 1733 1872 discipulorum
1764 1802 1821 1855 S.
1870 1786 2577 1858 RobertiBinstrumenta.
2611 1802 2774 1854 Anno
2814 1796 2944 1854 [095
2982 1796 3307 1866 Philippum
3343 1791 3696 1848 consecravit
3731 1791 3789 1844 in

504 1923 641 1962 cura
660 1906 862 1958 ﬂorere
882 1896 1262 1968 comperisset,
1282 1891 1453 1946 subiit
1473 1890 1725 1945 animum
1744 1891 1793 1960 ej
1804 1907 1866 1944 us
1888 1889 2103 1959 aliquot

507 2011 695 2050 secum
737 1992 806 2045 ad
836 1991 1040 2044 Remos
1069 1984 1363 2046 deducere,
1397 1980 1492 2051 qui
1522 1980 1884 2034 Nicasianum
1912 1994 2102 2032 cano-

507 2085 663 2139 bium
689 2080 879 2136 statim
910 2095 945 2131 a
966 2080 1146 2130 morte
1168 2070 1418 2126 Gervasii
1450 2067 1853 2139 archiepiscopi
1880 2067 2103 2138 penitus

507 2175 815 2244 collapsum
843 2168 900 2222 in
941 2167 1225 2234 integrum
1257 2159 1655 2223 restituerent;
1689 2158 1846 2227 cujus
1876 2155 2103 2226 religio-

507 2262 744 2319 sissimis
764 2257 905 2312 votis
921 2255 1092 2309 abbas
1114 2250 1392 2321 Seguinus
1413 2247 1706 2317 acquievit.
1730 2246 1936 2300 Eodem
1954 2260 2102 2298 anno

510 2353 688 2406 altare
729 2347 904 2401 Vallis
951 2338 1333 2396 monasterioli
1364 2336 1637 2391 concessit
1668 2334 2003 2389 monialibus
2041 2333 2096 2387 S.

509 2440 663 2496 Petri
685 2431 1242 2493 Remensibus.Anno
1270 2427 1397 2483 1091
1420 2425 1628 2479 donum
1651 2423 1894 2477 ecclesia
1907 2420 2103 2476 Turris

510 2549 681 2604 super
726 2533 1062 2590 matronam,
1110 2522 1257 2576 data
1286 2535 1433 2573 anno
1468 2515 1602 2574 1083
1644 2514 2104 2570 Cluniacensibus

509 2602 600 2677 ab_
631 2621 867 2689 Hugone
910 2613 1025 2668 ﬁlio
1048 2609 1347 2669 Manassis,
1379 2605 1748 2660 conﬁrmavit.
1781 2608 1942 2657 Anno
1964 2602 2104 2660 1092

509 2708 806 2767 concilium
860 2705 1138 2758 Remense
1190 2695 1510 2759 celebravit,
1566 2695 1725 2763 cujus
1771 2692 2104 2746 auctoritate

509 2799 792 2855 Robertus
839 2807 1026 2847 comes
1074 2785 1351 2842 Flandria
1382 2780 1743 2837 morientium
1774 2780 2105 2833 clericorum

510 2889 660 2943 bona
693 2896 964 2953 occupare
1007 2877 1190 2931 desiit.
1236 2875 1398 2927 Anno
1449 2869 1707 2940 sequenti
1745 2869 1901 2922 dedit
1930 2870 2109 2923 altare

516 2970 997 3032 Hermundi-villa
1026 2962 1314 3020 monachis
1344 2962 1400 3016 S.
1443 2959 1792 3015 Theoderici.
1823 2958 2109 3027 Frequens

514 3068 601 3120 est
621 3056 1019 3130 archiepiscopi
1046 3054 1217 3123 hujus
1245 3049 1456 3104 mentio
1494 3049 1551 3101 in
1590 3046 1826 3101 historia
1862 3045 2109 3099 restituti

2184 1894 2503 1964 episcopum
2526 1890 2995 1944 Catalaunensem
3020 1903 3035 1953 ;
3066 1890 3123 1939 et
3147 1884 3284 1937 data
3314 1880 3790 1938 Laudunensibus

2185 1983 2243 2036 S.
2270 1978 2553 2034 Vincentii
2596 1976 2882 2031 monachis
2924 1973 3160 2028 ecclesia
3196 1969 3573 2035 Alﬁ-montis,
3608 1969 3789 2023 inter-

2184 2070 2293 2123 fuit
2321 2068 2555 2123 concilio
2586 2068 3025 2121 Claromontano
3050 2062 3131 2115 nil
3162 2060 3268 2115 sibi
3299 2059 3552 2114 conscius
3571 2057 3791 2111 adulte-

2182 2176 2376 2213 rarum
2406 2158 2554 2228 regis
2582 2155 2929 2226 nuptiarum.
2961 2151 3136 2205 Paulo
3161 2154 3333 2203 antea
3377 2146 3792 2217 subscripserat

2183 2247 2417 2303 concilio
2447 2247 2507 2300 in
2538 2245 2734 2299 Monte
2764 2244 2820 2297 S.
2854 2240 3042 2296 Maria
3071 2237 3351 2293 celebrato
3380 2237 3578 2291 eodem
3612 2251 3786 2289 anno.

2255 2336 2340 2390 Ad
2378 2342 2689 2390 extremum
2723 2348 2850 2386 cum
2896 2346 2987 2384 res
3015 2326 3472 2383 Atrebatensium
3505 2341 3647 2396 quas
3689 2324 3792 2378 Ur-

2187 2426 2367 2480 banus
2395 2426 2447 2480 II
2478 2440 2625 2495 papa
2653 2421 2759 2475 sibi
2784 2417 3294 2479 commendaverat,
3328 2416 3554 2468 ﬁrmare
3593 2412 3793 2468 stude-

2188 2521 2292 2577 ret,
2307 2513 2446 2568 nihil
2477 2528 2659 2582 0pera
2674 2517 2731 2564 et
2758 2508 2965 2563 laboris
2987 2505 3418 2577 praetermittens
3434 2520 3544 2574 quo
3562 2520 3791 2559 omnem

2151 2604 2245 2683 \in
2275 2610 2559 2675 posterum
2578 2599 2837 2670 litigandi
2857 2602 3103 2667 segetem
3127 2611 3255 2650 cum
3291 2593 3791 2648 Cameracensibus

2186 2692 2457 2746 radicitus
2488 2694 2827 2761 amputaret,
2861 2686 3055 2741 morbo
3083 2689 3375 2754 correptus
3399 2681 3540 2736 obiit
3559 2698 3641 2737 χιι
3664 2684 3789 2737 Kal.

2191 2781 2459 2836 Februar.
2510 2795 2657 2832 anno
2710 2774 2852 2833 1096
2897 2774 3170 2840 Atrebati,
3204 2772 3300 2828 ubi
3348 2776 3405 2826 et
3434 2772 3791 2842 sepulturam

2192 2870 2475 2941 accepisse
2504 2867 2762 2923 nonnulli
2791 2866 3045 2920 credunt.
3102 2863 3211 2918 Sed
3239 2862 3309 2916 iis
3330 2861 3691 2915 reclamitare
3720 2861 3796 2914 vi-

2193 2960 2359 3013 detur
2386 2957 2767 3027 necrologium
2785 2954 3045 3009 Ecclesia
3065 2949 3357 3007 Remensis
3376 2949 3436 3003 in
3450 2950 3571 3004 hac
3589 2948 3791 3004 verba:

2190 3051 2294 3103 ΧΠ
2320 3048 2442 3101 Kal.
2484 3047 2635 3100 Febr.
2680 3044 3013 3113 Raynaldus
3044 3044 3190 3094 bona
3224 3040 3499 3093 memoriae
3525 3039 3796 3107 archiepi-

510 3127 978 3209 Atrebatenisibus
1011 3141 1225 3215 proprii
1255 3137 1534 3210 episc0pi;
1597 3135 1745 3205 quod
1784 3135 1995 3188 factum
2025 3142 2167 3201 estC
2190 3153 2378 3205 scapus
2408 3141 2589 3189 noster
2619 3135 2909 3203 requiescit
2951 3134 3128 3195 intus,
3175 3131 3273 3198 qui
3319 3128 3466 3181 dedit
3509 3127 3568 3182 S.
3605 3129 3798 3181 Mariae

514 3242 678 3298 annis
721 3236 859 3293 1092
906 3241 963 3288 et
1017 3229 1165 3291 1093,
1201 3234 1259 3283 et
1286 3245 1320 3282 a
1350 3226 1510 3280 nobis
1538 3230 1838 3278 tractatum
1879 3223 2012 3277 olim
2052 3222 2111 3276 in

514 3340 667 3387 tomo
694 3326 861 3382 tertio
891 3322 1073 3378 Gilliae
1114 3319 1284 3388 hujus
1324 3313 1675 3370 Christiana.
1713 3312 1921 3366 Eodem
1965 3327 2111 3365 anno

512 3418 654 3477 1093
701 3413 997 3471 concilium
1046 3407 1194 3480 apud
1223 3404 1548 3460 Suessiones
1589 3401 1792 3455 indixit
1846 3401 2111 3455 adversus

515 3504 876 3563 Roscelinum
904 3497 1252 3553 hareticum.

587 3594 816 3649 Interea
852 3604 978 3643 cum
1010 3582 1310 3640 divortium
1354 3580 1502 3649 regis
1546 3577 1817 3649 maximas
1848 3576 1907 3630 in
1938 3592 2114 3646 regno

513 3682 710 3740 turbas
739 3680 929 3740 cieret,
958 3676 1052 3729 Ivo
1083 3668 1443 3726 Carnotensis
1480 3683 1547 3720 ea
1575 3666 1644 3720 de
1692 3682 1751 3718 re
1792 3663 2015 3734 scripsit
2043 3665 2114 3718 ad

518 3770 854 3828 Rainaldum
893 3765 951 3818 in
988 3765 1139 3816 hunc
1170 3758 1397 3813 modum
1432 3760 1527 3824 (ep.
1565 3754 1653 3822 13)
1683 3774 1694 3806 :
1733 3772 1759 3805 «
1789 3754 2001 3823 Nuper,
2026 3753 2114 3806 in-

518 3862 658 3934 quit,
690 3874 817 3913 cum
857 3871 891 3909 a
918 3851 1144 3907 domino
1175 3864 1306 3918 rege
1335 3845 1563 3899 fuissem
1598 3841 1870 3933 invitatus
1904 3843 1975 3896 ad
2007 3843 2115 3896 col-

515 3931 769 4022 lbquium
802 3950 867 4000 ut
894 3957 1072 3997 essem
1095 3939 1147 3992 ei
1173 3936 1396 4006 adjutor
1423 3934 1482 3987 in
1512 3931 1862 3986 celebrandis
1900 3931 2113 4019 nuptiis

521 4007 660 4113 quas
683 4039 866 4092 facere
885 4026 1220 4101 disponebat
1247 4025 1317 4077 de
1337 4021 1609 4076 Bertrada
1628 4020 1866 4089 conjuge
1895 4007 2113 4072 comitis

521 4106 937 4198 [indegavensis
961 4131 973 4165 ε
1013 4117 1083 4171 ad
1110 4113 1257 4185 quod
1286 4127 1413 4165 cum
1452 4107 1865 4179 respondissem
1894 4124 2006 4160 non
2034 4106 2115 4159 ita

520 4196 779 4290 oportere
807 4204 1222 4278 ﬁeri,quoniam
1240 4199 1486 4254 nondum
1510 4204 1659 4251 esset
1683 4213 1853 4251 causa
1874 4196 2117 4250 dilﬁnita

520 4285 671 4362 inter
715 4304 901 4373 ipsum
954 4302 1012 4349 et
1057 4307 1282 4346 uxorem
1330 4289 1471 4358 ejus,
1493 4291 1731 4340 testatus
1761 4292 1847 4339 est
1876 4285 2116 4356 pleniter

521 4393 820 4451 difﬁnitam
846 4401 968 4442 esse
992 4380 1294 4454 apostolica
1322 4376 1659 4430 auctoritate
1697 4381 1753 4428 et
1782 4380 1987 4440 vestra,
2020 4391 2114 4428 ve-

2193 3227 2404 3280 alta-ria
2426 3227 2625 3285 tria,ut
2644 3224 2771 3276 inde
2789 3222 3129 3289 sepeliantur
3145 3219 3415 3277 canonici,
3437 3218 3722 3284 reliquum
3737 3219 3796 3270 in

2195 3318 2312 3383 ejus
2327 3315 2561 3366 solemni
2578 3311 2967 3365 anniversario
2980 3308 3260 3361 canonicis
3286 3308 3347 3358 in
3370 3305 3505 3358 urbe
3519 3307 3798 3359 existenti-

2197 3405 2294 3457 bus
2305 3403 2668 3455 distribuitur
2691 3416 2707 3462 ;
2726 3412 3050 3469 quanquam
3072 3412 3137 3449 ex
3149 3395 3255 3449 hac
3273 3393 3467 3447 vocula
3486 3395 3644 3447 intus
3656 3392 3798 3447 nihil

2198 3487 2559 3561 peremptorii
2579 3486 2834 3542 concludi
2860 3501 3019 3557 posse
3039 3487 3259 3537 constat
3277 3498 3342 3535 ex
3360 3480 3531 3535 simili
3551 3481 3794 3536 formula

2201 3595 2367 3650 quam
2401 3578 2547 3631 infra
2574 3576 2633 3629 in
2662 3574 2935 3629 Rainaldo
2962 3571 3019 3627 II
3050 3572 3199 3643 apud
3228 3569 3585 3640 Igniacenses
3605 3586 3794 3624 mona-

2196 3670 2329 3724 chos
2359 3668 2579 3738 sepulta
2608 3665 2930 3719 referemus.
2951 3662 3025 3716 Ut
3045 3667 3108 3715 ut
3137 3660 3229 3725 sit,
3265 3659 3322 3713 in
3347 3659 3532 3713 medio
3552 3658 3796 3713 ecclesia

2195 3757 2532 3812 cathedralis
2552 3755 2721 3808 choro
2742 3753 2887 3823 lapis
2908 3749 3276 3822 sepulchralis
3300 3748 3444 3818 nigri
3473 3748 3677 3802 coloris
3697 3764 3796 3819 pro

2197 3845 2482 3919 epitaphio
2515 3845 2631 3897 hac
2655 3842 2824 3897 verba
2853 3857 2967 3911 pra
2998 3856 3059 3893 se
3097 3840 3209 3892 fert
3240 3854 3251 3889 :
3288 3837 3636 3891 RAYNALDUS
3662 3837 3799 3890 Con-

2194 3949 2431 3993 TRACTUS
2460 3946 2929 3987 ARCHIEPISGOPUS.
2966 3928 3290 3999 Capitulum
3322 3925 3697 3980 Atrebatense
3733 3928 3796 3979 ut

2194 4024 2479 4080 laboribus
2507 4023 2577 4075 ab
2608 4038 2671 4075 eo
2703 4019 2975 4090 impensis
3010 4017 3153 4071 vices
3199 4014 3480 4077 redderet,
3526 4013 3796 4083 jugisque

2197 4111 2471 4167 memoria
2486 4110 2608 4180 ejus
2630 4107 2948 4167 haberetur,
2970 4102 3416 4159 anniversarium
3437 4116 3536 4170 pro
3552 4116 3618 4153 eo
3643 4104 3799 4169 quot-

2195 4202 2357 4258 annis
2386 4198 2668 4254 celebrare
2712 4196 2954 4251 decrevit
3003 4195 3059 4249 in
3100 4192 3301 4264 majori
3348 4189 3598 4245 ecclesia.
3653 4186 3799 4242 Huic

2196 4289 2513 4364 parentavit
2531 4286 2791 4356 elegiacis
2811 4284 3058 4339 versibus
3075 4281 3397 4336 Baldericus
3413 4276 3798 4348 Burgoliensis

2201 4381 2390 4447 abbas,
2417 4377 2620 4449 quibus
2634 4374 2893 4430 Rainaldi
2908 4374 3175 4427 virtutem
3195 4368 3555 4425 commendat
3569 4367 3631 4420 in
3650 4366 3799 4421 hunc

522 4492 879 4550 strorumque
926 4471 1375 4543 coepiscoporum
1408 4464 1877 4527 laudatione.Quo
1903 4463 2116 4528 audito,
2137 4458 2185 4516 D
2207 4469 2438 4524 modum
2473 4484 2485 4519 ε

524 4569 788 4644 respondi
818 4582 907 4620 me
945 4566 1050 4617 hoc
1095 4562 1375 4631 ignorare,
1408 4570 1513 4608 nec
1549 4553 1871 4623 hujusmodi
1910 4553 2121 4624 nuptiis

523 4640 664 4719 velle
692 4661 982 4718 interesse,
1008 4650 1117 4705 nisi
1156 4662 1252 4700 vos
1299 4658 1492 4699 earum
1542 4640 1738 4696 essetis
1767 4647 2121 4695 consecrator

525 4760 579 4810 et
602 4756 815 4813 auctor,
840 4751 897 4800 et
915 4736 1226 4812 coepiscopi
1253 4732 1423 4787 vestri
1450 4736 1759 4784 assertores
1779 4735 1835 4784 et
1852 4747 2120 4802 coopera-

523 4850 694 4906 tores,
720 4833 986 4910 quoniam
1026 4828 1084 4882 id
1121 4822 1389 4894 competit
1411 4818 1528 4891 juri
1557 4819 1797 4875 ecclesia
1827 4827 2025 4874 vestrm
2044 4837 2122 4874 ex

524 4909 830 5003 apostolica
847 4917 1182 4976 auctoritate
1200 4918 1258 4966 et
1276 4911 1511 4979 antiqua
1525 4909 1947 4963 consuetudine.
1969 4909 2120 4973 Quo-

523 4997 676 5076 niam
706 5014 879 5086 igitur
905 5006 1124 5065 conﬁdo
1154 5003 1222 5056 de
1246 4999 1514 5068 religione
1538 5003 1741 5063 vestra,
1765 4997 1905 5051 nihil
1934 5013 2030 5051 vos
2050 4997 2120 5053 de

522 5127 586 5165 re
614 5114 731 5162 tam
763 5099 1077 5174 periculosa
1105 5098 1162 5146 et
1188 5091 1349 5143 fama
1390 5093 1601 5151 vestra,
1634 5092 1691 5139 et
1718 5086 2001 5140 honestati
2040 5092 2121 5141 to-

520 5201 635 5255 tius
662 5173 821 5265 regni
836 5197 954 5244 tam
976 5179 1290 5257 perniciosa
1307 5176 1585 5231 facturum
1607 5173 1958 5228 dicturumve
1973 5176 2122 5246 quod

522 5306 637 5345 non
685 5263 1019 5339 auctoritate
1062 5271 1148 5325 vel
1180 5268 1395 5322 ratione
1426 5264 1677 5319 nitatur:
1712 5263 2123 5319 studiosissime

524 5386 582 5436 et
610 5368 973 5431 devotissime
1001 5361 1229 5417 obsecro
1257 5354 1591 5410 charitatem
1622 5357 1863 5406 vestram
1894 5358 1959 5406 ut
1986 5353 2121 5407 mihi

522 5459 822 5524 ﬂuctuanti
847 5454 1140 5511 veritatem
1168 5447 1337 5516 hujus
1367 5444 1449 5497 rei
1481 5457 1650 5513 quam
1683 5440 1855 5506 scitis,
1897 5441 2120 5512 aperia-

520 5558 616 5625 tis,
645 5559 703 5608 et
729 5562 931 5603 sanum
959 5537 1274 5602 consilium,
1308 5534 1440 5587 licet
1479 5530 1719 5585 arduum
1750 5534 1808 5583 et
1837 5546 2120 5601 asperum,

528 5618 700 5714 super
732 5639 840 5694 hoc
875 5627 1188 5705 prabeatis.
1233 5641 1262 5680 ιι
1293 5622 1405 5678 Sed
1443 5625 1501 5676 et
1527 5618 1788 5676 Urbanus
1824 5636 1972 5692 papa
2000 5620 2128 5677 Rai.

2204 4649 2453 4706 Remensi
2482 4646 2684 4714 populo
2715 4646 2923 4704 lumen,
2956 4644 3288 4709 ﬁrmamque
3311 4638 3634 4692 columnam

2275 4736 2615 4793 Rainaldum
2645 4733 2853 4787 Christi
2897 4733 3086 4797 gratia
3114 4730 3443 4782 contulerat.

2206 4827 2308 4882 Hic
2331 4839 2540 4894 quoque
2568 4823 2807 4876 Martini
2834 4820 3087 4874 sublatus
3115 4818 3185 4871 ab
3210 4817 3316 4870 ade
3341 4815 3483 4868 beati

2277 4915 2526 4970 Remensi
2553 4912 2795 4964 multum
2820 4910 3037 4977 profuit
3068 4907 3335 4960 Ecclesia.

2207 5005 2364 5059 Hune
2394 5016 2542 5055 mors
2572 5002 2634 5053 in.
2660 5004 2810 5053 tanto
2839 5001 3121 5068 ﬂorentem
3144 4995 3472 5062 pontiﬁcatu

2272 5093 2488 5158 Attigit,
2520 5094 2569 5142 et
2598 5104 2831 5142 vacuam
2852 5089 2981 5155 fecit
3013 5089 3145 5139 item
3174 5083 3512 5137 cathedram.

2206 5179 2425 5248 ΡαρίΗί
2452 5182 2590 5233 cives
2617 5193 2718 5246 pro
2748 5181 2900 5230 tanto
2926 5176 3161 5243 prasuIe
3189 5174 3377 5241 ﬂentes

2278 5269 2484 5337 Corpus
2501 5268 2776 5336 pontiﬁcis
2806 5265 2893 5318 hic
2916 5278 3144 5332 posuere
3170 5263 3276 5313 sui.

2206 5358 2349 5413 Huic
2372 5357 2608 5424 populus
2636 5355 2797 5421 gleba
2825 5353 3027 5418 dignus
3054 5351 3333 5417 dispensat
3362 5346 3626 5408 honores;

2275 5447 2551 5513 Dispenset
2574 5444 2794 5497 veniam
2827 5441 3210 5507 Cunctipotens
3230 5439 3450 5490 anima.

2207 5536 2366 5592 Hunc
2394 5535 2643 5587 duodena
2673 5532 2785 5584 dies
2814 5528 3000 5596 februi
3022 5526 3315 5597 praeeundo
3345 5521 3607 5576 kalendas

2283 5624 2538 5680 Destituit
2567 5619 2795 5683 mundo,
2828 5618 3217 5685 substituitque
3231 5615 3375 5684 polo.
