3934 6432
147 401 285 461 1385

162 533 3385 575 __..___.____________________________

1581 413 1969 468 EPISTOL/E.
3262 427 3407 488 1335

1203 885 1522 965 (Provz'nce
1549 885 1983 966 ecclész'astz'que
2012 887 2085 949 de
2114 889 2360 968 Ilez'ms.)

927 1171 972 1225 Ῑ,
1757 1172 1812 1231 Α
1826 1170 1929 1223 ctis
1949 1187 2130 1226 causa
2149 1178 2354 1227 nostra
2372 1174 2490 1228 fore
2510 1175 2862 1244 promisistis.
2887 1178 2993 1232 Sed
3015 1181 3418 1249 paternitatem

492 1276 572 1321 AD
616 1275 852 1320 CLERUM
894 1275 1397 1320 ATREBATENSEM.

538 1350 612 1402 De
640 1349 1038 1402 consecratione
1061 1349 1355 1401 Lamberti.

751 1436 934 1496 (Anno
967 1432 1142 1504 1093.)

221 1527 580 1588 RAYNALDUS,
602 1523 788 1596 gratia
814 1525 916 1578 Dei
945 1524 1251 1577 Remorum
1271 1521 1742 1592 archiepiscopus,

155 1616 358 1670 domno
388 1614 721 1668 GUALBERTO
750 1613 1134 1682 universaque
1162 1611 1548 1665 Atrebatensis
1569 1611 1748 1664 Eccle-

155 1703 248 1757 sia
273 1702 698 1773 congregationi
726 1703 969 1756 salutem
997 1706 1053 1754 et
1079 1699 1525 1754 benedictionem
1556 1699 1616 1753 in
1643 1700 1751 1754 Do-

155 1789 307 1845 mino
334 1793 363 1844 J
369 1807 490 1844 esu.

226 1879 540 1949 Scripsistis
563 1877 723 1932 nobis
745 1882 1021 1948 quatenus
1049 1876 1357 1931 terminum
1378 1876 1533 1930 vobis
1555 1876 1753 1929 rescri-

156 1966 415 2021 beremus
444 1967 504 2020 in
532 1983 642 2037 quo
670 1967 909 2020 electum
947 1971 1196 2019 vestrum
1241 1981 1564 2018 consecrare
1592 1965 1754 2018 velle-

158 2073 303 2110 mus.
318 2057 410 2123 At,
425 2056 559 2126 quia
578 2054 925 2110 consecratio
946 2055 1044 2108 illa
1064 2070 1176 2107 non
1194 2054 1374 2107 solum
1395 2055 1464 2107 ad
1479 2059 1749 2120 nostram,

158 2161 352 2198 verum
383 2145 552 2197 etiam
584 2144 655 2197 ad
692 2144 1146 2214 coepiscoporum
1184 2148 1475 2196 notrorum
1507 2147 1754 2212 potesta-

161 2239 276 2287 tem
301 2234 462 2303 juxta
489 2248 767 2286 canonum
813 2232 1157 2285 sanctionem
1188 2231 1468 2301 pertinere
1514 2231 1754 2292 videtur,

163 2321 308 2375 diem
338 2320 492 2374 vobis
529 2321 697 2389 hujus
725 2319 1160 2374 consecrationis
1188 2319 1398 2389 absque
1432 2319 1760 2372 eorumdem

164 2408 394 2464 consilio
438 2409 876 2480 haudquaquam
913 2407 1333 2462 rescribendum
1377 2423 1498 2461 esse
1526 2407 1758 2476 dignum

166 2498 447 2552 duximus.
481 2497 590 2552 Sed
609 2473 743 2551 cum
770 2499 829 2550 in
858 2496 998 2550 festo
1029 2501 1232 2550 sancta
1262 2495 1451 2549 Maria
1479 2473 1759 2549 mediante
1776 2473 1824 2534 B

163 2588 419 2657 Augusto
441 2602 708 2656 magnum
729 2591 785 2639 et
800 2585 1187 2656 episcoporum
1210 2590 1266 2638 et
1281 2584 1608 2638 clericorum
1635 2600 1762 2638 con-

165 2681 396 2730 ventum
415 2675 604 2729 Remis
630 2674 877 2728 habituri
906 2674 1102 2739 simus,
1130 2673 1271 2726 illud
1303 2673 1450 2742 quod
1473 2672 1542 2725 ab
1565 2673 1644 2726 eis
1671 2688 1762 2726 su-

165 2781 266 2835 per
310 2764 417 2816 hoc
461 2763 751 2817 consilium
796 2761 1196 2830 acceperimus,
1245 2766 1302 2814 et
1344 2760 1652 2813 terminum
1703 2761 1761 2813 in

167 2868 278 2926 quo
306 2850 564 2906 eumdem
596 2851 834 2904 electum
865 2855 1113 2903 vestrum
1143 2848 1446 2902 debeamus
1475 2864 1762 2903 consecra-

164 2958 246 3008 re,
279 2940 436 2994 vobis
463 2940 732 2994 mandare
761 2955 874 2993 non
903 2939 1244 2992 differemus.
1269 2937 1484 2990 Valete.

926 3026 1004 3081 Il.

164 3138 243 3184 AD
254 3135 624 3181 LAHBERTUM
638 3133 913 3178 ELECTUM
929 3131 1410 3176 ATRBBATENSEM
1434 3129 1761 3176 EPISCOPUM

697 3209 770 3260 De
808 3209 925 3273 ejus
957 3208 1228 3258 electione.

773 3296 949 3360 (Anno
990 3291 1161 3360 1093.)

237 3383 597 3450 RAYNALDUS,
620 3383 720 3438 Dei
746 3383 928 3452 gratia
952 3381 1263 3436 Remorum
1289 3381 1760 3452 archiepiscopus,

166 3471 531 3526 dilectissimo
555 3471 828 3524 confratri
852 3476 909 3524 et
937 3470 1321 3524 consacerdoti
1348 3486 1446 3524 suo
1469 3470 1765 3524 LAMBERTO

167 3561 409 3614 salutem
441 3565 498 3613 et
525 3559 972 3613 benedictionem
996 3559 1056 3612 in
1087 3559 1324 3612 Domino
1355 3559 1506 3612 Jesu.

235 3647 480 3702 Litteras
507 3664 644 3717 quas
665 3647 823 3700 nobis
844 3664 944 3717 pro
967 3647 1384 3700 consecratione
1409 3650 1508 3698 tua
1527 3645 1767 3698 domnus

1826 1264 2067 1312 vestram
2098 1261 2372 1315 miramur
2401 1263 2705 1332 plurimum
2730 1265 2788 1317 in
2819 1265 2967 1318 calce
2996 1267 3176 1321 nostri
3203 1270 3418 1339 negotii

1827 1346 2208 1416 infrigidatam
2238 1350 2494 1416 existere,
2522 1367 2649 1404 cum
2683 1352 2829 1406 infra
2852 1354 3158 1409 terminum
3185 1356 3257 1410 ab
3280 1375 3420 1429 apo-

1829 1436 2024 1489 stolico
2049 1443 2245 1490 vestra
2274 1439 2701 1508 magnificentia
2730 1442 2892 1495 electi
2921 1443 3098 1496 nostri
3125 1461 3420 1501 consecra-

1827 1523 2000 1576 tionis
2053 1525 2366 1593 injunctam
2416 1543 2519 1580 nec
2571 1529 2897 1583 solemniter
2942 1530 3147 1586 litteris
3199 1537 3418 1605 vestris,

1830 1617 1896 1664 ut
1933 1612 2366 1680 arbitrabamur,
2407 1615 2478 1668 ad
2522 1618 2996 1672 consecrationem
3041 1621 3280 1676 electum
3318 1640 3422 1678 no-

1832 1704 2011 1753 strum
2057 1701 2313 1766 vocastis,
2346 1718 2448 1756 nec
2489 1703 2637 1756 diem
2681 1712 2895 1759 certum
2942 1707 3090 1761 infra
3117 1711 3425 1766 terminum

1834 1788 2186 1857 designastis.
2212 1791 2373 1844 Nunc
2396 1797 2606 1858 autem,
2638 1809 2767 1846 cum
2796 1797 3139 1851 consecratio
3165 1799 3426 1871 deinceps

1835 1876 1982 1930 infra
2000 1878 2368 1931 tricennalem
2393 1884 2602 1933 metam
2624 1882 2819 1951 nequit
2834 1884 2976 1952 ﬁeri,
2989 1886 3189 1939 saltem
3209 1888 3429 1943 litteras

1835 1970 2030 2019 vestra
2073 1966 2440 2033 auctoritatis,
2486 1985 2608 2037 qua
2649 1971 2952 2039 apostolico
2983 1973 3324 2043 deferantur,
3365 1982 3432 2032 ut

1835 2054 1953 2124 ipse
1994 2054 2183 2123 jussit,
2239 2071 2340 2124 pro
2390 2057 2806 2110 consecratione
2835 2060 3012 2112 nostri
3058 2061 3220 2116 electi
3266 2063 3429 2119 nobis

1837 2142 1970 2195 dare
2000 2141 2178 2196 velitis
2206 2143 2447 2212 plurima
2473 2160 2609 2214 pace
2637 2162 2949 2215 precamur.
2975 2147 3184 2203 Valete.

2585 2232 2682 2286 IV.

2077 2336 2378 2380 RAYNALDI
2421 2339 2500 2382 AD
2543 2340 2832 2384 URBANUM
2874 2341 2921 2385 II
2964 2343 3191 2391 PAPAK.

2296 2409 2370 2461 De
2398 2412 2648 2463 electione
2678 2413 2970 2467 Lamberti.

2442 2498 2625 2565 (Anno
2662 2496 2836 2569 1093.)

1911 2581 2149 2636 Ι)οωὶηο
2200 2587 2257 2636 et
2301 2586 2753 2640 reverentissimo
2792 2593 2996 2643 sancta
3027 2595 3084 2643 et
3123 2591 3438 2661 apostolica

1843 2669 1991 2722 sedis
2025 2686 2181 2740 papa
2215 2671 2442 2724 ΗΒΕΑΝο
2473 2672 2827 2737 RAYNALDUS,
2865 2675 2992 2730 licet
3019 2678 3301 2748 indignus,
3334 2681 3438 2735 Dei

1841 2758 2026 2827 gratia
2071 2759 2375 2812 Remorum
2415 2761 2880 2833 archiepiscopus,
2913 2765 3133 2835 salutis,
3164 2767 3434 2838 obsequii,

1843 2846 2153 2917 debitaque
2199 2847 2560 2918 subjectionis
2603 2867 2807 2905 munus
2854 2851 3202 2908 uberrimum
3238 2855 3299 2910 in
3325 2856 3440 2910 Do-

1841 2951 2017 2990 Inan.

1911 3023 2048 3076 Post
2074 3023 2314 3076 directas
2342 3024 2588 3093 primum
2620 3025 2780 3080 nobis
2818 3044 2853 3080 a
2880 3029 3218 3098 paternitate
3253 3037 3441 3086 vestra

1841 3110 2060 3164 litteras
2086 3111 2298 3180 placuit
2325 3117 2528 3178 vestro,
2562 3114 2916 3169 serenissime
2945 3117 3128 3182 Pater,
3164 3119 3442 3189 apostola-

1843 3200 1929 3254 tui
1960 3206 2024 3253 ut
2048 3200 2252 3254 iterum
2285 3201 2424 3254 alias
2452 3201 2612 3254 nobis
2637 3203 2974 3273 dirigeretis,
2993 3212 3269 3278 pracepto
3294 3225 3441 3279 pra-

1846 3288 2116 3358 cipientes
2156 3295 2430 3358 quatenus
2477 3289 2624 3343 infra
2651 3291 2884 3361 triginta
2916 3293 3134 3348 dierum
3171 3296 3437 3367 spatium,

1846 3382 2143 3447 postquam
2182 3383 2395 3431 vestras
2432 3378 2650 3432 litteras
2680 3379 2994 3435 videremus
3030 3383 3437 3452 Atrebatensis,

1848 3465 2104 3518 Ecclesia
2160 3466 2398 3519 electum
2446 3466 2505 3520 in
2553 3468 2878 3540 episcopum
2942 3486 3266 3526 consecrare
3327 3490 3442 3529 non

1849 3553 2218 3607 diﬂ‘erremus.
2241 3554 2470 3607 Addidit
2490 3560 2547 3608 et
2571 3555 2675 3609 hoc
2696 3557 2925 3611 solertia
2952 3564 3157 3625 vestra,
3180 3565 3246 3614 ut
3272 3561 3320 3614 si
3344 3562 3444 3616 ali-

1851 3658 1961 3712 qua
1983 3642 2143 3695 nobis
2164 3648 2479 3695 occurreret
2499 3660 2667 3697 causa
2687 3661 2796 3714 qua
2820 3663 3026 3700 munus
3049 3648 3188 3702 illud
3211 3650 3443 3718 aggredi

166 3752 316 3807 papa
326 3735 531 3789 direxit
541 3735 1012 3805 suscepimus,sed
1027 3741 1083 3788 et
1094 3751 1286 3788 earum
1302 3732 1768 3804 quatibidirecta
1790 3779 1831 3807 η
1849 3730 2296 3795 formidaremus,
2313 3747 2441 3784 eum
2458 3731 2611 3784 vobis
2631 3748 2758 3786 cum
2779 3734 3095 3789 litterarum
3118 3743 3442 3792 nostrarum

167 3779 316 3807 ι’“ι’“”
328 3779 405 3789 ’⁵⁵⁵⁸
419 3779 1012 3805 """""‘“‘""I’"“““”""“
1029 3779 1083 3788 ν*
1096 3779 1178 3788 """
1197 3779 1286 3788 ““'
1304 3779 1423 3804 1""
1437 3779 1534 3786 ""
1549 3779 1622 3785 ““”“
1641 3779 1766 3786 “’“⁷““’
1851 3779 1896 3784 ”’
1909 3779 1923 3782 ⁷
1939 3779 2106 3783 “““““”““
2128 3779 2296 3795 ⁷“““”””τ
2318 3779 2338 3784 ⁷
2352 3779 2441 3784 ’”“”“
2471 3779 2478 3782 “
2497 3779 2518 3784 ⁷
2532 3779 2609 3784 "'
2635 3779 2758 3786 ""'"
2779 3779 2921 3787 ""V'
2934 3779 2986 3787 '"
3003 3779 3095 3789 ’⁸⁸⁸⁸
3118 3779 3266 3790 ⁸⁸ν“’“’⁵
3279 3779 3332 3790 ’⁸⁵⁸
3347 3779 3442 3792 ’⁵⁸⁵⁸⁸

167 3830 302 3879 sunt
340 3824 625 3894 exemplar
652 3824 892 3878 vidimus
922 3842 933 3876 :
980 3840 1119 3894 quas
1159 3840 1283 3877 cum
1315 3821 1764 3892 perlegissemus,
1790 3779 2246 3888 Castipulatione
2276 3820 2712 3873 consecrandum
2741 3821 3130 3891 dirigeremus.
3156 3825 3444 3895 Susceptis

168 3912 495 3984 coepiscopo
518 3917 709 3966 nostro
735 3911 1123 3966 Suessionensi
1152 3929 1248 3964 eas
1268 3909 1766 3971 transmisimus,et
1846 3909 2021 3978 igitur
2050 3909 2216 3978 hujus
2245 3913 2440 3961 vestra
2469 3909 2854 3979 praeceptionis
2883 3911 3153 3980 apicibus,
3198 3929 3270 3967 ne
3308 3913 3444 3984 quid

168 4005 234 4054 ut
260 4000 383 4072 ipse
412 3999 624 4054 cateris
663 4000 1032 4070 suffraganeis
1063 3999 1474 4054 transmitteret
1498 3998 1764 4068 pracepi-
1847 3997 2176 4050 inconsultis
2229 3997 2568 4066 coepiscopis
2614 3998 2792 4050 notris
2847 4004 2905 4051 et
2951 4001 3442 4056 consacerdotibus

168 4105 318 4157 mus,
343 4093 620 4159 quatenus
649 4088 717 4142 ab
746 4088 824 4142 eis
848 4094 1075 4159 accepto
1105 4088 1336 4142 consilio
1365 4092 1474 4140 tua
1503 4085 1766 4139 fraterni-
1848 4101 2334 4154 prasumeremus,
2365 4102 2492 4138 cum
2521 4091 2738 4139 constet
2764 4087 2957 4156 utique
2985 4093 3101 4140 tam
3128 4105 3193 4142 ex
3224 4105 3444 4144 eorum-

169 4177 276 4231 tati
304 4177 765 4250 respondeamus.
784 4178 1029 4247 Ideoque
1056 4177 1162 4231 tibi
1191 4193 1368 4246 usque
1398 4181 1620 4228 octavas
1645 4190 1770 4227 san-
1851 4173 1979 4226 dem
2010 4190 2178 4242 quam
2215 4190 2280 4225 ex
2321 4178 2512 4226 nostra
2539 4174 2872 4228 auctoritate
2901 4175 3155 4230 eamdem
3198 4179 3443 4247 pendere

169 4264 245 4318 cti
273 4265 514 4319 Andrea
542 4265 787 4336 aliquem
817 4266 1068 4336 legatum
1110 4271 1272 4320 tuum
1317 4265 1386 4318 ad
1419 4280 1520 4317 nos
1547 4263 1769 4331 deleges
1852 4261 2344 4325 consecrationem,
2369 4261 2760 4315 mandatorum
2779 4267 3093 4317 vestrorum
3117 4264 3442 4320 schedulam

169 4353 528 4418 mandamus,
560 4370 661 4424 per
703 4371 869 4425 quem
920 4360 1029 4408 tua
1077 4353 1360 4408 dilectioni
1399 4351 1770 4406 rescribamus
1851 4349 1922 4402 ad
1951 4349 2239 4402 universos
2268 4349 2337 4402 ad
2370 4365 2508 4419 quos
2534 4351 2838 4420 potuimus,
2861 4351 3165 4407 direximus
3191 4355 3443 4424 singulo-

171 4441 308 4512 quid
355 4458 525 4512 super
553 4442 812 4496 omnibus
851 4443 961 4496 illis
990 4460 1112 4514 qua
1151 4443 1220 4497 de
1263 4449 1319 4496 te
1348 4443 1589 4496 domnus
1627 4455 1773 4511 papa
1852 4454 2092 4506 rumque
2121 4436 2386 4492 sciscitati
2414 4454 2609 4491 sumus
2637 4440 2974 4493 sententiam
3003 4447 3281 4511 quatenus
3302 4442 3443 4498 illud

169 4530 420 4601 injunxit
438 4530 618 4585 acturi
648 4547 861 4586 sumus.
888 4533 1046 4586 Vale.
1853 4525 2013 4579 nobis
2042 4541 2210 4594 super
2237 4526 2342 4578 hac
2361 4543 2421 4579 re
2452 4527 2745 4581 consilium
2769 4529 3144 4598 providerent,
3169 4531 3318 4602 quod
3341 4549 3444 4589 nec

925 4620 1027 4674 ΠΙ,
1852 4619 2049 4667 vestra
2077 4613 2380 4667 obeditioni
2407 4614 2816 4682 observaretur,
2841 4622 2898 4670 et
2923 4634 2988 4672 ex
3015 4635 3125 4688 qua
3155 4619 3445 4676 Remensis

378 4727 545 4772 cum
583 4713 1039 4771 ΑΤηΒΑΤΕΝειε
1069 4725 1146 4771 AD
1183 4725 1570 4770 RAYNALDUM,
1855 4700 2109 4754 Ecclesia
2155 4700 2396 4769 dignitas
2438 4717 2550 4755 non
2594 4703 3042 4759 imminueretur.
3092 4705 3289 4779 Itaque
3327 4708 3446 4764 hac

637 4799 712 4852 De
734 4799 988 4852 electione
1020 4799 1313 4851 Lambcrli.
1855 4789 2106 4843 omnium
2136 4793 2193 4841 et
2221 4788 2631 4858 episcoporum,
2664 4797 2721 4844 et
2749 4793 3078 4847 clericorum
3123 4801 3446 4852 nostrorum

785 4887 967 4950 (Anno
1003 4883 1180 4954 1093.)
1855 4895 1966 4932 una
2004 4894 2105 4930 vox
2135 4876 2238 4930 fuit
2265 4882 2322 4930 et
2363 4879 2660 4945 sententia,
2695 4885 2759 4934 ut
2786 4898 2888 4936 nos
2919 4884 3144 4953 quidem
3180 4883 3250 4938 ab
3282 4885 3446 4942 electi

242 4973 466 5027 Dilecto
513 4977 570 5026 et
610 4973 671 5026 in
718 4973 953 5028 veritate
1002 4973 1285 5043 diligendo
1337 4978 1395 5026 et
1445 4969 1773 5026 honorando
1797 5038 1830 5043 Δ
1855 4967 2006 5021 illius
2027 4965 2442 5020 consecratione
2461 4971 3446 5040 manumsuspenderemus,sedeum

169 5062 334 5119 Patri
361 5067 420 5116 et
459 5061 689 5116 domino
729 5063 1032 5120 RAYNALDO
1062 5038 1163 5117 Dei
1192 5061 1544 5116 ordinatione
1573 5061 1776 5114 Remo-
1793 5038 1842 5097 D
1858 5056 2030 5122 vobis,
2051 5071 2178 5110 cum
2198 5055 2303 5108 hoc
2323 5060 2519 5108 vestra
2541 5038 2902 5126 praeciperent
2923 5060 3142 5128 littera,
3166 5038 3452 5118 transmit-

169 5169 304 5208 rum
334 5151 751 5224 archiepiscopo
781 5153 964 5207 clerus
1009 5157 1068 5207 et
1113 5152 1351 5223 populus
1392 5150 1776 5205 Atrebatensis
1857 5150 2124 5208 teremus,
2145 5149 2198 5198 et
2222 5143 2494 5214 quidquid
2513 5143 2643 5196 inde
2663 5144 2976 5200 altitudinis
2995 5155 3192 5204 vestra
3221 5152 3452 5208 solertia

173 5241 438 5297 Ecclesia
468 5257 595 5294 cum
626 5240 928 5296 Lamberto
957 5242 1063 5296 etsi
1101 5241 1287 5296 inutili
1318 5240 1632 5294 sanctitatis
1664 5255 1777 5293 sua
1857 5235 2172 5290 faciendum
2191 5233 2516 5286 decerneret
2529 5230 2760 5284 arbitrio
2781 5240 2962 5288 vestro
2979 5237 3448 5309 relinqueremus.

175 5348 362 5394 servo,
402 5346 594 5384 veram
623 5331 979 5386 dilectionem
1007 5347 1136 5386 cum
1181 5329 1527 5386 orationibus
1557 5333 1614 5382 et
1643 5327 1774 5382 obe-
1858 5325 2193 5380 Timuerunt
2212 5320 2362 5375 enim
2383 5325 2440 5373 et
2470 5319 2669 5372 timent
2695 5335 2767 5372 ne
2795 5320 3229 5380 Cameracenses
3249 5344 3314 5381 ex
3345 5313 3470 5384 hoc.

176 5419 471 5474 dientiam.
1857 5415 2002 5469 facto
2057 5415 2284 5481 accepta
2334 5407 2640 5474 occasione,
2684 5423 2743 5461 se
2800 5424 2833 5462 a
2890 5409 3154 5466 Remensi
3205 5416 3454 5473 Ecclesia

248 5509 468 5564 Vestra
487 5509 826 5565 excellentia
847 5509 1105 5580 dignitati
1125 5507 1460 5579 multiplices
1480 5506 1779 5561 referimus
1861 5503 2294 5571 abrumperent;
2337 5514 2464 5551 cum
2494 5502 2551 5550 et
2577 5495 2768 5549 civitas
2807 5512 3001 5551 eorum
3031 5501 3266 5558 alterius
3293 5507 3452 5576 regni

177 5601 399 5670 gratias
427 5600 558 5670 quia
578 5599 850 5654 hactenus
876 5605 1168 5671 gratanter
1195 5597 1356 5652 nobis
1385 5603 1450 5652 ut
1476 5598 1602 5668 pius
1623 5601 1782 5666 pater
1862 5591 2137 5647 habeatur
2165 5594 2222 5643 et
2249 5587 2408 5658 regni
2439 5588 2598 5656 cujus
2623 5601 2718 5639 rex
2744 5583 2906 5639 nobis
2944 5591 3001 5640 et
3040 5587 3297 5646 Ecclesia
3338 5595 3451 5650 Ro-

177 5690 454 5760 juvameu
466 5687 793 5745 exhibuistis
804 5689 1174 5760 etbenignum
1192 5703 1290 5743 vos
1309 5703 1444 5758 erga
1458 5703 1561 5742 nos
1573 5685 1632 5739 in
1651 5700 1784 5740 cun-
1863 5697 2045 5736 mana
2067 5679 2186 5750 jam
2216 5682 2272 5733 et
2300 5692 2366 5730 ex
2388 5676 2555 5746 longo
2581 5679 2832 5749 tempore
2851 5673 3192 5731 inimicatur.
3214 5679 3458 5738 Addide-

432 5789 704 5853 Prrnon.
750 5790 866 5852 CL.
3139 5776 3218 5834 44
