3934 6430
1039 355 3840 398 w

1909 510 2076 554 cnam
2121 493 2313 556 rinam
2356 511 2596 557 suum.

1008 688 2070 862 JOANNIS
2214 693 3474 868 COTTONIS

1909 997 2574 1137 MUSICA.

766 1269 855 1338 (D.
886 1267 1168 1323 Genesar.
1196 1265 1402 1334 Script.
1435 1266 1498 1318 de
1526 1265 1757 1332 Musica,
1789 1265 1864 1327 II,
1896 1260 2024 1330 230,
2051 1279 2252 1388 πίῃς..
2269 1263 2558 1404 Son-)Blas.
2579 1279 2698 1319 ssc.
2731 1276 2830 1330 ιη,
2857 1266 3052 1321 collato
3072 1281 3200 1322 cum
3239 1269 3637 1324 Vindobonensi
3662 1275 3710 1325 et

2145 1351 2388 1388 wszensi.

2145 1351 2388 1388 ιυδῑεηςι.

1958 1625 2510 1700 MONITUM.
2542 1675 2554 1686 ο

674 1823 828 1876 Inter
843 1822 1237 1890 praestantiora
1267 1821 1603 1890 scriptorum
1631 1816 1801 1890 medii
1837 1817 1938 1869 mi
1965 1815 2241 1890 opuscula
2268 1813 2332 1866 de
2362 1816 2578 1890 musica
2608 1815 2808 1890 merito
2837 1815 3084 1880 refertur
3108 1817 3342 1870 Joannis
3373 1820 3604 1874 Musica.
3633 1821 3845 1876 Frustra

611 1883 891 1955 hactenus,
923 1895 1020 1961 qui
1059 1894 1130 1944 sit
1159 1883 1396 1944 Joannes
1426 1892 1543 1961 iste,
1573 1887 1842 1961 indagare
1861 1887 2071 1961 studui,
2097 1887 2280 1961 quiin
2309 1901 2410 1961 ms.
2442 1883 2914 1961 Lips.C0T'ronI_Us
2939 1891 3508 1961 cognominatur,qua
3539 1893 3601 1944 de
3630 1907 3688 1946 re
3717 1895 3844 1946 nihil

605 1967 819 2017 notavit
846 1957 1280 2017 clfbibliotheca:
1305 1962 1430 2014 σω.
1470 1958 1622 2010 Vind.
1655 1961 1850 2032 custos.
1872 1957 2257 2032 Martinesius,
2291 1957 2390 2032 qui
2417 1957 2700 2032 variantes
2733 1957 2983 2032 lectiones
3017 1973 3082 2032 ea:
3119 1959 3230 2012 cod.
3275 1961 3495 2016 Vindob.
3527 1963 3735 2030 collegit
3761 1979 3843 2032 op-

608 2037 754 2088 tima:
782 2039 938 2088 nota.
974 2035 1043 2087 In
1071 2033 1189 2085 cod.
1223 2032 1400 2084 Paris.
1437 2032 1665 2102 notatur
1683 2031 2003 2102 prologi/ff
2030 2027 2278 2102 Epistola
2304 2027 2538 2102 Joannis
2553 2025 2806 2102 ‘Cottonis
2839 2027 2912 2102 ad
2939 2029 3296 2102 Fulgentium
3325 2033 3635 2100 episcopum
3659 2025 3844 2102 Engla-

600 2118 754 2158 rum.
785 2123 808 2155 ι
837 2107 906 2159 In
935 2119 1034 2156 ms.
1068 2102 1486 2160 San-Blasiano,
1509 2093 1802 2164 quodfan.
1843 2093 1980 2152 1768
2017 2097 2268 2148 incendio
2289 2097 2477 2161 periit,
2513 2097 2842 2162 simpliciter
2873 2093 3282 2153 inscribebatur
3306 2093 3543 2156 Joannis
3573 2093 3788 2166 Musica,
3820 2126 3839 2154 ι

601 2179 666 2227 ut
681 2177 892 2242 passim
923 2176 1084 2236 alias,
1113 2175 1310 2239 quippe
1342 2186 1453 2223 non
1483 2184 1615 2222 raro
1635 2170 1876 2242 occurrit
1896 2172 2091 2242 auctor
2116 2169 2216 2218 iste
2239 2181 2343 2232 pro
2369 2181 2474 2242 sua
2497 2169 2849 2242 praestantia,
2873 2173 2997 2242 post
3021 2169 3323 2225 Guidonem
3349 2173 3665 2236 Aretinum,
3695 2191 3840 2242 quem

600 2236 754 2298 uti'el
774 2247 1078 2298 Bernonem
1103 2236 1431 2308 Audiensem
1456 2242 1607 2301 citat,
1633 2241 1784 2291 nulli
1801 2238 2070 2290 secundus
2099 2252 2210 2290 szec.
2245 2249 2304 2290 XI
2334 2239 2414 2290 vel
2435 2251 2533 2292 x11.
2572 2236 2720 2291 Sunt
2750 2241 2850 2305 qui
2879 2240 3046 2292 illum
3071 2244 3384 2308 pontiﬁcem
3411 2236 3720 2298 Romanum
3758 2262 3838 2299 ar-

594 2321 825 2382 guerent
853 2331 918 2368 ea;
937 2315 1188 2381 formula
1219 2329 1246 2362 «
1275 2311 1476 2366 Servus
1501 2325 1785 2382 servorum
1809 2309 1920 2382 Dei,
1956 2326 1978 2382 ξ
2010 2324 2124 2382 qua
2148 2309 2334 2382 utitur
2355 2325 2372 2369 ;
2405 2311 2462 2359 at
2493 2323 2616 2382 vero
2645 2311 2949 2382 etiamgalii
2987 2312 3102 2382 uiri
3124 2313 3388 2378 religiosi,
3421 2317 3598 2368 veluti
3627 2317 3841 2370 Faustus

593 2379 897 2438 monachus
925 2379 1348 2450 Glano/bliemis
1376 2384 1440 2434 in
1481 2382 1595 2434 Vita
1620 2379 1676 2435 S.
1707 2380 1916 2442 Mauri,
1951 2379 2054 2430 hac
2089 2379 2343 2450 formula
2364 2382 2496 2450 sunt
2527 2381 2632 2430 τιεί.
2679 2380 2784 2444 Qui
2813 2379 2970 2432 hodie
2997 2380 3232 2436 historia
3261 2386 3484 2438 musica
3503 2387 3734 2440 studiose
3758 2388 3840 2440 ad-

591 2457 821 2508 modum
847 2470 1067 2523 operam
1103 2449 1324 2506 inavant
1351 2455 1466 2504 viri
1486 2452 1634 2524 docti
1651 2451 1838 2516 Angli,
1869 2449 2096 2515 prodere
2127 2449 2346 2524 aliquid
2371 2449 2439 2524 de
2462 2451 2675 2501 Joanne
2718 2465 2782 2502 ea:
2813 2453 3036 2524 nomine
3063 2453 3363 2520 Fulgentii,
3402 2456 3712 2524 Anglorum
3748 2473 3838 2512 an-

595 2525 806 2592 tistitis,
837 2520 934 2578 cui
951 2525 1208 2579 inscribit
1239 2524 1448 2577 librum
1468 2523 1530 2575 in
1561 2524 1737 2576 lucem
1767 2525 1990 2588 queant,
2019 2534 2151 2586 quos
2179 2520 2397 2586 frustra
2427 2523 2610 2572 tamen
2639 2521 2915 2575 consului.

1761 2689 2692 2826 PROLOGUS.

653 2933 894 2988 Domino
922 2934 980 2986 et
994 2930 1150 2985 Patri
1168 2945 1270 2984 suo
1286 2928 1591 2984 venerabili
1606 2925 1918 2998 Anglorum
1935 2927 2174 2982 antistiti
2186 2931 2232 2988 A
2258 2928 2394 2983 satis
2449 2934 2610 3000 aptas
2656 2934 2715 2984 et
2767 2931 2936 2986 utiles
2982 2932 3316 3004 legentibus,
3352 2936 3400 2991 si
3449 2937 3618 2994 velles
3662 2941 3831 3008 modo,

582 3023 914 3086 FULGENTIO,
930 3019 1046 3074 viro
1076 3018 1286 3072 scilicet
1307 3033 1373 3072 ex
1395 3034 1456 3070 re
1471 3033 1678 3070 nomen
1693 3015 1946 3077 habenti,
1970 3015 2177 3086 quippe
2259 3033 2451 3088 posses
2471 3035 2767 3089 excerpere
2805 3021 3028 3090 regulas
3053 3041 3064 3089 ;
3100 3025 3334 3093 proinde
3363 3031 3428 3079 ut
3461 3026 3578 3083 haec
3619 3045 3730 3084 una
3755 3046 3832 3084 ex-

580 3111 678 3183 qui
709 3117 766 3164 et
793 3108 1092 3181 prudentia
1119 3107 1311 3178 pollet,
1336 3111 1392 3160 et
1412 3105 1654 3159 sanitate
1676 3104 1881 3174 fulget;
1910 3105 2170 3169 Joannes,
2257 3105 2470 3159 cusatio
2525 3122 2755 3176 prorsus
2793 3113 2974 3162 cesset
3020 3110 3314 3178 admoneo,
3370 3129 3502 3168 cum
3546 3116 3730 3183 etiam,
3775 3122 3830 3171 ut

577 3217 776 3256 servus
803 3214 1092 3254 servorum
1120 3196 1242 3262 Dei,
1266 3195 1538 3266 quidquid
1573 3193 1728 3248 Patri
1757 3193 1952 3258 Filius,
1983 3192 2172 3246 Domi-
2255 3191 2452 3248 beatus
2481 3195 2786 3266 Gregorius
2803 3197 2957 3260 dicit,
2991 3197 3154 3265 vires,
3189 3217 3327 3270 quas
3354 3201 3640 3274 imperitia
3661 3205 3825 3260 dene-

575 3305 764 3362 noque
793 3305 1008 3343 servus.
2249 3287 2365 3352 gat,
2399 3283 2643 3338 Charitas
2680 3285 3088 3341 subministrat.
3132 3287 3231 3343 His
3261 3306 3392 3360 ergo
3435 3293 3598 3347 dictis
3623 3300 3826 3348 retusus

644 3379 788 3432 Cum
808 3392 898 3430 me
925 3374 1170 3446 plurima
1201 3377 1371 3443 atque
1394 3371 1614 3425 diversa
1651 3369 1870 3423 videres
1898 3369 2168 3439 indagare
2249 3372 2546 3441 extemplo,
2597 3377 2788 3443 atque,
2835 3379 2900 3428 ut
2953 3374 3138 3429 verius
3198 3376 3400 3444 dicam,
3453 3385 3574 3435 tam
3625 3381 3822 3453 potenti

573 3467 781 3531 studia,
821 3465 922 3518 uni
951 3470 1142 3517 tamen
1189 3460 1314 3526 arti,
1346 3460 1605 3513 videlicet
1632 3457 1858 3513 musicae
1894 3458 2169 3528 praecipue
2251 3460 2570 3530 compulsus
2580 3462 2852 3532 jussione,
2873 3479 3013 3534 opus
3033 3465 3182 3534 quod
3205 3464 3345 3519 mihi
3362 3467 3684 3538 injunxeras
3701 3487 3821 3524 con-

572 3571 804 3628 operam
833 3553 986 3616 dare,
1017 3551 1087 3604 de
1117 3551 1239 3620 ipsa
1264 3565 1353 3602 me
1399 3553 1522 3601 arte
1553 3547 1890 3617 compellare
1928 3545 2164 3616 cepisti,
2249 3548 2488 3602 ﬁdenter
2521 3567 2821 3620 aggressus
2861 3569 3022 3621 sum;
3056 3553 3489 3624 prudentiorum
3519 3574 3752 3630 namque
3773 3563 3822 3612 et

567 3645 811 3714 suadens
828 3641 912 3696 uti
937 3641 1008 3694 ad
1037 3638 1351 3693 doctrinam
1381 3642 1438 3690 et
1468 3634 1936 3689 illuminationem
1980 3634 2167 3688 minus
2246 3637 2717 3708 perspicaciorum
2765 3639 2976 3694 derisui
3015 3640 3307 3711 subjacere
3345 3643 3540 3710 malui,
3587 3660 3748 3715 quam
3771 3644 3821 3698 in

569 3732 920 3807 eruditorum
940 3729 1188 3800 aliquam
1218 3725 1484 3796 ingenioli
1507 3723 1616 3777 mei
1633 3739 1887 3776 curarem
1909 3723 2166 3778 emittere
2246 3728 2401 3779 tuam
2430 3726 2895 3797 indignationem,
2930 3729 2978 3782 si
3016 3728 3404 3800 obtemperare
3433 3733 3658 3800 nollem,
3692 3733 3820 3787 inci-

567 3819 966 3884 scintillulam;
999 3817 1133 3887 quid
1164 3831 1289 3868 cum
1348 3812 1552 3867 dubius
1603 3811 1989 3882 trepidusque,
2041 3817 2162 3865 tan-
2244 3813 2396 3870 dere.
2423 3817 2632 3870 Pucrili
2663 3817 2890 3888 quidem
2917 3819 3062 3889 stylo
3091 3835 3256 3873 usum
3298 3836 3388 3874 me
3411 3823 3690 3892 proﬁteor,
3734 3839 3819 3876 ve-

563 3926 733 3982 quam
753 3907 849 3980 qui
878 3905 951 3960 ad
980 3905 1082 3959 hoc
1108 3902 1445 3973 implendum
1468 3900 1901 3970 haudquaquam
1926 3899 2066 3952 mihi
2087 3899 2162 3953 vi-
2243 3912 2581 3965 rumtamen,
2618 3905 2712 3976 qui
2732 3906 2958 3960 utiliora
2979 3907 3313 3962 videbantur
3342 3925 3410 3962 ac
3439 3911 3616 3979 magis
3648 3927 3819 3964 neces-

563 4001 737 4056 debar
755 3999 1014 4064 idoneus,
1047 3996 1363 4066 refugerem
1393 3991 1589 4046 crebra
1609 4008 1776 4044 aures
1798 4008 1950 4045 meas
1973 3993 2163 4046 admo—
2243 3993 2393 4048 saria
2413 4010 2478 4047 ex
2505 3995 2745 4048 aliorum
2778 3995 3058 4048 codicellis
3093 3997 3490 4068 compendiose
3519 4000 3730 4070 collegi,
3756 3999 3816 4053 de

560 4089 774 4145 nitione
802 4085 1085 4160 pulsabas,
1113 4082 1560 4150 versiculumque
1592 4079 1752 4134 illum
1776 4080 2028 4134 veritatis
2057 4081 2189 4160 do-i
2243 4098 2367 4136 meo
2397 4081 2679 4135 interdum
2725 4081 2896 4136 etiam
2941 4083 3152 4137 addens
3192 4083 3458 4155 igniculo.
3491 4086 3708 4142 Placuit
3732 4103 3815 4142 au-

560 4184 701 4246 ctor,
732 4183 792 4232 et
804 4159 1072 4230 caritatis
1100 4175 1323 4225 amator
1351 4184 1572 4239 semper
1616 4167 1754 4220 mihi
1795 4167 2106 4221 instillabas
2138 4159 2218 4218 :B
2241 4173 2354 4223 tem
2381 4169 2684 4239 aliquantis
2709 4169 2960 4224 libellum
3000 4170 3258 4240 capitulis
3295 4171 3658 4244 distinguere,
3691 4179 3750 4229 ut
3774 4174 3814 4228 si

559 4266 838 4339 sapientia
865 4263 1102 4326 occulta,
1148 4265 1208 4314 et
1252 4259 1552 4312 thesaurus
1596 4255 1976 4318 absconditus,
2029 4273 2152 4326 quae
2235 4256 2366 4328 quid
2403 4257 2584 4311 lector
2613 4257 2764 4310 inter
2799 4263 3001 4312 caetera
3047 4258 3263 4314 avidius
3309 4263 3610 4330 quaesierit,
3661 4263 3812 4318 citius

555 4356 774 4411 utilitas
817 4352 874 4405 in
920 4351 1192 4420 utrisque.
1223 4346 1308 4400 Ad
1339 4345 1456 4400 haec
1483 4361 1573 4398 me
1599 4343 1700 4398 tibi
1721 4344 2151 4414 respondentem
2235 4345 2339 4398 hoc
2377 4349 2546 4416 atque
2588 4345 2807 4401 facilius
2833 4363 2934 4417 per
2959 4347 3277 4417 pmmissas
3315 4349 3704 4406 adnotationes
3733 4367 3810 4405 re-

556 4442 706 4514 quod
750 4438 986 4503 hebetis,
1044 4442 1101 4490 et
1129 4433 1422 4489 imbecillis
1451 4449 1630 4486 essem
1659 4421 1889 4501 ingenii,
1927 4432 2027 4485 tali
2058 4431 2152 4484 ob-
2233 4434 2342 4504 cipi
2372 4435 2570 4488 valeat.
2601 4435 2735 4490 Tuae
2762 4435 2956 4506 igitur,
2987 4436 3137 4506 quod
3164 4442 3221 4491 te
3249 4437 3522 4494 suadente
3546 4440 3740 4512 incepi,
3760 4444 3808 4493 et

553 4529 801 4602 jectione
829 4523 1224 4596 compescebas
1245 4541 1256 4576 :
1281 4521 1416 4592 quid
1437 4525 1540 4584 est,
1560 4519 1819 4589 ﬁli,quod
1841 4519 2148 4588 dicis.quid
2231 4523 2468 4578 Domino
2489 4523 2800 4595 opitulante
2830 4525 3057 4595 perfeci,
3091 4525 3262 4580 offero
3293 4527 3806 4600 clementiw,quate-

555 4623 658 4685 est,
705 4617 956 4688 inquam,
1012 4611 1160 4684 quod
1205 4608 1492 4680 loqueris?
1523 4623 1710 4661 nonne
1735 4623 1838 4676 ego
1875 4611 1932 4660 te
1965 4607 2143 4660 Boetii
2228 4629 2335 4667 nus
2366 4629 2465 4683 per
2500 4617 2558 4667 te
2587 4611 2873 4684 probetur,
2907 4619 2964 4668 et
2991 4629 3094 4684 per
3129 4618 3186 4668 te
3215 4615 3552 4686 corrigatur,
3593 4623 3754 4688 atque
3775 4631 3805 4668 a

549 4707 846 4772 musicam,
887 4709 1056 4774 atque
1093 4699 1384 4760 Guidonis,
1425 4713 1644 4751 necnon
1686 4700 1743 4749 et
1771 4695 2062 4762 BernoniS,
2095 4696 2142 4750 si
2224 4702 2513 4757 venenatis
2537 4701 2919 4756 detractorum
2943 4701 3224 4758 morsibus
3242 4708 3342 4758 tua
3368 4706 3698 4761 auctoritate
3715 4705 3801 4760 de-

546 4802 700 4852 recte
715 4791 1172 4862 memini,legisse
1191 4786 1480 4858 comperi?
1501 4785 1704 4839 Nonne
1731 4789 1786 4838 et
1806 4801 1909 4853 ego
1931 4789 2144 4854 quanta
2222 4789 2503 4846 fendatur,

546 4886 624 4942 sit
647 4885 736 4942 tui
754 4883 992 4939 facultas
1018 4878 1232 4950 ingenii
1261 4891 1432 4948 quam
1456 4873 1717 4944 plurimis
1737 4873 1942 4927 edidici
1987 4889 2148 4944 expe-
2450 4883 2678 4935 Finitur
2721 4883 2997 4950 praefatio,
3021 4885 3306 4952 incipiunt
3333 4887 3599 4952 capitula.

543 4975 824 5040 rimentis,
853 4973 992 5028 adeo
1022 4976 1086 5025 ut
1111 4968 1246 5040 quid
1281 4967 1366 5021 tui
1405 4969 1629 5036 portare
1659 4969 1870 5034 queant
1897 4964 2140 5032 humeri,
2300 4967 2348 5025 1,
2381 4970 2634 5034 Qualiter
2661 4969 2786 5042 quis
2809 4971 2882 5024 ad
2905 4970 3135 5026 musicae
3162 4971 3514 5044 disciplinam
3535 4990 3596 5030 se
3615 4977 3794 5046 aptare

540 5071 598 5122 et
622 5064 774 5138 quod
806 5061 1042 5116 minime
1069 5073 1236 5112 nemo
1270 5055 1472 5109 melius
1497 5070 1588 5108 me
1613 5057 1784 5124 atque
1811 5052 2140 5106 indubitan—
2223 5057 2448 5117 εἰώθει,

538 5155 654 5210 tius
701 5150 952 5208 noverit?
994 5147 1247 5203 Profecto
1284 5160 1399 5198 non
1425 5142 1574 5197 bona
1599 5159 1703 5234 nec
1731 5141 2051 5234 recipienda
2077 5147 2137 5234 te
2287 5149 2358 5203 II.
2395 5149 2529 5212 Quae
2550 5148 2764 5204 utilitas
2793 5149 2868 5204 sit
2905 5149 3050 5204 scire
3080 5149 3374 5216 musicam,
3397 5156 3455 5208 et
3479 5151 3614 5225 quid
3640 5151 3793 5234 distet

538 5250 736 5301 contra
778 5259 868 5296 me
912 5238 1132 5293 ratione
1159 5235 1357 5302 tueris,
1399 5238 1569 5303 atque
1615 5229 1662 5286 si
1695 5230 1902 5284 rectius
1943 5231 2134 5284 omnia
2213 5235 2362 5292 inter
2395 5238 2692 5305 musicum,
2728 5243 2786 5292 et
2802 5243 3110 5295 cantarem,
3419 5279 3422 5282 .
3714 5229 3731 5234 '
3849 5243 3862 5254 ε

528 5341 880 5417 perpendere
908 5337 1098 5399 velles,
1132 5333 1432 5406 quominus
1463 5348 1555 5384 me
1583 5329 1942 5400 monitusque
1975 5347 2129 5385 meos
2247 5415 2254 5417 _
2282 5328 2384 5417 IlI.
2426 5327 2584 5382 Unde
2614 5328 2688 5382 sit
2715 5328 2864 5384 dicta
2891 5328 3128 5396 musica,
3160 5334 3219 5385 et
3243 5347 3278 5385 a
3306 5345 3418 5404 quo
3445 5333 3501 5385 et
3525 5328 3787 5403 quomodo

527 5415 848 5503 sequerere,
887 5442 1116 5481 causam
1162 5439 1276 5478 non
1317 5421 1555 5476 haberes
1579 5437 1592 5485 ;
1629 5435 1760 5472 nam
1787 5424 1854 5472 ut
1871 5417 1941 5472 de
1970 5419 2120 5472 Mar-
2141 5437 2186 5496 ο
2211 5415 2287 5470 sit
2305 5416 2552 5473 inventa.

524 5521 679 5584 tiale,
709 5519 934 5580 Ottone,
969 5515 1237 5579 Notkero,
1267 5526 1508 5582 quorum
1537 5507 1709 5561 libros
1743 5512 1806 5561 tu
1837 5512 2030 5578 utpote
2057 5507 2117 5562 in
2275 5505 2364 5560 IV.
2399 5506 2549 5569 Quot
2567 5505 2682 5560 sint
2704 5505 3081 5562 instrumenta
3101 5506 3301 5562 musici
3327 5507 3478 5566 soni.

519 5609 630 5662 hac
667 5613 788 5660 arte
833 5603 1358 5676 probatissimorum
1421 5597 1722 5668 diligenter
1767 5596 2115 5668 perspexisse
2265 5595 2334 5650 V.
2367 5595 2449 5649 De
2481 5610 2718 5650 numero
2743 5595 3088 5662 litterarum,
3120 5601 3179 5653 et
3219 5595 3290 5652 de
3334 5595 3663 5654 discretione
3702 5611 3782 5652 ea-

517 5693 742 5762 diceris,
769 5693 988 5760 sileam,
1036 5690 1108 5747 de
1134 5687 1496 5764 praefatorum
1535 5686 1784 5742 virorum
1829 5685 2112 5758 opusculis
2194 5701 2344 5741 rum.
