3934 6362
82 327 244 387 1393

1348 341 1398 395 J.
1440 340 1796 398 CO'I-‘TONIS
1832 341 2129 400 MUSICA.

3231 354 3370 416 1394

165 454 268 548 II:
317 454 574 548 Qualiter
622 462 1069 518 mensurandum
1114 465 1188 521 sit
1220 464 1683 520 monochordum.
1703 468 1755 526 A
1839 465 2040 521 XVIII.
2074 467 2360 540 Praecepta
2382 471 2452 526 de
2481 479 2650 529 cantu
2676 479 3078 548 componendo.

161 544 288 599 VII.
319 544 482 600 Unde
518 544 741 601 dicatur
768 552 1229 621 monochordum,
1263 559 1320 607 et
1346 554 1416 608 ad
1448 555 1582 626 quid
1620 555 1695 609 sit

68 633 258 691 utile.

1844 554 1989 608 XIX.
2022 554 2156 619 Qure
2185 557 2258 610 sit
2286 558 2498 629 optima
2523 562 2848 618 modulandi
2878 565 3075 620 forma.

1843 643 1960 697 XX.
2007 645 2261 709 Qualiter
2306 664 2407 718 per
2450 650 2665 705 vocales
2715 660 2913 708 cantus
2942 660 3177 725 possunt
3206 673 3360 711 com-

158 722 313 777 VIII.
345 722 495 786 Quot
521 723 674 778 modi
721 725 853 793 sint,
903 728 1105 799 quibus
1155 731 1398 787 melodia
1433 733 1691 787 contexi-
1771 731 1924 799 poni.

66 814 198 864 tur.

1839 820 1984 874 XXI.
2019 821 2164 885 Quid
2205 822 2467 879 utilitatis
2505 826 2745 882 afferant
2780 845 2998 883 neumaa
3041 847 3076 885 a
3105 830 3363 888 Guidone

156 900 256 955 IX.
289 899 452 964 Quod
483 899 597 955 sint
627 918 825 956 vocum
855 892 1262 976 discrepantia},
1303 914 1361 963 et
1385 910 1455 963 de
1488 911 1684 983 diapa-
1765 906 2025 966 inventae.

68 1005 188 1043 SOI!
197 1031 209 1043 .

152 1078 228 1132 X.
258 1077 342 1132 De
371 1077 573 1139 modis,
608 1094 748 1150 quos
768 1079 995 1135 abusive
1022 1087 1188 1137 tonos
1208 1085 1573 1155 appellamus.

151 1167 252 1221 XI.
297 1166 380 1221 De
420 1166 711 1222 tenoribus
740 1169 1055 1236 modorum,
1088 1177 1144 1225 et
1174 1173 1433 1227 ﬁnalibus
1462 1192 1673 1230 eorum.

146 1254 280 1310 XII.
329 1256 410 1310 De
459 1256 704 1327 regulari
744 1273 913 1311 cursu
956 1260 1271 1327 modorum,
1305 1266 1473 1333 atque
1505 1264 1678 1318 licen-

64 1343 176 1397 tia.

146 1430 308 1486 XIII.
358 1432 541 1502 Super
575 1448 759 1501 graeca
794 1440 1058 1489 notarum
1083 1437 1352 1492 vocabula
1381 1440 1672 1509 expositio.

1835 995 2012 1051 XXII.
2044 999 2125 1051 De
2158 1016 2325 1070 pravo
2353 1018 2457 1056 usu
2478 1002 2811 1072 abjiciendo,
2835 1008 2892 1059 et
2915 1008 3365 1082 superﬂuisquo-

1764 1085 2027 1139 rumdam
2056 1087 2350 1142 modorum
2380 1090 2728 1145 diﬁerentiis.

1832 1173 2032 1228 XXIII.
2063 1175 2142 1229 De
2171 1177 2491 1248 diaphonia,
2517 1179 2575 1233 id
2604 1184 2690 1234 est
2714 1196 2943 1251 organo.

1832 1261 2038 1320 XXIV.
2082 1263 2162 1317 De
2208 1266 2390 1336 primo
2436 1267 2620 1334 modo,
2670 1273 2729 1322 et
2768 1271 2890 1340 ejus
2927 1271 3202 1344 discipulo
3229 1290 3361 1331 cum

1759 1348 2107 1405 differentiis.

1826 1439 1989 1492 XXV.
2023 1441 2101 1494 De
2131 1441 2297 1495 tertio
2326 1446 2457 1496 tono
2499 1450 2556 1498 et
2594 1449 2813 1514 quarto,
2866 1452 2923 1500 et
2960 1464 3155 1505 eorum
3185 1451 3348 1507 diffe-

142 1520 291 1575 XIV.
328 1520 473 1584 Quid
502 1520 819 1577 faciendum
845 1524 918 1577 sit
944 1525 1013 1578 de
1046 1531 1233 1593 cantu,
1266 1528 1361 1598 qui
1398 1528 1457 1582 in
1482 1546 1675 1601 perpe-
1755 1529 1968 1582 rentiis.

56 1613 169 1664 tuo
198 1625 373 1664 cursu
401 1609 606 1663 deﬁcit.

136 1698 259 1752 XV.
294 1698 456 1762 Quod
474 1698 777 1753 stultorum
807 1701 1128 1771 ignorantia
1155 1721 1301 1775 saepe
1331 1710 1558 1760 cantum
1578 1707 1671 1760 de-

97 1792 283 1840 ravet.

97 1803 283 1840 ravet.

49 1803 91 1857 Ρ
128 1873 285 1929 XVI.
315 1871 477 1938 Quod
501 1873 705 1927 diversi
725 1875 958 1931 diversis
986 1878 1336 1935 delectentur
1353 1883 1554 1936 modis.

128 1962 311 2017 XVII.
335 1964 417 2017 De
447 1962 698 2033 potentia
725 1966 971 2034 musicae,
1009 1972 1068 2022 et
1095 1969 1191 2040 qui
1219 1971 1482 2041 primitus
1512 1988 1580 2027 ea
1606 1971 1666 2026 in

52 2051 323 2106 Romana
349 2050 597 2106 Ecclesia
625 2052 716 2106 usi
742 2053 873 2108 sint.

1823 1618 2018 1672 XXVI.
2051 1619 2130 1673 De
2173 1620 2367 1691 quinto
2410 1626 2467 1675 et
2522 1628 2696 1690 sexto,
2749 1629 2807 1679 et
2851 1642 3048 1682 eorum
3095 1628 3351 1685 diﬁ‘eren~

1751 1705 1865 1759 tiis.

1821 1795 2047 1850 XXVII.
2082 1797 2162 1851 De
2190 1799 2427 1869 septimo
2458 1804 2516 1854 et
2540 1806 2756 1867 octavo,
2787 1808 2845 1858 et
2865 1820 3062 1860 eorum
3082 1805 3347 1863 differen-

1748 1884 1862 1939 tiis.

2239 1995 2558 2064 Eaplz’cz'unt
2587 2000 2853 2067 capitula.

391 2350 864 2446 INCIPIT
935 2351 1622 2449 TRACTATUS
1691 2353 2211 2451 JOANNIS
2269 2356 2431 2449 DE
2504 2355 3003 2455 MUSICA.

125 2559 386 2628 Qualiter
414 2561 537 2627 quis
565 2559 639 2612 ad
666 2562 889 2684 mugga
914 2561 1281 2685 tdiscz'plz’nam
1309 2576 1361 2614 se
1394 2566 1584 2628 aptare

848 2648 909 2685 ea
940 2672 951 2685 .

848 2648 951 2685 cat.

1738 2560 1958 2615 Musica
1982 2578 2099 2616 una
2128 2568 2214 2616 est
2258 2580 2324 2616 ex
2368 2568 2583 2635 septem
2622 2565 2857 2631 artibus,
2906 2583 3046 2637 quas
3073 2567 3335 2625 liberales

1738 2650 2039 2720 appellant,
2057 2651 2332 2705 naturalis
2354 2652 2579 2722 quidem
2599 2654 3074 2723 quemadmodum
3105 2660 3163 2711 et
3179 2658 3330 2727 aliae;

122 2737 376 2793 Primum
411 2737 518 2791 hoc
556 2736 657 2804 illi,
701 2739 797 2808 qui
828 2754 886 2792 se
931 2738 1002 2792 ad
1048 2741 1274 2794 musicae
1303 2737 1653 2809 disciplinam
1735 2739 1883 2792 unde
1914 2745 1969 2792 et
1991 2740 2333 2807 joculatores
2378 2746 2434 2793 et
2462 2741 2784 2806 histriones,
2819 2743 2914 2811 qui
2940 2759 3169 2813 prorsus
3198 2753 3334 2803 sunt

45 2831 252 2896 aptare
302 2825 604 2891 desiderat,
652 2825 1019 2895 injungimus,
1066 2827 1150 2880 uti
1198 2828 1414 2881 litteras
1453 2843 1650 2882 mono-

45 2914 249 2968 chordi
277 2931 405 2968 cum
447 2914 677 2985 syllabis
723 2916 1116 2986 suprascriptis
1145 2918 1371 2971 ﬁrmare
1400 2918 1643 2981 studeat,

42 3021 150 3058 nec
188 3009 493 3074 antequam
518 3020 613 3057 eas
643 3003 969 3057 memoriter
993 3010 1199 3072 teneat,
1236 3006 1304 3060 ab
1333 3007 1437 3059 hoc
1475 3023 1644 3075 opere

40 3093 286 3147 desistat
311 3111 324 3146 :
352 3092 450 3146 sed
469 3092 537 3145 de
568 3092 773 3146 litteris
801 3108 951 3146 nunc
988 3092 1171 3148 dicere
1208 3095 1537 3159 differimus,
1580 3101 1644 3149 ut

39 3187 175 3253 post
210 3181 318 3235 hoc
346 3181 710 3237 commodius.
748 3187 917 3251 atque
960 3182 1189 3237 uberius
1224 3185 1293 3237 de
1337 3184 1415 3238 eis
1446 3189 1644 3240 tracte-

38 3288 204 3339 mus;
238 3286 389 3325 nunc
416 3274 606 3324 autem
637 3270 706 3323 de
728 3269 956 3340 syllabis
986 3272 1199 3341 aliquid
1222 3272 1489 3327 dicamus.
1533 3276 1643 3328 Sex

40 3366 181 3414 sunt
211 3358 457 3431 syllabae,
488 3375 627 3429 quas
664 3358 734 3412 ad
766 3375 907 3429 Opus
936 3360 1159 3415 musicae
1190 3362 1642 3425 assumimus,di-

1732 2826 2027 2894 illitterati,
2055 2828 2373 2882 dulcisonas
2409 2828 2712 2899 aliquando
2749 2830 3002 2885 videmus
3034 2839 3331 2890 contexere

1732 2917 2058 2970 cantilenas.
2116 2916 2244 2980 Sed,
2299 2917 2444 2971 sicut
2485 2919 2873 2987 grammatica,
2932 2919 3225 2977 dialectica
3270 2928 3330 2979 et

1727 3010 1938 3059 caeteras
1968 3010 2139 3069 artes,
2167 3005 2214 3059 si
2238 3022 2350 3059 non
2381 3010 2565 3059 essent
2596 3005 2943 3076 conscriptae,
2976 3023 3042 3060 ac
3060 3024 3162 3077 per
3190 3027 3328 3080 prae-

1725 3099 1887 3164 cepta
1916 3094 2224 3160 elucidatze,
2250 3095 2478 3148 incertae
2498 3093 2840 3147 haberentur
2865 3099 2920 3148 et
2948 3096 3211 3164 confusae,
3243 3098 3327 3154 ita

1726 3189 1783 3237 et
1804 3184 1939 3237 haec.
1966 3183 2262 3237 Sciendum
2286 3189 2495 3247 autem,
2531 3183 2663 3254 quia
2691 3200 2782 3237 ars
2805 3183 2912 3237 ista
2942 3183 3095 3238 haud
3125 3186 3324 3243 inﬁma

1728 3272 1876 3325 inter
1920 3276 2070 3326 artes
2114 3277 2198 3325 est
2243 3272 2575 3342 reputanda,
2609 3272 2919 3342 praesertim
2948 3289 3077 3327 cum
3105 3275 3323 3332 clericis

1727 3360 1970 3413 maxime
1998 3359 2070 3413 sit
2098 3360 2429 3413 necessaria.
2454 3364 2510 3413 et
2536 3358 2877 3429 quibuslibet
2905 3377 3031 3415 eam
3051 3378 3321 3417 exercen-

42 3465 217 3503 versaz
243 3448 467 3520 quidem
493 3447 642 3518 apud
662 3447 908 3501 diversos
933 3467 946 3516 ;
972 3465 1164 3503 verum
1190 3450 1377 3519 Angli,
1409 3451 1638 3505 Franci—
1658 3446 1700 3464 υ
1719 3447 1868 3501 tibus
1890 3447 2045 3501 utilis
2073 3452 2131 3501 et
2152 3447 2412 3517 jocunda.
2449 3446 2714 3517 Quisquis
2756 3462 2999 3517 namque
3036 3447 3321 3506 incessan-

36 3555 223 3607 genie,
245 3536 543 3591 Alemanni
572 3541 811 3590 utuntur
838 3537 926 3590 his
958 3542 1041 3602 ut,
1074 3554 1149 3599 re,
1191 3542 1286 3603 mi,
1320 3540 1399 3605 fa,
1430 3542 1526 3604 sol,
1558 3542 1633 3594 la.
1717 3541 1806 3590 ter
1833 3538 1882 3590 ei
1912 3552 2140 3607 operam
2172 3535 2510 3597 adhibuerit,
2543 3541 2601 3589 et
2628 3534 2749 3589 sine
2782 3536 3199 3592 intermissione
3227 3538 3317 3594 in-

34 3626 167 3680 Itali
190 3632 384 3680 autem
406 3624 545 3679 alias
574 3623 968 3695 habent,quas,
988 3626 1082 3697 qui
1105 3643 1268 3680 nosse
1291 3627 1631 3693 desiderant,
1717 3626 1967 3679 defessus
2022 3624 2311 3691 institerit,
2366 3625 2539 3677 talem
2594 3624 2724 3677 inde
2791 3625 3056 3695 consequi
3107 3628 3317 3697 poterit

33 3716 383 3786 stipulentur
410 3714 480 3768 ab
509 3715 664 3785 ipsis.
713 3716 819 3768 Eas
848 3732 998 3781 vero,
1045 3715 1246 3786 quibus
1287 3733 1389 3770 nos
1419 3717 1635 3771 utimur
1714 3714 1980 3779 fructum,
2005 3720 2068 3767 ut
2097 3714 2165 3767 de
2195 3718 2393 3766 cantus
2421 3712 2691 3783 qualitate
2720 3729 2792 3765 an
2825 3713 2901 3765 sit
2929 3712 3199 3780 urbanus,
3232 3732 3308 3770 an

35 3804 302 3875 syllabas,
332 3820 399 3858 ex
424 3804 636 3875 hymno
670 3803 767 3857 illo
796 3813 1049 3874 sumptas
1073 3805 1250 3871 aiunt,
1293 3805 1449 3875 cujus
1475 3804 1631 3875 prin-
1714 3803 1789 3856 sit
1808 3804 2071 3872 vulgaris,
2104 3819 2266 3856 verus
2309 3818 2381 3855 an
2422 3802 2610 3866 falsus,
2638 3801 2893 3870 judicare
2921 3801 3078 3867 sciat,
3120 3807 3178 3856 et
3203 3803 3308 3858 fal-

35 3894 244 3964 cipium
276 3898 362 3947 est
388 3910 399 3944 :
427 3895 487 3946 Ut
518 3898 720 3961 queant
742 3895 883 3947 laxis
904 3909 1159 3947 resonare
1174 3894 1331 3960 ﬁbris
1354 3898 1433 3947 mi
1438 3910 1503 3947 ra
1520 3911 1631 3961 ges-

37 3986 241 4047 torum,
275 3980 555 4051 quomodo
576 3981 681 4033 hoc
708 3980 868 4034 facile
886 3981 1292 4045 consideratur,
1318 3982 1409 4036 UT
1428 3989 1629 4049 queant

35 4070 200 4132 luxis,
235 4085 362 4123 ecce
392 4067 665 4123 habemus
712 4074 808 4133 ut;
855 4071 1136 4124 REsonare
1167 4072 1340 4137 ﬁbris,
1375 4087 1498 4124 ecce
1526 4086 1584 4124 re
1602 4091 1620 4135 ,-

1712 3908 1837 3944 sum
1866 3891 2164 3961 corrigere.
2208 3896 2261 3945 et
2300 3907 2507 3944 novum
2554 3906 2907 3959 componere.
2955 3890 3080 3943 Non
3109 3895 3195 3945 est
3224 3893 3310 3947 vel

1710 3979 1885 4050 igitur
1903 3997 2074 4051 parva
2096 3981 2239 4045 laus,
2266 3996 2380 4033 non
2419 3979 2637 4033 modica
2660 3977 2895 4043 utilitas,
2928 3994 3042 4032 non
3072 3978 3310 4050 vilipen-

1710 4069 1925 4123 dendus
1953 4069 2113 4122 labor
2141 4069 2365 4123 musicae
2405 4068 2655 4132 scientia,
2691 4083 2812 4137 quae
2841 4066 2927 4120 sui
2958 4067 3308 4137 cognitorem

34 4162 179 4213 Mira
220 4165 517 4227 gestorum,
563 4157 640 4211 ibi
675 4161 757 4211 mi
777 4175 793 4220 ;
833 4160 1068 4212 FAmulz’
1106 4165 1350 4225 tuorum,
1383 4159 1495 4213 illic
1521 4163 1581 4227 fa
1602 4180 1618 4226 ;
1706 4157 1995 4227 compositi
2032 4163 2229 4211 cantus
2277 4157 2450 4210 efﬁcit
2492 4157 2760 4227 judicem,
2800 4154 2927 4209 falsi
2974 4156 3303 4211 emendato-

33 4248 210 4303 SOLve
225 4249 448 4315 polluti,
476 4263 601 4300 ecce
630 4245 719 4300 hic
745 4250 823 4300 sol
846 4264 868 4313 ;
897 4248 1063 4301 LAbz'z'
1092 4254 1329 4313 reatum,
1365 4264 1491 4301 ecce
1519 4248 1621 4302 ha-
1703 4262 1840 4307 rem,
1885 4252 1942 4299 et
1985 4246 2112 4299 novi
2158 4246 2525 4302 inventorem.
2572 4247 2687 4300 Nec
2717 4244 3172 4315 praetereundum
3219 4245 3303 4299 vi-

33 4335 223 4390 bemus
249 4338 323 4390 la.
356 4336 466 4389 Per
492 4336 593 4388 has
617 4335 807 4406 itaque
839 4335 1082 4407 syllabas
1110 4338 1159 4390 is
1190 4336 1285 4407 qui
1305 4336 1375 4391 de
1409 4338 1622 4391 musica
1702 4335 1884 4400 detur,
1915 4335 2063 4405 quod
2094 4334 2337 4388 musicus
2366 4340 2422 4388 et
2452 4339 2648 4388 cantor
2676 4349 2789 4388 non
2817 4349 3017 4404 parum
3046 4350 3081 4387 a
3111 4350 3171 4387 se
3207 4333 3298 4389 in-

33 4426 169 4480 scire
197 4424 741 4491 affectat,cantiones
764 4425 981 4495 aliquas
1012 4431 1237 4479 cantare
1266 4426 1462 4486 discat.
1487 4443 1621 4497 quo-
1699 4424 1872 4477 vicem
1912 4423 2262 4493 discrepant;
2298 4440 2426 4477 nam
2473 4440 2598 4476 cum
2640 4423 2889 4477 musicus
2944 4438 3168 4494 semper
3201 4439 3302 4494 per

33 4530 202 4585 usque
223 4513 597 4575 escensiones,
629 4519 685 4568 et
704 4512 1111 4582 descensiones,
1147 4514 1617 4585 multimodasque
1700 4518 1875 4566 artem
1910 4516 2060 4565 recte
2091 4512 2332 4575 incedat,
2366 4517 2562 4565 cantor
2586 4516 2795 4565 rectam
2822 4511 3122 4581 aliquoties
3148 4510 3297 4565 viam

33 4619 215 4657 earum
256 4602 595 4657 variationes
639 4603 803 4674 plene
851 4620 915 4657 ac
958 4603 1143 4657 lucide
1182 4609 1502 4674 pernoscat.
1551 4601 2047 4698 InDsolummodo
2088 4617 2187 4670 per
2231 4616 2398 4653 usum
2442 4605 2614 4653 tenet.
2668 4599 2773 4653 Cui
2820 4616 2954 4669 ergo
3008 4604 3299 4655 cantarem

33 4708 219 4746 manus
250 4692 423 4746 etiam
451 4692 701 4746 articulis
748 4692 1025 4746 modulari
1056 4693 1284 4747 sedulus
1310 4700 1610 4759 assuescat,
1644 4688 1681 4698 υ
1700 4691 1899 4744 melius
1929 4688 2370 4760 comparaverim
2402 4705 2571 4758 quam
2594 4688 2765 4752 ebrio,
2794 4688 2889 4758 qui
2916 4688 3149 4743 domum
3176 4688 3298 4759 qui-

33 4787 79 4836 η
108 4799 172 4836 ea
203 4787 332 4853 post
360 4781 577 4852 quoties
600 4776 838 4835 voluerit
861 4799 960 4853 pro
994 4782 1368 4836 monochordo
1400 4788 1611 4850 utatur,
1698 4779 1823 4832 dem
1852 4779 2075 4849 repetit,
2110 4778 2206 4831 sed
2228 4793 2337 4847 quo
2367 4777 2507 4829 calle
2526 4781 2859 4834 revertatur.
2895 4777 3120 4847 penitus
3141 4777 3297 4847 igno-

33 4876 75 4924 ξι
101 4872 157 4925 in
188 4887 257 4925 ea
280 4876 509 4924 cantum
542 4869 757 4940 probet,
781 4871 1046 4941 corrigat,
1078 4876 1136 4924 et
1162 4873 1615 4942 componat.Hzec
1696 4875 1811 4935 rat;
1840 4869 1937 4922 sed
1965 4874 2022 4921 et
2053 4866 2278 4920 molaris
2308 4871 2433 4918 rota
2471 4865 2776 4919 discretum
2823 4866 3126 4936 aliquando
3164 4866 3295 4921 red-

33 4958 111 5013 ubi
154 4958 483 5030 aliquandiu
506 4959 668 5029 juxta
697 4959 844 5030 quod
882 4959 1122 5013 diximus
1151 4960 1605 5030 frequentaverit,
1694 4957 1777 5011 dit
1804 4956 2122 5016 stridorem.
2157 4955 2281 5025 ipsa
2304 4959 2495 5007 tamen
2514 4952 2610 5023 qui
2639 4959 2772 5022 agat
2799 4954 3071 5020 nesciens,
3089 4954 3296 5025 quippe

33 5053 74 5102 et
113 5050 240 5103 altre
290 5048 575 5101 memoriae
623 5049 1116 5115 commendaverit,
1162 5048 1377 5104 facilius
1414 5052 1610 5120 procul
1694 5046 1825 5117 quia
1851 5063 1940 5099 res
1970 5051 2056 5099 est
2084 5043 2411 5117 inanimata.
2439 5041 2599 5096 Unde
2629 5040 2810 5095 Guido
2834 5041 3069 5112 pulchre
3097 5042 3158 5096 in
3186 5042 3293 5097 Mi-

33 5136 184 5191 iubio
212 5136 282 5190 ad
315 5137 583 5191 musicam
613 5136 722 5191 iter
749 5136 1000 5195 habebit.
1695 5135 1917 5204 crologo
1938 5150 2040 5187 suo
2060 5132 2139 5186 sic
2167 5131 2249 5184 ait
2279 5149 2291 5185 ε

33 5224 94 5279 lI.
128 5226 255 5293 Quas
296 5227 515 5278 utilitas
560 5227 635 5277 sit
672 5228 808 5277 scire
850 5228 1138 5287 musicam,
1186 5231 1236 5279 ct
1278 5228 1415 5295 quid
1452 5229 1613 5281 distet
1696 5295 1749 5298 __
1825 5294 1834 5298 Δ
2100 5297 2104 5298 ί
2250 5295 2255 5298 Δ
2762 5290 2769 5298 _
2818 5286 2854 5298 η
2899 5289 2906 5298 ι
3002 5286 3033 5298 _.

386 5298 537 5349 inter
565 5298 841 5349 musicum
870 5302 919 5349 et
947 5286 1245 5350 cantarem.
1285 5286 1304 5295 ⁸
1694 5294 2035 5349 Musicorum
2060 5297 2117 5346 et
2136 5295 2430 5345 cantorum
2459 5303 2664 5358 magna
2693 5290 2779 5340 est
2801 5286 3095 5354 distantia,

94 5386 322 5441 Videtur
349 5389 539 5438 autem
567 5400 716 5437 nunc
736 5401 1067 5455 congruum.
1101 5390 1164 5439 ut
1195 5386 1326 5455 quid
1354 5386 1615 5440 utilitatis
1696 5383 1782 5437 Illi
1812 5382 2023 5444 dicunt,
2052 5381 2143 5434 isti
2174 5380 2357 5433 sciunt
2381 5394 2502 5448 quae
2527 5374 2842 5445 composuit
2860 5373 3110 5441 musica;

33 5474 273 5528 conferat
300 5472 527 5526 musica;
560 5473 761 5526 notitia
799 5473 946 5527 brevi
987 5475 1329 5544 attingamus
1357 5475 1611 5542 ratione;
1698 5474 1839 5527 Nam
1873 5472 1968 5543 qui
2005 5471 2139 5525 facit
2177 5470 2325 5540 quod
2364 5484 2479 5523 non
2506 5466 2673 5537 sapit,
2706 5463 2979 5519 difﬁnitur
3008 5461 3204 5528 bestia,
3238 5469 3297 5519 et

33 5568 233 5632 quanto
258 5576 505 5631 namque
534 5561 590 5614 in
625 5562 836 5615 musica
857 5562 1092 5633 quisque
1121 5580 1180 5616 se
1203 5563 1383 5616 reddit
1408 5563 1618 5616 studio-
2977 5551 3218 5623 [caetera

34 5650 252 5717 siorem,
292 5652 451 5707 tanto
481 5655 539 5703 et
562 5648 744 5722 ipsam
772 5655 955 5705 artem
983 5650 1138 5704 novit
1164 5666 1288 5704 esse
1311 5648 1611 5705 utiliorem.
