3934 6360
556 386 693 447 1395
1954 388 2005 443 J.
2051 388 2177 445 CO'I

2265 387 2406 444 )NlS
3698 375 3843 436 i396

555 512 659 569 III.
697 514 844 568 Unde
879 516 955 587 sit
992 513 1143 584 diem
1173 516 1404 587 nutrire,
1439 518 1489 581 et
1510 530 1549 584 μ
1577 529 1684 585 quo
1708 518 1763 579 et
1788 515 2053 585 queinde
2076 517 2147 567 sit
2168 514 2220 575 A
2238 515 2546 583 humanum
2567 510 2690 575 dico
2718 510 2844 575 illas
2870 506 3118 583 gutturis
3140 507 3576 581 caritates,quas
3596 503 3845 573 arterias

1232 585 1474 638 ίηυθηία·
1594 588 1601 595 ’
2232 618 2526 663 vocamus;
2550 600 2682 670 ipsae
2704 600 2852 652 enim
2878 596 3214 651 naturaliter
3236 600 3379 666 aptae
3397 600 3549 659 sunt,
3580 592 3841 669 recipere

631 689 850 743 Dicitur
878 694 1068 743 autem
1100 690 1333 752 musica,
1361 697 1424 744 ut
1441 691 1669 761 quidam
1691 692 1952 755 volunt,a
1972 708 2152 759 musa,
2236 708 2425 753 aerem
2456 697 2513 756 et
2541 689 2793 756 reddere,
2821 688 2971 755 unde
2999 702 3174 753 sonus
3199 683 3474 753 naturalis
3491 686 3845 754 procreatur.

566 794 690 866 393.3
726 783 817 847 ἓξὲξ
861 778 1298 853 instrumentum
1335 779 1618 863 supddum
1645 780 1871 849 musicae
1896 781 2159 849 decenter
2241 781 2324 835 Ob
2354 780 2459 833 hoc
2487 784 2543 831 et
2570 775 2905 866 commercia
2925 792 3020 866 eas
3038 773 3266 866 quidam
3287 787 3615 842 nuncupare
3634 770 3845 837 solent,

566 851 705 919 satis
734 871 791 919 et
814 867 1056 936 jocunde
1087 851 1369 937 clangens:
1396 867 1501 921 Sed
1525 851 1814 921 rideamus
1844 884 1955 939 qua
1991 868 2160 937 ratio:
2240 874 2306 939 ut
2332 851 2673 937 Prudentius
2700 865 2755 932 iu
2786 863 3220 951 psychemachia
3256 882 3268 927 ς

562 969 655 1023 ne.
688 970 800 1038 use
824 954 1162 1025 auctoritate
1178 971 1217 1025 ῆι
1240 971 1404 1023 musa
1430 956 1666 1025 traxerit
1694 972 1899 1025 nomen
1925 956 2155 1025 musica-

2317 996 2329 1008 .
2412 997 2423 1008 .
2505 995 2516 1007 .
2597 995 2609 1007 .
2691 993 2703 1005 .
2785 993 2798 1006 .
2880 993 2892 1006 .
2970 954 3330 1019 animamque
3360 952 3675 1016 malignam

570 1041 754 1107 Musa,
807 1049 872 1097 ut
916 1043 1178 1109 diximus,
1227 1044 1667 1115 instrumentum
1724 1044 2009 1125 quoddam
2052 1051 2156 1123 est,

2350 1046 2545 1109 Fracta
2574 1044 2860 1111 intercepti
2887 1042 3220 1107 commercia
3245 1042 3495 1108 gutturis
3523 1042 3743 1104 artant.

570 1130 777 1197 omnia.
821 1135 887 1186 ut
922 1131 1182 1213 diximHS,
1225 1133 1498 1205 excellens
1530 1133 1926 1201 instrumenta.
1954 1134 2164 1214 quippe

571 1234 694 1307 suae
723 1219 975 1291 omnium
999 1220 1112 1289 vim
1140 1225 1311 1297 atque
1341 1221 1571 1295 modum
1600 1222 1658 1287 in
1685 1239 1746 1287 βε
1769 1222 2036 1289 continet,
2063 1223 2166 1287 hu-

569 1323 738 1361 mano
769 1307 1046 1378 siquidem
1078 1309 1310 1362 inﬂatur
1326 1309 1528 1379 spiritu
1558 1315 1621 1362 ut
1647 1309 1803 1373 tibia,
1837 1327 2007 1377 manu
2027 1315 2167 1364 teme

569 1402 800 1474 petatur
820 1402 885 1459 ut
902 1396 1112 1481 phiala,
1130 1397 1260 1467 folle
1280 1397 1553 1466 excitatur
1567 1404 1629 1469 ut
1649 1414 1877 1473 organa,
1897 1399 2115 1461 undeet
2134 1416 2167 1451 a

572 1483 785 1549 Graeco,
820 1485 967 1554 quod
996 1491 1083 1537 est
1112 1504 1256 1555 μεσα,
1297 1485 1354 1537 id
1394 1493 1478 1539 est
1518 1486 1717 1544 media,
1752 1504 1910 1540 musa
1938 1488 2164 1556 dicitur,

574 1589 640 1643 ee
670 1573 818 1659 quod
846 1573 989 1643 sient
1004 1572 1061 1641 in
1085 1574 1272 1643 alieno
1294 1574 1478 1641 medio
1496 1575 1716 1643 dirersa
1733 1584 1938 1645 coeunt
1960 1576 2161 1646 Spatia,

574 1662 653 1715 ita
675 1666 732 1714 et
757 1660 814 1714 in
836 1677 998 1714 musa
1036 1662 1368 1715 multimoda
1398 1664 1734 1716 conveniunt
1764 1664 2161 1731 instrumenta.

2313 1132 2620 1199 Artiﬁciale
2647 1146 2775 1189 vero
2813 1130 3253 1195 instrumentum
3280 1132 3382 1191 est.
3422 1125 3572 1199 quod
3602 1141 3719 1195 non
3751 1140 3853 1205 per

2247 1225 2533 1287 naturam,
2566 1218 2661 1273 sed
2685 1235 2786 1288 per
2808 1217 3109 1285 artiﬁcium
3131 1216 3201 1269 ad
3224 1214 3574 1281 reddendum
3595 1212 3849 1279 sonitum

2247 1310 2563 1379 adaptatur.
2612 1307 2902 1360 Naturalis
2940 1311 3128 1358 autem
3161 1320 3333 1357 sonus
3356 1303 3499 1356 alius
3528 1307 3615 1355 est
3643 1301 3860 1355 discre-

2248 1403 2358 1466 tus,
2387 1397 2529 1463 alius
2548 1396 2883 1463 indiscretus
2906 1414 2918 1460 ;
2942 1393 3219 1459 discretus
3232 1399 3316 1445 est
3337 1392 3429 1462 qui
3444 1391 3665 1462 aliquas
3676 1387 3852 1456 habet

2247 1487 2306 1554 in
2337 1503 2396 1543 se
2425 1484 2853 1551 consonantias:
2903 1481 3242 1546 indiscretus
3287 1487 3391 1555 est,
3442 1480 3502 1534 in
3547 1496 3659 1549 quo
3692 1478 3851 1545 nulla

2247 1574 2486 1628 discerni
2534 1578 2716 1643 potest
2761 1570 3146 1636 consonantia,
3179 1575 3243 1623 ut
3288 1569 3345 1622 in
3373 1568 3486 1635 ritu
3515 1567 3601 1633 vel
3627 1566 3851 1643 gemitu

2247 1664 2559 1729 hominum.
2590 1667 2647 1731 et
2675 1662 2884 1729 latratu
2906 1676 3107 1726 canum
3140 1664 3241 1725 aut
3264 1658 3455 1729 rugitu
3480 1658 3733 1725 leonum.
3762 1656 3850 1721 .Si-

576 1752 701 1823 Νρῃ
738 1767 871 1822 ergo
901 1750 1206 1833 incongrue
1234 1766 1268 1813 it
1308 1751 1603 1833 principali
1636 1758 1793 1831 parte
1823 1768 1927 1815 sua
1955 1751 2226 1833 φιλεῖσθ-
2250 1753 2368 1805 mili
2389 1751 2553 1805 modo
2583 1751 2886 1804 discretum
2919 1754 2975 1801 et
2999 1747 3366 1801 indiscretum
3395 1763 3597 1801 sonum
3628 1746 3690 1812 in
3713 1744 3856 1833 arti-

577 1853 783 1892 nomen
815 1839 1015 1891 sortita
1041 1825 1138 1894 est.
1190 1825 1394 1893 Dicunt
1420 1825 1589 1892 etiam
1617 1825 1793 1909 aliqui
1826 1841 2095 1901 musicam
2135 1825 2230 1907 aB
2251 1840 2419 1907 ﬁciali
2446 1839 2791 1923 perpendere
2810 1836 3208 1919 potes.Fistula
3225 1852 3469 1907 namque
3488 1835 3604 1911 illa,
3627 1850 3744 1904 qua
3763 1832 3855 1899 de-

576 1926 752 1980 musis
780 1942 983 1980 nomen
1015 1927 1310 2013 accepisse,
1338 1944 1436 1997 pro
1468 1944 1532 1992 eo
1564 1929 1711 2011 quod
1741 1928 1873 1998 ipsae
1902 1929 2050 1999 apud
2075 1944 2170 1980 an-
2250 1914 2533 2011 cipiuntur
2558 1914 2819 1995 aviculae,
2845 1927 2932 1979 vel
2961 1925 3130 1989 etiam
3150 1925 3259 1992 olla
3290 1939 3629 2009 pergameno
3654 1938 3855 1992 super-

576 2014 764 2085 tiquos
791 2014 851 2068 in
881 2015 985 2067 hac
1012 2021 1133 2068 arte
1156 2010 1425 2085 perfectae
1455 2010 1835 2081 crederentur,
1888 2022 1941 2069 et
1982 2016 2051 2069 ab
2089 2017 2169 2069 eis
2252 2010 2593 2077 ducta,unde
2619 2014 2983 2086 pueriludere
3014 2012 3584 2079 soleutjndiscretum
3609 2010 3860 2077 reddunt

577 2103 903 2156 modulandi
959 2102 1160 2172 peritia
1207 2111 1572 2173 quaereretur,
1627 2104 1777 2158 unde
1834 2111 1891 2159 et
1941 2100 2039 2156 οἱπό
2085 2108 2171 2155 τοῦ
2252 2106 2618 2159 sonitum.At
2642 2120 2770 2157 vero
2792 2103 2848 2155 in
2872 2101 3156 2165 sambuca,
3181 2101 3238 2153 in
3270 2098 3557 2163 ﬁdibus,in
3580 2097 3857 2169 cymbalis

580 2192 721 2263 μὺσω
746 2190 849 2262 (1),
881 2191 938 2245 id
963 2196 1049 2245 est
1073 2207 1107 2244 a
1132 2192 1429 2261 quaerendo
1458 2210 1631 2246 musa:
1663 2194 1824 2246 dictae
1846 2186 2171 2246 existiman-

576 2284 691 2334 tur.
718 2279 829 2333 Alii
861 2280 1129 2348 musicam
1162 2281 1317 2350 quasi
1352 2281 1714 2350 modusicam,
1745 2282 1802 2347 id
1823 2287 1909 2335 est
1927 2298 1962 2349 a
1982 2282 2176 2334 modu-

579 2368 812 2430 latione,
842 2368 939 2425 alii
968 2368 1272 2438 moysicam
1301 2368 1370 2431 ab
1393 2385 1559 2439 aqua,
1597 2387 1763 2440 quam
1794 2387 1953 2440 moys
1983 2370 2175 2440 appel-

582 2456 756 2509 latam
786 2456 1104 2525 Opinantur.
1147 2457 1255 2509 Alii
1285 2458 1555 2510 musicam
1598 2458 1757 2527 quasi
1788 2458 2105 2511 mundicam
2144 2473 2178 2509 a

584 2543 782 2603 mundi
810 2549 868 2599 et
894 2543 1017 2615 αωιί
1050 2549 1215 2600 cantu
1255 2545 1463 2600 dictam
1495 2551 1712 2615 putant.
1748 2546 1805 2601 Si
1836 2547 1962 2616 quis
1989 2551 2178 2603 autem

452 2704 478 2715 ὀ
585 2632 656 2693 de
702 2632 930 2689 musica
977 2632 1353 2702 appellatione
1398 2633 1598 2703 melius
1636 2634 1823 2699 sentit,
1855 2635 1905 2689 ei
1948 2651 2051 2688 nos
2080 2651 2179 2689 ne:

585 2736 871 2791 quaquam
898 2721 1230 2785 invidemus,
1266 2722 1417 2792 quia,
1437 2727 1503 2777 ut
1529 2723 1611 2777 ait
1635 2723 1844 2778 Paulus
1872 2724 2179 2794 apostolus,

587 2810 827 2881 singulis
857 2806 1055 2865 dividit
1092 2818 1259 2881 prout
1293 2812 1412 2881 vult
1441 2812 1684 2882 Spiritus
1713 2819 1957 2867 sanctus.
1994 2813 2183 2868 Refert

587 2907 780 2959 autem
809 2899 1035 2971 Moyses
1063 2901 1203 2955 artis
1225 2902 1392 2971 hujus
1416 2901 1593 2956 Tubal
1616 2908 1961 2973 repertorem
1989 2902 2179 2958 fuisse.

2255 2200 2423 2263 atque
2452 2193 2510 2245 in
2537 2191 2763 2261 organis
2802 2190 3295 2244 consonantiarum
3324 2189 3463 2242 bene
3496 2194 3551 2242 et
3589 2188 3857 2241 distincte

2256 2281 2595 2335 discernitur
2613 2280 2928 2333 diversitas.
2958 2278 3125 2332 Illum
3158 2294 3290 2347 ergo
3313 2293 3535 2342 sonum,
3570 2293 3740 2347 quem
3775 2277 3855 2329 in-

2259 2370 2561 2435 discretum
2595 2385 2717 2422 esse
2737 2367 3001 2433 diximus,
3028 2351 3238 2433 musica
3256 2380 3613 2437 nequaquam
3635 2364 3855 2433 recipit,

2260 2459 2414 2511 solus
2445 2463 2633 2510 autem
2661 2457 2937 2509 duntaxat
2963 2455 3259 2517 discretus,
3294 2453 3391 2524 qui
3430 2453 3599 2506 etiam
3629 2452 3857 2523 prOprie

2262 2547 2582 2617 phthongus
2614 2551 2859 2611 vocatur,
2892 2544 2960 2603 ad
2982 2545 3254 2607 musicam
3290 2542 3560 2613 pertinet;
3593 2547 3681 2605 est
3708 2541 3860 2597 enim

2264 2635 2479 2689 musica
2507 2634 2643 2686 nihil
2677 2633 2826 2687 aliud
2850 2649 3019 2703 quam
3039 2648 3230 2686 vocum
3254 2648 3503 2701 congrua
3528 2631 3862 2683 motio.Haec

2264 2731 2451 2781 autem
2483 2729 2679 2783 contra
2708 2721 2911 2785 idiotas
2926 2723 3204 2793 prmcipue
3224 2721 3605 2789 diximus,quo
3634 2719 3859 2787 illorum

2263 2828 2743 2883 compescercmus
2773 2827 3041 2875 errorem,
3067 2810 3161 2881 qui
3190 2809 3497 2880 quemlibet
3520 2824 3722 2873 sonum
3742 2824 3863 2871 esse

2265 2902 2539 2959 musicum
2563 2901 2733 2960 stulte
2746 2906 3065 2959 autumant.
3083 2900 3200 2965 Hoc
3220 2914 3441 2968 quoque
3459 2896 3857 2966 adjiciendum,

589 2990 703 3045 Alii
744 2988 945 3058 Linum
983 2980 1307 3055 Thebmum,
1352 2991 1448 3044 alii
1502 2993 1897 3062 Amphionem,
1951 2992 2046 3046 alii
2079 2994 2185 3047 Or-
2267 2994 2416 3064 quod
2460 3009 2585 3049 cum
2618 2993 2730 3049 tria
2758 2993 2873 3049 sint
2904 2991 3128 3051 musicae
3158 2990 3408 3048 melodiae
3436 3005 3666 3059 genere,
3698 3004 3863 3049 enare

590 3078 801 3149 pheum
833 3083 1013 3132 autem
1053 3078 1199 3132 hanc
1240 3080 1515 3150 reperisse
1544 3079 1908 3135 arbitrantur.
1951 3081 2183 3151 Verum,
2270 3083 2572 3148 monicum,
2595 3081 2963 3149 diatonicum,
2989 3080 3411 3139 chromaticum.
3434 3079 3614 3149 primo
3637 3083 3866 3148 propter

593 3165 794 3235 Gnaei,
826 3165 1048 3236 quibus,
1094 3171 1159 3219 ut
1199 3167 1281 3222 ait
1309 3168 1596 3232 Horatius,
1628 3185 1792 3224 musa
1819 3185 1915 3224 ore
1946 3169 2187 3225 rotundo
2206 3171 2500 3236 Cnimiam
2538 3170 2949 3233 difﬁcultatem,
2981 3169 3148 3237 tertio
3172 3174 3400 3239 propter
3424 3167 3659 3233 nimiam
3690 3166 3866 3232 melli?

593 3254 751 3325 loqui
779 3254 952 3320 dedit,
984 3254 1148 3308 aliter
1167 3255 1235 3309 de
1275 3256 1379 3315 hoc
1406 3272 1508 3310 nos
1536 3257 1745 3311 sentire
1773 3258 1965 3312 volunt
1988 3277 2001 3323 ;
2034 3273 2189 3313 asse?
2269 3262 2407 3317 tiem
2437 3260 2675 3331 objecta,
2712 3259 2961 3316 medium
2986 3274 3121 3317 usus
3147 3257 3400 3315 retinuit.

596 3347 735 3397 runt
759 3358 1004 3413 namque
1030 3343 1421 3414 philosophum
1452 3345 1749 3415 quemdam
1782 3345 2052 3407 Samium,
2093 3346 2193 3415 Py.-
2272 3350 2336 3405 ν.
2370 3351 2444 3404 De
2492 3364 2724 3405 numera
2756 3351 3073 3405 litterarum
3110 3352 3157 3401 et
3195 3348 3257 3401 de
3287 3348 3609 3409 discretione
3634 3360 3857 3403 earum.

597 3431 898 3500 thagoram
914 3432 1157 3496 nomine,
1176 3433 1313 3497 artis
1335 3434 1498 3503 hujus
1520 3434 1864 3499 inventorem
1886 3434 2190 3503 exstitisse;
2345 3439 2447 3494 His
2475 3439 2666 3508 itaque
2691 3436 3012 3509 praelibatis,
3050 3451 3200 3495 nunc
3235 3435 3304 3494 de
3333 3433 3481 3493 notis
3506 3429 3867 3497 monachordi

602 3519 695 3573 hic
713 3524 836 3575 erat
866 3520 965 3587 vir,
983 3526 1047 3573 ut
1062 3521 1238 3585 aiunt,
1265 3522 1539 3592 sapientia
1565 3522 2197 3589 clarissimusdacundia

601 3607 1016 3675 invictissimus,
1061 3609 1288 3679 ingenio
1337 3611 1711 3666 acutissimus.
1747 3612 1905 3665 Unde
1934 3618 1992 3667 et
2030 3611 2197 3667 musi-

603 3712 726 3755 cam
771 3696 963 3752 subtili
1009 3699 1147 3752 satis
1196 3699 1628 3769 inuestigatione
1674 3700 1853 3754 fertur.
1881 3700 2196 3771 reperisse;

605 3802 758 3853 nam,
804 3803 931 3842 cum
974 3792 1229 3859 tempore
1281 3788 1524 3859 quodam
1559 3789 1669 3843 iter
1695 3789 1903 3851 faciens
1931 3789 2198 3847 fabricam

604 3875 938 3946 pmteriret,
969 3876 1217 3930 diversos
1240 3876 1297 3930 in
1326 3893 1411 3939 ea,
1438 3882 1504 3930 ut
1531 3877 1653 3930 ﬁeri
1679 3878 1839 3943 solet,
1869 3878 2199 3941 malleorum

2275 3533 2518 3583 tractare
2547 3527 2902 3597 incipiamus,
2941 3541 3005 3581 ac
3034 3524 3278 3595 primum
3309 3523 3380 3585 de.
3408 3538 3643 3587 numero
3673 3536 3867 3583 earum

2277 3616 2547 3675 dicamus.
2593 3613 2974 3670 Vetustissimi
3021 3612 3235 3671 litteras
3279 3611 3497 3673 decima
3524 3610 3721 3681 quinta
3759 3624 3867 3667 non

2280 3705 2466 3776 plures
2516 3703 2571 3759 in
2614 3702 2992 3761 monachordo
3040 3705 3366 3771 posuerunt,
3410 3698 3481 3759 ab
3526 3700 3576 3752 A
3617 3697 3869 3765 videlicet

2280 3793 2627 3859 inchoantes,
2659 3796 2715 3850 ct
2742 3791 2799 3851 in
2821 3807 2856 3849 α
2882 3790 3230 3855 desinentes;
3256 3788 3502 3853 nondum
3526 3787 3678 3853 enim
3705 3786 3747 3851 Γ
3771 3786 3867 3853 ad:

2281 3883 2459 3951 (litum
2479 3880 2606 3945 fuit,
2631 3896 2733 3937 nec
2754 3882 2802 3945 b,
2828 3880 2977 3950 quod
3013 3895 3116 3939 nos
3145 3878 3312 3937 molle
3340 3877 3424 3931 vel
3455 3876 3760 3943 rotundum
3786 3876 3868 3943 di:

607 3964 821 4030 audiuit
849 3963 1083 4019 sonitus.
1109 3964 1217 4019 Ubi
1248 3981 1375 4019 cum
1391 3965 1795 4036 aliquantisper
1814 3967 2086 4021 attentius
2106 3983 2202 4037 au;
2282 3971 2480 4039 cimus,
2510 3986 2544 4026 a
2572 3969 2905 4039 quibusdam
2928 3983 3109 4038 graeco
3138 3967 3366 4028 nomine
3385 3964 3868 4037 synemmenon.id

606 4052 895 4118 multaret,
943 4054 1223 4123 variisque
1263 4053 1444 4123 magis
1491 4070 1556 4107 ac
1597 4055 1777 4124 magis
1827 4054 2203 4112 obiectaretur
2284 4066 2370 4114 est
2397 4059 2725 4128 adjunctum
2756 4057 3088 4127 appellatur.
3118 4054 3371 4117 Moderni
3402 4059 3592 4119 autem.
3614 4052 3869 4117 subtilius,

608 4141 905 4208 sonitibus,
932 4141 1043 4196 vim
1074 4142 1214 4198 artis
1263 4143 1505 4206 musicae,
1552 4150 1618 4197 ut
1660 4152 1783 4197 erat
1806 4143 2197 4209 calidissimus,
2283 4147 2475 4203 omnia
2502 4153 2672 4216 atque
2692 4145 2945 4215 sagacius
2965 4145 3268 4209 intuentes,
3288 4143 3438 4214 quia,
3457 4147 3521 4207 ut
3545 4142 3626 4210 ait
3644 4140 3870 4205 Priscia-

609 4228 686 4284 ibi
707 4230 934 4284 latitare
948 4231 1347 4300 cognovit.Nec
1367 4247 1544 4288 mora.
1561 4232 1618 4285 in
1640 4231 1904 4287 fabricam
1927 4232 2197 4297 introivit,
2284 4253 2409 4301 nus,
2442 4240 2651 4307 quanto
2675 4235 2929 4305 juniores
2957 4239 3116 4300 tanta
3146 4233 3598 4304 perspicaciores,
3620 4229 3870 4296 viderunt

609 4318 953 4389 malleosque
973 4319 1193 4377 cautius
1214 4336 1450 4390 pensare
1463 4321 1648 4391 cmpit,
1681 4322 2064 4392 paulatimque
2082 4337 2204 4391 scp-
2284 4331 2446 4381 notas
2467 4325 2591 4380 illas
2602 4324 2671 4381 ad
2694 4323 2990 4383 melodiam
3009 4322 3318 4400 quamlibet
3328 4318 3748 4391 exprimendam
3764 4334 3869 4383 nou

608 4411 725 4474 tam
755 4423 952 4473 vocum
982 4408 1364 4474 discretiones,
1404 4425 1509 4462 nec
1552 4426 1666 4463 non
1708 4416 1765 4464 et
1787 4411 2038 4481 ipsarum
2068 4413 2559 4512 con-Dsufﬁcere,
2592 4418 2933 4483 cautumque
2972 4411 3209 4481 plagalis
3255 4410 3402 4481 Proti
3444 4408 3741 4480 aliquoties
3778 4424 3869 4479 per

611 4497 919 4557 sonantias,
942 4497 1014 4550 de
1034 4496 1237 4567 quibus
1253 4497 1311 4551 in
1329 4499 1691 4569 consequenti
1716 4499 1887 4553 latius
1905 4501 2202 4556 tractaturi
2218 4496 2265 4512 "
2283 4503 2601 4571 litterarum
2633 4502 2971 4571 paucitatem
2999 4501 3255 4564 deﬁcere,
3288 4505 3345 4555 et
3380 4499 3505 4561 ideo
3546 4498 3588 4557 Γ
3614 4498 3673 4563 in
3697 4498 3868 4568 primo

611 4599 827 4649 sumus,
856 4585 1093 4648 solerter
1122 4586 1425 4656 indagavit.
1456 4588 1546 4640 Sic
1575 4588 1660 4641 vir
1686 4588 1781 4641 ille
1808 4590 2066 4659 egregius
2087 4606 2205 4644 mu-
2285 4607 2597 4662 apposuera
2642 4590 2782 4656 loco,
2831 4589 2980 4660 quod
3020 4590 3080 4649 in
3121 4589 3225 4649 hac
3252 4587 3563 4658 antiphona
3590 4586 3750 4649 facile
3780 4585 3869 4656 (illi

610 4672 784 4737 sicam
808 4672 1105 4737 informem
1136 4675 1291 4744 prius
1310 4680 1368 4730 et
1392 4676 1644 4747 ignotam
1674 4678 1891 4747 primus
1911 4678 1970 4732 in
1992 4679 2205 4733 Graecia
3098 4676 3235 4739 DFE
3266 4675 3355 4730 FD
3385 4673 3622 4741 FDCDD
3657 4674 3866 4742 CEFFF

608 4762 840 4834 reperit,
868 4763 1092 4834 scripsit
1119 4771 1174 4819 et
1194 4765 1402 4820 docuit.
1433 4767 1606 4835 Cujus
1630 4767 1835 4821 notitia
1862 4768 2077 4836 Latinis
2104 4784 2177 4838 pe

2285 4767 2406 4826 vult
2451 4766 2807 4827 considerare
2854 4770 3039 4837 potest
3090 4779 3104 4827 ξ
3152 4765 3193 4828 Ο
3238 4779 3336 4819 rea;
3398 4766 3589 4831 gloria?
3646 4764 3863 4829 Domine

608 4852 891 4923 Boetium,
934 4859 992 4915 et
1019 4853 1157 4907 alios
1187 4854 1507 4909 Graecorum
1534 4855 1740 4909 litteris
1768 4855 2012 4911 imbutos
2048 4863 2203 4927 post-

605 4941 839 5004 modum
868 4942 1225 4999 manifestata
1248 4949 1352 4997 est.

785 5028 883 5085 IV.
932 5033 1069 5099 Quot
1097 5035 1213 5086 sint
1241 5034 1617 5087 instrumenta
1646 5036 1849 5087 musici
1881 5037 2021 5087 soni.

2355 4856 2496 4911 GFD

2355 4858 2546 4915 GFDD

2286 4949 2586 5013 virtutum,
2613 4950 2670 5007 et
2707 4951 2934 5010 caetera;
2967 4960 3100 5006 nam
3125 4944 3405 5011 Spiritum
3432 4944 3702 5009 veritatis,
3728 4942 3861 5015 quod

2287 5034 2357 5092 ab
2384 5036 2433 5090 Α
2456 5034 2678 5104 capitali
2709 5034 3088 5105 incipiendum
3119 5038 3206 5095 est
3234 5038 3290 5092 et
3318 5032 3731 5102 damnandum,
3763 5034 3807 5088 si
3828 5032 3862 5097 Γ

679 5120 981 5175 Sciendum
1028 5136 1250 5190 quoque
1300 5120 1449 5190 quod
1492 5121 1602 5175 duo
1650 5127 1782 5175 sunt
1828 5122 2205 5187 instrumenta
2284 5140 2397 5177 non
2413 5129 2555 5195 esset
2575 5123 3188 5193 appositum,quorsum
3203 5121 3693 5187 descenderetnon
3713 5121 3863 5183 habe-

608 5210 861 5263 omnium
900 5225 1187 5277 sonorum,
1232 5208 1490 5263 naturale
1519 5210 1733 5263 scilicet
1769 5215 1826 5263 et
1860 5210 2151 5264 artiﬁciale
2186 5231 2196 5265 :
2284 5218 2389 5268 ret.
2425 5212 2704 5270 Praeterea
2725 5211 3097 5277 brotundum,
3131 5210 3396 5280 quoniam
3430 5209 3486 5269 id
3516 5210 3862 5277 interdumin

604 5298 864 5353 naturale
894 5297 1047 5365 aliud
1062 5297 1410 5365 mundanum
1436 5298 1588 5351 aliud
1620 5299 1928 5351 humanum
1947 5317 1960 5365 ;
1977 5306 2202 5352 etmun-
2283 5306 2451 5353 cantu
2463 5300 2755 5354 videbatur
2767 5299 3163 5363 necessarium,
3187 5299 3470 5365 addidere,
3488 5299 3653 5368 eique
3674 5314 3860 5351 nomen

605 5387 818 5455 denum
856 5386 1081 5475 quidem
1111 5387 1414 5441 secundum
1459 5387 1817 5456 philosophos
1847 5393 1933 5440 est
1961 5388 2200 5441 caelestis
2286 5389 2409 5453 hoc,
2441 5395 2505 5442 ut
2532 5389 2740 5441 scilicet
2771 5391 2799 5441 b
2832 5388 2998 5441 molle
3020 5393 3315 5441 vocaretur
3334 5392 3563 5457 propter
3585 5386 3858 5440 mollitiem

604 5474 968 5545 volubilitatis
994 5491 1225 5529 consors
1254 5475 1619 5531 dissonantia.
1650 5492 1773 5545 quae
1814 5476 2037 5545 proprie
2076 5477 2201 5529 har—
2284 5478 2407 5532 soni
2429 5483 2597 5548 atque
2617 5477 2967 5531 dulcedinem
2991 5477 3247 5531 indidere
3273 5494 3286 5543 ;
3322 5476 3514 5546 sicque
3542 5475 3630 5529 bis
3658 5474 3859 5528 duabus

606 5564 797 5617 monia
824 5563 1168 5619 nominatur.
1220 5565 1489 5618 Naturale
1527 5570 1718 5618 autem
1756 5564 2196 5619 instrumentum
2278 5565 2481 5619 litteris
2504 5564 2783 5635 adjunctis
2802 5578 2915 5626 xvn
2935 5569 3069 5628 sunt
3086 5579 3341 5619 numero.
3369 5563 3644 5618 Dominus
3679 5567 3854 5629 autem

682 5651 752 5717 (1)
782 5650 885 5704 Vel
911 5651 1097 5719 potius
1119 5647 1216 5704 οἱπό
1242 5657 1329 5704 τοῦ
1359 5653 1598 5723 μασένειν.
