3934 6356
151 334 297 402 i897

1637 338 1928 405 Mmmn.

3278 338 3439 411 mm“

149 463 355 531 Guido,
384 478 551 537 quem
578 464 705 539 post
733 458 991 525 Boetium
1024 484 1128 527 nos
1169 474 1228 529 in
1252 465 1359 528 hac
1406 478 1527 528 arte
1564 475 1741 547 pluri-
1763 478 2063 545 Aquartus
2094 478 2269 536 vacat.
2301 474 2529 547 quintus
2552 473 2609 528 in
2629 488 2684 541 α,
2699 478 2886 533 sextus
2900 475 2959 533 in
2974 479 3030 542 ἀ,
3048 478 3322 555 septimus
3353 480 3413 540 in

150 568 309 609 mum
357 555 597 610 valuisse
640 556 884 612 fatemur
917 575 1009 613 xxr
1055 562 1113 614 in
1171 562 1387 617 musica
1435 579 1537 617 sua
1585 564 1743 635 ponit

146 648 332 709 notas,
365 659 437 698 ne
475 645 595 715 jam
624 642 773 701 ullus
811 645 871 701 in
907 654 1076 703 cantu
1121 651 1296 721 possit
1322 651 1611 730 subripere
1641 651 1739 711 de-

145 730 346 787 fectus.

218 819 385 876 Nunc
401 816 470 909 de
485 838 679 878 earum
699 816 1034 885 discretione
1053 827 1339 887 videamus
1353 875 1363 886 .
1377 829 1443 891 Et
1463 829 1743 909 imprimis

147 904 577 980 diiigenslector
587 914 996 975 animadvertat
1011 917 1159 993 quod
1171 934 1363 977 omnes
1379 904 1741 979 monochordi

147 1002 298 1052 notae
315 998 375 1053 in
394 992 577 1071 ﬁgura
594 1007 725 1063 sunt
741 1002 1011 1081 dispares.
1028 992 1206 1057 Verbi
1225 1006 1409 1075 gratia
1423 1004 1465 1060 Γ
1483 1004 1541 1059 in
1563 1006 1743 1079 ﬁgura

147 1102 183 1139 a
205 1082 258 1140 ϐ
288 1086 477 1143 diﬂ'ert
502 1091 747 1161 capitali,
780 1092 859 1145 sic
885 1090 935 1146 A
964 1093 1201 1163 capitale
1230 1086 1298 1149 ab
1329 1109 1362 1146 α
1394 1094 1629 1158 minuto,
1662 1094 1742 1147 sic

150 1174 339 1247 Bah,
370 1177 543 1243 Cac,
583 1180 1154 1247 Dad,Eabe,Fab
1185 1184 1226 1248 /",
1262 1183 1749 1249 Gag;z’termna

150 1299 453 1354 minimum
488 1301 557 1355 ab
589 1303 615 1373 ξ
649 1304 953 1375 duplicato.
996 1306 1085 1360 Sic
1120 1308 1150 1358 b
1175 1323 1207 1359 a
1237 1296 1280 1377 ξ,
1316 1307 1397 1378 ηδ
1519 1322 1546 1358 θ
1574 1322 1608 1358 a
1635 1322 1682 1370 ο,
1713 1307 1749 1358 d

148 1432 184 1469 a
222 1404 271 1485 ξ.
290 1417 594 1472 Variantur
620 1419 792 1473 etiam
812 1436 913 1490 per
928 1420 1111 1490 spatia
1134 1426 1193 1474 ct
1214 1419 1411 1475 lineas.
1437 1404 1577 1475 Cum
1598 1420 1746 1474 enim

150 1504 195 1558 Γ
225 1511 472 1574 ponatur
494 1523 553 1563 in
582 1506 748 1572 linea,
776 1523 810 1575 α
837 1508 950 1563 erit
996 1509 1053 1561 in
1083 1510 1285 1579 spatio,
1337 1510 1475 1563 item
1524 1526 1649 1564 cum
1697 1512 1747 1563 Α

148 1594 394 1670 capitale
417 1595 490 1647 sit
510 1595 568 1647 in
585 1597 786 1670 spatio,
813 1611 848 1649 τι
872 1596 1153 1650 minutum
1189 1598 1298 1650 erit
1316 1597 1372 1650 in
1403 1598 1568 1666 linea,
1589 1602 1647 1651 et
1665 1597 1746 1650 ita

1821 571 1865 641 ξ,
1894 573 2095 647 reliqui
2116 577 2332 629 vacant.
2358 572 2498 629 Item
2527 571 2597 626 ab
2618 573 2665 629 Α
2685 588 2863 645 usque
2884 574 2953 629 ad
2984 575 3154 635 ﬁnem
3184 578 3414 641 novenis

1822 660 2079 729 passibus
2103 660 2392 739 aequaliter
2416 659 2657 730 partitis.
2689 660 2903 733 primus
2923 678 3123 736 passus
3150 666 3418 731 terminus

1822 748 1903 802 bit
1930 749 1991 807 in
2010 749 2071 810 B,
2093 750 2373 809 secundus
2389 753 2567 815 vacat,
2588 748 2791 811 tertius
2814 748 2875 804 in
2896 750 2957 823 E,
2976 757 3212 823 quartus
3236 757 3413 819 vacat.

1823 864 2052 934 quintus
2079 864 2138 923 in
2166 865 2192 935 η
2224 864 2585 935 quadratum,
2614 868 2804 919 sextus
2834 863 2894 918 in
2918 880 2966 931 ι,
2993 867 3273 936 septimus
3300 837 3420 973 in:

1823 966 2186 1049 duplicatum,
2210 978 2412 1050 reliqui
2439 980 2655 1033 vacant.
2679 979 2820 1034 Item
2850 994 2981 1033 cum
3009 994 3041 1033 a
3074 981 3117 1034 Γ
3146 981 3217 1035 ad
3245 966 3417 1037 linem

1824 1073 2066 1137 quatuor
2106 1080 2307 1138 passus
2346 1064 2637 1138 aequaliter
2664 1066 2938 1134 diviseris,
2971 1066 3188 1137 primus
3217 1078 3416 1145 passus

1828 1156 2157 1210 terminabit
2180 1157 2237 1210 in
2261 1158 2325 1219 C,
2360 1152 2636 1210 secundus
2662 1156 2722 1209 in
2751 1156 2820 1222 G,
2849 1155 3051 1210 tertius
3077 1156 3137 1210 in
3166 1157 3220 1223 ά,
3253 1168 3421 1228 qu‘ar.

1828 1250 1920 1298 tus
1949 1245 2090 1298 linit.
2127 1244 2399 1299 Similiter
2426 1260 2460 1298 a
2489 1242 2532 1298 Ο
2560 1245 2631 1298 ad
2673 1245 2842 1298 ﬁnem
2889 1249 3132 1321 quatuor
3160 1245 3418 1319 passibus

1829 1332 2119 1402 aequaliter
2146 1332 2414 1386 dimensis
2435 1333 2650 1403 primus
2686 1331 3018 1386 terminabit
3044 1331 3102 1388 in
3122 1332 3184 1398 F,
3217 1350 3417 1388 secun-

1829 1422 1933 1475 dus
1961 1422 2019 1474 in
2045 1438 2090 1486 c,
2134 1422 2334 1475 tertius
2362 1423 2419 1475 in
2445 1421 2489 1491 ζ,
2522 1426 2757 1491 quartus
2787 1419 2928 1474 finit.
2960 1420 3044 1475 Ab
3067 1421 3111 1476 F
3138 1416 3418 1479 autemad

1826 1509 1993 1562 ﬁnem
2023 1513 2421 1578 quaternorum
2440 1524 2703 1578 passuum
2717 1551 2727 1569 .
2744 1508 2957 1578 primus
2971 1508 3298 1569 terminabit
3315 1496 3416 1569 in?)

1824 1597 2308 1660 molle,secun'dus
2335 1596 2396 1649 in
2419 1598 2461 1663 Γ,
2484 1594 2685 1669 reliqui
2708 1601 2924 1652 vacant.
2947 1592 3032 1669 (‘2)
3049 1598 3097 1651 Α
3125 1598 3161 1651 d
3188 1610 3317 1653 vero
3345 1580 3418 1653 ad

149 1681 323 1735 etiam
349 1682 419 1735 de
442 1683 673 1737 cmteﬁs.
696 1684 1019 1738 Notandum
1041 1691 1228 1741 autem
1258 1686 1326 1739 de
1348 1689 1378 1739 b
1403 1686 1577 1749 molli,
1598 1691 1656 1739 et
1674 1686 1744 1738 de
1763 1752 1797 1755 _
1825 1684 1994 1737 ﬁnem
2024 1684 2314 1754 quaternis
2345 1683 2599 1755 passibus
2640 1683 2821 1754 factis,
2853 1684 3069 1754 primus
3092 1685 3421 1745 terminabit

149 1770 177 1839 Π
208 1771 503 1841 quadrato,
528 1772 675 1841 quod
701 1777 757 1824 et
784 1772 841 1824 in
865 1773 1048 1841 ﬁgura
1098 1778 1155 1825 et
1190 1772 1248 1826 in
1296 1773 1523 1843 syllabis
1552 1790 1744 1843 supra-
1763 1752 1885 1835 Bin
1912 1790 1963 1840 g,
1999 1752 2148 1843 quod
2173 1773 2293 1843 jam
2325 1752 2568 1844 positum
2597 1776 2701 1838 est,
2735 1752 3014 1827 secundus
3045 1760 3105 1828 in
3134 1763 3180 1851 ξ,
3220 1756 3421 1851 reliqui

149 1859 379 1929 scriptis
398 1860 837 1913 disconveniant.
854 1860 1037 1914 Unum
1064 1861 1288 1930 quidem
1307 1862 1425 1915 sive
1454 1862 1512 1915 in
1542 1862 1741 1932 spatio,

150 1948 269 2001 sive
302 1948 360 2001 in
390 1948 540 2002 linea
566 1943 851 2021 possident
880 1949 1081 2017 locum,
1105 1950 1197 2002 sed
1224 1949 1326 2002 hoc
1347 1951 1510 2003 modo
1537 1951 1745 2004 discer-

153 2042 390 2096 nuntur.
420 2036 567 2107 quod
611 2037 669 2089 in
704 2053 815 2106 qua
853 2052 1059 2097 neuma
1089 2039 1119 2089 b
1147 2037 1314 2090 molle
1356 2043 1537 2101 sonat,
1578 2055 1748 2114 super

152 2124 412 2185 eamdem
434 2140 467 2177 a
495 2125 763 2194 scriptore
794 2125 1114 2194 ponendum
1137 2130 1237 2177 est.
1264 2124 1484 2178 Habent
1500 2126 1557 2178 et
1577 2125 1744 2181 aliam

154 2230 354 2267 omnes
381 2213 742 2267 monochordi
772 2215 971 2268 litterae
994 2230 1101 2283 qua
1122 2214 1547 2283 distinguuntur
1566 2214 1747 2267 varie-

152 2306 359 2370 tatem,
388 2302 531 2359 hanc
562 2301 792 2368 scilicet,
834 2303 981 2373 quod
1011 2320 1045 2355 a
1076 2304 1118 2358 Γ
1144 2318 1320 2373 usque
1352 2302 1421 2359 ad
1450 2303 1492 2359 Ο
1522 2307 1750 2372 propter

156 2390 282 2444 soni
311 2393 643 2461 gravitatem
670 2408 868 2462 graves
915 2391 1196 2455 dicuntur,
1226 2408 1260 2444 a
1288 2392 1333 2445 D
1374 2408 1550 2461 usque
1576 2391 1647 2444 ad
1676 2391 1743 2456 G,

157 2495 225 2532 eo
252 2480 400 2549 quod
430 2480 680 2534 omnium
715 2481 772 2533 in
814 2482 893 2533 eis
936 2480 1229 2533 modorum
1269 2486 1466 2532 cantus
1496 2479 1741 2543 ﬁniatur,

158 2568 358 2623 ﬁnales
381 2569 754 2639 appellantur,
788 2568 858 2621 ab
882 2584 917 2621 α
947 2568 1166 2622 minuto
1203 2584 1381 2638 usque
1410 2569 1480 2621 ad
1506 2570 1541 2619 τί
1570 2574 1747 2620 acuta:

154 2663 445 2724 vocantur,
468 2664 695 2734 propter
712 2663 937 2719 acutum
968 2673 1134 2726 quem
1156 2658 1397 2716 reddunt
1412 2673 1630 2729 sonum,
1656 2673 1689 2713 τι
1712 2658 1747 2708 d

149 2760 336 2815 usque
363 2746 433 2805 ad
458 2762 492 2813 g
521 2751 866 2816 superacutse
895 2744 1178 2808 dicuntur,
1211 2745 1343 2815 quia
1379 2750 1572 2799 acutas
1601 2744 1747 2799 vocis

1076 2849 1110 2886 a
1357 2831 1399 2889 d

148 2923 414 2977 acumine
449 2930 735 2994 superant.
781 2922 926 2976 Item
958 2922 1028 2975 ab
1076 2936 1110 2975 a
1140 2934 1317 2991 usque
1347 2921 1381 2974 d
1411 2921 1744 2975 excellentes

148 3012 538 3077 nominantur,
574 3029 638 3067 eo
664 3013 812 3083 quod
843 3011 1013 3066 etiam
1038 3027 1207 3082 super
1233 3015 1431 3064 acutas
1452 3008 1575 3063 soni
1608 3025 1740 3078 gra-

147 3101 366 3155 cilitate
390 3102 676 3155 excellant.

848 3206 864 3613 ι

1192 3203 1212 3624 ἱ

153 3203 169 3633 ι

240 3224 438 3278 graves
505 3209 518 3278 |
585 3210 780 3262 iinales
848 3209 862 3278 |
941 3213 1116 3261 acutae
1192 3209 1207 3278 Ι
1286 3209 1632 3277 superacutze

221 3278 1207 3359 FABG|DEFG|abnml
1367 3285 1560 3359 efg:

1297 3419 1637 3477 Excellentes

1371 3490 1573 3557 chd

1371 3562 1578 3629 δηθά

1724 3207 1739 3639 ὶ

225 3670 406 3724 Datur
429 3670 510 3724 eis
539 3670 608 3723 ad
635 3671 739 3724 hoc
771 3676 829 3724 et
855 3670 964 3724 alia
992 3687 1025 3723 a
1054 3669 1385 3740 quibusdam
1424 3685 1526 3738 per
1565 3685 1745 3738 graeca

150 3761 425 3815 vocabula
452 3762 731 3823 discretio,
778 3779 901 3833 quae
952 3762 1086 3839 quia
1132 3761 1316 3814 minus
1366 3759 1601 3813 eruditis
1634 3766 1746 3812 non

151 3851 398 3904 multum
426 3850 685 3904 utilitatis
722 3852 973 3904 conferre
1015 3850 1367 3913 videbuntur,
1402 3848 1472 3904 ad
1502 3864 1746 3918 praesens

151 3940 366 3994 omissa
393 3946 543 3993 sunt.
573 3940 739 3993 Fiant
762 3946 947 3994 autem
970 3955 1164 3993 omnes
1184 3939 1268 3991 hae
1292 3938 1604 3991 litterarum
1636 3935 1747 3989 dis-

148 4028 475 4089 tinctiones.
511 4034 574 4083 ut
602 4029 865 4099 quoniam
896 4026 1144 4082 diversas
1164 4027 1332 4085 habet
1353 4026 1741 4097 proprietates,

150 4118 373 4172 facilius
403 4135 526 4188 quae
564 4118 639 4171 sit
678 4118 773 4171 illa
799 4123 855 4180 et
883 4118 980 4170 illa
1017 4117 1295 4187 possimus
1332 4108 1735 4171 internoscere.

156 4206 305 4260 Etde
325 4222 560 4260 numero
585 4205 807 4276 quidem
834 4207 1150 4259 litterarum
1180 4221 1245 4257 ac
1265 4204 1599 4257 discretione
1628 4202 1745 4255 suf-

153 4296 410 4350 ﬁcienter
437 4295 647 4349 dictum
669 4300 772 4361 est,
805 4311 955 4348 nunc
984 4294 1052 4347 de
1084 4309 1347 4347 mensura
1384 4290 1745 4345 monochordi

149 4385 459 4439 videamus.

228 4474 330 4529 VI.
365 4476 614 4545 Qualiter
642 4473 1084 4531 mensurandum
1107 4473 1180 4523 sit
1208 4471 1665 4525 monochordum.

226 4564 416 4625 Multa
436 4562 659 4645 quidem
680 4558 986 4620 acdivers'ae
1006 4565 1138 4615 sunt
1156 4558 1515 4619 monochordi
1537 4557 1749 4611 dimen-

153 4654 364 4719 siones,
399 4669 538 4731 quas
569 4668 763 4711 omnes
792 4666 1057 4704 enarrare
1089 4649 1313 4703 taedium
1363 4648 1547 4719 potius
1577 4662 1743 4717 quam

154 4742 468 4815 proficuum
520 4738 834 4817 legentibus
875 4744 1189 4813 generaret.
1237 4738 1591 4811 Quapropter
1645 4751 1746 4787 nos

152 4830 711 4903 compendiositatem
741 4833 1037 4887 sectantes,
1067 4845 1130 4881 ex
1162 4826 1350 4885 multis
1398 4842 1589 4883 unam,
1622 4840 1746 4900 quae

152 4918 371 4977 facilior
398 4924 568 4992 atque
596 4918 829 4972 celerior
852 4916 1161 4983 videbatur,
1194 4915 1401 4985 regulis
1430 4908 1638 4969 nostris
1667 4912 1747 4973 in-

150 5028 341 5066 serere
380 5008 713 5064 curavimus.
751 5007 1000 5060 Primum
1027 5023 1159 5077 ergo
1193 5005 1233 5059 I‘
1263 5004 1321 5057 in
1344 5003 1572 5057 sinistra
1589 5007 1747 5072 parte

152 5098 486 5155 monochodi
528 5095 624 5151 ubi
670 5096 913 5149 volueris
941 5095 1147 5166 ponito,
1184 5110 1219 5147 a
1247 5110 1355 5164 quo
1387 5108 1562 5161 usque
1591 5091 1660 5143 in.
1680 5091 1746 5142 fi-

151 5205 284 5244 nem
312 5202 511 5242 novem
540 5200 738 5257 passus
767 5186 1009 5255 aequales
1052 5184 1275 5237 metire.
1316 5180 1527 5245 Quibus
1557 5194 1745 5249 aequa.

153 5280 285 5340 liter
345 5275 617 5337 dimensis
660 5275 960 5344 diligenter
1013 5273 1305 5331 considera
1334 5270 1479 5341 quod
1532 5269 1746 5340 primus

155 5382 359 5439 passus
389 5364 658 5418 terminat
682 5364 738 5416 in
765 5362 1129 5430 A,secundus
1156 5365 1332 5419 vacat,
1368 5360 1570 5411 tertius
1595 5357 1653 5410 in
1674 5356 1738 5420 D,

233 5508 302 5577 (2)
336 5508 466 5560 Haec
494 5508 562 5560 de
593 5505 758 5577 verbo
790 5506 907 5563 fere
925 5521 990 5559 ex
1010 5502 1304 5577 NVilhelmi
1332 5503 1592 5577 Hirsaug.
1625 5515 1751 5577 mu:

159 5568 298 5643 sica,
352 5594 540 5653 supra,
598 5576 954 5653 ubigtamen
1008 5576 1125 5637 haec
1196 5571 1504 5653 interponit
1543 5568 1563 5653 _i
1719 5568 1755 5622 b

159 5655 295 5707 item
318 5644 560 5704 rotunda
586 5651 661 5703 ad
700 5651 871 5716 ﬁnem
898 5649 1139 5700 duorum
1166 5644 1436 5716 passuum
1462 5644 1618 5714 prior
1646 5645 1757 5694 ter-

1825 1866 2045 1916 vacant.
2079 1852 2159 1914 Ab
2188 1864 2221 1929 f
2231 1878 2452 1931 quoque
2477 1856 2547 1915 ad
2571 1858 2736 1915 ﬁnem
2758 1867 3001 1931 quatuor
3014 1846 3273 1935 passibus
3295 1846 3420 1935 par-

1826 1882 2045 1916 vacant.
2079 1882 2159 1914 AD
2188 1882 2209 1929 Ῑ
2231 1882 2452 1931 quoque
2477 1882 2547 1915 au
2571 1882 2736 1915 [1an
2758 1882 3001 1931 quatuor
3014 1882 3273 1935 passmus
3335 1882 3420 1917 ar-

1826 1948 1967 2013 titis,
1996 1950 2215 2019 primus
2243 1948 2573 2003 terminabit
2613 1949 2688 2011 in,
2727 1942 3034 2003 rotundum
3072 1882 3420 2021 duplicatum

1827 2037 2027 2107 reliqui
2083 2043 2299 2091 vincant.
2336 2036 2405 2091 Et
2442 2038 2500 2090 in
2538 2034 2644 2090 hac
2692 2030 2921 2106 quidem
2957 2026 3243 2103 divisione,
3295 2050 3421 2115 qua;

1826 2124 2083 2179 videlicet
2108 2126 2173 2178 ﬁt
2201 2123 2489 2195 quaternis
2531 2123 2809 2195 passibus,
2856 2129 3036 2179 totum
3085 2125 3424 2179 monochor-

1828 2214 1961 2266 dum
1991 2214 2301 2267 rectissime
2324 2228 2652 2267 mensurare
2678 2213 2903 2283 poterit,
2949 2211 3044 2287 qui
3072 2210 3422 2283 diligentiam

1828 2301 2092 2355 adhibere
2107 2303 2363 2355 voluerit.
2383 2303 2430 2355 A
2451 2316 2783 2372 quacunque
2804 2302 2951 2355 enim
2990 2307 3126 2355 nota
3156 2302 3225 2356 ad
3252 2302 3422 2361 finem

1828 2391 2191 2445 monochordi
2230 2397 2473 2461 quatuor
2518 2390 2760 2459 aequales
2792 2404 2990 2460 passus
3017 2390 3183 2455 ﬁunt,
3211 2390 3329 2444 tres
3358 2398 3425 2444 ex

1828 2477 1938 2530 illis
1984 2478 2333 2536 diatessaron
2357 2484 2416 2539 et
2442 2478 2723 2548 diapente,
2760 2494 2863 2537 nec
2901 2491 3011 2539 non
3061 2484 3119 2532 et
3154 2478 3425 2548 diapason

1828 2566 2135 2630 continent,
2158 2567 2391 2631 ultimus
2423 2583 2549 2623 vero
2563 2566 2706 2623 ﬁnit.
2720 2565 2904 2633 Verba
2920 2566 3105 2642 gratia
3124 2578 3160 2622 a
3182 2568 3223 2620 Γ
3244 2583 3424 2637 usque

1828 2655 1899 2706 ad
1932 2656 2100 2708 ﬁnem
2130 2661 2372 2725 quatuor
2397 2652 2667 2723 dimensis
2692 2654 2966 2723 passibus,
2982 2654 3197 2724 primus
3226 2655 3424 2708 termi-

1828 2742 1985 2796 nabit
2012 2743 2070 2795 in
2116 2745 2179 2808 C,
2211 2743 2358 2813 quod
2405 2750 2489 2796 est
2526 2744 2894 2809 diatessaron,
2944 2744 3219 2797 secundus
3260 2744 3320 2798 in
3351 2746 3419 2811 G,

1830 2832 1977 2901 quod
2012 2838 2096 2884 est
2123 2832 2404 2900 diapente,
2436 2831 2637 2884 tertius
2667 2831 2723 2883 in
2752 2847 2802 2898 g,
2840 2826 2988 2902 quOd
3013 2834 3099 2885 est
3128 2832 3421 2903 diapason,

1829 2925 2062 2989 quartus
2109 2919 2261 2979 ﬁnit.
2311 2919 2519 2978 Eodem
2569 2919 2735 2977 modo
2787 2924 2845 2973 et
2889 2919 3136 2990 reliquas
3167 2920 3421 2975 invenire

1825 3014 2003 3087 potes.

1893 3097 2018 3151 VII.
2055 3099 2204 3161 Unde
2222 3098 2446 3151 dicatur
2466 3097 2916 3221 montqfhordum,
2938 3102 2990 3161 et
3012 3099 3087 3163 ad
3115 3098 3252 3173 quid
3277 3102 3350 3159 ait

2540 3183 2577 3221 τι
2650 3184 2702 3221 e.

2540 3183 2677 3221 ume
2690 3212 2702 3223 .

1763 3266 1806 3324 ί]
1900 3255 2137 3326 Cognita
2148 3257 2267 3325 jam
2288 3244 2651 3309 monochordi
2671 3250 3043 3323 dimensione,
3063 3256 3213 3312 unde
3232 3262 3424 3313 mono-

1827 3342 2098 3401 chordum
2121 3345 2359 3404 dicatur,
2382 3344 2439 3396 et
2460 3342 2593 3413 quid
2606 3340 2870 3397 utilitatis
2901 3334 3152 3403 conferat
3170 3330 3422 3403 animad-

1826 3435 2154 3489 vertendum
2176 3438 2278 3487 est.
2299 3429 2747 3485 Mono‘chordum
2777 3438 3007 3504 propter
3024 3442 3216 3498 unam,
3251 3446 3421 3509 quam

1827 3520 2179 3579 solummodo
2210 3518 2395 3585 habet,
2429 3517 2695 3574 chordam
2725 3536 2931 3575 nomen
2960 3520 3190 3593 accepit,
3226 3510 3421 3585 Mones

1829 3613 2013 3684 (μόνος)
2043 3610 2320 3682 siquidem
2352 3624 2499 3663 unus
2529 3613 2585 3662 et
2614 3606 2764 3662 solus
2792 3625 2971 3683 graece
2999 3602 3226 3680 dicitur,
3265 3611 3416 3671 Unde

1828 3708 1885 3755 et
1911 3700 2217 3755 monachus
2239 3696 2440 3760 dictus,
2483 3695 2629 3768 quod
2672 3698 2823 3751 solus
2866 3713 2930 3751 ac
2968 3686 3269 3768 singularis
3298 3712 3420 3760 esse

1826 3788 2044 3844 debeat.
2067 3789 2265 3860 Itaque
2294 3788 2435 3842 sicut
2459 3782 2869 3841 decachordum
2898 3801 2932 3841 a
2960 3787 3150 3841 decem
3171 3786 3417 3859 chordis,

1829 3885 1885 3939 et
1910 3878 2311 3933 octochordum
2342 3872 2411 3930 ab
2441 3881 2583 3939 octo,
2616 3875 2696 3929 sic
2733 3874 3173 3935 monochordum
3205 3862 3275 3929 ab
3306 3886 3423 3933 una

1826 3967 2036 4021 chorda
2054 3972 2141 4020 est
2159 3964 2521 4037 appellatum.
2546 3961 2629 4018 Ad
2653 3963 2757 4017 hoc
2776 3966 2963 4017 autem
2977 3963 3419 4026 instrumentum

1826 4055 1977 4108 istud
2007 4053 2245 4125 perutile
2276 4059 2378 4118 est,
2413 4059 2477 4107 ut
2505 4058 2722 4117 cantus,
2754 4049 2821 4106 de
2850 4068 2960 4123 quo
2998 4050 3291 4108 dubitatur
3321 4071 3419 4109 ve-

1826 4137 1995 4196 rusne
2022 4141 2096 4195 sit
2120 4158 2192 4195 an
2216 4142 2411 4204 falsus,
2443 4139 2500 4195 in
2529 4157 2593 4195 eo
2621 4140 2905 4213 probetur.
2953 4136 3150 4195 Pueris
3195 4154 3418 4221 quoque

1827 4230 1939 4284 sive
1966 4229 2409 4283 adolescentibus
2438 4227 2510 4283 ad
2540 4230 2813 4284 musicam
2850 4230 3228 4287 asnirantlbus
3254 4233 3417 4287 adhi-

1828 4318 2045 4381 beatur,
2079 4322 2141 4371 ut
2177 4315 2246 4370 ad
2291 4318 2368 4383 id,
2403 4318 2550 4388 quod
2594 4314 2807 4373 discere
2847 4314 3060 4384 volunt,
3105 4320 3228 4389 ipso
3274 4316 3416 4376 duce

1763 4379 1813 4439 D
1830 4423 1965 4461 sono
1978 4379 2192 4459 facilius
2213 4379 2555 4477 pertingant.
2573 4405 2730 4461 Adde
2750 4379 3212 4491 praeterea,qulod
3223 4412 3420 4471 contra

1830 4494 2200 4567 quorumdam
2230 4494 2575 4547 lnsulsorum
2605 4494 2964 4550 rebellionem
2993 4497 3299 4568 plurimum
3330 4508 3421 4552 va-

1828 4586 1931 4651 let;
1960 4588 2093 4637 sunt
2118 4582 2324 4636 etenim
2358 4583 2608 4653 plerique
2643 4583 2829 4638 clerici
2870 4586 2957 4639 vel
2995 4578 3275 4654 monachi,
3322 4587 3418 4659 qui

1828 4677 2007 4727 artem
2056 4672 2199 4724 hanc
2245 4682 2427 4739 neque
2456 4670 2660 4735 sciunt,
2711 4688 2894 4742 neque
2939 4670 3081 4728 scire
3119 4675 3330 4742 volunt,
3363 4679 3420 4729 et

1828 4756 1975 4831 quod
2015 4756 2241 4829 gravius
2284 4762 2383 4811 est.
2437 4758 2677 4812 scientes
2705 4760 2946 4829 fugiunt,
3000 4758 3057 4815 et
3091 4756 3412 4816 abhorrent.

1828 4849 1985 4914 Quod
2028 4847 2076 4900 si
2128 4844 2448 4915 aliquando,
2496 4849 2561 4898 ut
2606 4847 2688 4913 tit,
2724 4846 2969 4903 musicus
3006 4866 3101 4904 eos
3130 4847 3198 4905 de
3226 4855 3415 4917 cantu,

1830 4955 1995 5010 quem
2025 4936 2108 4989 vel
2137 4948 2246 4987 non
2279 4938 2447 4991 recte,
2477 4934 2562 4987 vel
2592 4935 2958 5006 incomposite
2978 4939 3237 5007 efferunt,
3262 4955 3418 4994 com-

1829 5028 2018 5100 pellat,
2040 5025 2169 5078 irati
2197 5012 2555 5092 impudenter
2568 5022 2917 5094 obstrepunt,
2950 5026 3171 5081 veritati
3199 5029 3420 5099 acquie-

1829 5134 1982 5171 scere
2010 5114 2226 5177 nolunt,
2259 5122 2537 5182 suumque
2581 5126 2827 5165 errorem
2876 5128 3099 5169 summo
3127 5117 3421 5172 conamine

1828 5204 2158 5261 defundunt.
2176 5201 2326 5264 Quos
2347 5216 2450 5269 ego
2464 5199 2691 5264 invitus,
2715 5199 2783 5252 ad
2805 5200 3217 5271 corripiendam
3230 5210 3423 5260 tamen

1829 5294 2128 5350 stultitiam
2179 5290 2319 5353 dico,
2371 5306 2514 5343 caeco
2574 5288 2986 5359 insipientiores
3033 5291 3185 5346 haud
3214 5293 3424 5365 injuria

1833 5431 2071 5484 nu‘nabit
2092 5428 2155 5478 in
2184 5420 2229 5501 ξ’),
2254 5428 2521 5482 secundus
2548 5427 2694 5492 ﬁnit.
2722 5425 2762 5476 A
2795 5422 2831 5475 d
2859 5437 2982 5501 vero
3005 5426 3079 5477 ad
3107 5427 3272 5490 ﬁnem
3291 5428 3424 5482 duo-

1835 5552 1965 5591 rum
1982 5550 2247 5606 passuum
2283 5538 2445 5604 prior
2469 5532 2788 5587 terminabit
2818 5532 2882 5583 in
2907 5500 2965 5612 ἓ,
2986 5528 3255 5586 secundus
3273 5535 3424 5613 ﬁnit.

1840 5638 1975 5704 Quae
1997 5651 2128 5689 vero
2154 5634 2245 5688 hic
2272 5636 2587 5704 sequuntur
2618 5648 2629 5683 :
2663 5630 2733 5684 ab
2759 5627 2788 5681 f
2802 5627 2882 5682 ibi
2908 5626 3130 5683 desunt.
