3934 6374
454 303 592 362 1399

1861 313 1890 365 J
1900 353 1911 365 .
1953 309 2311 366 COTTONIS

3580 305 3726 364 1400

450 426 868 494 estimaverim,
887 444 1064 484 cacus
1093 445 1336 501 namque
1360 432 1506 500 quod
1537 430 1594 485 i'n
1623 449 1682 486 se
1711 449 1822 486 non
1854 433 2040 494 habet,
2060 434 2110 491 A
2128 431 2297 495 modi,
2331 429 2542 484 scilicet
2587 429 2946 485 semitonium
2984 446 3110 484 cum
3151 430 3433 502 diapente,
3461 434 3520 484 et
3546 433 3724 484 tonus

453 515 796 568 extrinsecus
826 518 1044 585 quaerit,
1076 519 1337 572 ducatum
1387 520 1643 573 videlicet
1687 521 1930 575 hominis
1959 521 2043 572 vel

453 602 657 665 baculi,
691 603 882 672 sicque
911 604 1015 657 sibi
1046 607 1316 674 providet,
1357 623 1427 660 ne
1473 607 1529 660 in
1577 609 1792 661 foveam
1841 609 2040 675 cadat;

454 705 583 743 cum
615 690 940 759 hujusmodi
968 692 1214 759 inutiles,
1241 711 1378 764 quos
1411 695 1586 749 Graeci
1623 697 1854 767 pulchre
1880 713 2043 750 ener-

454 777 715 848 guminos
748 777 818 847 (3)
848 786 1064 847 vocant,
1098 797 1279 850 neque
1324 799 1424 853 per
1465 800 1524 836 se
1567 784 1810 849 videant,
1863 801 2044 854 neque

453 864 763 920 videntium
792 868 1055 922 ducatum
1087 869 1346 924 incedere
1368 872 1722 925 contendant.
1740 872 1822 925 Ad
1851 889 2046 926 eorum

453 953 664 1024 itaque,
715 960 778 1008 ut
840 956 1098 1022 diximus,
1150 958 1580 1012 obstinationem
1648 961 2045 1014 confutandam

455 1043 898 1096 monochordum
929 1047 1253 1116 Opponitur,
1280 1053 1344 1101 ut
1372 1048 1466 1118 qui
1491 1049 1673 1102 verbis
1703 1049 1902 1102 musici
1931 1066 2047 1103 cre-

454 1129 587 1183 dere
616 1131 834 1197 nolunt,
863 1132 1036 1202 ipsius
1061 1135 1183 1188 soni
1215 1138 1574 1190 attestatione
1623 1138 2041 1192 convincantur.

489 1215 644 1271 VIII.
679 1220 833 1285 Quod
853 1223 1002 1274 modi
1031 1225 1164 1287 sint,
1190 1220 1649 1290 quibus‘melodia
1679 1231 2010 1279 contexitur.

525 1305 683 1359 Inter
734 1312 935 1362 catera
988 1310 1093 1363 hoc
1144 1329 1364 1381 quoque
1411 1314 1551 1366 scire
1589 1314 1865 1380 convenit,
1899 1315 2049 1384 quod

454 1410 654 1448 novem
683 1397 909 1450 omnino
938 1404 1070 1452 sunt
1099 1399 1272 1466 modi,
1321 1401 1524 1470 quibus
1575 1407 1756 1456 omnis
1806 1403 2049 1456 melodia

455 1483 788 1538 contexitur.
822 1486 1124 1551 Unisonus,
1154 1489 1536 1554 semitonium,
1579 1495 1766 1556 tonus,
1795 1491 2043 1557 ditonus,

453 1572 845 1638 semiditonus,
914 1575 1282 1640 diatessaron,
1343 1577 1624 1647 diapente,
1688 1579 2048 1633 semitonium

455 1675 585 1712 cum
615 1660 896 1730 diapente,
928 1666 1095 1716 tonus
1123 1680 1248 1716 cum
1281 1664 1560 1735 diapente.
1589 1668 1663 1720 Ex
1692 1667 1778 1720 his
1807 1685 1902 1721 sex
1923 1685 2050 1722 con-

452 1748 727 1801 sonantiae
769 1749 1050 1816 dicuntur,
1096 1751 1304 1807 scilicet
1353 1770 1475 1824 quae
1524 1755 1584 1808 in
1635 1761 1803 1810 cantu
1844 1757 2111 1837 saepiusB

454 1840 787 1902 consonant,
831 1836 888 1891 id
932 1845 1020 1892 est
1044 1839 1209 1893 simul
1256 1847 1460 1895 sonant
1508 1861 1520 1896 :
1562 1849 1663 1896 aut
1711 1850 1860 1898 certe
1899 1847 2049 1916 quod

456 1929 681 1988 sonant,
705 1925 762 1978 id
793 1925 1125 1996 quibusdam
1156 1930 1610 2000 proportionibus
1641 1939 1784 1987 natae
1811 1934 2049 1988 invicem

342 2050 348 2056 ο
453 2011 766 2077 continent,
799 2031 921 2086 quae
946 2017 1208 2073 dicuntur
1235 2021 1636 2090 sesquioctava,
1669 2023 2044 2093 sesquitertia,

455 2100 846 2170 sesquialtera,
877 2103 1071 2174 dupla,
1092 2106 1162 2160 de
1190 2105 1393 2176 quibus
1416 2113 1660 2163 tractare
1683 2111 1815 2180 quia
1843 2118 1898 2165 et
1918 2128 2051 2182 pue-

458 2188 540 2242 ris
570 2195 626 2242 et
658 2190 844 2246 minus
875 2193 1112 2247 eruditis
1144 2203 1293 2248 esset
1321 2213 1641 2264 onerosum,
1682 2200 1870 2269 pueris
1897 2201 2050 2254 enim

455 2281 514 2331 et
541 2279 792 2333 nondum
821 2282 1082 2351 perfectis
1114 2283 1418 2354 loquimur,
1442 2287 1931 2342 arithmeticorum
1950 2290 2054 2343 hoc

455 2364 756 2424 subtilitati
785 2370 1182 2441 relinquimus.

883 2495 1089 2566 Dupla.
1311 2499 1698 2568 Sesquitertia.

836 2601 1116 2672 piapason
1163 2601 1174 2672 Ι
1269 2601 1282 2672 |
1328 2606 1702 2660 Diatessaron.

837 2670 959 2726 II.'
1063 2670 1174 2732 Ι.Ι
1270 2670 1422 2732 IlV.
1606 2679 1708 2732 III.

774 2813 1175 2884 Sesquialtera.
1310 2820 1724 2890 Sesquioctava.

830 2903 1175 3065 Diape.—ntE_|

830 2994 907 3047 .II.
1042 2996 1112 3050 ΙΙ.
1329 2998 1423 3052 ΙΧ.
1548 2998 1698 3052 VIII.

809 2993 907 3047 ΙΙΙ.
1042 2996 1112 3050 ΙΙ.
1164 2993 1175 3052 Ι
1271 2993 1281 3052 Ι
1329 2998 1423 3052 ΙΧ.
1548 2998 1698 3052 VIII.

1267 2908 1283 3076 Ι

533 3141 818 3196 Unisonus
855 3142 1062 3197 dicitur
1085 3144 1244 3214 quasi
1271 3161 1416 3199 unus
1442 3161 1630 3211 sonus,
1656 3145 1806 3214 quod
1835 3161 1963 3199 cum
1983 3144 2058 3198 sit

461 3246 579 3286 una
607 3247 728 3298 vox,
761 3232 1024 3285 continue
1061 3234 1453 3303 repercutitur.
1496 3235 1684 3289 Tonus
1725 3252 1759 3288 a
1809 3233 2056 3288 tonando

459 3325 711 3386 vocatur,
736 3326 821 3374 est
850 3325 1039 3375 autem
1059 3327 1256 3375 tonare
1277 3328 1535 3393 potenter
1561 3340 1781 3389 sonare,
1807 3329 1864 3378 et
1889 3328 2056 3376 tonus

459 3407 663 3462 fortem
691 3407 863 3461 habet
888 3425 1091 3462 sonum
1119 3415 1376 3480 respectu
1415 3412 1696 3466 semitonii
1725 3431 1737 3466 :
1769 3412 1871 3465 Vel
1907 3417 2058 3465 certe

464 3513 501 3550 a
527 3496 734 3550 Graecis
758 3502 1046 3568 sumptum
1077 3503 1163 3551 est
1199 3499 1301 3552 hoc.
1343 3516 1544 3554 nomen
1570 3518 1584 3566 ;
1616 3517 1744 3554 cum
1774 3501 1924 3553 enim
1953 3499 2059 3570 ipsi

465 3585 658 3640 dicant
685 3585 844 3648 τόνος,
877 3602 979 3640 nos
1011 3587 1118 3640 oin
1145 3605 1181 3640 τι
1209 3592 1425 3642 mutata
1470 3595 1635 3644 tonus
1680 3589 1936 3642 dicimus.
1969 3589 2060 3642 Sic

469 3674 716 3745 Κάλαμος
771 3675 1057 3743 calamus;
1100 3677 1247 3746 ὕμνος
1300 3678 1560 3748 hymnus.
1606 3678 1978 3733 Semitonium
2025 3695 2060 3731 a

463 3761 702 3817 Platone
729 3763 925 3817 limma
953 3769 1208 3818 vocatum
1238 3771 1342 3832 est,
1366 3782 1430 3819 eo
1457 3767 1605 3836 quod
1627 3766 1702 3820 sit
1729 3783 1841 3820 non
1861 3766 2058 3836 plenus

465 3856 635 3906 tonus
661 3853 760 3906 sed
798 3852 1177 3924 imperfectus,
1204 3871 1316 3908 non
1339 3859 1403 3909 ut
1435 3855 1658 3926 quidam
1691 3855 1937 3926 imperiti
1965 3872 2058 3908 re-

465 3941 704 4007 solvant,
737 3941 1004 3996 dimidius
1017 3947 1200 3998 tonus.
1218 3944 1488 4014 Virgilius
1516 3944 1761 3997 semiviri
1786 3945 2054 4015 Phryges,

466 4029 525 4084 id
556 4035 659 4097 est,
707 4047 821 4085 non
872 4033 1023 4102 pleni
1071 4033 1197 4098 viri,
1247 4033 1378 4102 quia
1425 4049 1582 4086 more
1629 4033 1968 4087 feminarum
1999 4051 2058 4088 se

465 4121 730 4175 vestiunt.
777 4121 1016 4175 Ditonus
1051 4139 1200 4191 gaece
1239 4123 1575 4192 appellatur,
1618 4123 1766 4193 quod
1815 4123 1955 4176 duos
2000 4123 2061 4177 in

465 4223 526 4262 se
553 4213 715 4263 tonos
741 4209 962 4263 habeat.
999 4211 1379 4265 Semiditonus
1404 4217 1650 4278 vocatur,
1676 4211 1825 4282 quod
1849 4228 1961 4265 non
1991 4212 2066 4266 sit

464 4297 665 4368 plenus
690 4298 918 4352 ditonus
953 4317 964 4352 :
996 4300 1166 4370 hujus
1197 4305 1331 4354 sunt
1369 4301 1580 4371 species
1606 4301 1748 4366 duae,
1789 4316 1904 4354 una
1926 4307 2062 4354 tono

2125 536 2250 571 cum
2281 519 2558 588 diapente,
2588 519 2881 572 intervalla
2903 524 3192 576 vocantur,
3224 519 3293 572 Et
3312 523 3461 580 nota,
3491 519 3723 588 quando

2126 608 2264 660 dicis
2290 607 2649 660 semitonium
2676 624 2802 661 cum
2825 608 3110 678 diapente,
3160 624 3336 661 unum
3382 607 3611 661 modum
3643 607 3727 661 si-

2125 697 2375 765 gniﬁcas,
2393 696 2616 765 quando
2645 713 2774 749 vero
2803 697 3163 750 semitonium
3193 705 3251 749 et
3273 695 3555 766 diapente,
3577 695 3727 750 duos

2129 785 2324 838 modos
2353 785 2630 837 enuntias.
2666 785 2819 838 Idem
2846 785 2915 838 de
2944 790 3077 838 tono
3107 801 3234 838 cum
3263 784 3525 854 diapente
3545 783 3733 838 consi-

2128 873 2370 927 dera.Et
2385 873 2469 927 ha:
2490 873 2612 927 duae
2643 873 2906 926 clausulae
2935 873 3119 926 rarius
3147 873 3204 926 in
3233 879 3404 926 cantu
3431 872 3734 926 inveniun-

2127 968 2239 1016 tur.
2273 961 2347 1015 Ut
2374 966 2562 1014 autem
2610 961 2810 1015 horum
2854 961 3104 1014 omnium
3136 961 3205 1014 de
3241 959 3443 1031 quibus
3479 960 3734 1014 diximus

2127 1052 2422 1106 modorum
2451 1051 2796 1105 intensiones
2827 1056 2882 1103 et
2907 1049 3264 1104 remissiones
3283 1048 3445 1102 facile
3468 1053 3727 1119 pateant,

2126 1142 2311 1211 figura
2336 1143 2454 1196 haec
2482 1138 2872 1212 perspicienda
2901 1143 3005 1192 est.

3692 1409 3712 1748 1

2844 1431 2859 1749 Ι

2153 1439 2168 1762 l

2858 2000 2876 2340 |

2307 1507 2349 1560 C
2421 1503 2464 1557 Ο
2537 1504 2580 1558 C
2713 1431 2724 1569 Ι
2846 1431 2856 1569 Ι
2937 1503 3176 1557 intentio
3234 1431 3294 1569 ἧι
3353 1503 3610 1556 remissio

2282 1583 2345 1630 ut
2408 1582 2468 1629 ut
2535 1581 2596 1628 ut
2713 1574 2723 1630 1
2847 1574 2857 1630 I
2939 1575 3092 1628 Emi
3460 1574 3612 1627 miE

2299 1675 2580 1730 Unisonus
2713 1673 2724 1730 Ι
2847 1673 2858 1730 Ι
3095 1673 3464 1727 Semitonium

2488 2030 2535 2082 D
2858 2025 2870 2082 I
2989 2025 3002 2082 Ι
3323 2025 3366 2078 F

2251 2103 2458 2157 intens.
2490 2115 2549 2154 re
2585 2099 2775 2152 remis.
2859 2095 2871 2164 Ι
2991 2095 3003 2164 |
3083 2097 3290 2150 intens.
3313 2098 3373 2164 fa
3391 2095 3611 2149 remiss.

2253 2175 2385 2228 Cut
2646 2167 2872 2228 Cutl
2992 2167 3217 2228 lD-ro
3482 2167 3616 2220 Dre

2424 2271 2613 2324 Tonus
2861 2265 2872 2324 I
2994 2265 3005 2324 Ι
3159 2265 3540 2318 Semiditonus

2505 2605 2547 2658 E
2863 2601 2876 2658 l
2996 2601 3008 2658 Ι
3333 2601 3375 2654 F

2241 2677 2446 2731 intens.
2470 2678 2552 2729 mi
2573 2673 2792 2728 remiss.
2864 2671 2876 2739 |
2995 2671 3008 2739 |
3089 2671 3612 2739 intensfaremiss.

2246 2749 2379 2802 Cut
2655 2743 2875 2802 Cutl
2995 2743 3006 2802 I
3090 2745 3220 2796 Cut
3484 2743 3618 2796 Cut

2406 2845 2644 2899 Ditonus
2866 2842 2876 2899 Ι
2994 2842 3006 2899 Ι
3174 2842 3533 2894 Diatessaron

2496 3180 2545 3234 G
2869 3180 2882 3234 Ι
3001 3180 3010 3234 Ι
3341 3195 3371 3232 c

2254 3249 2790 3307 intens.sotremiss.
2869 3247 2881 3317 Ι
3001 3247 3010 3317 |
3093 3247 3380 3317 intens.fa
3398 3251 3619 3304 remiss.

2255 3325 2389 3378 Cut
2653 3319 2880 3378 Cutl
3000 3319 3010 3378 Ι
3095 3319 3249 3372 Emi
3470 3321 3624 3375 Emi

2376 3423 2669 3492 Diapente.
2869 3418 2880 3492 Ι
2997 3418 3421 3492 |Semiton.cum
3433 3418 3698 3490 diapente

2542 3796 2577 3832 Β

2257 3850 2499 3904 intensio
2525 3853 2578 3903 la
2605 3848 2860 3902 remissio

2259 3925 2298 3977 (Ξ
2333 3928 2395 3976 ut
2728 3921 2859 3974 Gut

2243 4023 2432 4075 Tonus
2454 4037 2579 4074 cum
2609 4020 2871 4090 diapente

468 4351 526 4438 et
553 4386 868 4454 semitonio,
900 4351 1092 4442 altera.
1126 4351 1442 4455 semitonid,
1494 4395 1552 4444 et
1593 4395 1726 4443 tono
1773 4395 2055 4443 constans.
2077 4351 2242 4440 DIX'
2278 4351 2413 4417 auat
2449 4355 2561 4404 smt
2598 4366 2790 4405 meum
2834 4351 3231 4420 dzswepantzz’
3265 4357 3314 4406 et
3341 4351 3404 4405 de
3434 4351 3732 4421 diapason'

464 4473 827 4528 Diatessaron
855 4475 1263 4547 interpretatur
1291 4479 1359 4532 de
1389 4484 1647 4548 quatuor,
1673 4478 1744 4531 ab
1770 4495 1886 4532 una
1909 4479 2060 4531 enim

466 4579 601 4616 voce
629 4563 902 4634 incipiens
917 4567 987 4619 ad
1009 4573 1268 4637 quartam
1291 4568 1551 4634 transilit,
1587 4574 1848 4623 constans
1868 4569 2059 4622 ditono

469 4657 528 4706 et
553 4652 870 4721 semitonio,
901 4661 965 4708 ut
993 4672 1025 4708 a
1058 4657 1098 4709 Γ
1129 4657 1200 4709 ad
1245 4657 1306 4710 C.
1351 4657 1447 4710 Est
1480 4663 1668 4712 autem
1712 4658 2060 4711 diatessaron

468 4741 797 4808 trimodum,
820 4744 974 4797 verbi
1001 4745 1184 4814 gratia
1216 4745 1303 4817 [ut
1325 4747 1403 4815 fa]
1430 4747 1510 4815 [re
1532 4745 1637 4818 sol]
1669 4745 1776 4818 [mi
1809 4745 1912 4817 Ia].
1935 4747 2061 4799 Dia-

467 4837 638 4903 pente
666 4832 839 4887 latine
859 4835 928 4888 de
959 4835 1207 4905 quinque
1233 4841 1412 4900 sonat,
1442 4852 1506 4888 eo
1527 4836 1674 4906 quod
1696 4835 1766 4888 ab
1794 4851 1907 4888 una
1925 4835 2060 4888 inci-

465 4921 627 4994 piens
669 4939 800 4978 voce
838 4924 909 4977 ad
955 4924 1207 4994 quintam
1249 4925 1453 4978 saltum
1477 4925 1624 4989 facit,
1669 4925 1882 4977 habens
1912 4923 1969 4976 in
1999 4940 2058 4977 se

465 5012 814 5067 diatessaron
862 5019 919 5068 et
954 5018 1172 5067 tonum.
1224 5014 1318 5068 Est
1365 5019 1554 5068 autem
1603 5012 2051 5083 quadrimodum,

464 5105 709 5176 primum
737 5105 886 5158 inter
918 5101 988 5175 [C
1017 5109 1075 5156 et
1100 5103 1489 5172 G]secundum
1520 5103 1665 5156 inter
1687 5101 1754 5171 [D
1785 5107 1841 5154 et
1869 5101 1920 5170 a]
1941 5106 2057 5153 ter-

462 5195 606 5251 tium
627 5193 776 5248 inter
803 5191 893 5266 [Et
913 5198 968 5245 et
991 5193 1040 5263 η]
1072 5193 1430 5263 quadratum,
1460 5197 1721 5263 quartum
1752 5191 1810 5243 in
1838 5189 2059 5242 inferio-

461 5285 619 5340 ribus
649 5283 877 5356 syllabis
889 5283 1039 5336 inter
1059 5281 1131 5354 [Γ
1157 5288 1214 5336 et
1229 5281 1298 5355 Ο]
1324 5301 1334 5336 :
1361 5282 1471 5336 duo
1491 5285 1701 5346 autem,
1727 5279 1822 5350 qui
1841 5283 2060 5332 restant

527 5531 612 5603 (3)
656 5534 856 5590 Melius
886 5529 1285 5604 ἆνεργουμένους,
1332 5530 1391 5584 id
1433 5533 1540 5596 est,
1579 5531 1696 5584 sine
1735 5545 1917 5597 sensu,
1960 5533 2061 5582 aut

458 5619 634 5672 opere,
673 5605 882 5660 inertes
895 5653 909 5665 .

2217 4511 2485 4566 Omnium
2515 4516 2704 4565 autem
2734 4511 2935 4564 harum
2966 4511 3346 4565 clausularum
3388 4511 3641 4582 exempla
3678 4513 3741 4568 in

2143 4607 2312 4654 cantu
2342 4617 2506 4654 nosse
2527 4600 2854 4654 desiderans
2875 4600 3052 4654 discat
3077 4600 3411 4654 cantilenam
3439 4601 3742 4656 istam.Ter

2144 4693 2293 4745 terni
2330 4695 2461 4742 sunt
2492 4691 2642 4742 modi
2687 4692 2886 4756 quibus
2915 4692 3095 4742 omnis
3121 4693 3401 4744 cantilena
3423 4693 3744 4744 contexitur

2143 4785 2199 4831 et
2217 4783 2418 4831 caetera
2441 4775 2537 4846 (4).
2559 4777 2687 4830 Haec
2713 4777 2861 4830 enim
2893 4776 2965 4828 ad
2991 4777 3399 4846 dignoscendas
3426 4793 3622 4831 omnes
3650 4794 3741 4832 ca-

2142 4866 2312 4920 nendi
2341 4865 2640 4919 varietates
2669 4865 2810 4918 adeo
2839 4865 2995 4918 utilis
3020 4871 3123 4926 est,
3161 4871 3229 4918 ut
3254 4865 3444 4937 pueris
3469 4865 3639 4919 etiam
3660 4866 3742 4920 fa-

2140 4956 2413 5009 cillimum
2443 4955 2515 5008 ad
2544 4952 2812 5006 musicam
2845 4969 3128 5008 accessum
3159 4960 3337 5025 paret.
3371 4954 3646 5008 Similiter
3682 4961 3742 5009 et

2422 5061 3450 5116 GaGfDGaDGGFDG

2141 5170 2266 5223 ista.
2291 5171 2392 5222 Ter
2422 5171 2534 5222 tria
2544 5171 2874 5236 junctorum
2896 5173 3026 5222 sunt
3049 5171 3348 5222 intervalla
3367 5170 3736 5240 sonorum(5).

2212 5275 2498 5348 Superius,
2532 5291 2659 5328 cum
2686 5274 2755 5327 de
2793 5274 2941 5328 notis
2969 5275 3331 5330 monochordi
3359 5280 3736 5332 tractaremus

2213 5525 2283 5591 (4)
2325 5523 2480 5578 Hanc
2504 5524 2675 5578 habes
2705 5525 2762 5579 in
2790 5525 3088 5580 Humum
3114 5524 3345 5580 Musica.

2213 5595 2282 5671 (5)
2321 5596 2478 5651 Hanc
2500 5596 2626 5651 vide
2653 5595 2882 5651 ibidem.
