3934 6380
133 337 267 396 1401

1623 350 1910 406 MUSICA.

3264 347 3404 408 1402

136 479 310 522 unam
337 482 566 524 causam
593 468 910 525 dimisimus
937 469 1326 537 indiscussam,
1363 473 1509 528 hanc
1530 472 1728 528 videli-
1744 476 1796 534 Α
1810 490 1843 541 g
1879 472 2118 538 minuta,
2150 474 2209 526 et
2236 471 2315 525 sic
2339 469 2408 524 de
2433 468 3071 533 aliis.Quemadmodum
3102 489 3234 543 ergo
3252 478 3403 528 octa-

137 561 242 621 cet,
262 572 366 611 cur
382 563 593 628 septem
615 559 763 612 notis
783 559 990 612 eaedem
1013 567 1374 632 repetantur;
1403 563 1550 633 quod
1582 579 1732 616 nunc
1813 579 1880 615 va
1907 567 2058 628 nota,
2093 577 2219 614 cum
2247 559 2428 630 prima
2460 564 2548 612 est
2567 559 2784 623 eadem,
2817 560 2912 614 sed
2934 578 3044 615 non
3071 562 3404 628 omnino,ita

135 643 274 698 libet
293 646 530 716 aperire.
555 647 780 718 Septem
793 654 939 702 notae
959 648 1030 702 ob
1052 651 1288 704 totidem
1321 668 1516 706 vocum
1531 652 1734 709 discre-
1811 650 2080 704 nimirum
2108 666 2209 703 vox
2231 655 2424 702 octava
2451 664 2579 701 cum
2611 647 2795 718 prima
2821 649 2880 702 in
2937 651 3060 703 soni
3113 650 3408 704 concordia

134 733 362 802 pantias
390 741 695 805 ponuntur.
723 737 947 807 Septem
973 742 1162 791 autem
1191 738 1385 808 positis
1413 739 1620 793 eaedem
1640 756 1732 792 re-

136 825 428 891 petuntur,
462 824 593 894 quia
620 841 746 879 cum
775 830 990 896 septem
1019 843 1179 880 voces
1208 827 1356 881 inter
1384 845 1444 882 se
1479 827 1592 881 sint
1617 827 1732 881 dis-

136 925 309 977 sonae,
331 915 526 966 octava
545 929 674 967 cum
694 914 878 985 prima
922 917 1237 970 concordat.
1275 917 1433 980 Quod
1459 917 1551 970 ille
1571 933 1732 986 egre-

135 999 265 1067 gius
283 1000 493 1055 artium
522 1001 888 1072 investigator
944 1003 1017 1074 (6)
1069 1005 1382 1059 rectissime
1437 1005 1735 1076 perpendit

138 1088 409 1158 quoniam
436 1089 520 1143 ait
547 1112 560 1147 :

211 1177 542 1246 Obloquitur
569 1184 821 1236 numeris
848 1187 1048 1251 septem
1085 1183 1416 1238 discrimina
1448 1199 1660 1238 vocum.

135 1263 296 1323 Sicut
324 1282 458 1336 ergo
487 1283 652 1323 omne
678 1275 904 1340 tempus
947 1288 1048 1342 per
1104 1278 1318 1342 septem
1361 1272 1480 1327 dies
1538 1272 1732 1338 currit,

132 1352 272 1406 dum
304 1353 564 1409 videlicet
583 1361 797 1428 septem
830 1364 1150 1424 transeunt,
1174 1365 1232 1414 et
1246 1361 1452 1414 eaedem
1470 1367 1737 1431 repetun-

133 1446 250 1507 tur,
285 1441 365 1495 sic
393 1439 604 1497 musica
622 1462 724 1515 per
751 1451 962 1516 septem
994 1449 1387 1502 tantummodo
1414 1465 1612 1503 vocum
1640 1465 1737 1502 va-

137 1527 373 1584 rietates
399 1532 676 1601 graditur.
700 1535 1024 1590 Notandum
1051 1542 1262 1605 tamen,
1295 1539 1443 1608 quod
1472 1541 1620 1592 notae
1635 1554 1738 1591 eae-

135 1618 269 1672 dem
299 1625 650 1690 repetuntur,
679 1623 775 1676 sed
805 1641 918 1678 non
947 1626 1176 1680 omnino
1226 1627 1454 1689 eaedem,
1501 1626 1634 1697 quia
1675 1627 1735 1681 in

140 1706 327 1777 ﬁgura
346 1724 460 1762 non
480 1710 706 1764 eaedem.
730 1713 914 1767 Aliam
953 1730 1198 1786 namque
1223 1716 1463 1785 ﬁguram
1488 1715 1657 1769 habet
1693 1715 1735 1768 F

135 1795 312 1851 aliam
340 1797 390 1850 G
419 1799 672 1870 capitalis
699 1809 757 1856 et
796 1802 922 1874 ipsa
949 1804 998 1858 G
1028 1805 1302 1876 capitalis,
1337 1805 1508 1860 aliam
1560 1819 1730 1875 quam

1815 750 1898 794 est
1919 739 2136 802 eadem,
2177 738 2274 792 sed
2318 753 2430 791 non
2452 737 2701 800 omnino,
2727 739 2860 807 quia
2888 754 3060 792 sonus
3090 740 3196 792 iste
3219 739 3405 809 gravis

1815 832 1920 893 est,
1936 827 2031 881 ille
2053 831 2270 881 acutus.
2304 826 2373 879 Et
2402 825 2491 878 hic
2517 825 2754 879 canendi
2783 827 2983 881 modus
3020 827 3307 881 rarissime
3347 827 3407 880 in

1814 921 1983 970 cantu
2014 915 2256 969 usitatus
2286 914 2780 985 reperitur.Graaco
2793 920 2985 969 autem
3003 915 3272 970 vocabulo
3292 916 3410 970 dia-

1814 1021 1988 1076 pason
2017 1004 2364 1069 nominatur,
2394 1003 2541 1073 quod
2563 1002 2969 1074 interpretatur
2997 1005 3066 1058 de
3123 1003 3406 1071 omnibus,

1816 1099 1874 1148 et
1891 1095 1996 1147 hoc
2013 1109 2218 1146 nomen
2234 1091 2423 1160 habet,
2444 1092 2560 1145 sive
2600 1093 2748 1162 quod
2789 1109 2985 1147 omnes
3010 1094 3406 1148 consonantias

1815 1183 1873 1236 in
1905 1199 1964 1236 se
1985 1182 2239 1248 includit,
2267 1182 2381 1235 sive
2411 1181 2561 1251 quod
2603 1179 2672 1234 ab
2723 1197 2838 1235 una
2866 1199 2997 1236 voce
3026 1182 3296 1236 inchoans
3333 1183 3406 1236 ad

1819 1276 2073 1325 octavam
2104 1271 2308 1324 saltum
2340 1269 2494 1335 facit,
2527 1269 2718 1339 sicque
2739 1286 2932 1324 omnes
2981 1286 3176 1324 vocum
3205 1270 3409 1324 discre-

1818 1360 2060 1431 pantias,
2095 1375 2216 1430 quae
2264 1363 2398 1412 sunt
2443 1363 2680 1428 septem,
2711 1358 2770 1411 in
2802 1375 2861 1412 se
2916 1359 3184 1415 continet.
3225 1359 3406 1422 Quam

1819 1449 2110 1521 pulchram
2139 1464 2267 1502 vero
2286 1447 2868 1517 quamquedecentem
2898 1447 3410 1517 diapasonconcor-

1820 1539 1972 1591 diam
1997 1537 2203 1590 habeat
2243 1535 2468 1606 probari
2490 1535 2750 1605 perfacile
2798 1540 2900 1601 est,
2933 1535 2980 1589 si
3009 1536 3119 1590 duo
3172 1536 3257 1589 vel
3291 1541 3407 1589 tres

1820 1626 1988 1680 simul
2013 1629 2256 1689 cantent,
2291 1623 2372 1676 ita
2402 1622 2629 1689 scilicet,
2653 1628 2718 1677 ut
2743 1639 2891 1677 unus
2920 1623 3096 1692 gravi,
3129 1623 3408 1677 secundus

1819 1719 2003 1781 acuta,
2031 1713 2233 1768 tertius
2254 1712 2548 1767 excellenti
2577 1729 2708 1767 voce
2736 1717 2930 1767 utatur
2958 1713 3063 1767 hoc
3090 1712 3274 1766 modo.

800 1928 1415 1999 aadcnca
1616 1967 1833 2008 l-SK

201 1992 408 2046 Excell.
505 2036 692 2080 εει
801 2024 1413 2107 διαάοηοὸ
1523 2037 1831 2082 gas:

453 2103 673 2160 Laudes
709 2107 974 2161 salvatori
1011 2123 1142 2161 voce
1179 2103 1535 2161 modulemur
1572 2106 1836 2178 supplici.

217 2204 374 2258 Acut.
491 2197 620 2252 GG
727 2195 1129 2252 GaaGdc
1279 2196 1608 2270 qcaGa
1701 2197 1836 2252 αα

451 2287 672 2342 Laudes
707 2285 972 2340 salvatori
1007 2300 1145 2341 voce
1183 2285 1540 2340 modulemur
1576 2287 1832 2358 supplici.

227 2415 393 2473 Grav.
451 2376 618 2473 ,Γίῗ
729 2375 1146 2473 nemo
1219 2376 1499 2473 39%“
1568 2377 1620 2430 Α
1709 2377 1835 2473 Ψ

450 2465 670 2522 Laudes
711 2464 978 2518 salvatori
1015 2480 1147 2518 voce
1184 2464 1540 2519 modulemur
1575 2464 1831 2536 supplici.

218 2673 492 2730 Nonnulli
513 2672 683 2726 etiam
698 2671 969 2741 diapason
986 2669 1410 2723 consonantiam
1429 2673 1630 2723 vocant
1657 2670 1740 2723 vel
1757 2683 1804 2742 Β
1822 2669 2063 2740 primam
2083 2671 2140 2723 et
2169 2673 2421 2723 octavam
2451 2684 2641 2722 vocem
2659 2669 2746 2723 vel
2775 2669 3009 2724 inferius
3037 2669 3407 2736 diatessaron,

151 2769 383 2837 propter
407 2761 846 2833 proportionem,
879 2759 964 2812 vel
994 2759 1126 2829 quia
1151 2758 1206 2811 in
1247 2758 1429 2828 prima
1466 2764 1522 2812 et
1549 2763 1742 2812 octava
1823 2763 1879 2812 et
1903 2759 2163 2828 diapente
2194 2758 2472 2829 superius,
2503 2758 2590 2811 vel
2619 2774 2649 2812 e
2696 2775 2959 2813 converso
3015 2759 3305 2824 habeatur,
3350 2763 3416 2812 ut

144 2869 450 2908 consonam
480 2849 664 2904 reddit
683 2848 1141 2911 modulationem,
1175 2847 1260 2899 vel
1309 2846 1478 2900 etiam
1505 2847 1638 2917 quia
1674 2864 1741 2901 ex
1822 2848 1970 2901 inter
1999 2848 2041 2901 C
2071 2853 2128 2900 et
2147 2863 2196 2914 c,
2223 2846 2428 2900 interD
2468 2851 2524 2900 et
2564 2846 2620 2914 d,
2660 2847 2808 2902 inter
2828 2848 2871 2902 E
2900 2852 2958 2901 et
2980 2865 3031 2915 e,
3054 2848 3203 2918 quod
3223 2848 3282 2901 in
3306 2848 3412 2901 hac

1822 2936 2003 3007 ﬁgura
2029 2935 2382 2990 considerare
2409 2941 2590 3006 potes.
2949 2935 2960 2937 ’

141 2939 524 2997 consonantiis
552 2942 789 3004 constat,
822 2936 1100 3007 siquidem
1155 2936 1506 2990 diatessaron
1548 2941 1605 2990 et
1627 2936 1742 2989 dia-

140 3035 311 3104 pente
341 3029 692 3085 constituunt
717 3027 1008 3098 diapason,
1059 3025 1372 3096 praesertim
1419 3040 1548 3079 cum
1593 3025 1742 3078 inter

1447 3411 1590 3546 svi.
1646 3448 1680 3482 ε’
1737 3489 1774 3543 d
1819 3448 1854 3483 θ
1891 3377 2100 3569 $400,

1302 3534 1532 3710 ὺθδῦῗθ
1758 3598 1952 3782 \
2004 3560 2195 3690 032%

1183 3681 1302 3805 καὶ)Φᾶ
1309 3707 1433 3828 θέεν
1443 3698 1646 3833 εέθῦᾳοθ
1894 3676 2345 3834 αέᾕᾷῥθφὲνοθὺ

1378 3956 1465 4034 ὺτδ
1635 3988 1673 4060 ἓ
1732 3970 1770 4040 ἓ
1831 3990 1867 4027 ς
2061 3955 2094 3989 Θ

1637 4064 1673 4090 ω
1734 4045 1770 4105 ἒ
1831 4032 1869 4127 Ξ)

991 4103 1046 4159 Φ
1137 4122 1170 4160 a
1637 4093 1692 4162 ἓ.
1736 4111 1789 4144 ο-
2196 4091 2240 4149 Ῠ
2359 4089 2406 4142 G
2497 4111 2531 4150 ἃ

1239 4353 1272 4387 θ
1357 4330 1410 4392 οἳ)
1436 4277 1578 4412 20903,
1939 4267 2210 4411 egi???

1264 4380 1336 4449 ,φφ
1400 4368 1505 4462 090,
1552 4395 1618 4458 ,ςο
1895 4399 1955 4456 οδ
2016 4397 2095 4474 ᾡς
2171 4365 2277 4468 ﬁo}?

1329 4440 1458 4568 90’6"
1479 4446 1556 4531 έῖο
1860 4441 1909 4484 δ
1937 4460 2033 4546 go}
2066 4449 2183 4573 $6390

1415 4568 1425 4578 .
1437 4557 1488 4603 ρ
2005 4558 2072 4619 ὑο

1731 4683 1780 4738 D
1894 4676 1956 4739 θ

1618 4737 1673 4792 Ω)

213 5004 294 5077 (6)
335 5005 625 5076 Virgilius.

212 5070 288 5146 (τ)
332 5077 397 5132 In
421 5070 572 5131 scala
603 5076 820 5130 musica
844 5091 948 5128 vox
973 5072 1159 5145 gravis
1193 5077 1249 5128 et
1278 5077 1447 5128 acuta
1475 5071 1556 5127 ita
1582 5072 1914 5144 exprimitur
1941 5073 2150 5128 nostris
2179 5070 2407 5126 notulis.

1243 5368 1499 5381 __‘__,__

215 5371 629 5384 Μ

1597 5409 1795 5424 -Ρ

1929 5371 2224 5382 _—..——_._

2590 5413 2830 5424 ._—_—_.

757 5257 3428 5340 :Wzgm:

757 5279 3428 5340 ΞΞ-’ῖ-ῖιῖζιῑρέ-ΞΞΞᾙΤΕΙΞ

135 5279 3329 5462 Ξεε-ενς--τ--μπεῖ-ρ--μ-ρ
2845 5355 3429 5464 Γ-εε

147 5409 2159 5492 -ι--ι--οι--ΙΞ--ΙΞΣΞ--ω--ν-
2167 5449 2455 5474 ..ψ-η-
2588 5437 2842 5488 -ιρ-
3070 5433 3266 5484 -ι-
3329 5425 3429 5474 -ι

682 5437 1432 5485 _..__.-._._..___
1498 5448 1629 5464 ——..

682 5512 778 5566 Sal
922 5525 1030 5599 va.
1167 5518 1225 5566 to
1369 5437 1499 5563 ril
1563 5527 1629 5564 vo

147 5443 534 5493 '__'._

218 5517 340 5572 Lau
441 5515 540 5570 des

1498 5448 1796 5464 η-η--ι-ω-

1738 5524 1801 5562 ce

1800 5456 2062 5465 ἡ...

1911 5524 2004 5563 mo

143 5640 441 5697 Excellens
466 5655 599 5696 vero
629 5639 686 5695 in
718 5653 985 5710 suprema
1007 5641 1201 5692 octava
1227 5651 1329 5692 seu
1356 5635 1724 5707 bisdiapason
1747 5632 2127 5691 constituitur.
