3934 6360
499 334 646 397 uol
1911 330 2109 400 ισοξ

2194 332 2359 397 [illis
3644 345 3788 404 1404

608 462 677 516 X.
702 464 777 517 De
801 465 997 525 modis,
1030 467 1178 532 quod
1195 467 1413 521 abusive
1438 472 1589 522 tones
1620 471 1984 537 appellamus.
2110 470 2161 528 A
2180 481 2305 537 qum
2332 470 2388 519 et
2404 469 2761 537 pabsetiones
2780 464 3051 540 appellari
3064 473 3316 539 possunt,
3349 466 3564 525 scilicet
3595 456 3787 541 colon,

573 551 872 609 Sciendum
899 566 1141 624 quoque.
1175 556 1324 624 quod
1386 558 1554 620 modi,
1588 574 1744 628 quos.
1781 558 1863 611 uti
1916 556 2101 611 Guido
2184 556 2268 608 vel
2290 555 2623 614 membrum.
2655 573 2876 610 comma
2930 557 3143 619 incisio,
3194 558 3455 627 periodus
3510 560 3788 621 clausura

520 640 742 701 merit,
797 640 1025 695 abusive
1074 649 1236 697 tonos
1266 646 1630 725 appellamus,
1673 652 1798 700 octo
1837 650 1988 707 sunt,
2030 644 2101 697 ad
2185 643 2296 696 sive
2315 644 2598 706 circuitus,
2617 650 2674 698 et
2704 646 2784 699 ita
2807 645 2866 698 in
2893 648 3076 699 cantu.
3094 644 3157 700 In
3174 662 3341 725 prosa
3370 642 3576 718 quippe
3598 662 3791 725 quan-

503 727 889 793 imitetionem
914 728 1171 785 videlicet
1197 738 1322 786 cete
1341 720 1605 803 partium
1635 735 1923 789 orationis.
1956 734 2101 787 Gon-
2186 731 2257 785 do
2285 733 2614 803 suspensive
2642 733 2867 810 legitur,
2899 735 3060 788 colon
3116 720 3374 802 vocatur;
3417 722 3645 806 quando
3684 746 3794 815 per

504 818 716 885 gruum
747 818 955 889 quippe
972 815 1212 887 videtur,
1232 827 1299 876 ut
1327 822 1465 877 sicut
1491 827 1619 877 octo
1638 823 1893 894 partibus
1916 822 2098 876 conti-
2181 818 2497 889 legitimum
2543 824 2814 891 punctum
2866 820 3149 875 sententia
3200 818 3469 877 dividitur
3516 839 3787 892 comma;

506 909 675 959 near
693 921 860 961 omne
887 909 1034 978 quod
1050 909 1275 976 dicitur,
1310 911 1390 965 sic
1416 912 1742 966 moderetur
1767 911 1947 965 modis
1974 913 2100 964 octo
2183 907 2405 977 quando
2432 909 2716 964 sententia
2740 909 2809 964 ad
2835 908 3007 963 linem
3038 906 3334 965 deducitur
3379 901 3648 982 periodus
3677 916 3787 966 est.

506 1009 672 1055 omne
691 996 838 1065 quod
873 996 1113 1051 canitur.
1143 996 1254 1057 Sed
1274 1006 1401 1053 eum
1429 1016 1578 1056 nunc
1609 1002 1733 1055 octo
1751 1003 1899 1064 sunt,
1926 1010 2099 1070 quon-—
2181 994 2352 1048 Verbi
2388 997 2612 1066 gratia:
2647 1000 2808 1052 Anno
2849 997 3252 1065 (,uz'ntodect'mo
3307 1001 3537 1067 imperii
3573 994 3792 1054 Tiberii

513 1081 640 1136 dum
669 1082 947 1139 duntaxat
970 1093 1217 1156 quatuor
1243 1093 1425 1153 erant,
1445 1089 1513 1143 ad
1542 1089 1967 1143 similitudinem
1985 1089 2099 1140 i'or-
2183 1083 2428 1148 Cesaris,
2461 1085 2550 1138 hic
2576 1086 2632 1139 in
2681 1086 2941 1140 omnibus
2990 1087 3212 1157 punctis
3237 1086 3397 1140 colon
3427 1086 3532 1152 est,
3575 1086 3789 1142 deinde

2183 1170 2278 1224 ubi
2306 1171 2585 1243 subditur,
2634 1176 2734 1228 sub
2758 1176 3109 1243 principibus
3161 1172 3505 1229 sacerdotum
3533 1174 3709 1230 Anna
3738 1182 3789 1231 et

506 1263 603 1313 tur
631 1266 873 1330 quatuor
900 1264 1269 1334 temporibus,
1310 1266 1390 1320 sic
1419 1272 1662 1337 quatuor
1696 1266 1876 1320 modis
1906 1266 2101 1318 dlstln-
2184 1260 2408 1327 Oatpha,
2440 1272 2661 1315 comma
2690 1267 2775 1316 est
2805 1263 2900 1316 :in
2928 1264 3039 1316 line
3069 1267 3259 1316 autem
3287 1268 3477 1317 versus
3507 1263 3666 1317 verbi
3701 1269 3791 1318 est

505 1346 701 1415 gnitur
728 1350 911 1403 omnis
939 1357 1155 1405 cantus.
1187 1348 1255 1406 Et
1287 1354 1388 1407 hos
1421 1361 1666 1424 quatuor
1695 1354 1888 1408 modos
1943 1352 2100 1405 Psal-
2182 1349 2465 1406 Zachariae
2488 1353 2673 1416 ﬁliuni
2700 1354 2763 1404 in
2807 1353 3032 1413 deserto,
3068 1348 3332 1421 periodus
3363 1357 3467 1405 est.
3506 1351 3789 1407 Similiter

507 1433 677 1487 mixta
703 1442 902 1491 natura
931 1438 1167 1504 videtur,
1192 1441 1286 1494 ubi
1309 1440 1472 1496 dicit:
1505 1445 1722 1511 psallite
1759 1444 1864 1496 Deo
1895 1445 2098 1504 nostra,
2184 1446 2308 1488 cum
2329 1443 2528 1491 cantus
2549 1439 2607 1492 in
2627 1443 2875 1509 quartae
2893 1439 3047 1493 ﬁnali
3074 1455 3205 1492 voce
3226 1456 3327 1518 per
3352 1434 3788 1510 suspensionem

504 1525 747 1590 psallite,
778 1524 999 1592 psallite
1021 1532 1139 1595 regi
1167 1535 1351 1583 nostro
1374 1534 1610 1598 psallite.
1667 1530 1778 1584 Sed
1826 1542 1927 1584 cur
1955 1536 2104 1582 nunc
2185 1528 2578 1593 pausatmolon
2604 1532 2723 1593 est;
2747 1536 2873 1582 eum
2896 1528 2955 1580 in
2998 1525 3181 1582 medio
3197 1529 3268 1581 ad
3297 1528 3522 1582 ﬁnalem
3552 1529 3788 1583 reduci-

511 1616 637 1664 περ
666 1612 801 1675 sint,
831 1628 958 1669 cum
991 1616 1125 1675 olim
1184 1620 1574 1673 tantummodo
1619 1624 1864 1690 quatuor
1916 1610 2104 1671 essent
2184 1619 2297 1675 tur,
2325 1623 2545 1673 comma
2573 1622 2695 1683 est;
2727 1632 2855 1670 cum
2884 1616 2943 1669 in
2967 1617 3080 1670 line
3114 1616 3187 1670 ad
3230 1614 3455 1670 ﬁnalem
3502 1617 3784 1687 pervenit,

508 1699 641 1753 licet
661 1702 949 1773 paulisper
975 1700 1370 1769 intermittere,
1398 1713 1456 1762 et
1505 1720 1607 1762 cur
1657 1707 1807 1762 modi
1853 1707 1935 1760 vel
1955 1706 2102 1776 tropi
2186 1702 2448 1771 periodus
2476 1709 2579 1757 est.
2611 1705 2686 1760 Ut
2714 1705 2773 1758 in
2822 1705 2927 1759 hac
2976 1704 3304 1775 antiphona,
3339 1707 3531 1757 Petrus
3567 1711 3784 1781 autem,

512 1787 792 1855 dicantur,
823 1808 1049 1846 causam
1071 1796 1322 1849 reddere.
2119 1824 2168 1883 Β
2185 1791 2363 1853 colon,
2388 1794 2712 1846 servabatur
2730 1798 2793 1847 in
2813 1804 3044 1851 uincere,
3066 1808 3305 1858 comma,
3321 1798 3366 1845 et
3390 1794 3570 1846 cmtz’o
3598 1793 3783 1859 ﬁebat,

584 1877 734 1932 Modi
754 1895 787 1932 a
811 1881 1152 1937 moderando
1182 1884 1295 1938 sive
1341 1885 1679 1939 modulando
1737 1885 1918 1939 vocati
1948 1889 2096 1951 sunt,
2119 1877 2163 1883 ⁷
2185 1879 2368 1947 001011,
2385 1894 2489 1947 pro
2508 1897 2564 1933 ϐο
2585 1883 3142 1949 είηθίηιενηιίεδίοηε,
3172 1897 3409 1945 comma,
3450 1883 3520 1935 ab
3555 1885 3787 1936 εοείειςία

515 1964 649 2034 quia
669 1966 924 2021 videlicet
936 1985 1036 2039 per
1055 1986 1149 2024 eos
1167 1976 1364 2026 cantus
1382 1973 1723 2037 moderatur,
1759 1974 1838 2027 vel
1863 1974 2098 2043 regitur,
2183 1968 2258 2031 αα
2282 1970 2601 2036 Dominum,
2627 1970 2909 2041 PeriOduS.
2943 1971 3067 2044 Qua
3094 1971 3153 2040 in
3186 1986 3247 2024 re
3275 1971 3651 2033 animﬂdVBI'l-l
3682 1982 3786 2041 P0-

511 2052 597 2106 vel
628 2054 970 2122 modulatur,
1004 2059 1090 2111 vel
1143 2061 1513 2130 componitur.
1567 2061 1895 2132 Quicunque
1951 2060 2099 2114 enim
2183 2060 2314 2123 test,
2348 2057 2496 2135 quad
2523 2058 2669 2127 modi
2690 2073 2800 2131 non
2832 2060 3058 2133 aniiln
3086 2058 3314 2131 abusive
3333 2059 3452 2129 limi
3481 2064 3783 2124 Vocantur.

513 2142 739 2197 musica
770 2144 982 2199 habens
1011 2147 1268 2202 notitiam
1295 2150 1609 2220 regularem
1640 2156 1865 2204 cantum
1885 2167 2106 2220 compo-
2188 2159 2291 2207 nec
2311 2145 2616 2216 ἰῃοςηὶειπιβ
2639 2146 3085 2219 distinctionum.
3105 2164 3204 2211 seu
3221 2153 3551 2213 accentuum
3573 2163 3786 2213 nomen

508 2246 643 2284 nere
671 2237 848 2297 curat,
879 2235 1036 2304 prius
1086 2237 1156 2290 ad
1208 2255 1374 2307 quem
1415 2245 1611 2293 tonum
1644 2240 1883 2297 ,evenire
1914 2239 2099 2303 iaciat,
2186 2233 2518 2305 sortiuntur.
2550 2251 2786 2315 quorum
2814 2236 3112 2303 varietates
3140 2236 3451 2305 imitantnr.
3480 2235 3647 2299 ρυοά
3679 2252 3787 2290 811-

510 2336 697 2374 secum
728 2322 989 2378 destinat.
1026 2324 1161 2379 Ideo
1191 2334 1379 2381 autem
1438 2328 1664 2383 musicae
1722 2329 1934 2383 habens
1960 2329 2104 2382 noti-
2185 2327 2299 2385 tem
2328 2323 2388 2389 in
2409 2340 2576 2394 presn
2602 2324 2958 2397 grammatici
2987 2326 3168 2391 colon,
3212 2340 3451 2401 comma,
3484 2324 3783 2394 periodum

509 2407 649 2461 tiam
669 2408 926 2473 diximus,
964 2414 1096 2483 quia
1133 2416 1268 2469 artis
1317 2433 1532 2487 expers,
1580 2423 1637 2470 et
1689 2418 1732 2470 si
1786 2424 1937 2471 recte
1973 2418 2106 2474 facit
2186 2413 2598 2479 vocanttocin
2620 2420 2789 2483 cantu
2809 2413 3035 2489 quidam
3052 2413 3246 2483 musici
3275 2413 3564 2489 diastema.
3596 2416 3785 2484 syste-

514 2496 663 2565 quod
687 2497 835 2559 facit,
868 2505 1058 2554 tamen
1086 2505 1346 2573 quoniam
1376 2506 1585 2559 inscius
1624 2507 1775 2571 facit,
1812 2507 2104 2576 parvipen-
2186 2515 2297 2563 ma,
2338 2502 2576 2554 teleusin
2603 2503 2916 2556 nominant.
2951 2502 3238 2573 Signiﬁcat
3275 2509 3463 2557 autem
3502 2502 3787 2556 diastema

513 2583 684 2648 ditur,
714 2589 1019 2656 praesertim
1050 2608 1175 2644 cum
1200 2599 1257 2646 et
1308 2594 1464 2647 mimi
1498 2600 1555 2648 et
1609 2595 1938 2648 chorearum
1973 2612 2108 2667 prae-
2188 2586 2510 2642 distinctum
2533 2596 2815 2651 οῐἭθίυῐΠς
2843 2590 2934 2669 qui
2962 2590 3043 2655 ﬁt,
3078 2590 3300 2667 quando
3348 2594 3546 2653 cantus
3592 2591 3789 2651 nonin

512 2677 767 2765 cantores
789 2675 1118 2750 plerumque
1142 2674 1379 2735 dulciter
1433 2688 1655 2744 canant,
1705 2678 1852 2754 quod
1884 2684 1964 2736 cis
1995 2696 2105 2748 non
2193 2679 2483 2744 ﬂnali,sed
2514 2681 2571 2734 in
2598 2681 2708 2743 alia
2735 2682 2999 2736 decenter
3020 2687 3241 2765 pausat;
3276 2687 3525 2755 systema
3550 2683 3791 2752 conjun-

513 2776 624 2825 ars,
658 2754 755 2818 sed
786 2770 987 2821 natura
1026 2767 1429 2835 subministrat.
1480 2768 1647 2842 Tropi
1699 2787 1732 2825 a
1762 2766 2110 2826 convenienti
2193 2772 2343 2821 ctum
2362 2779 2623 2831 ornatum
2646 2770 2874 2836 indicat,
2909 2754 3127 2847 quolies
3157 2771 3215 2824 in
3246 2754 3397 2831 ﬁnali
3435 2771 3641 2825 decens
3670 2782 3793 2825 me-

507 1174 659 1225 ticso
682 1174 926 1242 quatuor
942 1179 1280 1246 temporum.
1305 1178 1463 1232 Sicut
1485 1179 1635 1233 enim
1660 1174 1864 1232 saecula
1883 1177 2100 1228 varian-

514 2854 872 2909 converslone
900 2857 1065 2924 dicti;
1114 2860 1617 2931 quomodocunque
1646 2861 1796 2916 enim
1828 2865 2025 2916 cantus
2054 2863 2109 2926 in

516 2941 702 2995 medio
724 2944 985 3009 varietur,
1011 2946 1082 3000 ad
1131 2948 1355 3001 ﬁnalem
1400 2936 1623 3019 semper
1648 2964 1749 3020 per
1770 2955 1980 3021 tropos,
2022 2950 2108 3004 vel

511 3033 675 3085 tonos
704 3035 1097 3089 convenientes
1154 3037 1521 3092 convertitur.
1558 3040 1709 3102 Quos
1766 3045 1953 3092 autem
2005 3056 2109 3094 nos

2193 2854 2353 2919 lodiae
2381 2860 2657 2928 pausatlo;
2692 2858 3068 2923 teleusisﬁnis
3098 2864 3180 2913 est
3209 2864 3426 2914 cantus.

2266 2945 2411 3011 Sane
2442 2947 2589 3017 quod
2615 2962 2764 3010 nunc
2793 2953 2917 3002 octo
2955 2953 3088 3002 sunt
3127 2948 3299 3010 modi,
3344 2960 3470 3010 cum
3503 2948 3793 3027 quondam

2191 3049 2300 3087 non
2328 3042 2514 3089 essent
2533 3037 2641 3090 nisi
2671 3042 2930 3108 quatuor,
2963 3038 3032 3091 de
3059 3037 3164 3091 hac
3193 3054 3253 3091 re
3281 3037 3359 3091 sic
3398 3041 3483 3091 est
3537 3038 3792 3092 sentien-

516 3120 711 3175 modos
743 3123 829 3175 vel
859 3130 1051 3193 tropos
1069 3128 1445 3183 nominamus.
1466 3127 1641 3181 Graeci
1665 3128 1981 3199 phthongos
2009 3131 2166 3192 vo-C
2189 3124 2341 3177 dum.
2376 3124 2482 3187 Qui
2513 3127 2773 3195 primitus
2792 3126 2862 3180 de
2917 3126 3133 3180 musica
3169 3126 3532 3197 scripserunt,
3582 3133 3792 3181 natura

514 3214 663 3262 cant.
688 3210 757 3263 Et
769 3211 1080 3280 sciendum,
1097 3215 1246 3284 quod
1259 3232 1354 3269 eos
1372 3220 1533 3270 tonos
1558 3217 1827 3287 appellari
1862 3218 2106 3271 Guidoni

514 3296 889 3367 incongruum
921 3301 1158 3369 videtur,
1210 3309 1268 3357 et
1308 3304 1618 3359 abusivum.
1664 3307 1779 3359 Nos
1808 3312 2019 3374 autem,
2061 3306 2108 3359 si

517 3401 638 3439 rem
666 3387 990 3458 diligentius
1018 3391 1360 3453 intueamur,
1392 3410 1504 3448 non
1545 3395 1774 3448 omnino
1816 3395 2109 3459 abusivum

515 3473 801 3529 videbitur
838 3478 1166 3534 vocabulum
1209 3481 1379 3535 istud.
1446 3482 1631 3537 Latini
1674 3484 1880 3554 quippe
1917 3483 2110 3554 inopia

515 3562 725 3633 eloquii
757 3565 1083 3637 plerumque
1102 3570 1340 3641 propriis
1359 3578 1554 3625 carent
1584 3558 1825 3636 indiciis,
1857 3589 1983 3629 eum
2007 3572 2106 3625 de-

520 3655 1020 3710 monstrationibus
1034 3657 1314 3712 interdum
1344 3662 1675 3715 necessitate
1696 3658 2110 3732 compulsialie-

520 3756 595 3794 na
631 3741 737 3796 sibi
766 3743 1029 3799 vocabula
1069 3749 1392 3819 usurpando
1422 3749 1720 3818 asciscant,
1755 3750 1902 3821 quod
1934 3750 2111 3815 Grieci

517 3833 823 3902 καραχρησὶν
879 3832 946 3906 (8)
995 3842 1210 3890 vocant.
1268 3837 1406 3892 Cum
1463 3854 1596 3908 ergo
1656 3836 1841 3901 Latini
1894 3838 2112 3909 antiqui

518 3921 939 3976 consonantiam
959 3926 1258 3994 quamdam
1289 3926 1349 3979 in
1379 3927 1593 3982 musica
1610 3928 2001 3991 tantummodo
2022 3933 2111 3987 to:

518 4020 654 4060 num
679 4016 959 4075 vocarent,
970 4014 1324 4082 grammatici
1338 4021 1395 4068 et
1411 4021 1673 4077 accentus
1705 4016 1995 4080 orationis,
2027 4014 2112 4077 vel

520 4092 905 4152 distinctiones
925 4104 1090 4154 tonos
1118 4103 1403 4173 appellare
1423 4110 1692 4176 usurpato
1747 4105 1971 4166 nomine
1999 4122 2112 4167 cce-

520 4190 742 4252 perunt.
777 4186 994 4242 Rursus
1024 4191 1184 4244 latini
1232 4196 1489 4246 cantores
1545 4209 1656 4252 non
1708 4204 1937 4264 parvam
1991 4211 2112 4256 θεβθ

519 4271 941 4330 similitudinem
974 4278 1124 4333 inter
1150 4287 1348 4334 cantus
1370 4286 1425 4335 et
1440 4288 1703 4344 accentus
1727 4284 1995 4354 ρυρεαὶοω
2025 4284 2111 4345 lo-

520 4362 763 4417 cutionis
787 4366 1094 4438 modosque
1122 4369 1395 4439 psallendi
1435 4372 1870 4436 considerantes,
1906 4382 2112 4435 nomen

2191 3229 2383 3266 vocum
2408 3213 2708 3283 diligenter
2723 3215 3094 3282 considerata,
3116 3220 3284 3286 prout
3301 3222 3435 3268 tunc
3454 3216 3598 3269 vires
3628 3216 3791 3286 inge-

2190 3301 2345 3366 nium
2360 3302 2618 3372 praebuit,
2637 3319 2862 3357 omnem
2885 3302 3211 3356 modulandi
3233 3302 3557 3356 varietatem
3573 3304 3636 3357 in
3659 3321 3794 3375 qua-

2190 3396 2321 3454 tuor
2331 3391 2703 3455 distinxerunt
2715 3393 2927 3458 modos,
2936 3393 3083 3446 unde
3096 3396 3152 3445 et
3164 3397 3406 3462 quatuor
3416 3398 3636 3447 tantum
3656 3394 3797 3448 ﬁna-

2190 3470 2273 3531 les
2289 3478 2585 3545 habentur.
2620 3479 3076 3534 Moderniautem
3106 3480 3598 3550 prioruminventa
3613 3482 3791 3536 subti-

2190 3566 2299 3629 lius
2329 3568 2729 3631 examlnantes.
2755 3569 3183 3623 considerabant
3212 3570 3565 3623 harmoniam
3596 3571 3793 3625 modo-

2195 3668 2319 3712 rum
2336 3659 2625 3723 confu'sam
2650 3674 2770 3715 esse
2802 3675 2867 3712 ac
2897 3659 3200 3713 dissonam.
3236 3659 3515 3712 Videbant
3539 3676 3787 3730 namque

2194 3752 2420 3807 cantum
2444 3747 2695 3816 ejusdem
2718 3747 2867 3800 modi
2895 3764 3043 3801 nunc
3065 3747 3123 3801 in
3146 3747 3409 3817 gravibus
3444 3747 3786 3818 principium

2194 3835 2484 3900 habere,et
2498 3836 2646 3899 circa
2667 3836 2815 3906 ipsas
2832 3837 3041 3913 vagari.
3056 3836 3276 3890 nuncin
3301 3837 3479 3890 acutis
3508 3836 3785 3899 inchoari,

2191 3930 2249 3983 et
2266 3924 2472 3984 ibidem
2504 3925 3106 3989 maximecommorari.
3131 3926 3474 3996 Hancigitur
3500 3925 3790 3979 dissonan-

2190 4014 2329 4080 tium
2364 4015 2609 4075 volentes
2637 4019 2907 4080 avertere,
2953 4031 3412 4085 unumquemque
3469 4014 3700 4067 modum
3730 4014 3789 4067 in

2193 4098 2334 4161 duos
2354 4103 2547 4172 partiti
2571 4108 2722 4172 sunt,
2753 4109 2817 4157 ut
2847 4094 3100 4158 videlicet
3152 4103 3246 4157 ille
3296 4101 3530 4156 canendi
3561 4102 3782 4168 modus,

2194 4190 2289 4260 qui
2314 4191 2372 4243 in
2400 4192 2580 4251 acutis
2606 4198 2942 4256 versaretur,
2972 4193 3293 4257 authentus,
3317 4191 3373 4244 id
3399 4196 3501 4254 est,
3527 4194 3784 4243 auctora-

2194 4279 2263 4333 lis
2294 4280 2407 4336 sive
2436 4280 2757 4361 principalis
2778 4286 3088 4344 vocaretur,
3120 4280 3215 4351 qui
3246 4296 3372 4333 vero
3394 4278 3640 4349 magisin
3660 4295 3771 4348 gra.

2193 4366 2353 4425 vibus
2382 4380 2596 4431 moram
2617 4368 2841 4435 faceret,
2866 4369 3045 4439 plagis
3067 4368 3149 4421 vel
3179 4367 3432 4438 plagalis,
3461 4367 3517 4420 id
3540 4371 3646 4430 est,
3670 4367 3777 4420 col-

519 4449 626 4503 hoc
654 4468 951 4509 commune
978 4458 1233 4527 utrisque
1262 4475 1385 4513 esse
1415 4466 1724 4515 sanxerunt.
1774 4460 1932 4523 Sicut
1962 4461 2109 4525 enim
2129 4483 2178 4542 D
2196 4455 2885 4527 lateralis,seusubjugalis
2904 4455 3782 4524 diceretur.Distinguiturautem

519 4539 640 4592 toni
658 4541 744 4594 vel
756 4549 1019 4598 accentus
1049 4546 1105 4599 in
1131 4552 1246 4601 tres
1267 4548 1592 4603 dividuntur
1622 4551 1855 4620 species,
1901 4539 2166 4613 scilicet_
2195 4545 2293 4599 Sic.
2329 4547 2648 4607 AuthentuS
2667 4552 2862 4617 protus
2884 4547 3032 4617 ἑψυά
3054 4545 3256 4599 latinos
3288 4552 3544 4598 cantores
3571 4542 3785 4612 Primus

518 4644 769 4698 gravem,
812 4632 1248 4703 circumﬂexum,
1302 4644 1551 4701 acutum,
1605 4640 1686 4693 ita
1712 4640 1769 4692 in
1800 4645 1967 4694 cantu
1998 4646 2113 4701 tres
2196 4638 2362 4702 tonus
2385 4646 2612 4698 vocatur
2639 4659 2651 4706 ;
2683 4639 2863 4710 plagis
2892 4645 3087 4710 protus
3121 4638 3399 4692 secundus
3432 4655 3444 4703 ;
3480 4635 3784 4688 authentus

520 4716 951 4789 distinguuntur
969 4722 1285 4779 varietates.
1306 4726 1446 4780 Nam
1459 4733 1655 4781 cantus
1671 4744 1819 4781 nunc
1847 4728 1906 4781 in
1932 4727 2113 4798 gravi-

518 4803 625 4860 bus
645 4814 881 4878 vagatur
900 4817 966 4864 ut
993 4810 1050 4865 in
1074 4813 1355 4868 oﬂertorio
1373 4815 1487 4880 illo,
1522 4818 1590 4870 In
1620 4832 1835 4869 omnem
1861 4822 2068 4869 terram
2090 4835 2107 4880 ,-

519 4911 671 4950 nunc
690 4897 839 4952 circa
854 4899 1049 4955 ﬁnales
1063 4904 1221 4973 quasi
1240 4905 1482 4973 quadam
1504 4905 1955 4959 circumﬂexione
1986 4921 2110 4958 ver-

518 4989 697 5051 satur,
728 4994 793 5042 ut
818 4988 877 5043 in
905 4991 1213 5061 antiphona
1240 4992 1355 5045 illa.
1392 4995 1667 5046 benedicat
1716 5011 1813 5047 nos
1831 5012 1846 5056 ;
1879 5010 2025 5047 nunc
2053 4994 2112 5047 in

517 5075 700 5129 acutis
721 5077 891 5147 quasi.
910 5079 1167 5132 saltando
1196 5087 1469 5147 movetur,
1493 5086 1559 5134 ut
1586 5076 1644 5133 in
1674 5081 2108 5150 antiphonallla,

516 5168 751 5221 veterem
778 5167 1079 5221 hominem.
1101 5168 1201 5221 Vel
1229 5174 1381 5222 certe
1405 5168 1525 5221 toni
1552 5168 1813 5230 dicuntur
1832 5170 1899 5222 ad
1919 5170 2114 5231 simili-

515 5253 767 5319 tudinem
789 5260 1220 5325 tonorum,quos
1240 5257 1492 5317 Donatus
1516 5252 1901 5315 distinctiones
1923 5263 2107 5326 vocat;

515 5343 661 5407 sicut
689 5343 835 5405 enini
863 5344 920 5404 in
945 5344 1069 5415 ipsa
1097 5350 1211 5403 tres
1248 5346 1673 5409 considerantur
1701 5346 2106 5413 distinctiones,

592 5465 664 5539 (8)
694 5466 760 5542 _Id
781 5474 883 5541 est,
917 5469 1084 5533 alieni
1114 5468 1355 5537 nominis
1384 5472 1830 5542 usurpationem.
1863 5472 2058 5539 Festus
2091 5492 2101 5527 :

519 5539 859 5593 Catachresis
892 5544 1077 5608 tropus
1107 5548 1201 5607 est,
1225 5560 1322 5596 nos
1342 5539 1663 5597 abusionem
1692 5544 1947 5605 dicimus,
1982 5561 2108 5598 cum

518 5609 718 5662 alienis
731 5610 1023 5664 abutimur
1030 5615 1261 5679 perinde
1280 5629 1346 5668 ac
1352 5617 1623 5684 propriis,
1634 5631 1760 5670 cum
1764 5617 2014 5684 propitii:
2023 5616 2110 5669 dos

2193 4727 2480 4794 deuterus,
2508 4728 2730 4796 tertius;
2762 4727 2943 4799 plagis
2965 4727 3248 4792 deuterus,
3268 4730 3520 4796 quartus;
3553 4723 3784 4776 authen-

2191 4820 2283 4877 tus
2311 4817 2499 4883 tritus,
2533 4818 2588 4870 id
2616 4824 2719 4883 est,
2749 4817 3006 4887 quintus;
3039 4816 3218 4887 plagis
3244 4815 3431 4878 tritus,
3462 4812 3516 4865 id
3540 4816 3631 4865 est
3661 4828 3783 4865 sex-

2192 4907 2311 4969 tus;
2344 4905 2648 4958 authentus
2675 4905 2978 4967 tetrardus,
3021 4903 3079 4957 id
3133 4909 3219 4957 est
3261 4902 3567 4973 septimus;
3606 4899 3782 4969 plagis

2192 4993 2496 5057 tetrardus,
2527 4992 2582 5046 id
2614 5000 2699 5046 est
2725 4999 2969 5046 octavus.
3005 4995 3417 5062 Interpretatur
3451 4993 3640 5045 autem
3664 5002 3781 5058 pro-

2193 5085 2284 5135 tus
2313 5082 2544 5152 primus,
2578 5081 2844 5135 deuterus
2898 5068 3196 5144 secundus,
3227 5072 3396 5134 tritus
3452 5081 3678 5142 tertius,
3711 5086 3782 5134 te—

2193 5170 2419 5229 trardue
2440 5177 2692 5240 quartus.
2730 5171 3048 5223 Authentus
3094 5185 3223 5222 vero
3275 5170 3577 5223 auctoralis
3606 5186 3781 5239 graece

2194 5253 2420 5325 ἀυοέντης
2447 5263 2628 5325 sonat,
2680 5259 3072 5313 auctoritatem
3113 5270 3356 5327 namque
3397 5258 3504 5327 ipsi
3537 5253 3782 5312 ἆυῦέντιαν

2192 5346 2407 5402 vocant.
2434 5347 2664 5417 Plagius
2695 5346 2764 5419 (9)
2800 5354 2987 5411 autem
3012 5342 3170 5418 quasi
3200 5346 3473 5418 partialis,
3508 5347 3593 5401 vel
3615 5348 3782 5401 colla-~

2188 5473 2576 5623 ngrltilépo;
2597 5542 2757 5613 quasi
2778 5543 3049 5609 obliquus,
3068 5541 3153 5595 vel
3169 5559 3232 5595 ea:
3263 5544 3431 5595 latere
3460 5542 3780 5608 adjunctus.
