3934 6370
434 350 568 412 1407

426 479 595 534 Sexta
617 477 759 534 hora
790 477 940 532 sedit
966 492 1139 547 super
1165 482 1427 548 puteum.

428 567 656 639 Septem
685 572 820 622 sunt
843 565 1075 636 spiritus
1113 571 1244 620 ante
1273 566 1538 620 thronum
1568 565 1669 621 Dei
1975 566 2024 620 G

431 656 570 713 Octo
599 662 733 711 sunt
754 655 1132 709 beatitudines
1975 656 2022 708 G

504 745 661 801 Scire
714 750 988 815 praeterea
1035 743 1309 808 convenit,
1362 743 1510 814 quod
1548 744 1698 814 apud
1749 744 2020 814 quosdam

433 833 732 906 phthongi,
764 833 822 887 id
869 837 973 899 est,
1030 832 1150 885 toni
1182 831 1484 897 vocalibus,
1523 837 1786 886 tonorum
1832 837 2022 886 autem

433 922 929 991 diﬂ‘erentize,quas
950 920 1176 991 quidam
1189 919 1413 974 abusive
1430 920 2020 985 difﬁnitionesvocant,

430 1009 866 1066 consonantibus
882 1009 1177 1079 signantur
1201 1009 1306 1062 hoc
1335 1009 1520 1063 modo.
1547 1009 1794 1063 Primum
1826 1015 2022 1063 tonum

428 1116 467 1155 a
484 1105 659 1165 notat,
690 1098 997 1154 secundum
1017 1114 1068 1164 e,
1086 1097 1315 1152 tertium
1341 1097 1377 1160 i,
1401 1103 1662 1168 quartum
1682 1114 1733 1160 ο,
1766 1099 2022 1169 quintum

430 1205 489 1257 u,
523 1194 739 1242 sextum
771 1188 1104 1257 ngaecum,
1130 1186 1430 1256 septimum
1465 1204 1519 1257 y,
1554 1193 1808 1241 octavum
1840 1188 2027 1240 m.Pri-

428 1274 583 1332 mam
619 1282 811 1330 autem
859 1276 1132 1346 cujusque
1168 1275 1287 1328 toni
1322 1275 1693 1330 diﬂ'erentiam
1725 1276 1760 1329 b
1791 1275 2024 1339 indicat,

431 1366 735 1422 secundam
766 1382 813 1430 c,
837 1364 1062 1417 tertiam
1094 1364 1149 1426 d,
1182 1369 1441 1434 quartam
1469 1382 1526 1434 g,
1559 1370 1616 1418 et
1640 1365 1718 1418 ita
1742 1372 1910 1419 muta:
1931 1382 2029 1435 per

431 1454 709 1509 ordinem.
733 1452 854 1507 Illis
884 1453 963 1506 ita
991 1451 1207 1507 utiliter
1220 1452 1452 1522 digestis
1474 1454 1596 1523 jam
1626 1468 1774 1507 nunc
1802 1458 2025 1524 tempus

431 1548 540 1608 est,
571 1547 637 1597 ut
664 1541 735 1597 de
775 1540 1021 1612 regulari
1054 1540 1170 1594 sive
1205 1540 1396 1595 licenti
1432 1540 1686 1595 omnium
1730 1542 2027 1595 modorum

426 1647 598 1687 cursu
625 1631 853 1701 regulas
882 1630 1097 1684 demus.

478 1718 613 1774 XII.
640 1722 714 1774 De
734 1721 988 1785 regulari
1012 1734 1180 1771 cursu
1210 1720 1500 1771 modorum
1529 1724 1691 1786 atque
1718 1722 1957 1773 licentia.

504 1810 645 1863 Cum
661 1806 836 1883 igitur
862 1807 932 1861 de
950 1823 1117 1861 cursu
1140 1806 1437 1861 modorum
1460 1806 1665 1861 dicturi
1685 1807 2024 1879 simus.quid

432 1913 663 1952 cursum
685 1912 879 1951 eorum
895 1910 1176 1959 vocemus,
1199 1896 1463 1966 primitus
1484 1896 1897 1950 discutiendum
1920 1903 2023 1951 est.

438 1985 678 2041 Cursum
710 1984 1002 2038 modorum
1028 1983 1143 2037 sive
1161 1989 1423 2038 tonorum
1443 1984 1684 2038 dicimus
1708 1985 2030 2055 legem,qua

428 2072 535 2128 sub
564 2078 718 2128 certa
734 2072 930 2144 regula
950 2077 1298 2137 coercentur,
1334 2078 1607 2143 quantum
1639 2073 1854 2128 scilicet
1873 2075 2027 2144 quis-

431 2179 542 2235 que
570 2162 875 2217 ascendere
902 2162 985 2215 vel
1018 2161 1784 2233 descendere,quantumque
1811 2163 2030 2217 intendi

429 2252 519 2307 vel
546 2251 759 2306 remitti
787 2250 1007 2305 debeat.
1033 2250 1143 2304 Sed
1169 2251 1454 2320 quoniam,
1476 2267 1606 2304 cum
1633 2257 1830 2305 cantus
1850 2252 2031 2306 inten-

433 2340 589 2395 ditur
616 2344 675 2394 et
702 2340 1030 2405 remittitur,
1079 2338 1328 2393 ascensio
1372 2344 1430 2393 et
1478 2339 1767 2394 descensio
1797 2341 1906 2395 dici
1935 2359 2031 2413 po-

430 2432 564 2494 test,
599 2430 748 2499 quod
785 2429 844 2482 in
875 2444 1045 2482 cursu
1076 2427 1369 2481 modorum
1399 2429 1785 2483 ascensionem
1818 2435 1875 2483 et
1901 2430 2028 2484 des-

431 2518 756 2572 censionem
786 2518 1035 2586 itemque
1058 2517 1430 2571 intentionem
1443 2533 1508 2570 ac
1526 2518 1916 2572 remissionem
1931 2535 2029 2573 vo-

430 2622 645 2671 cemus,
671 2604 1130 2676 distinguendum
1192 2610 1293 2666 est,
1327 2620 1398 2657 ne
1430 2604 1548 2657 ulla
1595 2622 1658 2657 ex
1706 2611 1866 2676 parte
1901 2606 2028 2660 rudi

429 2694 626 2749 lectori
653 2694 867 2748 occasio
906 2693 1197 2746 vacillandi
1226 2692 1535 2763 ingeratur.
1572 2694 1716 2763 Ergo
1746 2694 2029 2748 ascensio-

431 2799 559 2838 nem
606 2788 869 2837 tonorum
917 2788 975 2836 ct
1029 2782 1446 2835 descensionem
1497 2798 1759 2836 vocamus
1815 2788 2025 2837 certam

428 2872 683 2944 ipsorum
712 2871 1050 2926 ascendendi
1082 2877 1139 2925 et
1165 2871 1539 2925 descendendi
1586 2872 1788 2942 legem,
1831 2872 1888 2927 id
1918 2878 2024 2940 est,

431 2970 706 3034 quantum
735 2978 768 3016 a
795 2960 1058 3015 ﬁnalibus
1075 2960 1191 3014 suis
1202 2960 1507 3014 ascendant
1520 2962 1635 3014 sive
1662 2962 2022 3028 descendant,

431 3051 809 3106 intensionem
834 3067 961 3104 vero
988 3055 1048 3104 et
1076 3049 1465 3103 remissionem
1494 3055 1757 3105 tonorum
1786 3051 2027 3106 dicimus

1843 353 1873 408 Ι
1881 393 1893 406 .
1937 352 2293 408 CO'I'I‘ONIS

3560 347 3706 408 1408

1973 477 2016 531 F
2035 480 2083 538 A
2110 477 2266 532 Unde
2284 481 2339 532 et
2359 478 2477 531 haec
2497 476 2822 547 antiphona.
2831 477 2958 531 Ecce
2988 482 3048 530 tu
3070 479 3310 546 pulchra
3332 495 3349 530 :
3369 491 3703 549 quanquam

2106 567 2163 619 in
2193 582 2418 620 cursum
2452 566 2683 620 secundi
2704 564 2822 618 toni
2845 564 3083 627 decidat.
3108 571 3319 630 tamen,
3361 566 3495 637 quia
3532 580 3706 635 supe-

2104 654 2222 706 rius
2245 654 2496 723 quintam
2523 670 2554 707 a
2583 652 2736 706 ﬁnali
2762 653 2963 723 saepius
2988 654 3323 715 reverberat,
3356 653 3538 724 primo
3563 658 3707 707 tono

2105 743 2427 812 deputatur.
2460 740 2605 795 Item
2650 758 2661 792 :
2695 742 2803 796 Rea:
2843 743 3109 795 Dominus
3154 747 3427 808 omnium,
3462 742 3596 813 quia
3640 742 3708 795 in

2106 831 2365 900 superius
2392 830 2739 901 frequentius
2784 836 3055 894 versatur,
3091 830 3150 885 in
3172 835 3427 885 unctione
3446 830 3517 884 ad
3538 834 3588 885 A
3612 844 3708 883 ca-

2106 918 2280 989 pitale
2317 919 2636 984 descendat,
2692 919 2871 990 primo
2910 924 3102 973 tamen
3143 924 3278 974 tono
3317 918 3657 973 adscribitur
3690 938 3703 971 :

2109 1007 2257 1077 quod
2281 1007 2406 1061 ideo
2435 1008 2500 1061 ﬁt
2528 1013 2591 1061 ut
2615 1006 2796 1061 honor
2816 1007 3160 1078 principibus
3184 1012 3563 1061 conservetur.
3595 1006 3710 1061 Do-

2111 1096 2299 1149 minus
2350 1113 2596 1167 namque
2641 1097 2756 1150 sive
2803 1096 3073 1166 magister
3102 1113 3212 1150 non
3236 1101 3459 1150 tantum
3492 1095 3550 1149 in
3577 1111 3708 1165 pro-

2111 1185 2232 1254 pria
2255 1189 2588 1255 potestatem
2619 1184 2803 1249 habet,
2855 1185 2952 1238 sed
2996 1184 3168 1238 etiam
3212 1185 3270 1238 in
3301 1201 3387 1247 ea,
3416 1200 3541 1255 quae
3570 1187 3709 1238 sunt

2109 1274 2317 1327 subditi
2339 1275 2485 1342 ejus.
2501 1272 2734 1327 Subdito
2760 1279 2946 1327 autem
2968 1273 3226 1327 sufﬁcere
3245 1272 3429 1331 debet.
3453 1274 3501 1327 si
3526 1290 3559 1327 a
3588 1289 3710 1326 ma-

2107 1362 2284 1431 gistro
2323 1362 2430 1415 sibi
2455 1362 2730 1415 concessis
2758 1362 3047 1416 humiliter
3071 1362 3152 1416 uti
3176 1363 3360 1425 liceat,
3392 1362 3599 1416 nedum
3632 1362 3708 1415 ad

2111 1468 2195 1516 ea,
2229 1467 2351 1521 quae
2381 1456 2513 1504 sunt
2542 1451 2779 1521 praelati,
2812 1456 3023 1505 temere
3052 1468 3111 1505 se
3144 1451 3434 1522 proripiat.
3472 1451 3530 1505 Si
3570 1466 3707 1520 ergo

2108 1541 2358 1611 plagales
2389 1540 2445 1593 in
2469 1556 2703 1593 ascensu
2733 1540 3231 1610 quintamIperraro
3252 1539 3459 1593 debent
3482 1539 3710 1596 contin-

2107 1634 2479 1699 gere,quanto
2510 1628 2694 1682 rarius
2724 1635 2958 1682 sextam.
2987 1628 3346 1682 Descendunt
3372 1633 3562 1682 autem
3588 1644 3710 1681 om-

2047 1732 2209 1808 Bnes
2238 1716 2562 1787 subjugales
2591 1734 2625 1770 a
2653 1717 2808 1770 ﬁnali
2838 1716 2909 1769 ad
2953 1722 3233 1787 quartam,
3267 1716 3415 1787 quod
3459 1722 3547 1770 est
3591 1715 3712 1768 dia-

2111 1811 2386 1871 tessaron,
2416 1806 2500 1859 vel
2527 1806 2695 1859 etiam
2740 1806 2811 1859 ad
2859 1806 3112 1876 quintam
3153 1806 3514 1875 regulariter.
3558 1806 3710 1859 Nam

2111 1895 2397 1949 licentiam
2427 1895 2799 1949 descendendi
2825 1912 3006 1965 neque
3034 1896 3339 1961 authentis,
3371 1910 3556 1965 neque
3586 1894 3711 1965 pla-

2108 1983 2331 2053 galibus
2360 2000 2636 2054 nusquam
2667 1984 2778 2055 legi
2809 2000 3156 2041 concessam.
3183 1983 3484 2038 Sciendum
3514 1988 3713 2037 tamen

2111 2073 2258 2142 quod
2288 2074 2517 2143 quidam
2542 2073 2743 2127 musici
2767 2072 2919 2126 haud
2936 2073 3242 2143 incongrue
3253 2072 3569 2143 regularem
3585 2088 3712 2126 cur-

2111 2178 2236 2215 sum
2263 2162 2581 2226 modorum,
2612 2163 2709 2231 qui
2740 2168 2873 2215 sunt
2896 2167 3040 2226 octo,
3066 2178 3164 2233 per
3181 2161 3414 2216 totidem
3432 2161 3711 2232 diapason

2111 2249 2508 2307 dimetiuntur.
2523 2250 2591 2304 Et
2605 2251 2912 2304 secundum
2932 2251 3157 2304 illorum
3178 2250 3547 2305 assertionem
3565 2266 3709 2321 pene

2113 2354 2306 2392 omnes
2337 2339 2489 2392 modi
2524 2355 2694 2393 unam
2723 2339 2869 2393 infra
2912 2340 3137 2393 finalem
3182 2344 3478 2393 assumunt
3508 2356 3610 2410 per
3638 2339 3708 2392 li-

2112 2427 2374 2490 centiam,
2409 2444 2577 2498 quam
2624 2429 2781 2498 prius
2826 2429 2907 2482 eis
2957 2428 3295 2498 regulariter
3321 2427 3703 2484 attribuimus.

2112 2516 2253 2569 Cum
2284 2533 2417 2586 ergo
2455 2521 2578 2570 octo
2607 2518 2727 2570 toni
2759 2534 2861 2588 per
2886 2518 3120 2571 totidem
3151 2517 3422 2588 diapason
3449 2522 3701 2582 currant,

2112 2603 2189 2657 sic
2215 2604 2325 2657 duo
2346 2604 2464 2658 toni
2492 2610 2555 2659 ut
2576 2606 2848 2675 magister
2875 2610 2932 2658 et
2959 2605 3266 2676 discipulus
3295 2605 3599 2662 cohaerent.
3627 2604 3707 2658 sic

2111 2698 2168 2746 et
2193 2710 2386 2748 eorum
2415 2694 2686 2765 diapason
2712 2700 3143 2759 connectuntur,
3166 2695 3247 2748 ita
3274 2696 3411 2749 utin
3439 2694 3519 2747 eis
3546 2693 3708 2748 facile

2109 2782 2477 2836 animadverti
2506 2783 2700 2854 possit,
2731 2801 2852 2853 quae
2872 2800 3032 2838 voces
3062 2783 3285 2855 proprie
3305 2783 3417 2837 sint
3444 2782 3703 2854 plagalis,

2110 2888 2233 2941 quae
2262 2872 2538 2937 authenti,
2572 2890 2693 2943 qua:
2722 2890 3047 2927 communes
3078 2874 3320 2943 utrique,
3347 2873 3496 2943 quod
3525 2873 3709 2942 ﬁgura

2107 2960 2309 3015 harum
2338 2979 2477 3032 quas
2492 2961 2613 3032 subj
2622 2963 2833 3016 ecimus
2854 2969 2979 3017 octo
2995 2968 3245 3016 rotarum
3262 2962 3481 3016 cautius
3497 2961 3704 3015 intuita

2109 3050 2462 3121 apertissime
2482 3052 2833 3105 demonstrat
2867 3052 2905 3117 (l
2924 3052 2991 3112 l).

433 3139 827 3195 certitudinem
858 3140 1032 3205 illam,
1074 3155 1174 3210 per
1198 3144 1412 3210 quanta
1447 3152 1643 3193 vocum
1675 3139 1970 3194 intervalla
1995 3139 2090 3200 aC
2182 3140 2299 3192 Hoc
2346 3156 2567 3211 quoque
2606 3140 2985 3194 intimandum
3022 3140 3262 3207 videtur,
3298 3139 3542 3211 qualiter
3569 3139 3709 3193 acci-

430 3228 585 3283 ﬁnali
614 3245 717 3282 suo
747 3228 984 3299 quisque
1005 3244 1169 3282 suum
1199 3227 1535 3298 principium
1566 3228 1773 3282 habere
1801 3228 2021 3283 debeat.

431 3316 647 3383 Quibus
666 3319 746 3370 ita
775 3317 1091 3371 necessario
1112 3316 1435 3387 praemissis,
1454 3317 1524 3370 de
1543 3334 1711 3371 cursu
1730 3317 2024 3372 modorum

432 3411 605 3477 prout
627 3405 1627 3477 proposuimus,disseramus.0mnes
1657 3407 1847 3477 itaque
1877 3407 2021 3461 auh-

429 3493 576 3549 tenti
605 3510 640 3547 a
668 3493 824 3548 ﬁnali
857 3509 958 3547 suo
988 3493 1059 3546 ad
1085 3499 1357 3561 octavam,
1412 3495 1561 3565 quod
1608 3500 1695 3548 est
1730 3496 2021 3566 diapason,

431 3582 774 3654 regulariter
801 3582 1131 3646 ascendunt,
1157 3583 1392 3636 licenter
1417 3583 1487 3635 ad
1521 3600 1727 3637 nonam
1760 3584 1845 3637 vel
1874 3585 2026 3639 deci-

433 3688 604 3727 mam.
660 3671 967 3725 Licentiam
1025 3676 1214 3724 autem
1266 3671 1470 3725 idcirco
1512 3688 1545 3724 a
1573 3673 1769 3741 regula
1796 3674 2027 3727 secrevi-

2109 3229 2375 3300 piendum
2403 3230 2492 3283 sit.
2524 3230 2671 3300 quod
2689 3230 2950 3295 dicimus,
2977 3230 3277 3283 authentos
3304 3229 3374 3283 ad
3400 3234 3709 3292 octavas,et

2108 3317 2431 3389 subjugales
2459 3319 2526 3372 ad
2564 3319 2789 3389 quintas
2837 3319 3137 3373 ascendere
3178 3337 3189 3372 :
3224 3324 3289 3372 ut
3334 3317 3486 3372 enim
3533 3334 3707 3388 supra

2108 3408 2298 3461 testati
2324 3424 2539 3473 sumus,
2572 3408 2761 3478 pueris
2798 3409 2857 3461 in
2901 3409 3005 3461 hoc
3046 3407 3312 3476 opusculo
3342 3406 3486 3461 viam
3519 3407 3705 3476 signa-

2107 3514 2251 3551 mus.
2309 3497 2369 3550 Si
2424 3513 2557 3566 ergo
2609 3496 3037 3566 intelligendum
3091 3502 3195 3560 est,
3228 3496 3454 3565 quando
3482 3496 3601 3549 toni
3633 3496 3703 3549 ad

2107 3592 2330 3639 octavas
2354 3587 2436 3638 vel
2467 3586 2690 3655 quintas
2706 3586 3005 3639 ascendere
3027 3585 3306 3646 dicuntur,
3331 3584 3556 3655 quando
3585 3590 3701 3638 tam

2110 3675 2221 3728 alte
2248 3675 2571 3739 ascendant,
2604 3679 2668 3727 ut
2716 3674 3053 3728 ascendendi
3083 3675 3390 3744 potentiam
3430 3672 3694 3727 habeant.

429 3764 647 3826 mus,ut
672 3760 1039 3831 sciatur,quia
1066 3760 1175 3814 illae
1206 3777 1364 3814 voces
1384 3777 1612 3831 perraro
1642 3762 2030 3832 contingendae
2109 3764 2306 3834 Neque
2336 3764 2484 3817 enim
2516 3763 2696 3817 omnis
2725 3769 2924 3817 cantus
2943 3763 3341 3817 authentorum
3363 3762 3432 3816 ad
3455 3768 3696 3826 octavas,

430 3855 582 3917 sunt,
612 3866 735 3921 quae
765 3866 866 3921 per
894 3849 1177 3903 licentiam
1207 3850 1593 3904 conceduntur
1624 3868 1635 3903 :
1670 3851 1829 3915 Quod
1876 3852 2025 3905 enim
2109 3869 2293 3923 neque
2316 3852 2619 3922 plagalium
2650 3852 2832 3905 omnis
2860 3868 3032 3905 canor
3060 3851 3128 3904 ad
3160 3850 3383 3921 quintas
3412 3849 3699 3921 pertingit,

431 3939 557 4012 quis
586 3956 687 4010 per
711 3939 963 4010 regulam
986 3937 1176 4005 habet,
1201 3939 1361 4009 quasi
1391 3956 1456 3992 ex
1485 3939 1673 3993 debito
1696 3940 1881 4003 habet,
1900 3941 2026 3995 ideo
2109 3942 2255 3995 sicut
2284 3947 2440 4011 patet
2463 3940 2519 3993 in
2542 3940 2647 3993 hac
2668 3940 2835 4010 primi
2865 3940 2982 3993 toni
3010 3945 3127 3993 ant.
3152 3941 3219 3993 In
3243 3944 3334 3993 tuo
3357 3940 3617 4004 adrentu,
3648 3944 3704 3992 et

438 4027 672 4083 liberius
700 4045 766 4082 eo
796 4027 906 4082 frui
937 4033 1122 4099 potest
1155 4047 1167 4097 ;
1227 4044 1350 4098 quae
1398 4034 1585 4082 autem
1613 4044 1715 4099 per
1743 4030 2027 4084 licentiam
2110 4030 2169 4084 in
2198 4031 2303 4083 hac
2325 4029 2554 4083 secundi
2593 4034 2708 4082 ant.
2764 4029 3158 4089 Consolamini,
3195 4030 3580 4081 consolamim’.
3608 4026 3703 4080 In-

434 4118 813 4190 possidentur,
848 4134 916 4171 ea
944 4121 1230 4188 tamquam
1265 4134 1366 4188 per
1381 4118 1624 4187 gratiam
1649 4134 1901 4189 possessa
1926 4119 2029 4172 hu-

428 4206 621 4262 milius
651 4211 820 4277 atque
834 4206 1167 4277 prudentius
1187 4212 1320 4261 sunt
1349 4207 2029 4267 tractanda.Descendunt

434 4311 468 4349 ει
493 4294 649 4349 ﬁnali
675 4294 747 4347 ad
774 4295 1106 4366 proximam,
1149 4294 1246 4348 ubi
1273 4296 1603 4349 nonnullam
1632 4296 1711 4349 eis
1741 4296 2026 4350 licentiam

2110 4118 2365 4172 tensione
2382 4122 2571 4171 autem
2593 4122 2649 4171 et
2664 4116 2992 4170 remissione
3005 4116 3301 4170 modorum
3324 4116 3403 4169 sic
3424 4116 3701 4169 estanim-

2111 4207 2535 4263 advertendum.
2565 4206 2865 4259 Authentis
2887 4205 3146 4260 omnibus
3166 4205 3295 4259 licet
3319 4221 3483 4259 suum
3500 4204 3702 4275 cuique

2110 4295 2443 4366 principium
2484 4311 2519 4348 a
2567 4295 2721 4347 ﬁnali
2758 4295 2827 4348 ad
2881 4295 3137 4365 quintam
3182 4293 3495 4360 intendere,
3548 4300 3604 4347 et
3632 4294 3703 4347 ad

430 4399 467 4439 a
488 4383 687 4455 peritis
709 4383 941 4436 musicis
970 4400 1290 4437 concessam
1339 4385 1541 4454 reperi.
1584 4385 1870 4456 Excipitur
1896 4386 2254 4475 indeDeam,
2289 4400 2411 4454 quae
2440 4382 2544 4437 sub
2576 4383 2732 4436 ﬁnali
2763 4384 3015 4453 proxima
3044 4389 3147 4449 est,
3182 4383 3489 4437 remittere.
3525 4381 3584 4437 Si
3608 4399 3705 4436 au-

430 4472 738 4527 authentus
756 4471 1047 4542 tritus,qui
1068 4472 1397 4542 simpliciter
1416 4473 1643 4543 quintus
1664 4474 1988 4528 nominatur
2009 4492 2020 4527 :

431 4560 564 4615 huic
592 4559 749 4613 nulla
776 4559 920 4613 infra
940 4560 1165 4614 ﬁnalem
1195 4562 1481 4614 descensio
1503 4562 1774 4616 attributa
1792 4569 1894 4629 est,
1913 4580 2026 4618 non

433 4649 604 4704 aliam
634 4646 704 4701 ob
740 4663 986 4711 causam,
1030 4649 1137 4702 nisi
1186 4650 1335 4719 quod
1368 4650 1650 4703 semitonii
1676 4651 2025 4721 imperfectio

437 4740 847 4809 competentem
880 4736 1001 4790 ﬁeri
1020 4737 1349 4791 descensum
1378 4754 1489 4791 non
1519 4740 2026 4811 permittit.Plaga-

430 4828 513 4882 les
542 4832 729 4881 autem
754 4842 949 4882 omnes
972 4842 1007 4879 a
1030 4826 1184 4879 ﬁnali
1215 4842 1392 4897 usque
1420 4828 1491 4880 ad
1517 4820 1920 4899 quintana—quae
1942 4835 2027 4883 est

431 4917 713 4988 diapente,
747 4915 1077 4980 ascendunt,
1124 4920 1182 4969 et
1211 4915 1442 4969 licenter
1466 4923 1679 4970 sextam
1709 4925 2022 4973 assumunt.

2108 4479 2222 4527 tem
2249 4473 2318 4527 ad
2350 4472 2603 4543 quintam
2627 4472 2773 4538 licet,
2805 4477 3012 4542 quanto
3033 4471 3210 4541 magis
3236 4472 3304 4525 ad
3331 4478 3588 4539 quartam
3620 4472 3705 4525 vel

2107 4561 2375 4616 tertiam?
2407 4561 2569 4615 Solus
2622 4566 2811 4613 autem
2844 4560 3148 4613 authentus
3187 4560 3474 4624 deuterus,
3504 4559 3562 4612 id
3594 4566 3697 4623 est,

2106 4651 2310 4705 tertius
2340 4650 2505 4703 istam
2531 4650 2711 4719 legem
2742 4648 3273 4719 transgreditur:ad
3302 4654 3517 4702 sextam
3550 4664 3706 4701 nam-

2109 4757 2217 4811 que
2247 4741 2576 4811 plerumque
2605 4738 2939 4809 principium
2964 4754 3127 4791 suum
3154 4737 3485 4802 intendit,ut
3512 4737 3570 4790 in
3600 4737 3705 4790 hac

2108 4835 2224 4883 ant.
2251 4830 2432 4881 Tertia
2461 4830 2575 4880 dies
2603 4833 2701 4883 est.
2718 4826 3114 4896 Subjugalibus
3130 4843 3257 4879 vero
3283 4827 3414 4880 licet
3430 4825 3707 4896 principia

2108 4935 2228 4981 sua,
2261 4919 2346 4973 vel
2376 4917 2546 4970 etiam
2578 4916 2889 4970 hemitonia
2928 4915 2997 4968 ad
3043 4920 3272 4985 quartas
3303 4915 3617 4983 intendere,
3650 4921 3707 4968 et

430 5007 547 5061 Nec
570 5010 656 5059 est
676 5005 1018 5070 mirandum,
1051 5005 1199 5074 quod
1233 5005 1480 5075 plagales
1527 5008 1799 5060 minorem
1831 5024 2026 5061 ascen-
2108 5005 2177 5058 ad
2209 5003 2729 5074 quintasinterdum
2757 5003 3401 5057 remittere.Hemitonia
3421 5008 3611 5057 autem
3639 5020 3704 5057 eo

428 5094 597 5149 dendi
617 5094 900 5149 licentiam
914 5094 1321 5163 habent,quam
1342 5095 1758 5166 authenti,quia
1774 5096 2024 5165 plagales
2106 5101 2365 5164 respectu
2387 5111 2496 5164 quo
2526 5098 2584 5146 et
2609 5098 2773 5146 tonos
2822 5093 3098 5163 aequivoce
3146 5092 3473 5162 accipimus,
3501 5109 3701 5145 vocum

425 5200 648 5255 semper
673 5184 729 5237 in
761 5181 1124 5259 inferioribus
1150 5183 1364 5236 morari
1385 5183 1607 5250 debent,
1642 5190 1699 5238 et
1727 5201 1956 5253 perraro
1988 5202 2023 5238 a
2104 5183 2448 5254 inceptiones
2470 5198 2750 5245 vocamus,
2774 5199 2895 5253 qua:
2925 5184 3069 5238 ﬁunt
3094 5198 3195 5252 per
3223 5181 3613 5251 pausationem
3648 5182 3703 5233 in

425 5272 580 5327 ﬁnali
603 5273 673 5326 ad
696 5273 952 5343 quintam
969 5271 1441 5325 ascendere.Nam
1463 5278 1520 5326 et
1539 5274 1674 5326 ordo
1693 5273 1861 5341 hujus
1882 5273 2019 5326 artis
2104 5279 2301 5325 cantus
2330 5272 2514 5326 medio
2562 5290 2572 5325 :
2609 5271 2919 5325 hemitonia
2956 5271 3104 5324 enim
3150 5271 3374 5340 proprie
3404 5269 3701 5323 semitonia

425 5361 961 5432 experientissimus,
1016 5366 1074 5413 et
1124 5375 1159 5412 a
1205 5360 1462 5414 Guidone
1510 5361 1568 5413 in
1597 5362 1707 5413 ﬁne
1745 5364 2018 5414 tractatus
2099 5378 2382 5415 vocamus.
2418 5361 2831 5415 Attendendum
2853 5366 3141 5430 praeterea,
3174 5359 3321 5429 quod
3338 5374 3465 5411 cum
3498 5359 3700 5429 praedi-

425 5450 513 5505 sui
542 5449 955 5519 comprobatur,
990 5454 1237 5514 cantum,
1284 5450 1377 5519 qui
1425 5467 1458 5501 a
1506 5448 1659 5501 ﬁnali
1711 5448 2018 5502 ascendens
2102 5454 2190 5501 cta
2212 5449 2526 5503 lexetcerta
2546 5451 2740 5519 regula
2757 5449 3026 5519 disposita
3047 5450 3119 5502 sit
3137 5455 3397 5501 tonorum
3422 5447 3696 5510 cursibus,

428 5539 682 5609 quintam
704 5544 791 5591 ter
808 5537 894 5591 vel
916 5544 1113 5607 quater
1134 5538 1731 5607 repercutit,authento
1761 5537 2013 5607 deputat.
2100 5536 2352 5607 plerique
2380 5539 2508 5593 novi
2538 5539 2916 5592 modulatores
2954 5538 3010 5592 id
3057 5542 3282 5591 tantum
3322 5536 3696 5599 attendentes,

505 5640 611 5710 (11)
659 5642 878 5697 Desunt
902 5643 1116 5712 ﬁgurae,
1147 5643 1289 5698 forte
1318 5644 1530 5699 eaedem
1558 5649 1691 5699 sunt
1719 5660 1844 5715 quae
1870 5644 1929 5698 in
1958 5645 2173 5699 musica
2194 5644 2474 5713 Aribonis,
2506 5661 2698 5717 supra.
