3934 6380
192 325 337 385 1409

1682 332 1972 389 MUSIGA.

3317 330 3463 391 1410

186 456 256 507 ut
282 452 567 523 pruritum
578 452 801 508 aurium
814 452 1040 520 faciant,
1072 454 1379 525 saepissime
1398 471 1524 509 eam
1548 455 1783 543 confunT
1802 461 1851 516 Α
1867 455 2040 511 vium.
2071 454 2200 508 Haec
2216 453 2591 525 quorumdam
2610 454 2891 508 sententia
2912 460 2999 510 est
3023 473 3038 510 :
3056 456 3155 511 sed
3178 455 3345 528 objici
3365 473 3461 528 po-

188 541 353 608 dunt,
386 558 854 613 communemque
878 548 1105 597 cantum
1139 544 1373 609 faciunt,
1399 545 1497 598 uni
1532 541 1787 599 videlicet

186 618 448 686 melodia:
461 647 686 686 cursum
698 633 939 686 duorum
955 637 1218 687 tonorum
1233 633 1544 689 tribuentes
1561 650 1573 684 :
1597 651 1787 705 quem-

186 719 497 774 admodum
519 721 579 774 in
598 722 704 774 hac
729 721 1008 775 cantilena
1056 727 1245 797 patet:
1313 724 1412 776 Ter
1457 727 1607 777 terni
1654 728 1786 777 sunt

186 809 362 863 modi.
395 810 459 863 In
488 809 812 880 hujusmodi
844 810 1036 880 itaque
1064 811 1339 873 cantibus,
1373 811 1470 882 qui
1496 816 1616 865 tam
1657 812 1787 865 laxe

184 902 364 968 atque
391 898 620 953 confuse
648 904 1078 969 componuntur,
1103 899 1349 954 cantoris
1369 899 1602 954 arbitrio
1622 901 1788 954 relin-

187 986 405 1056 quitur,
432 987 517 1041 uti
547 987 718 1041 talem
747 992 976 1041 cantum
1007 987 1059 1041 ei
1085 994 1221 1043 tono
1250 989 1496 1059 adaptet,
1532 989 1623 1043 cui
1652 1003 1788 1043 can-

184 1078 284 1130 tus
312 1075 650 1146 principium
676 1076 1087 1146 competentius
1127 1077 1500 1147 responderit.

260 1162 417 1218 XIII.
454 1164 630 1232 Super
657 1180 833 1232 graeca
866 1170 1131 1218 notarum
1167 1167 1430 1219 vocabula
1468 1169 1747 1235 expositio.

262 1251 545 1316 Quoniam
560 1253 822 1306 autemin
839 1253 1104 1307 continuo
1127 1253 1254 1307 mod
1263 1270 1425 1307 orum
1438 1258 1687 1309 tractatu
1704 1259 1792 1309 est

186 1341 424 1395 taedium
451 1358 621 1412 super
647 1341 797 1412 ipsas
821 1347 984 1395 notas
1012 1358 1237 1413 ponere,
1271 1342 1541 1397 vocabula
1570 1359 1785 1409 earum,

189 1445 318 1499 quia
345 1445 379 1482 a
406 1428 615 1482 Graecis
646 1429 983 1489 sortiuntur,
1014 1429 1375 1500 interpretari
1407 1429 1579 1483 libeat
1607 1448 1619 1483 :
1647 1446 1790 1500 qua-

185 1521 360 1571 tenus
377 1533 461 1582 ea,
488 1517 706 1588 quoties
740 1534 878 1587 opus
909 1517 1096 1584 fuerit,
1126 1535 1227 1588 pro
1256 1518 1393 1588 ipsis
1424 1518 1575 1572 notis
1607 1518 1788 1572 intro-

188 1605 485 1660 ducamus.
519 1606 735 1677 Horum
754 1606 1011 1677 equidem
1036 1607 1434 1661 vocabulorum
1448 1606 1789 1660 nominatio-

186 1709 323 1748 nem
354 1694 414 1747 in
441 1698 685 1748 tractatu
706 1694 893 1764 quarti
914 1695 1142 1764 capituli
1172 1694 1423 1749 fecimus.
1458 1694 1566 1748 Sed
1595 1695 1664 1747 de
1699 1694 1789 1748 his

1876 549 1990 598 test
2018 560 2053 597 a
2078 543 2283 597 callido
2314 542 2589 609 auditore,
2623 558 2735 597 non
2764 559 2885 598 esse
2913 550 3208 613 cogentem
3234 561 3465 600 causam

1867 649 2035 703 quam
2065 633 2133 686 de
2161 632 2461 689 semitonio
2491 631 2889 687 subintulimus
2915 651 2928 700 ;
2961 632 3009 687 si
3036 634 3186 687 enim
3204 635 3464 688 vetustis-

1868 720 1996 775 simi
2026 720 2225 775 musici
2254 720 2476 785 vellent,
2501 725 2565 774 ut
2583 720 2877 790 dispositio
2903 724 3101 776 v’ocum
3116 739 3150 776 a
3167 723 3466 777 semitonio

1868 810 2159 881 inciperet,
2194 814 2310 863 tam
2339 809 2481 863 bene
2510 809 2649 864 illud
2673 809 2824 863 inter
2850 810 2899 863 A
2928 815 2985 863 et
3041 811 3084 864 B
3122 811 3465 865 constituere

1868 899 2182 969 potuissent
2212 897 2357 951 sicut
2386 898 2533 951 inter
2578 899 2622 951 B
2668 903 2725 951 et
2771 896 2832 951 Ο.
2875 905 3223 970 quapropter
3261 899 3461 953 melius

1869 992 1957 1040 est
1991 992 2074 1053 ut,
2103 987 2413 1041 secundum
2443 985 2689 1057 priorem
2742 987 3101 1053 sententiam,
3129 987 3383 1042 dicamus
3418 989 3470 1042 A

1869 1075 2113 1146 primum
2134 1075 2194 1129 in
2217 1075 2594 1128 monochordo
2641 1074 2901 1128 locatam.
2934 1075 3045 1130 Sed
3091 1079 3249 1137 tunc.
3271 1091 3470 1130 rursus

1871 1163 2038 1233 objici
2059 1168 2261 1234 potest,
2282 1180 2383 1217 cur
2398 1162 2448 1216 B
2462 1168 2693 1217 vocetur
2702 1163 3025 1234 principalis
3046 1164 3463 1235 principalium,

1871 1268 1998 1305 cum
2025 1252 2212 1322 potius
2240 1253 2290 1305 A
2312 1251 2392 1304 sic
2421 1251 2671 1305 vocanda
2697 1257 2801 1317 est,
2826 1251 2959 1322 quia
2984 1252 3168 1322 prima
3211 1258 3295 1307 est
3330 1268 3469 1323 gra-

1869 1339 2041 1394 vium.
2073 1340 2160 1393 Ad
2186 1340 2335 1410 quod
2363 1339 2617 1401 dicimus,
2653 1339 2787 1410 quia
2822 1341 2864 1393 B
2915 1356 3027 1394 non
3065 1340 3190 1395 ideo
3234 1345 3467 1396 vocatur

1870 1427 2193 1498 principalis
2219 1428 2634 1498 principalium,
2663 1429 2812 1498 quod
2840 1444 2954 1482 una
2975 1430 3158 1500 prima
3185 1429 3263 1483 sit
3290 1430 3349 1484 in
3369 1447 3463 1484 or-

1870 1517 2001 1571 dine
2029 1533 2243 1582 earum,
2270 1516 2369 1570 sed
2393 1516 2542 1586 quod
2568 1516 2752 1586 prima
2787 1516 2936 1571 inter
2963 1518 3298 1588 principales
3324 1518 3466 1573 divi-

1871 1623 1995 1660 sum
2016 1621 2216 1660 sonum
2273 1604 2487 1674 gignit:
2542 1605 2591 1658 A
2633 1605 2783 1658 enim
2813 1622 2939 1660 cum
2969 1606 3044 1660 sit
3093 1607 3153 1661 in
3191 1607 3466 1678 principio

1869 1693 2231 1747 monochordi
2266 1695 2466 1758 locata,
2497 1683 2712 1747 nullam
2741 1694 2864 1748 soni
2893 1695 3275 1750 diversitatem
3306 1696 3463 1751 facit.

188 1787 330 1837 tunc
353 1782 538 1836 dicere
558 1782 901 1850 distulimus,
941 1799 1012 1836 ne
1060 1783 1198 1836 rude
1255 1788 1312 1836 et
1361 1771 2121 1836 inexercitatumBCautem
2153 1786 2385 1835 vocatur
2415 1782 2733 1853 Parhypate
2772 1782 3043 1854 hypaton,
3072 1783 3131 1837 id
3174 1788 3278 1849 est,
3305 1784 3470 1855 juxta

189 1872 322 1925 novi
342 1872 567 1925 lectoris
594 1871 885 1942 ingenium
915 1871 1209 1925 subitanea
1232 1872 1572 1925 obscuritate
1594 1871 1790 1925 obrua-

194 1975 405 2013 remus.
432 1959 506 2013 Ut
541 1966 750 2026 autem,
797 1976 919 2030 quae
969 1965 1284 2028 sequuntur
1335 1960 1535 2014 melius
1587 1960 1790 2013 intelli-

191 2053 423 2119 gantur,
456 2053 679 2119 oportet
705 2064 806 2102 nos
831 2049 901 2102 de
930 2048 1302 2102 tetrachordis
1329 2052 1583 2102 veterum
1611 2049 1789 2102 musi-

194 2153 391 2191 corum
419 2136 630 2207 aliquid
660 2137 1014 2194 interserere.
1047 2136 1275 2207 Antiqui
1302 2136 1579 2207 siquidem
1591 2136 1789 2191 musici

195 2231 441 2296 quatuor
466 2226 823 2279 tetrachorda
849 2225 906 2278 in
937 2225 1314 2279 monochordo
1356 2225 1778 2296 disposuerunt.

194 2314 451 2367 Primum
475 2313 583 2368 fuit
597 2313 667 2367 ab
695 2315 762 2367 A.
795 2329 973 2384 usque
1005 2313 1076 2367 ad
1104 2314 1173 2368 D.
1193 2319 1250 2367 et
1276 2314 1382 2367 hoc
1417 2313 1689 2368 vocabant
1706 2319 1787 2367 te-

193 2402 558 2457 trachordum
578 2402 1063 2474 principalium,eo
1084 2403 1357 2472 quodillae
1384 2408 1528 2457 notae
1553 2402 1612 2456 in
1641 2403 1790 2473 prin-

194 2492 343 2563 cipio
367 2492 560 2546 locatae
588 2497 775 2546 essent
805 2509 816 2544 :
848 2492 1154 2545 secundum
1175 2491 1244 2544 ab
1286 2492 1346 2555 E,
1382 2508 1561 2561 usque
1611 2491 1682 2545 ad
1734 2507 1786 2557 a,

196 2586 256 2636 et
287 2581 394 2634 hoc
420 2579 780 2652 appellabant
807 2580 1140 2645 mediarum,
1158 2580 1302 2651 quod
1327 2596 1532 2651 pereas
1550 2580 1783 2645 medias,

195 2669 255 2723 id
284 2675 370 2723 est
394 2669 765 2733 mediatrices,
802 2674 999 2722 Cantus
1028 2686 1061 2722 a
1079 2668 1343 2738 gravibus
1365 2669 1433 2722 ad
1451 2673 1643 2722 acutas
1664 2686 1792 2739 pro-

194 2758 590 2829 grederemur,
620 2763 676 2812 et
706 2758 1156 2827 regrederentur.
1183 2757 1435 2811 Tertium
1477 2774 1512 2810 a
1564 2757 1591 2827 η
1649 2774 1791 2828 qua-

196 2847 360 2901 drato
371 2863 548 2917 usque
561 2847 630 2900 ad
661 2863 709 2913 e,
731 2852 788 2900 et
806 2847 911 2899 hoc
938 2846 1201 2899 dicebant
1228 2845 1793 2915 disjunctarum,quia

198 2952 295 2990 eas
314 2952 349 2988 a
375 2934 804 3005 precedentibus
833 2935 1158 3004 disjunctas,
1188 2934 1244 2987 id
1304 2939 1409 2999 est,
1468 2934 1789 2989 differentes

195 3023 482 3089 videbant,
517 3029 574 3077 et
596 3023 652 3077 in
684 3024 885 3093 ﬁgura,
919 3023 1054 3077 etin
1076 3022 1199 3076 soni
1226 3022 1789 3086 acutione.Quartum

1869 1870 2232 1941 principalem
2256 1870 2669 1940 principalium,
2704 1871 2836 1941 quia
2855 1877 2941 1925 est
2952 1872 3119 1940 juxta
3139 1872 3253 1926 B.D
3274 1880 3464 1927 autem

1870 1959 2077 2013 dicitur
2107 1959 2358 2012 lichanos
2388 1959 2659 2029 hypaton,
2691 1959 2750 2012 id
2778 1964 2882 2025 est,
2916 1960 3167 2029 digitalis
3194 1960 3471 2032 principa-

1870 2050 2030 2112 lium,
2053 2054 2112 2103 et
2138 2049 2344 2103 dicitur
2372 2048 2635 2118 digitalis,
2672 2048 2831 2118 quasi
2860 2048 3177 2112 discretiva,
3213 2049 3345 2119 quia
3372 2049 3468 2102 di-

1870 2135 2096 2198 scernit,
2126 2136 2183 2189 id
2211 2141 2314 2202 est,
2348 2140 2609 2205 segregat
2637 2135 2972 2205 principales
3004 2151 3040 2188 a
3058 2135 3277 2189 mediis.
3305 2137 3349 2190 E
3376 2128 3468 2190 vo;

1869 2230 2031 2278 catur
2056 2225 2264 2295 hypate
2295 2240 2507 2290 meson,
2529 2224 2584 2277 id
2610 2229 2713 2287 est,
2738 2224 2901 2293 juxta
2947 2223 3313 2294 principalem
3343 2240 3465 2279 me-

1870 2312 2113 2367 diarum.
2167 2313 2215 2366 G
2252 2312 2506 2366 lichanos
2548 2328 2763 2379 meson,
2799 2312 2857 2365 id
2914 2316 3021 2378 est,
3067 2312 3313 2383 digitalis
3355 2328 3470 2367 me-

1870 2400 2110 2455 diarum.
2149 2400 2224 2454 Et
2250 2401 2355 2455 hoc
2376 2417 2581 2455 nomen
2602 2401 2729 2455 ideo
2748 2400 2937 2467 habet,
2962 2401 3091 2471 quia
3117 2401 3240 2472 ipsa
3269 2416 3384 2455 una
3402 2388 3471 2455 ei

1871 2491 2070 2543 mediis
2099 2490 2367 2544 discernit
2393 2490 2661 2561 capitales
2690 2494 2854 2543 notas
2882 2506 2915 2543 a
2936 2489 3467 2561 minutis.Sequitur

1870 2595 1906 2632 α
1929 2596 2051 2649 quae
2079 2586 2308 2633 vocatur
2336 2595 2509 2644 mese,
2542 2579 2598 2632 id
2625 2584 2713 2632 est
2740 2578 2944 2643 media,
2978 2578 3193 2632 scilicet
3242 2579 3392 2633 inter
3418 2579 3469 2633 A

1871 2669 2190 2740 capitalem,
2219 2674 2275 2723 et
2303 2662 2691 2745 :duplicatam
2716 2687 2728 2735 ;
2753 2668 2909 2722 nulla
2932 2668 3142 2722 etenim
3167 2675 3301 2723 nota
3319 2668 3471 2739 apud

1872 2757 2205 2810 vetustiores
2236 2762 2324 2810 ter
2349 2758 2645 2827 repetitur,
2679 2757 2790 2810 nisi
2818 2756 2945 2810 ista.
2981 2756 3331 2820 Quadratum
3362 2772 3469 2811 au-

1872 2849 1988 2898 tem
2017 2845 2043 2914 Η
2074 2849 2432 2914 nuncupatur
2467 2860 2778 2914 paramese,
2812 2843 2869 2897 id
2898 2849 3003 2909 est,
3019 2844 3181 2913 juxta
3199 2843 3466 2910 mediam,

1872 2932 2083 2986 scilicet
2107 2948 2158 2985 a.
2194 2932 2405 2986 Deinde
2433 2949 2485 3001 c,
2510 2932 2605 3003 qui
2633 2932 3465 3002 vocaturtritediezeugmenon,

1871 3020 1930 3074 id
1957 3004 2060 3086 est,
2091 3021 2261 3074 tertia
2288 3021 2716 3090 disjunctarum,
2751 3020 2899 3091 quod
2928 3036 3133 3074 nomen
3164 3020 3336 3074 habet
3362 3037 3465 3091 per

196 3112 310 3166 fuit
338 3129 371 3166 a
400 3113 686 3182 praemissa
712 3129 742 3166 e
778 3128 957 3182 usque
981 3105 1009 3188 ξ
1035 3111 1403 3182 duplicatum,
1434 3116 1491 3165 et
1527 3112 1632 3165 hoc
1687 3128 1790 3165 no-
1809 3090 1849 3145 Ο
1872 3113 2275 3180 praeposterum
2307 3109 2561 3163 ordinem
2589 3109 3093 3164 numerandi.Cum
3117 3109 3269 3163 enim
3289 3116 3417 3180 post
3438 3127 3468 3165 c

199 3200 501 3255 minabant
529 3201 936 3263 excellentium,
970 3200 1236 3270 quoniam
1267 3216 1362 3254 eas
1389 3199 1445 3253 in
1475 3199 1598 3254 soni
1615 3200 1795 3269 graci‘

199 3288 362 3342 litate
391 3288 651 3342 omnibus
679 3288 804 3341 aliis
826 3287 1088 3340 videbant
1117 3287 1401 3341 excellere.

275 3378 491 3447 Itaque,
522 3377 825 3430 secundum
858 3376 1003 3440 illos,
1037 3376 1132 3446 qui
1181 3393 1282 3429 nec
1332 3377 1374 3430 Γ
1429 3377 1791 3443 admiserant,

202 3480 311 3519 nec
337 3465 463 3518 illas
490 3472 607 3518 tres
630 3471 811 3530 notas,
844 3480 984 3533 quas
1013 3470 1140 3534 post
1170 3465 1212 3518 Γ
1241 3464 1587 3534 duplicatum
1631 3465 1795 3536 poni-

205 3570 355 3620 mus,
376 3552 644 3608 vocabula
664 3552 792 3619 ista,
817 3569 938 3622 quae
964 3553 1390 3623 interpretaturi
1417 3569 1630 3616 sumus,
1668 3570 1794 3608 mu-

202 3643 337 3697 sicis
354 3642 580 3697 vocibus
636 3641 901 3712 imposita
951 3648 1100 3695 sunt.
1126 3641 1316 3694 Prima
1362 3658 1494 3711 ergo
1544 3644 1594 3695 Α
1649 3643 1799 3713 apud

202 3732 426 3787 Grmcos
454 3731 697 3784 musicos
723 3734 953 3783 vocatur
982 3729 1590 3800 proslambanomenos,
1627 3738 1691 3784 ut
1711 3748 1799 3785 ac-

204 3820 415 3891 quisita
442 3823 556 3883 sive
586 3823 894 3888 assumpta,
928 3817 1192 3887 quoniam
1215 3834 1248 3870 a
1275 3819 1661 3887 grammatica,
1697 3837 1797 3890 pro

203 3924 316 3979 qua
343 3907 586 3978 primum
607 3913 830 3976 reperta
850 3912 952 3965 est.
985 3906 1057 3958 ad
1088 3921 1228 3975 opus
1259 3906 1484 3960 musicae
1510 3914 1799 3978 assumpta

201 4002 292 4051 est
323 4015 335 4050 :
366 3997 453 4050 vel
480 4000 630 4049 certe
651 3995 773 4048 ideo
802 3994 1078 4064 acquisita
1095 4000 1341 4061 vocatur,
1375 3995 1507 4065 quia
1534 3996 1799 4049 vetustis-

203 4084 335 4139 simi
364 4083 563 4137 musici
610 4099 735 4136 eam
783 4083 1029 4153 primum
1078 4099 1191 4135 non
1234 4082 1534 4153 ponebant.
1588 4085 1798 4138 Secun-

201 4173 340 4228 dum
373 4174 433 4238 Β,
454 4177 522 4226 ut
548 4171 801 4226 videlicet
829 4187 1023 4225 vocum
1053 4171 1346 4241 dispositio
1379 4188 1413 4225 a
1443 4172 1678 4226 minimo
1708 4174 1800 4226 in-

199 4261 436 4315 tervallo
456 4261 543 4314 vel
560 4260 1027 4329 semitonio,quod
1051 4261 1300 4313 estinter
1318 4262 1361 4313 B
1375 4265 1431 4315 et
1443 4262 1799 4327 C,exordium

201 4349 440 4405 haberet
463 4368 473 4402 :
498 4348 647 4402 unde
671 4354 726 4401 et
742 4348 865 4419 ipsa
886 4350 928 4401 B
950 4354 1182 4402 vocatur
1209 4350 1417 4420 hypate
1450 4351 1720 4420 hypaton,
1743 4351 1799 4404 id

205 4445 312 4502 est,
347 4437 668 4509 principalis
694 4437 1106 4508 principalium,
1140 4438 1271 4508 quia
1328 4439 1599 4493 nimirum
1653 4440 1803 4510 apud

202 4526 629 4598 antiquissimos
657 4526 839 4596 prima
863 4526 971 4579 fuit
999 4526 1414 4596 principalium,
1447 4527 1505 4580 id
1534 4533 1640 4592 est,
1671 4544 1801 4598 gra-

364 4679 645 4733 Proslam—

375 4748 645 4804 bamenos

773 4679 995 4748 Hypata

760 4747 1011 4820 hypaton

1131 4679 1411 4748 Parypate
1459 4679 1469 4748 |
1513 4679 1791 4733 Lichanos

1147 4750 1399 4820 hypaton
1459 4750 1471 4821 |
1530 4750 1781 4821 hypaton

468 5033 537 5087 A.
689 5032 703 5088 Ι
856 5032 919 5086 Β.
1075 5032 1085 5088 Ι
1237 5033 1298 5087 C.
1460 5032 1474 5088 I
1624 5034 1690 5088 D.

649 5130 1474 5185 Gra--ves.

373 5232 643 5286 Parame—
695 5230 705 5286 I
813 5230 968 5283 Trite
1078 5230 1090 5286 l
1139 5230 1418 5283 Paranete

400 5318 462 5357 se
696 5299 707 5371 |
765 5300 1026 5371 diezeug—
1081 5299 1092 5371 |
1147 5299 1412 5370 diezeug-

780 5389 1006 5427 menon.
1081 5387 1093 5427 I
1165 5387 1369 5426 menon
1378 5411 1390 5424 .

1521 5231 1663 5284 Nete
1691 5230 1803 5284 die-

1521 5317 1781 5371 zeugma-

1522 5388 1656 5428 non.

484 5588 528 5654 ἡ.
700 5584 712 5654 |
869 5603 919 5640 c.
1083 5584 1097 5654 Ι
1256 5584 1311 5638 (1.
1465 5584 1477 5653 |
1647 5600 1693 5638 e.

611 5685 755 5740 dis
820 5714 850 5730 ι-
914 5686 1068 5741 iun
1134 5715 1162 5727 -
1227 5715 1255 5727 -
1320 5691 1521 5740 ctae.

364 4679 645 4733 Proslam—
773 4679 995 4748 Hypata
1131 4679 1411 4748 Parypate
1513 4679 1791 4733 Lichanos
1921 4679 2144 4750 Hypata
2279 4679 2560 4750 Parypate
2672 4681 2947 4736 Lichanos
3102 4682 3276 4737 Meae.

375 4748 645 4804 bamenos
760 4747 1011 4820 hypaton
1147 4750 1399 4820 hypaton
1530 4750 1781 4821 hypaton
1939 4765 2136 4804 meson
2326 4766 2523 4804 meson
2716 4768 2911 4806 meson

468 5033 537 5087 A.
686 4675 703 5106 |
856 5032 919 5086 Β.
1068 4673 1086 5102 1
1237 5033 1298 5087 C.
1459 4676 1475 5106 1
1624 5034 1690 5088 D.
1840 4674 1857 5105 ‘
2009 5032 2070 5086 E.
2224 4675 2236 5107 1
2385 5033 2444 5087 F.
2612 4677 2631 5108 Ι
2779 5033 2847 5088 G.
2999 4679 3011 5107 Ι
3182 5052 3218 5090 a

649 5130 698 5184 G
805 5146 836 5182 r
944 5146 979 5183 a
1050 5156 1080 5170 -
1117 5158 1145 5169 -
1182 5147 1215 5182 v
1307 5148 1337 5185 e
1429 5149 1474 5185 s.
2261 5147 2318 5185 m
2407 5148 2437 5185 e
2528 5160 2556 5171 -
2595 5160 2623 5171 -
2716 5130 2753 5184 d
2792 5130 2812 5184 i
2886 5161 2913 5171 -
2987 5148 3053 5186 se.

373 5232 643 5286 Parame—
813 5230 968 5283 Trite
1139 5230 1418 5283 Paranete
1521 5231 1663 5284 Nete
1691 5230 1803 5284 die-
1968 5232 2122 5285 Trite
2300 5231 2576 5284 Paranete
2746 5229 2889 5283 Nete

400 5318 462 5357 se
765 5300 1026 5371 diezeug—
1147 5299 1412 5370 diezeug—
1521 5317 1781 5371 zeugme-
1904 5301 2192 5373 hyperbo—
2289 5300 2571 5372 hyperbo-
2709 5299 2922 5371 hyper-.

780 5389 1006 5427 menon.
1165 5387 1390 5426 menon.
1522 5388 1656 5428 non.
1905 5373 2053 5428 leon.
2292 5373 2441 5430 leon.
2710 5371 2931 5427 boleon.

484 5588 528 5654 ἡ.
869 5603 919 5640 c.
1256 5584 1311 5638 (1.
1647 5600 1693 5638 e.
2029 5586 2066 5636 1.
2409 5604 2467 5656 g,
2514 5649 2521 5655 '
2794 5601 2846 5640 a.

611 5685 1068 5741 dis-iun
1134 5691 1521 5740 --ctae.
2108 5686 2756 5740 excellentes.

1875 3197 1948 3252 sit
1975 3199 2030 3262 d,
2063 3204 2119 3252 et
2147 3198 2326 3268 postd
2356 3198 2430 3251 sit
2457 3215 2519 3266 e;
2547 3198 2595 3252 si
2624 3198 2775 3253 dicas
2805 3214 2836 3252 e
2878 3198 3141 3269 primam,
3176 3198 3213 3252 d
3264 3214 3468 3253 secun-

1876 3287 2026 3353 dam,
2061 3304 2091 3340 c
2121 3286 2229 3341 erit
2256 3287 2452 3350 tertia;
2482 3287 2630 3357 quod
2655 3295 2843 3341 autem
2872 3286 3113 3340 dicimus
3136 3287 3307 3341 tertia
3361 3287 3472 3342 dis-

1873 3378 2219 3447 junctarum,
2250 3381 2472 3429 tantum
2520 3376 2666 3429 valet
2717 3392 2781 3429 ac
2830 3375 2877 3429 si
2918 3374 3248 3443 diceremus,
3272 3376 3470 3431 unade

1877 3465 2079 3531 tribus,
2114 3481 2239 3535 quae
2269 3465 2534 3518 dicuntur
2564 3464 2874 3534 disjunctas.
2905 3465 3041 3519 Post
3061 3465 3207 3519 hanc
3233 3465 3384 3519 enim
3412 3464 3471 3531 d,

1879 3569 2002 3624 quae
2040 3553 2243 3607 dicitur
2273 3558 2541 3624 paranete
2577 3553 3035 3623 diezeugmenon,
3069 3553 3125 3608 id
3173 3559 3279 3623 est,
3313 3554 3475 3624 juxta

1880 3641 2140 3695 ultimam
2162 3642 2589 3712 disjunctarum,
2627 3643 2761 3713 quia
2785 3648 2870 3696 est
2891 3643 3053 3711 juxta
3081 3658 3131 3706 e,
3163 3659 3285 3713 quae
3310 3659 3473 3697 voca-

1880 3734 1975 3784 tur
2005 3736 2132 3784 nete
2162 3731 2637 3800 diezeugmenon:
2673 3730 3076 3801 interpretatur
3116 3738 3305 3784 autem
3346 3736 3475 3785 nete

1879 3819 2081 3872 ultima
2100 3819 2537 3888 diezeugmenon
2561 3818 3263 3889 disjunctarum.Sequitur
3278 3819 3317 3884 f,
3341 3820 3475 3874 trite

1881 3906 2280 3978 hyperboleon,
2314 3907 2367 3960 id
2394 3914 2478 3960 est
2515 3906 2685 3959 tertia
2710 3906 3138 3973 excellentium;
3199 3923 3309 3977 quo
3370 3923 3475 3962 no-

1882 3995 2031 4048 mine
2057 3995 2206 4049 idem
2227 3996 2581 4049 sentiendum
2613 4001 2716 4060 est,
2750 3995 2898 4065 quod
2927 3996 2996 4048 de
3024 4012 3054 4048 c
3076 3995 3478 4051 diximus.Post

1880 4084 1910 4137 f
1921 4085 2105 4138 locata
2133 4089 2219 4137 est
2244 4101 2301 4153 g,
2341 4101 2462 4154 quae
2514 4084 2718 4137 dicitur
2754 4089 3022 4154 paranete
3068 4083 3471 4155 hyperboleon,

1878 4173 1935 4227 id
1965 4174 2228 4241 est,juxta
2258 4173 2518 4227 ultimam
2548 4171 2936 4226 excellentium
2963 4191 2975 4239 ;
3000 4172 3133 4243 quia
3152 4179 3239 4226 est
3245 4174 3409 4244 juxta
3426 4166 3474 4260 ξ,

1882 4278 2004 4332 qua:
2025 4268 2256 4315 vocatur
2275 4266 2402 4314 nete
2432 4261 2834 4332 hyperboleon,
2866 4260 2922 4315 id
2953 4267 3038 4316 est
3064 4261 3266 4316 ultima
3296 4263 3476 4317 excel-

1883 4350 2142 4404 lentium.
2177 4350 2250 4404 Ut
2276 4357 2465 4404 autem
2501 4349 2883 4404 manifestiora
2911 4350 3040 4415 sint,
3069 4367 3192 4422 quia
3213 4350 3474 4420 diximus,

1884 4444 2135 4492 veterum
2158 4438 2501 4493 musicorum
2528 4439 2886 4494 tetrachorda
2913 4455 3040 4493 cum
3066 4439 3348 4495 vocabulis
3378 4456 3478 4496 su-

1883 4527 2209 4598 prascriptis
2237 4526 2599 4597 subjecimus.

1921 4679 2144 4750 Hypata

1939 4765 2136 4804 meson

2279 4679 2560 4750 Parypate
2618 4679 2629 4750 |
2672 4681 2947 4736 Lichanos
2999 4679 3010 4750 |
3102 4682 3276 4737 Meae.

2326 4766 2523 4804 meson
2616 4766 2630 4806 I
2716 4768 2911 4806 meson

2009 5032 2070 5086 E.
2224 5032 2235 5090 Ι
2385 5033 2444 5087 F.
2612 5032 2629 5090 I
2779 5033 2847 5088 G.
2999 5032 3011 5090 Ι
3182 5052 3218 5090 a

2261 5130 3053 5186 me--di-te.

2300 5231 2576 5284 Paranete
2619 5229 2629 5284 Ι
2746 5229 2889 5283 Nete

2289 5300 2571 5372 hyperbo—
2619 5299 2630 5372 |
2709 5299 2922 5372 hyper-.

2292 5371 2441 5430 leon.
2619 5371 2630 5430 Ι
2710 5371 2931 5427 boleon.

1968 5232 2122 5285 Trite

1904 5301 2192 5373 hyperbo-

1905 5373 2053 5428 leon.

2029 5586 2066 5636 1.
2234 5530 2247 5656 Ι
2409 5530 2632 5656 ε.,Ι
2794 5530 2850 5640 ἒξ

2108 5686 2756 5740 excellentes.
