3934 6372
465 308 601 377 μη

1871 307 1922 360 J.
1965 302 2323 365 GOTTONIS

3596 291 3734 349 μη

459 432 611 489 XIV.
643 432 789 499 Quid
807 431 1128 498 faciendum
1152 431 1224 481 sit
1248 430 1520 491 decantat;
1559 432 1658 497 qui
1688 432 1751 484 in
1792 434 2112 497 perpelqu
2133 425 2492 498 processerit.
2530 441 2606 480 an
2641 425 2719 479 sic
2766 442 2801 480 a
2837 425 3164 479 modulante
3210 423 3454 494 primum
3499 421 3738 492 prolatu

1057 515 1221 553 cursu
1251 501 1444 566 dc/icz'l.

533 609 812 681 Expositis
839 607 1030 676 itaque
1060 612 1322 662 notarum
1349 605 1652 669 vocabulis,
1681 605 1749 658 de
1797 605 2056 660 cantibus

463 699 761 758 dicendum
794 701 898 761 est,
927 695 1020 764 qui
1051 695 1108 746 in
1135 695 1358 764 proprio
1385 711 1550 748 cursu
1577 694 1901 750 deficientes
1915 695 2056 748 alias

464 787 572 841 sibi
593 787 792 840 ﬁnales
820 789 1111 852 usurpant.
1142 783 1228 836 Fit
1256 790 1450 837 autem
1467 783 1580 836 ista
1633 789 1902 840 cantuum
1933 783 2055 836 ille-

464 876 670 947 galitas
698 875 759 927 in
787 872 1120 943 quibusdam
1149 871 1440 934 venaliter,
1471 871 1528 923 in
1557 871 1893 940 quibusdam
1926 887 2056 924 vero

468 961 1025 1018 minimeJnterdum
1056 960 1120 1012 lit
1145 976 1209 1014 ex
1233 966 1527 1013 cantorum
1556 959 1704 1022 vitio,
1728 961 2057 1030 plerumque

392 1080 396 1092 ι
466 1066 530 1104 ex
562 1047 898 1102 irrefutabili
917 1045 1350 1115 antiquitatem
1372 1046 1573 1116 quibus
1588 1053 1776 1100 autem
1790 1054 2057 1100 cantuum

465 1137 812 1210 perturbatio
849 1135 1214 1190 tolerabiliter
1244 1135 1450 1199 evenit,
1473 1135 1530 1188 hi
1563 1142 1674 1188 tres
1700 1135 1850 1190 modi
1875 1151 1884 1182 :
1922 1136 2059 1188 Pro-

465 1235 577 1293 tus,
597 1228 882 1282 deuterus.
901 1225 1088 1278 tritus.
1126 1225 1226 1276 His
1241 1231 1430 1277 autem
1459 1223 1732 1292 legalibus
1751 1230 2063 1292 transgres~

463 1316 682 1370 sionem
713 1314 910 1368 musici
934 1313 1137 1366 idcirco
1168 1311 1838 1381 ignoscunt.quiaafﬁnes
1853 1310 2061 1363 habent

463 1421 642 1460 voces.
675 1402 886 1457 Affines
912 1408 1100 1456 autem
1132 1401 1258 1454 illas
1287 1417 1449 1453 voces
1471 1399 1734 1460 dicimus,
1757 1417 1878 1469 quae
1901 1399 2059 1452 inde-

464 1493 744 1564 positione
767 1497 824 1545 et
853 1491 1161 1545 elevatione
1192 1489 1566 1552 concordant:
1599 1488 1752 1541 verbi
1796 1487 1981 1556 gratia
2011 1487 2058 1544 Β

465 1582 650 1638 ﬁnalis
697 1580 842 1650 preti
872 1596 1000 1632 eum
1029 1596 1065 1631 a
1093 1588 1256 1632 acuta
1295 1577 1634 1641 concordat;
1679 1576 1855 1630 ambae
1909 1576 2060 1632 enim.

467 1675 606 1725 tono
632 1670 1010 1737 deponuntur,
1042 1671 1098 1718 et
1125 1673 1260 1719 tono
1301 1671 1358 1719 et
1396 1665 1693 1718 seinitonio
1735 1665 2056 1723 elevantur;

2135 517 2365 574 fuerint.
2407 515 2677 570 incertum
2725 513 3014 568 habemus.
3064 514 3342 567 Caeterum
3403 512 3507 564 hoc
3541 510 3739 563 certis-

2137 606 2278 658 sime
2309 603 2588 661 novimus.-
2619 603 2764 672 (μιοὰ
2806 620 2905 672 per
2935 603 3309 672 quorumdam
3353 598 3736 669 ignorantiam

2141 693 2427 748 multoties
2456 698 2652 746 cantus
2701 692 3061 760 depravantur.-
3097 689 3577 760 quemadmodum
3615 688 3740 757 jam

2139 783 2328 852 plures
2360 780 2630 834 habemus
2654 781 3002 847 depravatos.
3031 787 3204 848 quam
3244 785 3577 830 enumerare
3617 791 3742 845 pos-

2139 871 2315 924 simus
2371 870 2519 932 Quos
2568 885 2757 922 revera
2789 885 2902 921 non
2959 869 3057 931 ita,
3087 874 3150 920 ut
3186 883 3336 920 nunc
3380 865 3441 918 in.
3487 862 3744 917 ecclesiis

2140 964 2372 1020 canunt,
2393 957 2799 1012 modulantium
2831 956 3135 1010 auctoritas
3164 953 3540 1024 protulit,‘sed
3557 968 3742 1022 prava;

2141 1047 2430 1099 hominum
2469 1056 2629 1100 Voces
2652 1055 2865 1100 motum
2893 1045 3066 1099 animi
3095 1044 3183 1098 sui
3211 1042 3568 1112 sequentium
3590 1047 3743 1094 recte

2142 1136 2452 1206 composita
2481 1142 2816 1204 pervertere,
2857 1150 3228 1204 perversaque
3255 1133 3313 1185 in
3343 1139 3505 1185 usum
3551 1131 3741 1184 incor-

2145 1222 2426 1292 rigibilem-
2453 1222 2756 1285 deduxere,-
2775 1221 2916 1276 adeo
2945 1226 3008 1274 ut
3024 1222 3142 1289 jam
3165 1220 3441 1289 pessimus
3455 1227 3596 1272 usus
3619 1228 3744 1287 pro-

2143 1311 2477 1364 auctoritate
2515 1316 2793 1364 teneatur.
2845 1309 3132 1379 Siquidem
3179 1308 3428 1378 imperiti
3478 1313 3744 1360 cantores

2143 1399 2444 1468 aliquando
2472 1399 2707 1458 canendi
2736 1398 2900 1452 taedio
2931 1397 3285 1468 pregravati,
3315 1413 3440 1466 qua
3467 1395 3746 1449 elevanda

2144 1494 2326 1552 erant,
2352 1487 2694 1556 depressam,
2727 1491 2784 1538 et
2805 1486 3136 1554 plerumque
3164 1483 3476 1555 petulantia
3502 1482 3745 1546 inducti,

2144 1589 2266 1641 quae
2295 1574 2530 1627 inferius
2557 1580 2719 1628 erant
2747 1573 3024 1639 canenda,
3047 1573 3199 1627 ultra
3227 1573 3408 1642 legem
3439 1571 3698 1625 extulere
3728 1589 3745 1636 φ

2145 1667 2207 1714 u-t
2231 1667 2386 1731 patet
2405 1662 2465 1714 in
2495 1662 2599 1716 hoc
2626 1661 2920 1730 graduali:
2957 1662 3061 1726 Qui
3106 1663 3249 1714 sedes
3301 1662 3551 1714 Domino.-
3598 1659 3747 1711 Nam

470 1761 620 1814 Item
645 1756 895 1810 Eﬁnalis
949 1754 1164 1810 deuteri
1209 1771 1338 1807 cum
1394 1753 1676 1824 quadrato
1728 1752 2124 1838 alﬁnitatemB
2148 1767 2310 1817 super
2339 1751 2659 1818 Cheruln’m,
2691 1749 2928 1819 quodin
2977 1754 3250 1818 paranete
3301 1746 3750 1815 diezeugmenon

470 1845 660 1906 habet,
725 1861 851 1898 cum
922 1844 1181 1897 similiter
1230 1843 1585 1912 deponantur
1640 1848 1698 1895 et
1755 1843 2060 1896 eleventur.

471 1935 564 1991 Sic
620 1939 680 1987 et
731 1933 772 1986 F
812 1933 997 1986 ﬁne-lis
1035 1948 1159 1986 cum
1220 1948 1248 1984 c
1297 1936 1463 1983 acuta
1517 1930 1574 1982 in
1625 1929 1973 1999 depositione
2010 1934 2068 1982 et

470 2022 782 2079 elevatione
817 2021 1093 2074 convenit.
1148 2019 1380 2088 Propria
1425 2024 1615 2072 autem
1662 2018 1907 2071 afﬁnitas
1955 2034 2064 2071 non

471 2117 558 2168 est
611 2111 667 2162 in
707 2109 1075 2180 depositione,
1132 2107 1255 2172 nisi
1334 2113 1636 2175 utrumque
1694 2107 1780 2158 vel
1863 2101 2064 2162 saltem

467 2197 702 2255 elevatio
731 2197 1070 2267 duplicetur.
1087 2196 1192 2250 Sed
1217 2195 1481 2265 quoniam
1509 2195 1693 2247 ﬁnalis
1718 2194 2065 2248 tetrachordi

468 2285 792 2356 huiusmodi
825 2275 1156 2337 afﬁnitatem
1189 2299 1305 2336 non.
1333 2281 1524 2344 habet,
1554 2282 1681 2334 ideo
1709 2281 1895 2334 delicti
1909 2281 2067 2334 venia

470 2380 644 2432 caret.
680 2374 916 2443 Oportet
945 2387 1212 2440 namque,
1234 2378 1298 2424 ut
1313 2370 1408 2439 qui
1431 2369 1694 2424 vicarium
1726 2369 1932 2423 habere.
1957 2383 2067 2422 non

469 2467 674 2533 potest,
708 2462 830 2531 ipse
857 2477 1023 2514 suum
1053 2475 1152 2530 per
1181 2475 1240 2512 se
1279 2458 1524 2512 ofﬁcium
1545 2457 1938 2512 convenienter
1967 2457 2067 2510 ad-

472 2549 758 2606 ministret
788 2569 802 2608 -,
835 2549 881 2600 si
911 2564 1043 2616 ergo
1073 2545 1369 2615 aliquoties
1412 2546 1469 2598 in
1514 2552 1680 2597 cantu
1728 2543 2069 2597 tetrachordi

473 2638 592 2692 ulla
622 2637 805 2690 evenit
829 2635 1128 2694 aberratio.
1189 2635 1428 2686 dicimus
1483 2650 1603 2684 eam
1653 2633 1950 2702 procedere
2004 2649 2069 2684 ex

473 2730 769 2784 cantorum
800 2723 1044 2787 inscitia,
1075 2728 1130 2775 et
1163 2722 1552 2791 corrigendum
1584 2738 1704 2774 esse
1731 2722 2068 2774 musicorum

473 2813 700 2886 peritia.
731 2811 796 2865 In
828 2817 1000 2866 cantu
1028 2816 1216 2864 autem
1235 2810 1622 2880 praedictorum
1647 2809 2070 2872 modorum,sci-

472 2899 604 2954 licet
650 2901 823 2971 proti,
845 2899 1085 2963 deuteri,
1116 2899 1254 2960 triti.
1279 2899 1499 2968 quoties
1552 2915 1693 2968 opus
1733 2899 1924 2964 fuerit,
1955 2897 2068 2950 vice

472 2989 728 3042 ﬁnalium
753 2988 950 3042 afﬁnes
988 2988 1138 3040 haud
1197 2987 1502 3057 incongrue
1557 2986 1953 3055 subrogantur.
1997 2986 2071 3038 Ut

471 3083 660 3133 autem
694 3076 838 3147 quod
867 3075 1103 3128 dicimus
1128 3075 1334 3128 clarius
1353 3076 1650 3140 elucescat,
1671 3072 2068 3142 exemplasub-

471 3165 683 3220 dimus:
721 3165 1082 3220 Gaudendum
1118 3169 1192 3215 est
1224 3166 1396 3220 nobis.
1424 3179 1553 3216 cum
1581 3162 1655 3215 sit
1681 3162 1846 3231 proti,
1879 3161 1934 3213 in
1967 3177 2068 3214 suo

471 3254 592 3317 loco
631 3253 850 3306 cantari
895 3269 1005 3304 non
1057 3257 1259 3320 potest,
1298 3251 1430 3320 quia
1476 3251 1532 3304 in
1575 3250 1905 3319 quibus-lam
1935 3249 2069 3302 locis

473 3341 576 3396 sub
604 3341 914 3412 parhypate
952 3341 1202 3410 hypaton
1233 3340 1274 3391 Ο
1302 3339 1656 3407 gravitonum
1688 3337 1942 3407 requirit.
1974 3336 2070 3405 qui

474 3429 553 3483 ibi
581 3435 838 3482 nonest:
874 3435 1136 3482 ceterum
1185 3427 1244 3480 in
1283 3444 1450 3486 mese,
1487 3427 1542 3480 id
1597 3431 1685 3479 cst
1738 3443 1792 3488 a,
1852 3426 2070 3495 incepta

473 3517 685 3587 absque
723 3533 911 3570 errore
932 3516 1002 3569 ad
1031 3515 1286 3569 eamdem
1319 3517 1365 3568 Α
1395 3515 1453 3567 in
1481 3516 1589 3568 fine
1613 3514 1938 3567 deducetur.
1983 3513 2070 3567 Si-

473 3606 686 3660 militer
709 3610 768 3659 et
795 3605 904 3658 ista
923 3609 1039 3657 ant.
1058 3605 1322 3672 Magnum
1347 3602 1865 3665 Iwredilalz’sﬂuod
1881 3607 2071 3654 autem

475 3694 704 3765 quidam
737 3693 944 3747 evitare
984 3693 1230 3745 volentes
1261 3693 1547 3754 ponuntA
1591 3697 1647 3743 et
1704 3689 1752 3742 B
1804 3706 2068 3759 graecum,

477 3783 625 3856 quod
651 3784 822 3836 etiam
857 3798 1263 3852 synemmenon
1280 3787 1492 3840 vocant,
1524 3779 1579 3832 id
1602 3785 1689 3832 est
1719 3778 2068 3848 adjunctum,

473 3877 540 3926 ut
574 3873 656 3925 ita
681 3871 785 3925 sub
807 3869 855 3924 C
879 3876 1082 3924 tonum
1111 3869 1354 3922 habeant
1385 3887 1398 3934 ;
1430 3874 1816 3921 verumtamen
1843 3867 1996 3920 nulla
2016 3867 2072 3919 id

475 3961 808 4015 auctoritate
833 3960 1165 4013 conﬁrmare
1197 3963 1412 4027 queunt
1437 3975 1455 4023 -,
1483 3973 1614 4009 nam
1646 3955 1852 4019 Guido,
1883 3956 1980 4024 qui
2001 3955 2070 4007 ad

473 4039 580 4104 hoc
609 4050 790 4102 solum
821 4047 1059 4114 studuit,
1091 4052 1155 4100 ut
1210 4045 1399 4099 nullus
1431 4045 1486 4097 in
1517 4044 1898 4097 monochordo
1924 4048 2072 4096 esset

475 4139 744 4201 defectus,
768 4137 911 4190 hanc
933 4136 1127 4206 procul
1152 4127 1323 4188 dubio
1353 4133 1788 4195 intersemisset,
1819 4131 1868 4185 si
1888 4148 2074 4185 neces.

473 4227 678 4281 sariam
713 4226 954 4279 vidisset.
992 4225 1086 4277 Est
1125 4231 1180 4276 et
1201 4223 1356 4276 aliud
1407 4221 1558 4290 quod
1605 4221 1970 4274 assertionem
2002 4220 2072 4273 il-

2147 1838 2528 1908 incipiendum
2561 1845 2664 1901 est,
2705 1839 2762 1892 in
2788 1849 2943 1892 mese
2968 1837 3216 1906 incipere
3255 1836 3462 1899 solent,
3506 1835 3750 1904 ideoque

2148 1928 2228 1992 tit,
2265 1933 2327 1980 ut
2354 1934 2555 1980 cantus
2589 1928 2646 1979 in
2677 1927 2930 1980 lichanos
2955 1926 3203 1995 hypaton
3231 1930 3426 1978 contra
3449 1924 3544 1992 jus
3561 1928 3745 1977 exeat.

2149 2014 2292 2068 Item
2334 2015 2392 2068 in
2422 2016 2524 2070 hac
2549 2029 2827 2069 commun.
2866 2016 3146 2080 Principes
3169 2015 3444 2079 persecuti
3472 2017 3606 2064 sunt
3639 2027 3746 2073 me,

2147 2105 2400 2174 plerique
2441 2119 2552 2158 non
2599 2103 2892 2156 minimum
2943 2107 3154 2156 errant.
3199 2101 3343 2153 Nam
3394 2101 3744 2165 Cone-apicii,

2147 2194 2296 2262 quod
2315 2193 2370 2246 in
2397 2193 2532 2246 trite
2559 2193 2995 2260 diezeugmenon
3024 2189 3406 2259 incipiendum
3434 2192 3542 2252 est,
3558 2187 3669 2257 ipsi
3689 2187 3746 2243 in

2149 2281 2184 2334 ι)
2213 2282 2366 2335 molli
2397 2281 2693 2351 incipiunt,
2727 2281 2807 2334 sic
2835 2278 3304 2334 insolituminter
3334 2278 3375 2330 E
3404 2282 3461 2331 et
3508 2276 3542 2328 b
3573 2277 3746 2331 molle

2151 2371 2505 2424 intervallum
2528 2369 2757 2433 iaciunt,
2788 2375 3129 2438 centumque
3163 2366 3334 2436 legali
3354 2382 3524 2419 cursu
3569 2366 3748 2420 destia-

2150 2464 2334 2512 tuunt.
2391 2458 2660 2512 Similiter
2702 2457 2956 2512 nonnulli
3009 2455 3461 2510 ineonvenienter
3506 2455 3750 2508 efferunt

2149 2548 2305 2617 grad.
2351 2550 2599 2600 Pl‘obasli
2625 2549 2873 2612 Domine,
2908 2559 3128 2599 versum
3177 2554 3422 2613 namque
3455 2545 3578 2612 eius
3618 2545 3747 2609 lgna

2153 2652 2235 2688 me
2265 2638 2504 2688 erantin.
2533 2635 2588 2686 in
2620 2635 2752 2688 trite
2776 2635 3214 2703 diezeugmenon
3243 2633 3646 2702 incipiendum,
3688 2632 3746 2684 in

2153 2729 2424 2794 parypate
2455 2739 2646 2776 meson
2676 2723 2964 2787 inchoent,
2991 2723 3184 2791 sicque
3207 2722 3518 2790 legitimam
3545 2727 3746 2776 cantus

2151 2812 2356 2866 seriem
2376 2827 2441 2864 ex
2471 2816 2589 2864 toto
2617 2810 2972 2864 conturbant.
3013 2811 3144 2871 Sed,
3180 2826 3306 2863 cum
3331 2809 3389 2862 in
3420 2810 3525 2862 hoc
3578 2815 3749 2863 cantu

2151 2907 2434 2970 peccetur,
2473 2899 2606 2952 dum
2628 2916 2695 2952 ea
2720 2913 2844 2968 quae
2864 2899 3133 2952 elevanda
3154 2904 3287 2952 sunt
3310 2898 3709 2967 deprimuntur
3731 2916 3744 2950 :

2151 2989 2208 3042 in
2243 2988 2368 3041 aliis
2399 2987 2732 3057 quibusdam
2780 2988 3034 3042 nonnulli
3074 2993 3288 3056 errant,
3319 2987 3453 3040 dum
3505 3003 3596 3052 ea,
3627 3002 3748 3056 qua

2151 3077 2515 3146 deprimenda
2551 3082 2702 3140 sunt,
2761 3077 2977 3130 elevare
3035 3075 3364 3137 moliuntur,
3414 3080 3477 3128 ut
3528 3075 3589 3128 in
3646 3076 3748 3128 hoc

2153 3163 2192 3223 ἢ
2223 3167 2425 3217 Ductus
2454 3171 2528 3217 est
2557 3168 2709 3217 .Iesus
2733 3168 2796 3216 in.
2824 3167 3118 3217 deserlmn.
3151 3173 3279 3216 cum
3326 3163 3505 3218 enim:
3549 3165 3644 3216 Dic
3687 3168 3747 3215 ut

2155 3256 2376 3320 lapillos,
2412 3254 2467 3305 in
2488 3254 2619 3306 trite
2649 3254 3086 3321 diegeugii‘ienoxi
3110 3252 3183 3304 sit
3210 3251 3611 3320 ineipie‘ndum.
3641 3250 3746 3320 ipsi

2153 3341 2290 3394 illud
2323 3341 2382 3394 in
2409 3341 2540 3394 trite
2569 3341 2948 3411 hyperboleon
2976 3340 3272 3409 incipiunt.
3319 3340 3380 3393 in
3415 3340 3519 3392 hoc
3569 3340 3741 3392 etiam

2153 3427 2197 3498 ﬂ
2236 3431 2536 3482 Terribilis.
2571 3430 2826 3499 plerique
2843 3429 3179 3497 delinquunt
3207 3428 3348 3481 ineo
3375 3428 3494 3482 loco
3523 3428 3621 3483 ubi
3642 3434 3744 3491 est.

2153 3521 2380 3584 etporta
2412 3520 2562 3570 coeli:
2610 3519 2832 3570 elevant
2869 3516 3018 3570 enim
3061 3517 3164 3568 hoc
3209 3515 3392 3572 subito
3449 3516 3519 3569 ad
3553 3522 3747 3571 acutas

2153 3606 2552 3662 transilientes.
2585 3622 2712 3658 cum
2735 3606 2921 3674 potius
2945 3606 3093 3658 circa
3124 3605 3347 3658 ﬁnalem
3379 3605 3428 3658 D
3454 3605 3533 3658 sit
3547 3615 3748 3659 canen-
3823 3605 3834 3612 ’

2155 3694 2306 3746 dum.
2343 3694 2637 3748 Falluntur
2665 3695 2834 3748 etiam
2868 3710 3112 3763 persaepe
3143 3693 3347 3746 indocti
3399 3699 3660 3747 cantores
3690 3694 3746 3747 in

2148 3783 2467 3850 judicandis
2497 3783 2667 3849 tonis,
2693 3791 2748 3835 et
2773 3782 3047 3835 similibus
3067 3789 3332 3835 cantuum
3356 3782 3670 3852 principiis,
3688 3789 3749 3837 ut

2158 3870 2307 3922 verbi
2333 3871 2550 3939 gratia:
2591 3871 2752 3924 multi
2781 3871 2922 3924 hanc
2953 3877 3074 3926 ant.
3111 3872 3212 3923 Istc
3237 3887 3378 3938 puer
3401 3871 3551 3940 plagi
3608 3871 3746 3925 deu-

2153 3961 2276 4011 tero
2296 3958 2650 4026 adjudicant,
2683 3958 2816 4027 quia
2859 3958 2918 4011 in-
2953 3958 3272 4028 inceptione
3325 3959 3583 4012 con-venit
3620 3976 3748 4014 cum

2153 4045 2263 4099 ista
2286 4052 2400 4098 ant.
2437 4049 2502 4100 In
2531 4049 2774 4114 odorem,
2804 4052 2888 4100 est
2908 4053 3098 4100 autem
3135 4050 3234 4099 ista
3253 4063 3410 4114 puer,
3437 4047 3748 4102 ἀξιωθώεὶ

2155 4134 2332 4203 proti:
2368 4135 2443 4187 In
2481 4137 2701 4187 odorem
2735 4135 2912 4204 plagis
2949 4135 3187 4188 deuteri.-
3221 4135 3491 4189 Similiter
3541 4143 3597 4189 et
3649 4137 3750 4191 has

2157 4223 2521 4292 antiphonas:
2581 4226 2695 4290 Ipse
2735 4226 2969 4290 praeibat.
3007 4227 3282 4290 Dz'rupisll
3330 4226 3586 4288 Domine”,
3619 4242 3749 4278 cum

473 4316 660 4368 lorum
679 4313 980 4383 improbat.
1007 4313 1112 4365 hoc
1134 4311 1410 4373 videlicet,
1439 4309 1587 4379 quod
1613 4316 1812 4362 can-tus
1828 4309 2138 4409 plerum—D
2158 4311 2272 4363 sint
2319 4311 2717 4382 mixolydium,
2756 4328 2865 4365 non
2909 4311 3050 4366 bene
3093 4313 3320 4381 quidam
3359 4313 3747 4384 hypophrygio

477 4419 586 4472 que
617 4419 732 4454 non
759 4401 923 4454 modo
946 4400 1047 4454 sub
1071 4399 1381 4470 parhypate
1395 4398 1766 4468 hypaton,sed
1782 4398 1948 4450 etiam
1970 4397 2072 4450 sub

475 4495 746 4560 parypate
805 4505 997 4541 meson
1052 4494 1234 4540 totum
1293 4486 1548 4556 requirit.
1585 4503 1696 4555 qua
1744 4486 2074 4540 necessitate

479 4578 872 4646 compellimur
911 4577 981 4629 ad
1021 4575 1336 4651 superiores
1393 4575 1708 4644 confugere,
1758 4581 1819 4628 ut
1862 4575 1918 4627 in
1972 4576 2075 4628 hac

476 4677 619 4719 com.
654 4667 834 4732 Aufer
883 4681 918 4718 a
946 4680 1052 4728 me,
1083 4669 1142 4718 et
1164 4663 1220 4717 in
1252 4664 1372 4717 hac.
1396 4675 1519 4716 am..-
1545 4666 1907 4719 Gcrminaoa’l.
1933 4665 2074 4716 Item

476 4759 676 4808 cantus
710 4755 766 4806 in
797 4753 1023 4824 proprio
1055 4763 1220 4806 cursu
1252 4753 1458 4816 deﬁcit»,
1491 4756 1555 4805 ut
1602 4753 1657 4805 in
1689 4753 1792 4805 hac
1829 4751 2065 4821 Antiph.

482 4845 569 4897 Tu-
593 4845 820 4896 Domine
849 4845 1265 4894 anthera-orum.
1291 4843 1397 4895 Sed
1426 4848 1480 4894 et
1509 4847 1707 4894 cantus
1737 4841 1852 4894 triti
1876 4841 1932 4893 in
1955 4842 2075 4894 loco

476 4937 580 4986 suo
609 4931 905 5002 aliquoties
937 4929 1152 4983 cantari
1194 4930 1410 5000 nequit,
1445 4929 1916 5000 quemadmodum
1957 4929 2076 4982 haec

478 5022 800 5079 communio
827 5037 837 5070 :
864 5020 936 5071 De
965 5020 1180 5084 fructm
1212 5018 1344 5071 Haec
1361 5018 1553 5070 omnia
1581 5016 1833 5086 quisquis
1865 5016 1926 5068 in
1951 5016 2073 5069 afﬁ-

477 5107 646 5162 nibus
676 5107 936 5162 ﬁnalium
952 5105 1279 5171 cantavcrit,
1323 5103 1536 5176 absque
1561 5121 1750 5159 errore
1790 5099 1861 5157 ad
1904 5106 2071 5158 ﬁnem

474 5196 782 5268 perveniet.

475 5300 604 5357 XV.
636 5305 787 5370 Quod
823 5307 1129 5357 stultorum
1161 5305 1488 5368 ignorantia
1532 5307 1670 5367 sepe
1709 5303 1937 5352 cantum
1983 5301 2074 5353 (ιε-

1173 5382 1276 5441 pra
1285 5377 1359 5425 ret
1369 5414 1383 5428 .

551 5459 711 5526 Quod
760 5468 956 5517 autem
993 5462 1090 5516 illa
1134 5467 1191 5515 et
1227 5460 1342 5514 alia
1383 5459 1701 5514 istiusmodi
1748 5475 1808 5514 1n
1853 5461 2078 5532 proprio

478 5559 649 5606 cursu
671 5552 887 5607 cantari
918 5555 1226 5622 nequeunt,
1267 5555 1461 5608 utrum
1492 5565 1558 5607 ex
1585 5553 1878 5606 cantorum
1943 5550 2078 5607 vitio

2157 4399 2496 4456 adscribunt.
2527 4400 2657 4470 quia
2680 4416 2811 4453 cum
2838 4400 3171 4470 quibusdam
3206 4402 3533 4470 antiphona
3573 4402 3750 4472 hypo»

2157 4487 2380 4557 phrygii
2401 4489 2736 4541 concordare
2759 4489 3054 4555 videntur;
3081 4490 3552 4559 quemadmodum
3580 4508 3590 4542 :
3637 4493 3750 4558 Ipse

2157 4579 2388 4643 pram'bit.
2414 4594 2539 4630 cum
2565 4578 2685 4646 ipsa
2716 4584 2814 4631 ant
2872 4580 3065 4632 Roralc
3107 4581 3246 4642 cwll.
3280 4580 3576 4646 Dirupz’sli.
3623 4597 3748 4634 cum

2158 4663 2268 4717 ista
2293 4670 2412 4717 ant.
2442 4667 2522 4718 Da
2553 4668 2852 4719 mercedem
2881 4667 3133 4735 Domi-rw,
3167 4672 3270 4720 etc.
3314 4667 3460 4719 Item
3494 4667 3585 4721 ha:
3612 4668 3752 4721 anti-

2159 4753 2356 4823 phona
2390 4771 2401 4806 :
2439 4749 2608 4806 Malos
2637 4758 2803 4817 male,
2830 4750 2887 4808 et
2915 4759 3014 4822 qui
3037 4757 3169 4819 odit,
3201 4762 3257 4808 et
3278 4759 3428 4809 norit
3457 4751 3747 4823 Dominus,

2157 4857 2281 4894 cum
2301 4841 2415 4894 sint
2431 4841 2898 4913 hypomixolydiii,
2930 4849 2986 4896 et
3010 4844 3114 4897 hoc
3140 4845 3390 4914 ipsarum
3411 4845 3749 4900 diastemata

2158 4936 2212 4982 et
2239 4935 2544 4999 systemata
2568 4931 2919 5000 apertissime
2942 4939 3219 4986 testentur
3247 4939 3399 4997 (mam
3443 4934 3511 4986 de
3549 4935 3746 4989 teleusi

2157 5017 2738 5088 patet)aquibusdam
2783 5021 3015 5090 phrygio
3072 5021 3416 5084 tribuantur.
3471 5024 3738 5092 quoniam

2153 5095 2210 5159 in
2248 5107 2526 5176 principio
2558 5108 2904 5161 conveniunt
2924 5125 3051 5162 cum
3102 5109 3224 5162 istis
3259 5111 3476 5180 antiph.
3521 5113 3744 5166 Domine

2155 5213 2268 5264 spes
2295 5195 2650 5252 Sanctorum.
2690 5200 2772 5252 Tw
2795 5201 3097 5252 Bethlelmn
3121 5204 3288 5252 terra.
3315 5200 3744 5256 Mother:

2157 5286 2712 5355 antiphAscendmtc-
2741 5290 2822 5340 in.
2857 5289 3148 5342 Benedicta,-
3184 5291 3256 5342 sit
3313 5289 3575 5347 Gloriari.
3625 5303 3746 5345 (mm

2161 5375 2274 5428 sint
2304 5367 2760 5446 hypomixofyd‘ii,
2789 5392 2822 5428 a
2872 5367 3156 5430 nonnullis
3194 5377 3429 5448 phrygio
3481 5379 3745 5450 adaptan-

2160 5469 2270 5517 tur.
2315 5463 2424 5517 Sed
2454 5459 2688 5518 Gloriari
2700 5464 2927 5535 quidem
2945 5465 3126 5535 magis
3141 5466 3745 5538 hypolydioconvenire

2157 5552 2396 5612 videtur.
2438 5545 2566 5608 Non
2607 5554 2792 5610 solum
2837 5559 3026 5611 autem
3065 5555 3296 5627 quidam
3348 5572 3414 5611 ex
3471 5545 3743 5614 similibus
