3934 6362
113 357 260 440 ign

97 485 172 546 ad
235 485 518 566 luxuriam
581 510 901 570 provocare.

96 576 443 655 quantocius
467 581 810 658 ptenitentia,
838 588 942 640 duc

93 655 773 745 experimentumGuido
805 675 872 747 de
895 678 1100 745 juvene
1132 687 1371 752 quodam
1404 692 1594 746 refert.

243 734 246 743 .
357 734 362 742 .
756 739 760 745 .
818 741 822 747 ,
895 734 916 745 .,
964 739 966 743 .
1085 734 1088 735 ν
1141 734 1594 752 τρῆμητηηηυ.-.

169 750 319 818 Cum
366 769 497 824 ergo
538 755 594 809 in
637 767 1048 835 commovendis
1091 775 1370 836 mentibus
1408 779 1702 848 hominum

87 843 262 918 tanta
294 841 368 917 sit
416 831 638 924 musica:
680 853 946 920 potentia,
990 860 1190 925 merito
1229 864 1348 930 ejus
1394 883 1526 924 usus
1553 886 1705 926 acce-
1785 889 1816 926 a

87 933 229 1010 ptus
279 935 368 982 est
409 931 465 984 in
509 942 705 1010 sancta
735 939 996 1010 Ecclesia.
1045 948 1296 1013 Primum
1345 963 1534 1013 autem
1575 976 1608 1012 a
1639 962 1695 1014 S.

92 1001 324 1085 Ignatio
346 1027 612 1100 martyre,
647 1042 748 1096 nec
773 1045 884 1100 non
913 1040 968 1092 et
996 1051 1030 1088 a
1060 1037 1113 1092 S.
1146 1040 1442 1103 Ambrosio
1482 1045 1697 1102 Medio-

89 1093 420 1187 lanensiuni
450 1095 698 1189 antistite
714 1132 846 1190 usus
869 1119 922 1172 in
947 1122 1198 1188 Romana
1217 1131 1449 1192 ecclesia
1475 1137 1696 1192 musicae

93 1193 303 1276 haberi
328 1197 510 1276 coepit.
543 1201 679 1259 Post
703 1204 803 1276 hos
831 1209 1196 1279 Beatissimus
1237 1219 1344 1278 PP.
1393 1223 1696 1295 Gregorius

95 1269 321 1364 spiritu
351 1269 543 1366 sancto
573 1290 642 1362 ei,
674 1269 1019 1369 ut
1052 1304 1332 1372 assidente
1373 1281 1429 1368 et
1452 1269 1698 1368 dictante

95 1361 334 1456 (tantum
359 1361 685 1455 ,m'oldulatu‘s
708 1361 826 1457 est,
852 1369 1192 1460 cantuumque
1221 1395 1485 1457 Romanae
1519 1403 1699 1474 Eccle-

94 1459 212 1525 size,
250 1478 363 1542 quo
395 1481 498 1538 per
526 1469 659 1545 anni
697 1474 1038 1545 curriculum
1083 1480 1340 1558 Divinum
1383 1490 1702 1547 celebratur

94 1536 373 1614 Οίῖίϐὶίιῆλς
393 1536 759 1635 “dedit-.9909
1008 1536 1255 1635 (ἳδῇᾂῇδρ
1281 1551 1600 1635 laudandus
1629 1584 1701 1638 sit

96 1638 402 1706 Dominus,
419 1659 527 1696 non
547 1663 768 1721 parvam
789 1651 844 1706 in
874 1657 1049 1722 veteri
1076 1661 1282 1729 pagina
1306 1669 1696 1726 auctoritatem

96 1727 408 1793 habemus;
464 1733 700 1802 legimus
741 1756 982 1812 namque
1034 1727 1088 1799 in
1139 1727 1280 1805 libro
1320 1755 1513 1815 Exodi,
1549 1762 1697 1828 quod

94 1815 394 1872 submerso
425 1821 714 1878 Pharaone
752 1827 974 1899 Moyses
1001 1840 1057 1886 et
1087 1837 1119 1888 ﬁ

94 1906 355 1959 cecinere
379 1909 621 1964 domino.
642 1915 747 1968 Sed
779 1925 834 1969 et
860 1919 1153 1978 Psalmista
1178 1930 1313 1983 artis
1347 1932 1514 2002 hujus
1544 1937 1693 1992 haud

95 1993 335 2061 ignarus
385 1997 441 2050 in
481 1999 844 2066 decachordo,
899 2012 1046 2078 quod
1105 2022 1189 2068 est
1255 2019 1693 2079 instrumentum

96 2083 399 2148 musicum,
450 2087 639 2142 laudes
678 2093 914 2149 Domino
953 2102 1171 2166 cecinit,
1199 2122 1408 2177 nosque
1448 2113 1516 2164 ad
1561 2131 1693 2168 con-

95 2170 403 2225 cinendum
435 2175 693 2231 hortatur
720 2181 909 2236 dicens
936 2208 947 2241 :
983 2188 1206 2244 Cantatc
1247 2196 1480 2250 Domino
1512 2207 1692 2272 cun/i-

98 2277 228 2313 cum
262 2277 485 2324 novum,
519 2267 661 2318 Laus
690 2273 806 2335 ejus
844 2275 906 2326 in
944 2277 1175 2332 Ecclesia
1205 2290 1544 2360 sanctorum.
1573 2292 1692 2356 Nec

97 2350 284 2402 solum
306 2354 550 2406 naturali
577 2373 712 2410 sono
736 2361 818 2413 uti
840 2378 941 2415 nos
965 2365 1020 2417 in
1053 2367 1215 2424 laude
1245 2371 1466 2430 Domini
1498 2377 1686 2444 voluit,

97 2455 228 2490 cum
278 2445 335 2492 et
364 2458 463 2510 per
507 2447 824 2502 manufacta
871 2454 1095 2508 musicze
1141 2460 1278 2529 artis
1319 2461 1695 2546 instrumenta

97 2527 265 2546 “ML.
437 2531 449 2546 .
548 2533 562 2546 .
638 2535 648 2544 .

97 2527 406 2582 Dominum
437 2531 651 2586 laudari
688 2553 1048 2597 commonens
1078 2547 1157 2599 ait
1189 2563 1201 2597 :
1231 2551 1472 2622 Laudatc
1513 2529 1695 2624 homi-

98 2632 240 2669 num
263 2620 327 2670 in
351 2635 479 2672 sono
500 2624 652 2684 tuber,
671 2627 731 2677 in
745 2631 1001 2692 psalterio
1013 2639 1060 2684 et
1082 2638 1316 2704 cithara,
1348 2643 1409 2693 in.
1434 2649 1694 2714 tympano

93 2709 142 2756 et
172 2705 356 2768 choro,
419 2710 480 2760 in
533 2712 750 2765 chordis
793 2720 840 2766 et
883 2709 1108 2785 organo.
1159 2723 1296 2798 Cum
1353 2745 1484 2798 ergo
1527 2733 1695 2812 huius

103 2792 349 2812 ,μιν
442 2795 451 2805 .
527 2797 622 2812 ν,
702 2801 778 2812 .,..
851 2810 856 2812 _
1116 2811 1121 2812 ,

95 2792 408 2862 disciplinae
438 2795 496 2849 in
527 2797 715 2853 Veteri
735 2803 1092 2876 Testamento
1111 2807 1427 2870 inveniatur
1450 2792 1694 2886 auctoqri-

96 2886 204 2942 tas,
241 2899 483 2954 cumque
509 2903 629 2940 eam
665 2895 780 2943 tam
811 2895 1055 2963 religiosi
1088 2900 1186 2952 viri
1217 2902 1273 2955 in
1305 2907 1536 2960 ecclesia
1562 2928 1694 2985 san-

95 2978 321 3034 xerunt,
373 2990 497 3026 cum
529 2977 768 3048 denique
813 2983 1004 3036 efﬁcax
1049 2987 1118 3040 ad
1150 2997 1594 3070 commovendas,
1631 3007 1695 3054 ut

97 3059 309 3112 dictum
335 3066 439 3126 est,
467 3071 681 3119 mentes
704 3068 992 3125 hominum
1012 3075 1216 3145 sitejus
1235 3085 1500 3148 potentia,
1528 3105 1695 3156 quem

95 3148 270 3217 hujus
303 3150 550 3204 scientiae
582 3172 778 3209 sanum
815 3160 1000 3228 pigeat
1023 3163 1044 3214 ?
1067 3165 1189 3233 quis
1211 3168 1261 3220 ei
1283 3186 1392 3224 non
1419 3178 1536 3234 toto
1559 3178 1694 3250 affe-

97 3243 188 3290 ctu
214 3239 500 3294 studiosus
516 3242 824 3300 adhaereat?
846 3249 1048 3324 Verum
1073 3255 1204 3330 quia
1221 3273 1330 3310 non
1358 3263 1536 3318 solum
1560 3283 1696 3342 prie-

96 3327 195 3378 fati
230 3329 374 3380 sacri
406 3337 601 3385 cantus
632 3335 891 3390 ofﬁciales
925 3339 982 3392 in
1001 3349 1194 3396 sancta
1224 3346 1472 3405 Ecclesia
1502 3356 1694 3420 modu-

95 3415 195 3468 lati
227 3424 379 3480 sunt,
409 3420 503 3471 sed
535 3426 591 3473 et
619 3423 712 3475 alii
744 3425 971 3494 quidam
1006 3447 1115 3484 non
1148 3432 1311 3502 longe
1342 3448 1473 3491 ante
1498 3417 1690 3514 nostra

97 3511 353 3575 tempora
378 3514 640 3563 cantuum
671 3516 1069 3583 compositores
1096 3521 1363 3588 extitere:
1409 3530 1556 3596 quod
1588 3549 1688 3598 nos

97 3612 320 3665 quoque
365 3605 592 3653 cantum
639 3609 788 3655 vetet
828 3612 1120 3669 contexere
1160 3628 1269 3674 non
1318 3614 1496 3669 video.
1544 3621 1686 3690 Nam

97 3686 199 3737 etsi
226 3703 381 3740 novae
423 3689 832 3747 modulationes
864 3712 1011 3750 nunc
1051 3699 1107 3751 in
1143 3701 1384 3771 Ecclesia
1417 3721 1526 3758 non
1558 3716 1690 3776 sunt

96 3776 444 3839 necessariae,
478 3780 753 3846 possimus
781 3791 966 3838 tamen
1015 3787 1070 3840 in
1109 3790 1405 3857 rhythmis,
1441 3793 1494 3846 in
1523 3796 1685 3868 iugu-

101 3863 287 3916 bribus
309 3865 556 3919 versibus
577 3875 866 3937 poetarum
882 3874 1246 3931 decantandis
1263 3879 1486 3948 ingenia
1499 3893 1689 3940 nostra

99 3968 370 4006 exercere.
403 3954 676 4016 Quoniam
703 3967 890 4015 autem
923 3967 1246 4023 modulandi
1290 3968 1574 4028 licentiam
1607 3975 1688 4045 vi—

311 4287 515 4345 XVIII.
533 4292 798 4361 Praecepta.
816 4294 877 4347 (le
899 4297 1066 4348 cantu
1092 4295 1474 4362 componendo.

167 4417 425 4471 Primum
454 4419 627 4498 igitur
657 4426 994 4490 praeceptum
1039 4420 1362 4473 modulandi
1410 4419 1970 4489 subnecti-Dborum
1993 4426 2402 4492 distinctionem
2433 4432 2581 4486 facit.

95 4523 240 4572 mus,
269 4487 334 4560 ut
354 4483 660 4562 secuildum
690 4525 914 4563 sensum
956 4509 1250 4562 verborum
1282 4515 1479 4562 cantus
1507 4509 1710 4581 varie-'

93 4602 204 4651 tur.
233 4597 371 4660 Quis
401 4604 590 4651 autem
620 4599 858 4668 canendi
902 4599 1120 4662 modus,
1164 4598 1394 4651 cuilibet
1443 4598 1688 4651 materia:

93 4687 419 4754 conveniat,
462 4687 616 4758 prius
664 4689 976 4750 docuimus,
1021 4705 1145 4742 cum
1179 4687 1425 4741 diversos
1455 4687 1687 4741 diversis

92 4775 362 4831 delectari
381 4777 619 4830 diximus
645 4777 959 4842 :Quosdam
993 4779 1138 4830 enim
1170 4777 1490 4843 curialitati,
1518 4794 1685 4858 quos-

90 4867 224 4920 dam
253 4843 507 4930 lascivize,
553 4867 824 4936 quosdam
855 4867 1023 4920 etiam
1054 4867 1296 4920 tristitiae
1333 4874 1492 4936 aptos
1524 4883 1684 4920 mon-

90 4955 411 5009 stravimus.
446 4955 601 5009 Sicut
640 4962 827 5010 autem
873 4956 1099 5009 laudem
1140 4955 1480 5009 desideranti
1511 4962 1685 5026 poette

91 5043 434 5097 studendum
465 5050 567 5108 est,
605 5051 669 5098 ut
705 5046 854 5099 facta
886 5045 1048 5098 dictis
1081 5050 1347 5114 exaequet,
1382 5061 1517 5098 neve
1540 5046 1682 5114 ejus,

93 5148 262 5201 quem
303 5131 582 5206 describit,
628 5133 868 5200 fortunis
917 5133 1128 5186 absona
1175 5132 1351 5192 dicat;
1387 5130 1685 5232 sic-laudis

94 5220 255 5274 avido
285 5221 621 5274 modulatori
642 5223 1198 5276 animadvertendum
1229 5227 1330 5286 est,
1361 5221 1443 5274 uti
1464 5221 1544 5274 ita
1565 5238 1688 5290 pro-

97 5309 214 5380 prie
233 5315 456 5362 cantum
488 5316 779 5380 proponat,
818 5317 880 5364 ut
921 5310 1066 5390 quod
1100 5309 1263 5363 verba
1305 5316 1526 5372 sonant,
1562 5325 1688 5362 can-

95 5408 188 5453 tus
235 5399 542 5468 exprimere
570 5401 846 5454 videatur.
886 5401 1083 5470 Itaque
1113 5400 1159 5453 si
1183 5400 1453 5496 juvenum
1486 5404 1686 5496 rogatu

97 5492 324 5541 cantum
365 5505 698 5559 componere
741 5489 1002 5549 volueris,
1053 5488 1316 5558 juvenilis
1366 5488 1439 5556 sit
1487 5487 1580 5539 ille
1632 5491 1687 5554 et

171 5672 275 5744 (13)
307 5672 527 5727 Honx'r.
556 5672 842 5744 epistolar.
875 5672 974 5730 lib.
1009 5689 1070 5741 11,
1097 5673 1258 5744 epist.
1293 5673 1341 5740 i,
1375 5668 1494 5730 170.

339 5771 604 5835 ΡΑ-ηοι.
663 5773 781 5835 CL.

1600 391 1892 451 MUSLCA.

965 506 1323 578 eundemque
1389 529 1486 581 per
1549 515 1700 571 aliud
1722 517 2028 576 Alascivus
2062 541 2073 574 :
2105 525 2190 578 sin
2222 535 2412 584 autem
2458 550 2675 599 senum,
2727 556 2979 596 morosus
3027 547 3118 612 sit,
3147 555 3202 602 et
3229 568 3379 606 seve-

949 596 1064 644 tum
1099 612 1354 658 revocare
1390 615 1400 648 :
1435 604 1596 670 cujus
1626 605 1704 658 rei
1789 607 2011 663 ritatem
2063 616 2402 683 exprimens.
2451 621 2706 682 Quemad

3234 426 3379 485 1418

2712 630 2934 684 modum
2989 635 3138 688 enim
3181 655 3381 693 comae-

1786 695 2003 750 diarum
2037 703 2293 771 scriptor,
2345 709 2390 770 si
2434 717 2620 778 partes
2658 716 2878 783 juvenis
2924 723 3064 787 seni,
3103 711 3380 783 vel‘luxu-

1786 784 1919 839 riosi
1974 804 2139 856 avaro
2186 797 2558 865 mandaverit,
2599 803 2810 858 derisui
2863 808 3135 879 subjacet,
3183 807 3378 884 quales

1822 875 1930 941 pud
1947 876 2203 932 Flaccum
2223 881 2585 950 (l3)Plautus
2605 899 2660 944 et
2675 875 3000 974 Dorsennu's'
3013 875 3377 977 inducantur,

1781 959 1859 1014 ita
1879 966 2214 1040 reprehendi
2231 978 2417 1040 potest
2438 979 2772 1045 modulator,
2798 985 2845 1036 si
2873 971 2931 1038 in
2961 988 3108 1042 tristi
3138 959 3379 1049 materiai

1780 1051 2072 1107 salientem
2102 1059 2226 1110 mod
2238 1077 2328 1112 um
2362 1063 2673 1132 adduxerit,
2705 1072 2791 1123 vel
2840 1073 2898 1126 in
2938 1074 3066 1130 laeta
3093 1059 3375 1152 lacrymia-t

1779 1229 2118 1298 moderetur,
2154 1241 2220 1299 ut
2247 1236 2306 1290 in
2335 1240 2586 1296 adversis
2615 1245 2966 1316 deprimatur
2987 1259 3042 1307 et
3069 1255 3127 1308 in
3148 1239 3374 1330 prospe-

1781 1317 1858 1369 ris
1887 1319 2176 1375 exaltetur.
2216 1324 2332 1380 Hoc
2363 1334 2551 1384 autem
2584 1350 2695 1387 non
2725 1329 3289 1419 adeopraacipimus,‘
3308 1354 3374 1402 ut

1781 1421 2003 1474 semper
2026 1425 2255 1465 necesse
2277 1415 2359 1477 sit
2385 1418 2527 1479 ﬁeri,
2553 1423 2649 1475 sed
2670 1425 2890 1493 quando
2913 1429 2995 1494 fit,
3012 1431 3376 1508 ornatui'eSS'e‘

1782 1493 2037 1557 dicimus.
2068 1500 2350 1556 Habemus
2379 1511 2567 1562 tamen
2598 1512 2666 1564 de
2695 1514 2800 1578 his,
2826 1507 2957 1586 quae
2985 1505 3370 1598 diximus,a_li-

1782 1599 1892 1651 qua
1921 1591 2192 1658 exempla.
2220 1593 2508 1661 Siquidem
2531 1591 2863 1670 Antiphone:
2879 1605 2936 1659 in
2961 1591 3371 1689 resurrectione

1782 1671 2007 1727 Domini
2032 1679 2429 1736 exultationem
2478 1686 2535 1738 in
2580 1688 2700 1757 ipso
2735 1708 2871 1747 sono
2917 1693 3370 1773 przetendere'vi-

1779 1759 2001 1816 dentur.
2035 1764 2153 1819 Ista
2175 1776 2365 1830 autem
2393 1775 2620 1845 Antiph.
2664 1780 2771 1833 Rea;
2811 1759 3010 1838 cauti-nrtf
3037 1783 3234 1856 Dauid,
3258 1786 3372 1848 non

2528 1837 2543 1845 η
3037 1837 3064 1840 _
3258 1837 3370 1848 η-..

1129 1837 1182 1888 lii
1214 1841 1386 1895 Israel
1416 1848 1692 1903 canticum
1717 1843 1996 1904 Btantum
2029 1853 2084 1906 in
2114 1857 2314 1920 verbis.
2344 1862 2440 1914 sed
2469 1864 2636 1918 etiam
2670 1867 2728 1921 in
2759 1877 2926 1924 cantu
2953 1890 3250 1932 maerorem
3274 1898 3370 1935 so-

1777 1953 1912 1991 nare
1949 1941 2186 1998 videtur.
2236 1947 2342 2001 Sed
2384 1951 2441 2003 in
2482 1955 2802 2010 auctoribus
2843 1963 3219 2029 querimoniae
3267 1985 3369 2038 per

1777 2025 2163 2097 hypolydium,
2193 2035 2323 2102 quia
2352 2037 2397 2090 is
2424 2040 2800 2099 miserabilem
2817 2025 3016 2104 sonum
3047 2053 3234 2122 habet,
3258 2025 3370 2112 ire-

1777 2116 2141 2183 quentissime
2171 2122 2560 2184 decantantur.

1847 2202 1991 2256 Illud
2016 2215 2287 2277 praeterea
2316 2212 2494 2268 laudis
2517 2219 2717 2288 cupido
2743 2225 3081 2283 modulatori
3126 2231 3371 2305 injungi-

1777 2306 1922 2358 mus,
1948 2289 2018 2366 ne
2036 2294 2222 2384 inuna
2237 2316 2446 2368 neuma
2466 2305 2700 2361 nimium
2720 2327 2844 2364 eam
2866 2314 3195 2374 inculcanda
3211 2322 3369 2377 ober-

1774 2386 1878 2446 ret,
1911 2386 1971 2452 ut
2002 2392 2211 2454 quanta
2241 2405 2410 2462 opera
2441 2395 2651 2461 peritus
2692 2407 2858 2468 poeta
2886 2403 3062 2459 vitare
3083 2412 3372 2466 contendit

1774 2461 1968 2551 vitium
1997 2471 2153 2546 illud,
2183 2470 2330 2547 quod
2354 2479 2528 2554 (irasci
2560 2461 2753 2540 dicunt
2773 2489 3148 2560 ὁμοιώπτωτον,
3173 2499 3229 2552 id
3262 2507 3366 2569 est,

2133 2543 2136 2546 ,
2199 2543 2216 2546 _
2275 2543 2280 2547 ,
2383 2543 2399 2554 ,
2495 2543 2500 2546 .
2803 2543 2812 2559 ,
2917 2543 3229 2560 κηφημν.
3263 2543 3366 2569 νυυ,

1777 2543 2043 2632 similium
2074 2577 2334 2632 casuum;
2377 2574 2538 2648 tanto
2567 2574 2693 2638 nisu
2725 2585 2992 2634 cantuum
3032 2589 3373 2656 compositor

1777 2633 1990 2726 vitium,
2043 2637 2191 2719 quod
2237 2639 2386 2724 apud
2438 2633 2684 2726 inus-lices
2734 2665 3109 2741 ὁμοιόφθογγον,
3154 2633 3210 2728 ird
3258 2684 3364 2744 est,

2275 2721 2351 2724 _,
2441 2721 2448 2726 .
2527 2721 2632 2726 ,.
2765 2721 2773 2735 ,
2889 2721 3364 2744 ..μμ-νυ,

1776 2721 2045 2808 similium
2067 2755 2330 2796 sonorum
2347 2748 2681 2830 appellatur,
2699 2760 2944 2810 cantare.
2974 2759 3078 2812 Sed
3097 2761 3164 2815 de
3183 2765 3370 2832 priore

1769 2823 1907 2890 vitio
1935 2831 2289 2906 grammatici
2337 2833 2378 2902 (1
2397 2823 2439 2900 ei)
2467 2823 2588 2907 _sive
2623 2840 2790 2916 etiam
2825 2844 3116 2902 rhethores
3144 2823 3368 2908 videan-

1775 2915 1886 2963 tur.
1921 2912 2034 2976 Nos
2065 2924 2252 2970 autem
2285 2921 2352 2972 de
2391 2912 2707 2996 posteriori,
2750 2933 2896 3000 quod
2927 2937 3155 2990 musicis
3185 2941 3367 2995 vitan-

1775 2999 1908 3053 dum
1937 3019 2057 3075 esse
2084 3004 2342 3076 diximus,
2368 3014 2682 3102 exemptum
2705 3017 2920 3107 damus,
2957 3029 3021 3077 ut
3049 3025 3153 3079 hoc
3182 3032 3221 3093 al
3240 3030 3368 3084 Ecce

1777 3091 1924 3142 odor.
1956 3093 2099 3146 Nam
2145 3094 2201 3146 in
2246 3112 2310 3167 eo
2346 3099 2465 3161 loco
2647 3091 2778 3160 est:
2811 3110 3052 3166 Crescere
3099 3120 3145 3167 te
3191 3119 3367 3184 faciat

1715 3195 1757 3253 ρ
1778 3179 1914 3230 Deus
1948 3196 2096 3247 mcus
2123 3183 2323 3239 vitiosa
2361 3193 2447 3241 est
2490 3192 2904 3278 uniusneumae
2934 3200 3250 3259 inculcatio.
3286 3208 3372 3262 Si-

1776 3266 1986 3337 militer
2012 3268 2068 3322 in
2100 3267 2138 3341 pl
2169 3271 2263 3325 illo
2308 3275 2414 3340 Qui
2451 3265 2680 3364 habitat,
2712 3265 2912 3346 vitiosa
2948 3295 3034 3343 est
3059 3292 3227 3347 unius
3272 3311 3368 3366 po-

1774 3355 1888 3436 dati
1908 3355 2102 3430 crebra
2115 3365 2464 3434 repercussio
2477 3365 2539 3444 in
2552 3359 2750 3452 egloco
2771 3379 2840 3426 :et
2863 3379 3144 3445 refugium
3157 3397 3364 3439 meum.

1775 3442 1831 3512 Si
1860 3450 2048 3520 autem
2082 3448 2364 3520 interdum
2409 3442 3161 3536 aliquie'decentesneumm
3191 3472 3367 3526 semel

1771 3541 2117 3608 repetantur,
2150 3555 2258 3608 non
2293 3541 2691 3620 vituperams,
2723 3556 2785 3603 ut
2815 3552 2870 3606 in
2902 3555 3010 3609 ﬁne
3036 3558 3082 3626 Ii)
3104 3560 3211 3625 Qui
3239 3577 3367 3614 cum

1771 3626 2074 3691 aus/issent,
2096 3626 2199 3690 ubi
2242 3619 2354 3700 est,
2383 3634 2669 3708 laudantes
2695 3639 3052 3698 Clementiam
3081 3663 3092 3698 :
3117 3647 3367 3720 itemque

1771 3708 1828 3764 in
1859 3712 1968 3764 line
1998 3712 2043 3780 El
2071 3715 2391 3787 .S‘iuttmnbi
2421 3727 2601 3783 rostri,
2628 3725 2723 3778 ubi
2747 3735 2847 3791 est,
2867 3747 2900 3783 α
2921 3736 3148 3799 nuptiis.
3179 3738 3367 3793 Scien-

1771 3797 1902 3870 dum
1933 3808 2141 3878 autem,
2161 3807 2306 3875 quod
2331 3807 2391 3866 in
2417 3809 2818 3880 principalibus
2847 3819 2917 3870 ad
2946 3821 3115 3876 finem
3135 3831 3365 3882 cantum

1770 3887 2041 3960 paulatim
2069 3891 2272 3969 ducere
2301 3895 2421 3948 laus
2443 3903 2529 3950 est
2561 3917 2572 3951 :
2595 3899 2654 3952 in
2685 3903 3109 3964 Collateralibus
3134 3929 3265 3968 vero
3293 3915 3366 3970 ad

1773 3977 1942 4041 ﬁnem
1967 3985 2195 4052 cantum
2226 3985 2573 4056 praecipitare
2597 3989 2774 4044 decet.

1950 4122 2098 4177 XIX.
2130 4127 2254 4193 Qua:
2280 4130 2353 4180 sit
2379 4133 2585 4198 optima
2615 4136 2947 4192 modulandi
2973 4143 3177 4208 forma.

1845 4247 2072 4318 Optima
2095 4256 2284 4304 autem
2332 4255 2655 4312 modulandi
2702 4260 2881 4315 forma
2921 4264 3038 4320 haec
3074 4273 3175 4334 est,
3208 4270 3255 4323 si
3282 4270 3363 4326 ibi

1774 4342 1972 4389 cantus
2000 4341 2385 4407 pausationem
2416 4345 2600 4399 finalis
2648 4349 2864 4420 recipit,
2899 4353 2994 4407 ubi
3019 4372 3216 4412 sensus
3243 4377 3364 4414 ver-

2251 4446 2402 4492 )nem
2433 4437 2581 4486 facit.
2630 4437 2789 4510 Quod
2819 4442 3176 4529 considerare
3201 4453 3361 4533 potes

1772 4511 1828 4564 in
1860 4513 1962 4567 hac
2002 4515 2230 4585 Antiph.
2266 4513 2402 4596 cum
2437 4511 2576 4602 [esset
2622 4511 3131 4620 (lcsponsa‘tu'..rrHoc

1771 4593 2109 4673 praceptum
2133 4603 2244 4659 non
2275 4593 2414 4662 bene
2437 4593 2708 4687 inspexit,
2749 4605 2852 4686 qui
2897 4594 3203 4698 vers'icmsg
3235 4623 3365 4696 illos

1771 4693 2078 4713 __J._._.__-
2119 4699 2190 4713 __.
2529 4695 2690 4713 .i
2850 4701 2984 4713 ..μ
3251 4701 3347 4713 ,λη

1769 4681 2088 4762 modulatus
2109 4699 2212 4761 est,
2248 4713 2488 4766 quorum
2525 4695 2864 4782 initium'est
2895 4701 2913 4784 ὲ,
2933 4694 3109 4790 {fama

1767 4787 1883 4834 erat
1910 4773 2052 4843 dices
2086 4803 2101 4836 :
2132 4801 2262 4839 nam
2289 4781 2407 4840 iste
2449 4781 2596 4844 idem
2642 4775 2954 4864 versiculus,
2976 4785 3260 4888 nusquam
3278 4780 3362 4888 ain

1766 4875 1919 4924 recta
1937 4870 2292 4928 distinctione
2304 4876 2526 4952 ﬁnalem
2538 4880 2826 4970 contingit.
2837 4884 2942 4961 Sed

1767 4960 1917 5013 niam
1948 4977 2060 5014 non
2091 4962 2382 5024 minimum
2405 4973 2655 5032 exornat,
2677 4960 2807 5024 isi’in
2837 4965 3092 5050 cantibus
3119 4971 3357 5054 discipul-

1766 5050 1947 5104 lorum
2005 5051 2060 5104 id
2106 5052 2446 5124 observetur,
2494 5062 2557 5126 ut
2606 5049 2830 5145 ﬁnalem
2879 5059 3024 5138 saepe

1768 5139 2024 5210 circaque
2049 5140 2146 5194 illa
2170 5149 2478 5220 versentur,
2504 5149 2560 5196 et
2595 5140 2653 5198 in
2691 5142 2892 5252 quarta
2912 5147 3197 5252 rarissime
3218 5156 3359 5230 pay“.

1872 5235 1891 5252 Δ.
1945 5229 1996 5252 ε..
2037 5230 2218 5252 ._--!__J.-
2253 5248 2376 5252 ______
2406 5225 2549 5252 Δ,ξ-ΙΙ,
2599 5250 2621 5252 η
2667 5251 2676 5252 κ
2817 5237 2849 5252 η
2905 5237 2919 5252 ς
2990 5245 2996 5252 ,
3132 5237 3137 5244 ι
3183 5241 3230 5252 ,υ
3286 5245 3288 5248 ,

1768 5235 1912 5290 sent,
1945 5229 2001 5282 in
2032 5230 2226 5300 quinta
2253 5248 2382 5284 vero
2406 5225 2558 5300 nullo
2585 5219 2777 5291 modo.
2816 5237 2920 5293 Sed
2950 5245 3007 5292 et
3034 5219 3081 5294 si
3103 5237 3361 5334 quintam

1771 5317 2069 5387 aliquando
2101 5320 2453 5390 contigerint,
2492 5311 2703 5404 raptim
2734 5331 2791 5379 et
2819 5321 2978 5414 quasi

1770 5421 1892 5458 eam
1922 5403 2306 5478 contingentes
2335 5418 2699 5481 properanter
2728 5407 3036 5494 recurrant,
3057 5409 3136 5490 "ut
3165 5420 3228 5490 in
3255 5426 3360 5480 hac

1768 5495 1994 5565 Antiph.
2025 5494 2116 5550 Ait
2144 5500 2353 5551 Petrus.
2385 5499 2446 5554 In
2479 5502 2733 5582 cantibus

1840 5672 1950 5749 (14)
1987 5675 2081 5733 Uti
2107 5678 2534 5742 QUINTILIANUS.
2553 5695 2712 5767 ixc.

3049 5787 3127 5851 45
