3934 6366
554 393 694 452 1419

1961 392 2012 446 J.
2053 390 2428 446 COTTONIS.

3692 385 3815 444 1490

550 518 610 574 id
630 518 1034 591 providendum
1064 524 1169 583 est,
1202 524 1267 574 ut
1285 520 1343 574 in
1362 520 1543 575 acutis
1567 518 1807 573 maxime
1826 520 2139 578 versentur,
2160 521 2211 579 Α
2228 531 2323 569 eos
2350 530 2381 568 a
2403 513 2562 568 ﬁnali
2588 512 2784 567 crebro
2814 529 2915 584 per
2934 514 3198 584 diapente
3212 514 3417 585 deponi
3433 518 3493 569 et
3511 513 3741 579 elevari,
3762 514 3814 569 in

556 612 615 662 et
641 612 938 678 postquam
966 605 1026 659 in
1056 606 1256 677 quinta
1283 625 1318 661 a
1356 608 1510 662 ﬁnali
1538 607 1623 661 bis
1654 606 1737 659 vel
1762 612 1849 658 ter
1880 620 2144 674 pausave-

553 693 690 757 rint,
736 693 964 746 ﬁnalem
1006 693 1335 764 requirant;
1370 710 1677 765 rursusque
1709 692 1781 746 ad
1827 692 2145 762 superiores

554 781 872 836 festinando
908 798 967 835 se
996 782 1357 848 transferant,
1409 785 1542 854 quia
1590 783 1740 836 sicut
1760 780 2142 851 subjugalium

556 874 644 923 est
662 868 901 922 maxime
920 868 977 921 in
995 869 1277 939 gravibus,
1301 871 1381 924 ita
1399 873 1796 925 authentorum
1830 869 2069 922 maxime
2084 868 2143 921 in

554 957 736 1011 acutis
760 957 1092 1011 conversari.
1129 958 1308 1028 Hujus
1350 976 1479 1013 vero
1524 958 1781 1030 praecepti
1823 958 2141 1028 exemplum

553 1044 728 1099 habes
752 1044 812 1099 in
840 1044 946 1098 hac
975 1045 1204 1115 Antiph.
1235 1048 1563 1101 Muneribus
1610 1048 1772 1100 datis.
1825 1046 2141 1100 Observan-

552 1132 689 1189 dum
709 1132 881 1187 etiam
909 1132 978 1186 de
1002 1132 1284 1204 diapente,
1315 1140 1381 1189 ut
1406 1135 1464 1189 in
1492 1134 1735 1189 melodia
1762 1133 2141 1205 subjugalium

553 1238 590 1276 a
616 1220 772 1277 ﬁnali
802 1237 1094 1293 nunquam
1119 1222 1192 1276 ad
1222 1224 1539 1294 superiores
1563 1223 1760 1291 saliat;
1793 1222 2143 1277 diatessaron

550 1327 683 1366 vero
710 1325 883 1381 supra
908 1315 966 1363 et
989 1309 1137 1363 infra
1162 1309 1335 1365 libere
1363 1312 1482 1366 ﬁat.
1500 1311 1697 1375 Quarti
1728 1316 1919 1366 tamen
1945 1316 2143 1365 cantus

550 1415 654 1472 per
681 1399 945 1470 diapente
994 1399 1401 1470 competentior
1448 1416 1618 1471 quam
1655 1416 1759 1471 per
1795 1400 2143 1454 diatessaron

552 1486 724 1553 cadit,
770 1490 828 1540 et.
882 1485 1150 1556 resurgit.
1191 1487 1308 1540 Nec
1344 1487 1574 1553 mirum,
1617 1503 1745 1541 cum
1784 1492 1842 1541 et
1889 1487 2142 1558 magistri

549 1576 725 1647 hujus
752 1573 1049 1628 harmonia
1089 1574 1292 1645 sapius
1316 1580 1373 1630 et
1400 1575 1603 1630 melius
1633 1576 1704 1630 ad
1729 1582 1941 1630 sextam
1973 1592 2142 1647 quam

551 1665 626 1721 ad
654 1662 911 1734 quintam
954 1662 1283 1718 intendatur
1327 1669 1384 1718 et
1429 1664 1773 1719 remittatur.
1819 1666 2144 1720 Notandum

552 1750 953 1825 quoque,quod
965 1750 1024 1805 in
1039 1751 1295 1808 cantibus
1309 1752 1711 1808 authentorum
1726 1754 2033 1825 plurimum
2045 1754 2138 1823 sit,

2227 604 2395 658 tertio
2423 603 2478 656 id
2505 602 2893 656 inconcinnius
2925 609 3027 664 est,
3057 603 3156 657 sed
3186 603 3242 656 in
3266 604 3462 674 quinto
3493 603 3816 657 decentissi-

2227 707 2403 744 mum.
2459 692 2522 744 ln
2574 708 2683 761 quo
2727 699 2785 744 et.
2830 691 2933 745 hoc
2976 692 3201 745 ornatui
3248 698 3354 756 est,
3398 691 3445 746 si
3490 692 3818 763 plerumque

2227 786 2424 833 cantus
2454 779 2574 848 ejus
2615 796 2649 833 a
2696 780 2850 833 ﬁnali
2882 797 2982 849 per
3010 781 3288 845 ditonum,
3322 786 3379 834 et
3417 781 3817 835 semiditonum

2227 873 2439 937 surgat,
2489 875 2554 922 ut
2594 874 2750 938 patet
2791 868 2848 921 in
2886 871 3018 922 Ant.
3065 871 3438 936 Paganorum.
3475 870 3599 923 Hoc
3627 877 3815 924 autem

2223 962 2563 1026 praeceptum
2593 956 2664 1009 de
2695 956 2948 1027 utrisque
2992 956 3230 1011 breviter
3275 958 3495 1019 damus,
3532 965 3601 1012 ut
3624 965 3819 1013 cantus

2225 1044 2602 1114 subjugalium
2637 1051 2695 1098 et
2729 1045 2877 1098 infra
2900 1046 3126 1099 ﬁnalem
3157 1052 3212 1100 et
3240 1063 3409 1117 supra
3439 1046 3702 1117 quintam
3733 1064 3817 1101 ra-

2226 1132 2449 1186 rissime
2471 1133 2785 1203 contingat:
2805 1133 2945 1187 infra
2961 1141 3193 1205 propter
3210 1135 3444 1189 nimiam
3459 1136 3814 1207 gravitatem,

2227 1236 2398 1291 supra
2423 1229 2654 1292 propter
2681 1221 2913 1276 nimiam
2931 1223 3316 1289 sonoritatem,
3337 1240 3409 1278 ne
3429 1226 3708 1280 authento
3726 1226 3819 1280 tri-

2226 1307 2451 1364 buatur.
2483 1311 2695 1364 Cantus
2726 1327 2856 1365 vero
2877 1311 3292 1382 principalium,
3318 1313 3366 1368 si
3387 1330 3500 1368 non
3520 1314 3598 1368 sit
3616 1314 3813 1385 quinti,

2225 1398 2297 1452 ad
2325 1399 2639 1470 proximam
2669 1399 2825 1453 ﬁnali
2855 1400 3205 1471 deponatur:
3230 1402 3301 1455 ad
3340 1407 3598 1457 octavam
3627 1408 3819 1457 autem

2225 1493 2342 1541 tam
2375 1487 2604 1558 quintus
2634 1504 2802 1559 quam
2834 1488 2931 1542 alii
2964 1489 3299 1561 principales
3330 1495 3596 1562 potenter
3620 1508 3816 1546 ascen-

2226 1577 2383 1641 dant,
2401 1576 2501 1630 sed
2520 1592 2726 1631 nonam
2737 1577 2823 1632 vel
2842 1577 3118 1632 decimam
3145 1578 3432 1634 rarissime
3461 1580 3814 1651 contingant;

2226 1665 2375 1737 quod
2396 1670 2454 1720 te
2482 1665 2600 1721 haec
2628 1666 2809 1737 ﬁgura
2835 1666 3150 1722 luculenter
3182 1668 3394 1723 edocet.

1699 2211 2157 2458 φα
2272 2242 2322 2354 ἔ
2465 2291 2531 2416 /

2577 2377 2632 2430 θ

1449 2583 1507 2634 Α
1617 2473 2010 2947 \
2553 2555 2620 2627 ᾧ
2885 2629 2924 2670 ὁ

2824 2666 2864 2708 φ

1355 2737 1419 2798 ᾧ
2886 2704 2945 2748 n9

1327 2803 1382 2854 (δ
1501 2798 1554 2846 -.

1309 2592 1952 3081 ap
2048 2910 2096 2964 ιι
2227 2909 2303 2975 νη
2378 2609 2888 3071 Δ

2824 2972 2858 2999 ο
2968 2969 3024 2997 Ψ

1409 3184 1444 3208 η
1898 3084 1939 3115 Ν
2076 3136 2219 3182 non:
2833 3099 2881 3119 ’”
2959 3179 3092 3194 ___

1257 3221 1312 3268 ω
1410 3209 1450 3293 Ξ
1897 3179 2399 3377 τὲΜὲ
2829 3280 2868 3333 ε

1289 3393 1346 3439 0
1428 3344 1499 3466 ἓ
1947 3312 2162 3450 <Ῑί14.1
2220 3364 2252 3407 Χ
2816 3338 2857 3388 ε
2953 3321 3031 3411 <3)

1302 3442 1375 3538 ’ἓ
1474 3467 1556 3567 Ἀ
2724 3525 2774 3580 θ
2879 3508 2999 3563 \

1536 3563 1604 3638 ἢ
2655 3569 2744 3655 {3Q
2807 3603 2903 3666 φο

1638 3674 1833 3811 "150/.
2494 3739 2569 3803 δία
2775 3670 2905 3743 QQ

1803 3780 1931 3860 lbere
1991 3845 2096 3895 raro
2206 3837 2351 3891 libere
2469 3782 2497 3817 ἵ
2608 3855 2643 3910 ἱ

1711 3889 2120 4101 θρα
2216 3975 2380 4049 and
2570 3898 2605 3935 ὓ

597 4470 1173 4531 Animadvertendum
1211 4478 1503 4547 praeterea,
1543 4474 1693 4546 quod
1730 4474 2035 4530 maximam
2065 4468 2457 4542 inBscendat,
2514 4486 2615 4543 per
2669 4468 2895 4527 easdem
2946 4471 3138 4527 statim
3194 4470 3474 4540 ascendat,
3531 4477 3598 4528 ut
3647 4471 3741 4528 hic
3789 4492 3798 4526 :

527 4570 699 4622 cantu
722 4563 1137 4636 jucunditatem
1176 4564 1392 4619 faciunt
1440 4565 1562 4619 ista:
1592 4564 1716 4618 duae
1745 4564 2126 4618 consonantiae

525 4653 876 4709 diatessaron
926 4658 984 4707 et
1031 4653 1313 4725 diapente,
1366 4653 1413 4707 si
1466 4652 1860 4707 convenienter
1900 4653 1961 4706 in
2008 4651 2124 4706 suis

523 4742 661 4798 locis
671 4742 1062 4813 disponantur;
1077 4742 1372 4814 pulchrum
1385 4757 1630 4811 namque
1640 4757 1839 4795 sonum
1854 4741 2118 4805 reddunt,

522 4834 573 4888 si
607 4832 846 4887 remissa
890 4831 1248 4903 aliquotiens.
1294 4830 1487 4885 statim
1536 4829 1594 4883 in
1637 4829 1848 4885 eisdem
1894 4829 2120 4884 vocibus

522 4922 833 4989 elevantur;
851 4919 1329 4992 quemadmodum
1349 4919 1575 4990 patetin
1595 4920 1810 4991 antiph.
1829 4919 1934 4973 νοω
1946 4922 2116 4973 σωυὶι.

524 5013 932 5067 Verumtamen
980 5000 1329 5063 diatessaron
1372 5008 1551 5062 multo
1597 5008 1902 5063 dulciorem
1940 5007 2120 5062 melo-

519 5102 670 5158 diam
692 5101 847 5167 facit,
870 5103 928 5154 et
945 5096 1187 5153 maxime
1207 5097 1265 5151 in
1294 5097 1565 5151 authento
1595 5097 1848 5162 deutero,
1874 5096 1923 5151 si
1944 5096 2120 5150 inter-

517 5190 653 5245 dum
672 5194 763 5244 ter
782 5186 867 5242 vel
898 5190 1117 5258 quater,
1140 5185 1226 5240 vel
1246 5201 1312 5239 eo
1333 5185 1578 5256 amplius
1601 5186 1748 5241 varie
1768 5186 2118 5256 repercutia-

512 5285 611 5336 tur
634 5278 809 5334 :sicut
824 5277 882 5331 in
902 5277 1013 5330 ﬁne
1035 5275 1203 5346 hujus
1241 5275 1561 5346 antiphonae
1590 5294 1601 5328 :
1631 5276 1671 5330 0
1692 5276 1998 5342 gloriosum
2035 5277 2117 5328 lu-

514 5385 668 5439 men,
695 5367 839 5422 bene
867 5364 1248 5421 consideranti
1276 5363 1458 5436 liquet
1479 5365 1584 5418 hoc
1613 5364 1779 5417 modo
1804 5363 1910 5431 (15)
1937 5381 1949 5416 :

731 5456 868 5523 Quos
897 5457 1075 5524 fecisti
1097 5456 1349 5508 veritatis
1374 5457 1564 5508 lumen
1586 5468 1892 5521 agnoscere.

582 5547 727 5604 Item
758 5545 1014 5617 pulcrum
1046 5550 1150 5611 est,
1184 5543 1233 5597 si
1271 5559 1371 5614 per
1406 5558 1548 5614 quas
1587 5546 1750 5597 notas
1778 5557 1984 5596 neuma
2009 5540 2107 5596 de-

587 5703 697 5774 (15)
727 5702 945 5758 Desunt
973 5707 1121 5779 notae
1147 5701 1389 5758 musicae.

2208 4562 2531 4633 agnga

2207 4653 2413 4705 Meruit
2444 4652 2638 4705 divina
2669 4653 3017 4708 reuelatione.
3066 4653 3210 4707 Item
3258 4651 3694 4708 decentissimus
3743 4656 3798 4708 in

2206 4745 2376 4794 cantu
2405 4756 2576 4795 sonus
2601 4745 2705 4805 est,
2735 4739 2783 4794 si
2807 4740 3159 4796 diatessaron
3189 4742 3473 4797 interdum
3511 4742 3594 4797 ita
3629 4745 3801 4798 varie-

2202 4834 2317 4892 tur,
2333 4833 2398 4883 ut
2421 4829 2788 4884 semiditonus
2807 4830 2893 4883 vel
2913 4830 3139 4885 ditonus
3163 4848 3314 4886 nunc
3333 4831 3633 4903 praecedat,
3652 4849 3798 4888 nunc

2204 4917 2599 4989 subsequatur,
2624 4924 2690 4974 ut
2717 4919 2824 4973 hoc
2853 4920 3107 4991 exemplo
3138 4921 3499 4976 manifestum
3525 4927 3614 4976 est
3640 4940 3653 4975 :

2273 5009 2444 5061 Hodie
2466 5023 2655 5075 procas
2729 5037 2756 5048 -
2832 5036 2860 5049 -
2934 5011 3005 5062 sit
3030 5010 3106 5063 ad
3137 5015 3346 5064 ortum.

2204 5095 2349 5151 Sunt
2375 5101 2433 5150 et
2451 5096 2574 5150 aliae
2600 5096 2923 5151 modulandi
2954 5097 3167 5168 species
3187 5100 3621 5170 quamplurimas
3641 5116 3793 5173 egre-

2199 5185 2324 5256 giae,
2360 5201 2500 5256 quas
2529 5201 2741 5249 omnes,
2789 5202 2859 5240 ne
2894 5186 3128 5240 taedium
3160 5187 3347 5257 potius
3387 5206 3555 5260 quam
3588 5190 3795 5245 doctri-

2198 5290 2330 5328 nam
2374 5273 2676 5328 lectoribus
2705 5273 3050 5344 ingeramus,
3095 5291 3361 5330 enarrare
3404 5294 3518 5332 non
3549 5284 3787 5349 oportet.

2198 5362 2409 5416 Cantus
2438 5367 2625 5416 autem
2658 5361 2979 5430 hujusmodi
3013 5362 3211 5416 musici
3243 5371 3536 5420 accuratos
3571 5373 3785 5433 vocant,

2196 5451 2346 5521 quod
2375 5451 2433 5505 in
2473 5468 2665 5505 eorum
2698 5451 3100 5517 compositione
3129 5469 3265 5506 cura
3292 5453 3650 5510 adhibeatur.
3679 5457 3789 5510 Hos

2190 5540 2362 5595 etiam
2399 5541 2663 5595 metricos
2692 5556 2792 5611 per
2824 5539 3251 5597 similitudinem
3296 5544 3602 5616 appellant,
3637 5545 3784 5618 quod
