3934 6352
118 400 258 458 1421

114 618 503 675 Ambrosiani.

111 725 237 778 XX.
273 727 525 793 Qualiter
556 744 658 797 per
697 731 901 785 vocales
947 739 1141 788 cantus
1173 743 1403 804 possunt
1446 743 1711 808 componi.

187 831 393 887 Adhuc
440 839 498 889 et
543 835 713 890 aliam
762 839 1090 894 modulandi
1147 848 1526 898 monstramus
1569 845 1716 900 viam

110 919 416 990 pulchram
464 939 619 988 sane,
669 926 768 980 sed
817 933 948 981 ante
1009 929 1319 985 Guidonem
1367 931 1714 988 inusitatam.

112 1008 390 1079 Inprimis
436 1010 495 1066 in
545 1013 704 1084 cujus
752 1015 872 1069 toni
919 1023 1147 1072 cantum
1202 1035 1537 1090 componere
1585 1023 1719 1076 velis

109 1101 306 1151 tecum
349 1099 631 1156 destinato
675 1121 687 1156 :
732 1108 790 1157 et
818 1105 1065 1176 quinque
1112 1108 1260 1161 tonis
1313 1125 1438 1163 cum
1484 1111 1718 1165 totidem

112 1184 415 1242 vocalibus
454 1206 556 1260 per
594 1191 846 1246 ordinem
892 1196 1285 1266 suprascriptis
1313 1198 1514 1253 collato
1544 1199 1603 1252 in
1633 1205 1722 1253 ta-

114 1272 293 1337 bulis,
345 1281 403 1330 et
446 1279 754 1334 secundum
803 1283 951 1352 quod
1001 1288 1055 1337 te
1103 1284 1453 1355 singularum
1504 1288 1721 1342 vocales

116 1361 388 1419 duxerint
444 1367 810 1438 syllabarum,
868 1372 1117 1427 canendo
1174 1373 1282 1428 rite
1335 1375 1560 1431 incedas
1614 1377 1720 1431 hoc

114 1451 293 1506 modo
319 1473 330 1507 :

190 1538 342 1596 Item
371 1542 606 1600 alterius
633 1547 784 1602 modi
814 1565 915 1620 per
943 1549 1180 1606 eandem
1209 1553 1465 1622 regulam
1488 1553 1531 1608 F
1559 1555 1608 1609 G
1630 1555 1726 1628 Ah
1752 1573 1800 1612 c.

2313 1807 2405 1855 tus
2814 1818 2909 1856 sus
3173 1840 3182 1850 κ
3307 1817 3346 1856 ιι

2497 1905 2720 1952 nostros
3314 1914 3347 1953 ο

840 1989 883 2043 ti
1381 1993 1401 2046 i
1745 1995 1787 2048 ti
2205 1996 2284 2049 mi
2965 1997 3015 2051 ci
3317 1994 3337 2048 i

457 2097 548 2138 cer
965 2093 1079 2142 stes
1257 2087 1338 2143 De
1876 2108 1948 2145 ne
2090 2109 2161 2163 ge
3041 2110 3133 2165 pe,
3195 2098 3253 2148 et
3315 2108 3348 2146 e

311 2181 388 2234 Sa
704 2185 792 2238 An
1573 2188 1696 2242 Mar
3295 2204 3360 2281 ξ.

473 2375 570 2434 dul
2843 2386 2946 2441 bus
3294 2367 3364 2440 ῖι-

207 2455 3262 2480 —___.________________________._______
3317 2499 3349 2537 ο

345 2576 404 2629 in
802 2578 845 2630 ti
1166 2579 1242 2632 im
2309 2583 2366 2652 gi
2723 2584 2769 2637 ti
3319 2580 3340 2634 i

631 2692 742 2744 ἔθη
1315 2695 1382 2748 pe
1741 2697 1963 2750 semper
3039 2687 3096 2736 te
3321 2694 3353 2731 θ

909 2791 1001 2828 am
1468 2784 1559 2830 tra
2126 2779 2202 2831 ﬂa
2454 2785 2552 2831 tan
2677 2807 2686 2816 ο
3316 2795 3350 2832 a

345 2576 404 2629 in
802 2578 845 2630 ti
1166 2579 1242 2632 im

125 2656 1382 2748 F__?>n_—'_—_EE

909 2791 1001 2828 am
1468 2784 1559 2830 tra

1601 419 1891 476 MUSICA.

112 545 280 585 more
307 535 618 588 metrorum
647 535 816 590 certis
840 535 1057 607 legibus
1078 537 1467 610 dimetiantur,
1497 549 1562 599 ut
1589 549 1722 600 sunt

1741 2697 1963 2750 semper

3250 423 3390 482 1422

3084 584 3146 632 tu
3273 584 3347 632 lu

2375 689 2436 726 80
3193 689 3284 729 OSI
3317 689 3350 727 Ο

1800 765 1848 823 F
2043 770 2091 822 ri
2288 771 2336 824 ri
2460 773 2527 825 lis
2818 774 2856 826 li
3062 765 3087 766 ί
3232 765 3284 826 ill
3321 772 3341 826 i

2185 885 2249 921 ve
2686 877 2775 925 ter
2882 871 2949 925 be
3272 871 3284 925 Ι
3317 886 3347 923 e

1948 965 2036 1016 Ma
2111 981 2146 1018 a
2571 984 2663 1021 ma
2982 985 3046 1022 ra
3271 965 3366 1056 Lai

1920 1143 3362 1232 §$—_——_IF

2779 1279 2810 1317 0
3041 1279 3074 1316 0
3271 1276 3340 1317 ιο

1885 1335 2136 1410 *δὴ
2315 1355 2375 1409 in
2685 1341 2741 1409 "ti
2955 1357 3000 1410 ti
3271 1335 3283 1410 |
3312 1357 3334 1410 i

3315 1471 3347 1510 Θ

3311 1569 3348 1605 8

2057 1354 2136 1425 pli
2315 1355 2375 1409 in
2470 1347 2587 1348 77W
2610 1347 2645 1348 Ὗ
2697 1356 2741 1409 ti
2796 1347 3245 1410 ί
3312 1357 3334 1410 i

2183 1468 2274 1506 ces
2418 1469 2510 1507 ces
2981 1479 2983 1482 ⁴
3155 1471 3227 1508 ne
3271 1347 3347 1627 |e

2560 1568 2663 1605 san
2862 1569 2929 1606 ra
3311 1569 3348 1605 a

2720 1882 3388 1975 ——|°|

2497 1905 2720 1952 nostros

2205 2013 2284 2049 m1

2126 2779 2202 2831 fla

117 2927 403 2994 Quoniam
453 2930 642 2980 autem
691 2925 817 2990 ista,
865 2942 1032 2995 quam
1080 2926 1356 2990 dedimus,
1393 2927 1715 2980 modulandi
1738 2929 1782 2988 B
1803 2925 1912 2994 (17)
1939 2928 2189 2981 Nuntius
2209 2931 2342 2982 celso
2365 2933 2584 2983 veniens
2605 2933 2821 2999 olympo
2845 2935 2891 2983 te
2913 2933 3208 2999 patrinum
3239 2947 3390 3000 mag.

115 3018 323 3090 regula
347 3015 534 3070 minus
554 3013 748 3068 stricta
766 3013 1065 3079 videretur,
1090 3015 1332 3085 qualiter
1347 3016 1611 3070 laxiorem
1634 3021 1716 3070 at-

120 3123 234 3177 que
273 3103 594 3158 liberiorem
624 3102 991 3173 componendi
1023 3103 1165 3156 viam
1187 3109 1248 3158 tu
1280 3104 1458 3174 possis
1490 3121 1708 3175 parare,

119 3193 504 3249 edocebimus.
541 3192 782 3262 Dispone
812 3208 928 3253 sex,
975 3193 1059 3246 vel
1091 3199 1233 3259 octo,
1271 3195 1354 3246 vel
1385 3195 1553 3248 etiam
1587 3195 1716 3264 plu-

112 3300 229 3348 res,
265 3284 315 3338 si
344 3282 538 3346 libeat,
562 3297 662 3352 per
684 3281 936 3334 ordinem
955 3287 1133 3345 notas,
1169 3282 1360 3352 eisque
1381 3284 1597 3337 vocales
1617 3284 1716 3338 du-

111 3373 341 3445 pliciter
364 3370 669 3435 adscribas,
716 3371 796 3424 ita
841 3371 1070 3435 scilicet,
1118 3378 1184 3426 ut
1227 3372 1529 3444 unicuique
1569 3379 1716 3428 notia

113 3462 262 3517 duas
293 3460 546 3516 seriatim
575 3457 850 3514 attribuas
874 3459 979 3514 hoc
1007 3461 1172 3515 modo
1200 3461 1314 3531 (16)
1339 3479 1350 3514 :

536 3549 1296 3604 iouaeiou

534 3636 1294 3696 FGabcdef

538 3724 1298 3780 ouaeioua

198 3817 306 3871 Vox
324 3817 621 3870 clamantis
641 3816 705 3867 in
726 3815 950 3879 deserto,
979 3819 1182 3882 parate
1210 3817 1360 3869 viam
1389 3816 1639 3884 Domino,

192 3906 377 3959 Rectas
402 3905 567 3971 facite
587 3904 807 3956 semitas
832 3904 929 3956 Dei
948 3906 1139 3956 nostri.

184 3992 330 4046 Vide
360 3998 570 4058 autem,
597 4007 668 4046 ne
690 3997 746 4045 te
772 3991 901 4054 ista,
931 4008 1099 4062 quam
1127 3992 1518 4062 praemisimus,
1545 4010 1712 4049 voca-

110 4082 258 4136 lium
300 4080 592 4152 dispositio
623 4080 692 4134 ad
717 4081 821 4134 hoc
852 4080 1098 4147 inducat,
1132 4087 1196 4135 ut
1230 4099 1324 4137 eas
1353 4099 1576 4154 semper
1611 4100 1711 4140 ne-

109 4169 357 4226 cessario
386 4170 467 4224 ita
493 4170 869 4240 disponendas
895 4169 1177 4225 existimes
1209 4189 1220 4221 :
1257 4171 1404 4226 sicut
1433 4173 1580 4227 enim
1601 4173 1714 4245 pic-

1797 3018 1926 3069 Forc
1956 3020 2310 3070 nasciturum
2327 3033 2524 3072 nomen
2535 3023 2585 3072 et
2604 3022 2726 3073 vitae
2735 3022 2930 3073 seriem
2941 3021 3187 3086 gerendae
3202 3022 3395 3074 ordine

3064 3108 3316 3178 [promis.

1797 3193 2036 3248 Possent
2073 3198 2264 3248 tamen
2299 3195 2518 3250 vocales
2556 3194 2656 3249 tali
2695 3196 2862 3250 modo
2896 3195 3068 3250 etiam
3097 3195 3388 3268 triplicari,

1798 3281 1884 3335 vel
1923 3282 2356 3352 quadruplicari,
2407 3283 2515 3337 nisi
2562 3283 2710 3353 quod
2755 3289 2891 3338 tunc
2940 3284 3116 3338 nimia
3143 3285 3394 3340 confusio

1799 3371 2124 3425 modulandi
2154 3371 2470 3426 obsisteret.
2505 3373 2644 3427 Cum
2668 3373 2878 3444 itaque,
2893 3378 2958 3427 ut
2976 3379 3263 3430 ostensum
3287 3380 3391 3443 est,

1799 3466 1998 3515 cantus
2021 3477 2121 3531 per
2148 3461 2364 3515 vocales
2393 3467 2782 3533 componatur,
2806 3463 2989 3534 sitque
3010 3464 3392 3534 manifestum,

1800 3564 1865 3602 ex
1898 3549 2176 3604 vocalibus
2205 3557 2482 3618 constare,
2525 3567 2870 3622 quaecunque
2899 3553 3184 3621 dicuntur,
3207 3554 3397 3609 rectis-

1800 3637 1942 3692 sime
1971 3639 2052 3693 ait
2080 3639 2284 3707 Guido,
2317 3640 2464 3710 quod
2509 3639 2580 3694 ad
2621 3647 2850 3695 cantum
2900 3641 3192 3713 redigatur
3228 3657 3394 3699 omne

1801 3728 1950 3797 quod
1977 3727 2199 3782 dicitur.

1868 3832 2018 3888 XXI.
2043 3835 2188 3901 Quid
2215 3837 2478 3889 utilitatis
2507 3838 2744 3903 afferant
2773 3852 2984 3893 ncumz
3010 3854 3046 3892 a
3073 3835 3320 3895 Guidone

2464 3910 2695 3961 inventa:
2707 3951 2720 3965 .

1867 3994 1952 4048 Ne
1998 3994 2140 4050 forte
2188 4013 2319 4051 vero
2363 4001 2585 4050 moveat
2622 3996 2907 4064 lectorem,
2941 3997 3090 4068 quod
3117 3998 3178 4052 in
3204 3997 3386 4070 primo

1797 4084 2043 4154 capitulo
2072 4085 2121 4138 ei
2151 4085 2515 4156 injunximus,
2548 4090 2613 4140 ut
2641 4090 2866 4139 cantare
2895 4102 2994 4156 per
3026 4087 3267 4141 musicas
3294 4104 3387 4143 as-

1797 4178 2079 4227 suesceret
2107 4190 2359 4235 neumas,
2395 4179 2452 4228 et
2479 4174 2548 4228 de
2577 4174 2658 4228 eis
2690 4180 2931 4229 tractare
2958 4175 3248 4247 hucusque
3276 4175 3388 4231 dis-

112 4259 332 4314 toribus
362 4265 531 4330 atque
564 4258 740 4330 poetis
769 4259 901 4312 licet
933 4258 1178 4330 incipere
1207 4261 1354 4330 quod
1377 4262 1573 4316 volunt
1595 4284 1609 4323 ς
1633 4262 1710 4316 sic
1739 4258 1770 4264 ’
1793 4262 2056 4329 tulimus;
2091 4263 2348 4317 attendat
2393 4263 2541 4334 quod
2586 4279 2698 4317 non
2738 4263 2837 4318 abs
2873 4280 2935 4318 re
2971 4263 3205 4319 fecimus
3233 4282 3246 4319 :
3277 4263 3387 4320 nisi

111 4347 387 4402 nimirum
416 4347 496 4401 sic
525 4346 837 4400 modulanti
880 4363 980 4417 per
1022 4348 1238 4402 vocales
1267 4366 1426 4418 aequa
1465 4355 1710 4420 potestas

111 4442 202 4492 est
238 4453 340 4508 pro
371 4436 508 4490 velle
539 4452 640 4490 suo
667 4452 761 4490 eas
793 4435 848 4488 in
883 4435 1152 4506 principio
1180 4436 1476 4508 disponere
1510 4437 1711 4492 .item-

115 4543 228 4598 que
273 4525 746 4597 quemadmodum
792 4525 902 4579 illis
943 4525 1344 4595 providendum
1389 4532 1491 4591 est,
1524 4533 1588 4581 ut
1635 4528 1711 4592 id,

115 4616 267 4687 quod
295 4615 622 4686 inceperunt
653 4613 962 4684 perficiant,
998 4614 1092 4668 isti
1132 4615 1206 4667 ita
1238 4615 1576 4669 studendum
1607 4622 1708 4682 est,

113 4711 182 4759 ut
200 4704 452 4758 ordinem
481 4703 761 4774 inceptum
787 4704 1062 4757 ﬁnetenus
1087 4703 1342 4758 deducat.
1376 4704 1544 4758 Verbi
1581 4722 1712 4776 gra-

114 4793 200 4847 tia
233 4809 244 4842 :
279 4793 420 4848 Cum
451 4792 598 4846 enim
623 4809 726 4863 ego
746 4793 802 4846 in
821 4792 1106 4864 praemisso
1124 4799 1292 4847 cantu
1309 4799 1580 4864 parypate
1597 4811 1715 4848 me-

115 4899 222 4937 son
254 4886 309 4936 oi
337 4881 715 4950 attribuerim,
743 4887 806 4935 tu
834 4881 1040 4936 ibidem
1072 4887 1141 4950 ei,
1173 4883 1257 4935 vel
1280 4899 1366 4948 ao,
1389 4883 1476 4936 vel
1505 4899 1599 4949 au,
1632 4883 1717 4938 vel

115 4970 393 5043 quidquid
437 4971 549 5025 tale
604 4970 864 5033 volueris,
913 4970 1098 5025 locare
1138 4971 1369 5042 poteris,
1413 4971 1715 5027 dummodo

113 5059 389 5131 persistas
419 5059 478 5114 in
508 5059 722 5126 ordine,
752 5075 916 5131 quem
945 5059 1236 5130 inceperis.
1259 5059 1414 5123 Quod
1445 5066 1510 5114 ut
1538 5059 1715 5130 magis

111 5154 328 5220 pateat,
359 5149 571 5204 malum
596 5147 829 5204 alterius
867 5148 1019 5203 modi
1049 5149 1287 5219 exempli
1313 5147 1501 5218 gratia
1515 5163 1716 5219 suppo-

113 5253 304 5294 mmus
335 5255 348 5292 Ξ

543 5327 1291 5384 eiouaeio

539 5416 1300 5474 CDEFGabc

537 5506 1307 5562 iouaeiou

741 5345 774 5385 o

732 5419 776 5473 E

736 5521 776 5561 u

185 5664 304 5738 (16)
335 5665 465 5722 Haec
479 5667 672 5722 eadem
688 5666 803 5722 fere
832 5681 1004 5739 supra
1022 5665 1366 5739 inAGuidone
1377 5669 1435 5722 et
1450 5665 1714 5739 Aribone.

120 5734 291 5797 Note
303 5754 435 5796 vero
454 5739 699 5812 antiquae
723 5734 931 5796 iterum
955 5734 1165 5813 passim
1185 5739 1245 5794 in
1271 5737 1524 5812 exemplo
1545 5740 1717 5795 allato

1796 4351 1944 4403 enim
1983 4351 2139 4422 prius
2179 4351 2346 4406 sciret
2389 4353 2599 4406 musice
2645 4369 2867 4418 canere,
2899 4353 3153 4425 exempla
3177 4353 3390 4425 passim

1799 4438 1868 4492 ob
1897 4439 2145 4494 diversas
2169 4457 2365 4494 causas
2400 4441 2724 4494 introducta
2752 4443 3073 4496 nullatenus
3104 4449 3288 4513 posset
3309 4443 3392 4498 in-

1799 4527 2050 4597 telligere
2094 4530 2206 4583 Cur
2233 4535 2420 4583 autem
2453 4545 2486 4582 a
2505 4530 2760 4584 Guidone
2787 4531 3026 4585 inventae
3055 4531 3168 4586 sint
3196 4532 3394 4604 hujus-

1799 4619 1949 4672 modi
1978 4636 2212 4682 neumas,
2236 4635 2347 4673 non
2373 4619 2562 4673 statim
2585 4620 2833 4688 oportuit
2853 4620 2960 4673 dici
2987 4639 3000 4685 ;
3034 4637 3159 4675 cum
3191 4637 3388 4677 earum

1797 4723 1966 4762 causa
2008 4715 2063 4762 et
2110 4709 2324 4762 utilitas
2367 4724 2466 4778 per
2503 4723 2586 4766 ea,
2617 4723 2740 4777 quae
2763 4709 2880 4777 jam
2913 4709 3203 4778 praemissa
3232 4714 3384 4776 sunt,

1797 4792 1933 4846 satis
1961 4793 2134 4862 possit
2156 4792 2395 4863 experiri
2418 4807 2429 4840 :
2453 4807 2578 4845 cum
2596 4791 2744 4844 enim
2769 4791 2824 4844 in
2856 4793 3146 4846 usualibus
3167 4792 3390 4846 neumis

1798 4880 2099 4936 intervalla
2128 4881 2366 4935 discerni
2396 4895 2506 4934 non
2532 4879 2772 4944 valeant,
2801 4887 3130 4952 cantusque,
3165 4880 3260 4952 qui
3288 4897 3391 4951 per

1799 4986 1894 5024 eas
1904 4969 2276 5034 dicuntur,sta
2286 4969 2378 5023 bili
2394 4968 2674 5023 memoriae
2688 4969 3070 5023 commendari
3082 4973 3387 5040 nequeant,

1796 5059 2034 5130 ideoque
2053 5059 2110 5114 in
2139 5058 2392 5114 cantibus
2423 5057 2677 5129 plurimae
2705 5056 2976 5111 falsitates
3003 5057 3390 5128 obrepant,bze

1798 5155 1988 5202 autem
2008 5149 2199 5202 omnia
2216 5147 2511 5202 intervalla
2521 5145 2781 5200 distincte
2795 5145 3390 5218 demonstrent,usque

1798 5237 1956 5299 adeo,
1990 5244 2054 5292 ut
2081 5254 2327 5292 errorem
2358 5236 2582 5308 penitus
2622 5235 2936 5294 excludant,
2971 5242 3030 5290 et
3055 5234 3391 5290 oblivionem

1799 5327 2053 5391 canendi,
2085 5328 2132 5381 si
2161 5327 2335 5381 semel
2369 5325 2613 5397 perfecte
2637 5325 2751 5379 sint
2769 5325 3024 5395 cognitae,
3056 5341 3169 5379 non
3189 5323 3392 5379 admit-

1795 5421 1952 5483 tant;
1975 5416 2100 5486 quis
2116 5433 2228 5470 non
2252 5431 2513 5486 magnam
2541 5415 2600 5468 in
2620 5414 2700 5468 eis
2712 5414 3013 5468 utilitatem
3029 5431 3152 5469 esse
3171 5413 3394 5468 videat?

1743 5504 2048 5588 DQualiter
2074 5511 2264 5560 autem
2296 5504 2636 5575 irregulares
2669 5520 2886 5559 neumte
2907 5503 3095 5575 potius
3115 5518 3386 5570 errorem,

1911 5665 2087 5703 οωηι.

1871 5648 2000 5703 ﬁciu
2074 5688 2087 5703 .

1799 5647 1980 5812 de(l7)
2140 5736 2201 5794 in
2228 5736 2418 5794 codice
2461 5735 2854 5810 exprimuntur
2889 5738 3098 5796 notulae
3141 5737 3388 5810 antiquae
