  <div class='ocr_page' id='page_1' title='image "/cluster/home/n/w/nwhite01/storage/ocr_20150623/150/umn.31951002477443u/807.png"; bbox 0 0 3934 6368; ppageno 0'>
   <div class='ocr_carea' id='block_1_1' title="bbox 521 288 658 350">
    <p class='ocr_par' dir='ltr' id='par_1_1' title="bbox 521 288 658 350">
     <span class='ocr_line' id='line_1_1' title="bbox 521 288 658 350; baseline -0.022 0"><span class='ocrx_word' id='word_1_1' title='bbox 521 288 658 350; x_wconf 79' lang='grc'>1427</span> 
     </span>
    </p>
   </div>
   <div class='ocr_carea' id='block_1_2' title="bbox 1931 283 2402 352">
    <p class='ocr_par' dir='ltr' id='par_1_2' title="bbox 1931 283 2402 352">
     <span class='ocr_line' id='line_1_2' title="bbox 1931 283 2402 352; baseline 0 -12"><span class='ocrx_word' id='word_1_2' title='bbox 1931 285 1960 340; x_wconf 88' lang='lat' dir='ltr'><strong>J</strong></span> <span class='ocrx_word' id='word_1_3' title='bbox 1970 331 1983 344; x_wconf 92' lang='lat'>.</span> <span class='ocrx_word' id='word_1_4' title='bbox 2025 283 2402 352; x_wconf 87' lang='lat' dir='ltr'>COTTONIS,</span> 
     </span>
    </p>
   </div>
   <div class='ocr_carea' id='block_1_3' title="bbox 3653 276 3806 336">
    <p class='ocr_par' dir='ltr' id='par_1_3' title="bbox 3653 276 3806 336">
     <span class='ocr_line' id='line_1_3' title="bbox 3653 276 3806 336; baseline 0 -1"><span class='ocrx_word' id='word_1_5' title='bbox 3653 276 3806 336; x_wconf 59' lang='grc' dir='ltr'>ηπ</span> 
     </span>
    </p>
   </div>
   <div class='ocr_carea' id='block_1_4' title="bbox 519 404 3809 481">
    <p class='ocr_par' dir='ltr' id='par_1_4' title="bbox 519 404 3809 481">
     <span class='ocr_line' id='line_1_4' title="bbox 519 404 3809 481; baseline -0.004 -8"><span class='ocrx_word' id='word_1_6' title='bbox 519 419 579 474; x_wconf 90' lang='lat' dir='ltr'>in</span> <span class='ocrx_word' id='word_1_7' title='bbox 604 415 811 473; x_wconf 90' lang='lat' dir='ltr'>medio.</span> <span class='ocrx_word' id='word_1_8' title='bbox 840 415 990 471; x_wconf 83' lang='lat' dir='ltr'>Nam</span> <span class='ocrx_word' id='word_1_9' title='bbox 1017 414 1273 468; x_wconf 75' lang='lat' dir='ltr'>Miserere</span> <span class='ocrx_word' id='word_1_10' title='bbox 1312 410 1460 481; x_wconf 89' lang='lat' dir='ltr'>quod</span> <span class='ocrx_word' id='word_1_11' title='bbox 1504 408 1764 481; x_wconf 89' lang='lat' dir='ltr'>proprius</span> <span class='ocrx_word' id='word_1_12' title='bbox 1793 426 1928 463; x_wconf 84' lang='lat' dir='ltr'>usus</span> <span class='ocrx_word' id='word_1_13' title='bbox 1967 409 2025 462; x_wconf 90' lang='lat' dir='ltr'>in</span> <span class='ocrx_word' id='word_1_14' title='bbox 2049 409 2171 468; x_wconf 82' lang='lat' dir='ltr'>li-A</span> <span class='ocrx_word' id='word_1_15' title='bbox 2192 425 2304 463; x_wconf 90' lang='lat' dir='ltr'>non</span> <span class='ocrx_word' id='word_1_16' title='bbox 2357 408 2705 472; x_wconf 64' lang='lat' dir='ltr'>necessarie,</span> <span class='ocrx_word' id='word_1_17' title='bbox 2737 407 2852 462; x_wconf 91' lang='lat' dir='ltr'>imo</span> <span class='ocrx_word' id='word_1_18' title='bbox 2894 423 3124 479; x_wconf 82' lang='lat' dir='ltr'>prorsus</span> <span class='ocrx_word' id='word_1_19' title='bbox 3152 407 3322 462; x_wconf 63' lang='lat' dir='ltr'>nulla:</span> <span class='ocrx_word' id='word_1_20' title='bbox 3349 411 3484 462; x_wconf 87' lang='lat' dir='ltr'>sunt</span> <span class='ocrx_word' id='word_1_21' title='bbox 3515 424 3530 460; x_wconf 88' lang='lat'><strong>:</strong></span> <span class='ocrx_word' id='word_1_22' title='bbox 3563 419 3696 460; x_wconf 87' lang='lat' dir='ltr'>cum</span> <span class='ocrx_word' id='word_1_23' title='bbox 3716 404 3809 458; x_wconf 82' lang='lat' dir='ltr'>vi-</span> 
     </span>
    </p>
   </div>
   <div class='ocr_carea' id='block_1_5' title="bbox 767 499 1834 562">
    <p class='ocr_par' dir='ltr' id='par_1_5' title="bbox 767 499 1834 562">
     <span class='ocr_line' id='line_1_5' title="bbox 767 499 1834 562; baseline -0.01 0"><span class='ocrx_word' id='word_1_24' title='bbox 767 505 817 562; x_wconf 91' lang='lat' dir='ltr'><strong>D</strong></span> <span class='ocrx_word' id='word_1_25' title='bbox 1787 499 1834 551; x_wconf 95' lang='lat' dir='ltr'>G</span> 
     </span>
    </p>
   </div>
   <div class='ocr_carea' id='block_1_6' title="bbox 521 576 2120 654">
    <p class='ocr_par' dir='ltr' id='par_1_6' title="bbox 521 576 2120 654">
     <span class='ocr_line' id='line_1_6' title="bbox 521 576 2120 654; baseline -0.009 -11"><span class='ocrx_word' id='word_1_26' title='bbox 521 589 728 644; x_wconf 90' lang='lat' dir='ltr'>chanos</span> <span class='ocrx_word' id='word_1_27' title='bbox 756 586 1006 654; x_wconf 85' lang='lat' dir='ltr'>hypaton</span> <span class='ocrx_word' id='word_1_28' title='bbox 1036 579 1245 650; x_wconf 87' lang='lat' dir='ltr'>incipit,</span> <span class='ocrx_word' id='word_1_29' title='bbox 1280 579 1337 632; x_wconf 91' lang='lat' dir='ltr'>in</span> <span class='ocrx_word' id='word_1_30' title='bbox 1368 578 1616 631; x_wconf 81' lang='lat' dir='ltr'>lichanos</span> <span class='ocrx_word' id='word_1_31' title='bbox 1640 594 1835 630; x_wconf 84' lang='lat' dir='ltr'>meson</span> <span class='ocrx_word' id='word_1_32' title='bbox 1856 576 2120 646; x_wconf 85' lang='lat' dir='ltr'>incipien-</span> 
     </span>
    </p>
   </div>
   <div class='ocr_carea' id='block_1_7' title="bbox 520 666 2118 744">
    <p class='ocr_par' dir='ltr' id='par_1_7' title="bbox 520 666 2118 744">
     <span class='ocr_line' id='line_1_7' title="bbox 520 666 2118 744; baseline -0.008 -13"><span class='ocrx_word' id='word_1_33' title='bbox 520 676 656 732; x_wconf 87' lang='lat' dir='ltr'>dum</span> <span class='ocrx_word' id='word_1_34' title='bbox 678 678 783 728; x_wconf 92' lang='lat' dir='ltr'>est.</span> <span class='ocrx_word' id='word_1_35' title='bbox 819 673 960 726; x_wconf 84' lang='lat' dir='ltr'>Item</span> <span class='ocrx_word' id='word_1_36' title='bbox 988 671 1092 723; x_wconf 92' lang='lat' dir='ltr'>hoc</span> <span class='ocrx_word' id='word_1_37' title='bbox 1216 669 1439 735; x_wconf 76' lang='lat' dir='ltr'>Egregie</span> <span class='ocrx_word' id='word_1_38' title='bbox 1464 669 1558 720; x_wconf 85' lang='lat' dir='ltr'>Dei</span> <span class='ocrx_word' id='word_1_39' title='bbox 1593 671 1816 732; x_wconf 80' lang='lat' dir='ltr'>martyr</span> <span class='ocrx_word' id='word_1_40' title='bbox 1847 685 1862 720; x_wconf 93' lang='lat'><strong><em>:</em></strong></span> <span class='ocrx_word' id='word_1_41' title='bbox 1890 666 2118 736; x_wconf 89' lang='lat' dir='ltr'>quidam</span> 
     </span>
    </p>
   </div>
   <div class='ocr_carea' id='block_1_8' title="bbox 721 773 1606 807">
    <p class='ocr_par' dir='ltr' id='par_1_8' title="bbox 721 773 1606 807">
     <span class='ocr_line' id='line_1_8' title="bbox 721 773 1606 807; baseline -0.002 2"><span class='ocrx_word' id='word_1_42' title='bbox 721 773 727 780; x_wconf 83' lang='lat'>&#39;</span> <span class='ocrx_word' id='word_1_43' title='bbox 1581 773 1606 807; x_wconf 76' lang='grc' dir='ltr'><strong>ϐ</strong></span> 
     </span>
    </p>
   </div>
   <div class='ocr_carea' id='block_1_9' title="bbox 521 833 2122 912">
    <p class='ocr_par' dir='ltr' id='par_1_9' title="bbox 521 833 2122 912">
     <span class='ocr_line' id='line_1_9' title="bbox 521 833 2122 912; baseline -0.007 -15"><span class='ocrx_word' id='word_1_44' title='bbox 521 844 910 912; x_wconf 88' lang='lat' dir='ltr'>corrumpunt,</span> <span class='ocrx_word' id='word_1_45' title='bbox 933 837 1081 908; x_wconf 92' lang='lat' dir='ltr'>quod</span> <span class='ocrx_word' id='word_1_46' title='bbox 1106 837 1164 890; x_wconf 92' lang='lat' dir='ltr'>in</span> <span class='ocrx_word' id='word_1_47' title='bbox 1191 836 1324 888; x_wconf 88' lang='lat' dir='ltr'>trite</span> <span class='ocrx_word' id='word_1_48' title='bbox 1353 835 1789 904; x_wconf 84' lang='lat' dir='ltr'>diezeugmenon</span> <span class='ocrx_word' id='word_1_49' title='bbox 1818 850 1930 888; x_wconf 89' lang='lat' dir='ltr'>non</span> <span class='ocrx_word' id='word_1_50' title='bbox 1963 833 2122 887; x_wconf 90' lang='lat' dir='ltr'>emit-</span> 
     </span>
    </p>
   </div>
   <div class='ocr_carea' id='block_1_10' title="bbox 522 922 2123 996">
    <p class='ocr_par' dir='ltr' id='par_1_10' title="bbox 522 922 2123 996">
     <span class='ocr_line' id='line_1_10' title="bbox 522 922 2123 996; baseline -0.006 -9"><span class='ocrx_word' id='word_1_51' title='bbox 522 936 670 996; x_wconf 88' lang='lat' dir='ltr'>tunt,</span> <span class='ocrx_word' id='word_1_52' title='bbox 701 939 758 984; x_wconf 90' lang='lat' dir='ltr'>et</span> <span class='ocrx_word' id='word_1_53' title='bbox 811 930 937 983; x_wconf 87' lang='lat' dir='ltr'>Ecce</span> <span class='ocrx_word' id='word_1_54' title='bbox 995 943 1108 981; x_wconf 89' lang='lat' dir='ltr'>non</span> <span class='ocrx_word' id='word_1_55' title='bbox 1165 924 1368 978; x_wconf 86' lang='lat' dir='ltr'>leniter</span> <span class='ocrx_word' id='word_1_56' title='bbox 1423 923 1679 977; x_wconf 87' lang='lat' dir='ltr'>efferunt.</span> <span class='ocrx_word' id='word_1_57' title='bbox 1725 923 1866 978; x_wconf 87' lang='lat' dir='ltr'>Item</span> <span class='ocrx_word' id='word_1_58' title='bbox 1911 923 1970 976; x_wconf 91' lang='lat' dir='ltr'>in</span> <span class='ocrx_word' id='word_1_59' title='bbox 2017 922 2123 978; x_wconf 89' lang='lat' dir='ltr'>hoc</span> 
     </span>
    </p>
   </div>
   <div class='ocr_carea' id='block_1_11' title="bbox 524 1012 2120 1094">
    <p class='ocr_par' dir='ltr' id='par_1_11' title="bbox 524 1012 2120 1094">
     <span class='ocr_line' id='line_1_11' title="bbox 524 1012 2120 1094; baseline -0.004 -20"><span class='ocrx_word' id='word_1_60' title='bbox 524 1020 586 1094; x_wconf 55' lang='grc' dir='ltr'>ἢ.</span> <span class='ocrx_word' id='word_1_61' title='bbox 618 1023 837 1089; x_wconf 60' lang='grc' dir='ltr'>[Ερῃριθ</span> <span class='ocrx_word' id='word_1_62' title='bbox 857 1019 1133 1087; x_wconf 81' lang='lat' dir='ltr'>noli/lere,</span> <span class='ocrx_word' id='word_1_63' title='bbox 1166 1030 1201 1068; x_wconf 93' lang='lat' dir='ltr'>a</span> <span class='ocrx_word' id='word_1_64' title='bbox 1229 1013 1562 1085; x_wconf 87' lang='lat' dir='ltr'>quibusdem</span> <span class='ocrx_word' id='word_1_65' title='bbox 1594 1017 1834 1076; x_wconf 88' lang='lat' dir='ltr'>erratur,</span> <span class='ocrx_word' id='word_1_66' title='bbox 1869 1012 1964 1084; x_wconf 86' lang='lat' dir='ltr'>qui</span> <span class='ocrx_word' id='word_1_67' title='bbox 1991 1017 2120 1084; x_wconf 80' lang='lat' dir='ltr'>ﬂere</span> 
     </span>
    </p>
   </div>
   <div class='ocr_carea' id='block_1_12' title="bbox 523 1131 2122 1253">
    <p class='ocr_par' dir='ltr' id='par_1_12' title="bbox 523 1131 2122 1253">
     <span class='ocr_line' id='line_1_12' title="bbox 523 1131 2122 1253; baseline -0.007 -7"><span class='ocrx_word' id='word_1_68' title='bbox 523 1190 673 1247; x_wconf 86' lang='lat' dir='ltr'>ultra</span> <span class='ocrx_word' id='word_1_69' title='bbox 685 1131 838 1242; x_wconf 51' lang='lat' dir='ltr'>me‘se</span> <span class='ocrx_word' id='word_1_70' title='bbox 851 1184 1147 1240; x_wconf 84' lang='lat' dir='ltr'>extollunt.</span> <span class='ocrx_word' id='word_1_71' title='bbox 1171 1183 1313 1238; x_wconf 90' lang='lat' dir='ltr'>Item</span> <span class='ocrx_word' id='word_1_72' title='bbox 1337 1183 1398 1236; x_wconf 93' lang='lat' dir='ltr'>in</span> <span class='ocrx_word' id='word_1_73' title='bbox 1417 1183 1524 1238; x_wconf 88' lang='lat' dir='ltr'>hoc</span> <span class='ocrx_word' id='word_1_74' title='bbox 1539 1181 1699 1253; x_wconf 87' lang='lat' dir='ltr'>grad.</span> <span class='ocrx_word' id='word_1_75' title='bbox 1721 1183 1806 1236; x_wconf 86' lang='lat' dir='ltr'>Ad</span> <span class='ocrx_word' id='word_1_76' title='bbox 1826 1183 2122 1236; x_wconf 87' lang='lat' dir='ltr'>Dominum</span> 
     </span>
    </p>
   </div>
   <div class='ocr_carea' id='block_1_13' title="bbox 522 1270 2121 1430">
    <p class='ocr_par' dir='ltr' id='par_1_13' title="bbox 522 1270 2121 1430">
     <span class='ocr_line' id='line_1_13' title="bbox 522 1270 2121 1430; baseline -0.006 -18"><span class='ocrx_word' id='word_1_77' title='bbox 522 1357 751 1430; x_wconf 88' lang='lat' dir='ltr'>quidam</span> <span class='ocrx_word' id='word_1_78' title='bbox 781 1354 1137 1424; x_wconf 89' lang='lat' dir='ltr'>delinquunt,</span> <span class='ocrx_word' id='word_1_79' title='bbox 1161 1352 1310 1422; x_wconf 91' lang='lat' dir='ltr'>quod</span> <span class='ocrx_word' id='word_1_80' title='bbox 1339 1353 1474 1404; x_wconf 87' lang='lat' dir='ltr'>dum</span> <span class='ocrx_word' id='word_1_81' title='bbox 1527 1351 1832 1404; x_wconf 82' lang='lat' dir='ltr'>tribularer</span> <span class='ocrx_word' id='word_1_82' title='bbox 1863 1350 1922 1403; x_wconf 90' lang='lat' dir='ltr'>in</span> <span class='ocrx_word' id='word_1_83' title='bbox 1952 1270 2121 1420; x_wconf 69' lang='lat' dir='ltr'>pal:y-</span> 
     </span>
    </p>
   </div>
   <div class='ocr_carea' id='block_1_14' title="bbox 521 1438 2122 1518">
    <p class='ocr_par' dir='ltr' id='par_1_14' title="bbox 521 1438 2122 1518">
     <span class='ocr_line' id='line_1_14' title="bbox 521 1438 2122 1518; baseline -0.006 -17"><span class='ocrx_word' id='word_1_84' title='bbox 521 1452 653 1518; x_wconf 89' lang='lat' dir='ltr'>pate</span> <span class='ocrx_word' id='word_1_85' title='bbox 681 1459 877 1500; x_wconf 88' lang='lat' dir='ltr'>meson</span> <span class='ocrx_word' id='word_1_86' title='bbox 925 1457 1036 1496; x_wconf 92' lang='lat' dir='ltr'>non</span> <span class='ocrx_word' id='word_1_87' title='bbox 1066 1440 1358 1511; x_wconf 91' lang='lat' dir='ltr'>incipiunt.</span> <span class='ocrx_word' id='word_1_88' title='bbox 1393 1441 1535 1494; x_wconf 89' lang='lat' dir='ltr'>Item</span> <span class='ocrx_word' id='word_1_89' title='bbox 1565 1440 1622 1494; x_wconf 91' lang='lat' dir='ltr'>in</span> <span class='ocrx_word' id='word_1_90' title='bbox 1652 1439 1757 1493; x_wconf 92' lang='lat' dir='ltr'>hoc</span> <span class='ocrx_word' id='word_1_91' title='bbox 1785 1438 1956 1492; x_wconf 91' lang='lat' dir='ltr'>Grad.</span> <span class='ocrx_word' id='word_1_92' title='bbox 1997 1440 2122 1492; x_wconf 86' lang='lat' dir='ltr'>Esto</span> 
     </span>
    </p>
   </div>
   <div class='ocr_carea' id='block_1_15' title="bbox 522 1527 2122 1599">
    <p class='ocr_par' dir='ltr' id='par_1_15' title="bbox 522 1527 2122 1599">
     <span class='ocr_line' id='line_1_15' title="bbox 522 1527 2122 1599; baseline -0.006 -10"><span class='ocrx_word' id='word_1_93' title='bbox 522 1535 668 1590; x_wconf 89' lang='lat' dir='ltr'>mihi</span> <span class='ocrx_word' id='word_1_94' title='bbox 690 1537 754 1588; x_wconf 85' lang='lat' dir='ltr'>in</span> <span class='ocrx_word' id='word_1_95' title='bbox 773 1534 967 1592; x_wconf 87' lang='lat' dir='ltr'>Deum,</span> <span class='ocrx_word' id='word_1_96' title='bbox 1015 1529 1272 1584; x_wconf 86' lang='lat' dir='ltr'>nonnulli</span> <span class='ocrx_word' id='word_1_97' title='bbox 1310 1528 1737 1590; x_wconf 83' lang='lat' dir='ltr'>conturbantur,</span> <span class='ocrx_word' id='word_1_98' title='bbox 1773 1527 1919 1599; x_wconf 90' lang='lat' dir='ltr'>quod</span> <span class='ocrx_word' id='word_1_99' title='bbox 1943 1531 2122 1595; x_wconf 82' lang='lat' dir='ltr'>prote-</span> 
     </span>
    </p>
   </div>
   <div class='ocr_carea' id='block_1_16' title="bbox 525 1694 2124 1756">
    <p class='ocr_par' dir='ltr' id='par_1_16' title="bbox 525 1694 2124 1756">
     <span class='ocr_line' id='line_1_16' title="bbox 525 1694 2124 1756; baseline -0.006 0"><span class='ocrx_word' id='word_1_100' title='bbox 525 1707 728 1756; x_wconf 84' lang='lat' dir='ltr'>ctorem</span> <span class='ocrx_word' id='word_1_101' title='bbox 746 1699 805 1753; x_wconf 91' lang='lat' dir='ltr'>in</span> <span class='ocrx_word' id='word_1_102' title='bbox 830 1698 1083 1753; x_wconf 87' lang='lat' dir='ltr'>lichanos</span> <span class='ocrx_word' id='word_1_103' title='bbox 1112 1713 1305 1750; x_wconf 89' lang='lat' dir='ltr'>meson</span> <span class='ocrx_word' id='word_1_104' title='bbox 1329 1711 1442 1750; x_wconf 92' lang='lat' dir='ltr'>non</span> <span class='ocrx_word' id='word_1_105' title='bbox 1498 1695 1781 1750; x_wconf 87' lang='lat' dir='ltr'>inchoant.</span> <span class='ocrx_word' id='word_1_106' title='bbox 1817 1694 2124 1750; x_wconf 82' lang='lat' dir='ltr'>Considera</span> 
     </span>
    </p>
   </div>
   <div class='ocr_carea' id='block_1_17' title="bbox 525 1783 2121 1860">
    <p class='ocr_par' dir='ltr' id='par_1_17' title="bbox 525 1783 2121 1860">
     <span class='ocr_line' id='line_1_17' title="bbox 525 1783 2121 1860; baseline -0.006 -15"><span class='ocrx_word' id='word_1_107' title='bbox 525 1789 696 1845; x_wconf 88' lang='lat' dir='ltr'>etiam</span> <span class='ocrx_word' id='word_1_108' title='bbox 718 1788 866 1860; x_wconf 93' lang='lat' dir='ltr'>quod</span> <span class='ocrx_word' id='word_1_109' title='bbox 893 1787 953 1841; x_wconf 92' lang='lat' dir='ltr'>in</span> <span class='ocrx_word' id='word_1_110' title='bbox 981 1786 1161 1840; x_wconf 87' lang='lat' dir='ltr'>offert.</span> <span class='ocrx_word' id='word_1_111' title='bbox 1194 1785 1473 1853; x_wconf 80' lang='lat' dir='ltr'>Conﬁrma</span> <span class='ocrx_word' id='word_1_112' title='bbox 1516 1785 1613 1838; x_wconf 86' lang='lat' dir='ltr'>hoc</span> <span class='ocrx_word' id='word_1_113' title='bbox 1639 1786 1799 1838; x_wconf 85' lang='lat' dir='ltr'>Deus.</span> <span class='ocrx_word' id='word_1_114' title='bbox 1842 1783 2121 1850; x_wconf 81' lang='lat' dir='ltr'>Conﬁrma</span> 
     </span>
    </p>
   </div>
   <div class='ocr_carea' id='block_1_18' title="bbox 522 1951 2118 2019">
    <p class='ocr_par' dir='ltr' id='par_1_18' title="bbox 522 1951 2118 2019">
     <span class='ocr_line' id='line_1_18' title="bbox 522 1951 2118 2019; baseline -0.006 -5"><span class='ocrx_word' id='word_1_115' title='bbox 522 1960 677 2016; x_wconf 86' lang='lat' dir='ltr'>ultra</span> <span class='ocrx_word' id='word_1_116' title='bbox 702 1973 856 2012; x_wconf 86' lang='lat' dir='ltr'>mese</span> <span class='ocrx_word' id='word_1_117' title='bbox 901 1972 1016 2012; x_wconf 91' lang='lat' dir='ltr'>non</span> <span class='ocrx_word' id='word_1_118' title='bbox 1069 1971 1192 2011; x_wconf 90' lang='lat' dir='ltr'>esse</span> <span class='ocrx_word' id='word_1_119' title='bbox 1220 1953 1618 2019; x_wconf 82' lang='lat' dir='ltr'>extollendum,</span> <span class='ocrx_word' id='word_1_120' title='bbox 1657 1954 1798 2007; x_wconf 87' lang='lat' dir='ltr'>Deus</span> <span class='ocrx_word' id='word_1_121' title='bbox 1835 1956 2026 2006; x_wconf 87' lang='lat' dir='ltr'>autem</span> <span class='ocrx_word' id='word_1_122' title='bbox 2061 1951 2118 2004; x_wconf 91' lang='lat' dir='ltr'>in</span> 
     </span>
    </p>
   </div>
   <div class='ocr_carea' id='block_1_19' title="bbox 519 2047 2124 2202">
    <p class='ocr_par' dir='ltr' id='par_1_19' title="bbox 519 2047 2124 2202">
     <span class='ocr_line' id='line_1_19' title="bbox 519 2047 2124 2202; baseline -0.005 -20"><span class='ocrx_word' id='word_1_123' title='bbox 519 2047 794 2202; x_wconf 54' lang='lat' dir='ltr'>pafypate</span> <span class='ocrx_word' id='word_1_124' title='bbox 822 2141 1017 2180; x_wconf 89' lang='lat' dir='ltr'>meson</span> <span class='ocrx_word' id='word_1_125' title='bbox 1047 2123 1446 2195; x_wconf 88' lang='lat' dir='ltr'>incipiendum.</span> <span class='ocrx_word' id='word_1_126' title='bbox 1468 2121 1575 2176; x_wconf 89' lang='lat' dir='ltr'>Sed</span> <span class='ocrx_word' id='word_1_127' title='bbox 1593 2126 1650 2174; x_wconf 90' lang='lat' dir='ltr'>et</span> <span class='ocrx_word' id='word_1_128' title='bbox 1669 2121 1727 2174; x_wconf 93' lang='lat' dir='ltr'>in</span> <span class='ocrx_word' id='word_1_129' title='bbox 1749 2120 1928 2174; x_wconf 86' lang='lat' dir='ltr'>offert.</span> <span class='ocrx_word' id='word_1_130' title='bbox 1955 2120 2124 2174; x_wconf 82' lang='lat' dir='ltr'>Gravi</span> 
     </span>
    </p>
   </div>
   <div class='ocr_carea' id='block_1_20' title="bbox 521 2209 2124 2273">
    <p class='ocr_par' dir='ltr' id='par_1_20' title="bbox 521 2209 2124 2273">
     <span class='ocr_line' id='line_1_20' title="bbox 521 2209 2124 2273; baseline -0.006 -1"><span class='ocrx_word' id='word_1_131' title='bbox 521 2219 825 2273; x_wconf 86' lang='lat' dir='ltr'>Dominum</span> <span class='ocrx_word' id='word_1_132' title='bbox 845 2231 1028 2268; x_wconf 88' lang='lat' dir='ltr'>meum</span> <span class='ocrx_word' id='word_1_133' title='bbox 1058 2213 1118 2268; x_wconf 93' lang='lat' dir='ltr'>in</span> <span class='ocrx_word' id='word_1_134' title='bbox 1147 2212 1364 2268; x_wconf 92' lang='lat' dir='ltr'>duobus</span> <span class='ocrx_word' id='word_1_135' title='bbox 1392 2211 1528 2264; x_wconf 89' lang='lat' dir='ltr'>locis</span> <span class='ocrx_word' id='word_1_136' title='bbox 1567 2209 1957 2264; x_wconf 87' lang='lat' dir='ltr'>emendatione</span> <span class='ocrx_word' id='word_1_137' title='bbox 1979 2209 2124 2263; x_wconf 90' lang='lat' dir='ltr'>indi-</span> 
     </span>
    </p>
   </div>
   <div class='ocr_carea' id='block_1_21' title="bbox 522 2298 2122 2377">
    <p class='ocr_par' dir='ltr' id='par_1_21' title="bbox 522 2298 2122 2377">
     <span class='ocr_line' id='line_1_21' title="bbox 522 2298 2122 2377; baseline -0.004 -19"><span class='ocrx_word' id='word_1_138' title='bbox 522 2310 640 2377; x_wconf 82' lang='lat' dir='ltr'>get,</span> <span class='ocrx_word' id='word_1_139' title='bbox 673 2302 885 2358; x_wconf 88' lang='lat' dir='ltr'>scilicet</span> <span class='ocrx_word' id='word_1_140' title='bbox 909 2303 968 2356; x_wconf 92' lang='lat' dir='ltr'>in</span> <span class='ocrx_word' id='word_1_141' title='bbox 989 2301 1282 2373; x_wconf 88' lang='lat' dir='ltr'>principio,</span> <span class='ocrx_word' id='word_1_142' title='bbox 1317 2305 1374 2354; x_wconf 89' lang='lat' dir='ltr'>et</span> <span class='ocrx_word' id='word_1_143' title='bbox 1403 2298 1500 2353; x_wconf 90' lang='lat' dir='ltr'>ubi</span> <span class='ocrx_word' id='word_1_144' title='bbox 1538 2304 1625 2352; x_wconf 92' lang='lat' dir='ltr'>est</span> <span class='ocrx_word' id='word_1_145' title='bbox 1651 2314 1833 2366; x_wconf 84' lang='lat' dir='ltr'>super.</span> <span class='ocrx_word' id='word_1_146' title='bbox 1881 2299 1946 2352; x_wconf 91' lang='lat' dir='ltr'>In</span> <span class='ocrx_word' id='word_1_147' title='bbox 1975 2315 2122 2352; x_wconf 90' lang='lat' dir='ltr'>com-</span> 
     </span>
    </p>
   </div>
   <div class='ocr_carea' id='block_1_22' title="bbox 521 2391 2116 2458">
    <p class='ocr_par' dir='ltr' id='par_1_22' title="bbox 521 2391 2116 2458">
     <span class='ocr_line' id='line_1_22' title="bbox 521 2391 2116 2458; baseline -0.005 -11"><span class='ocrx_word' id='word_1_148' title='bbox 521 2392 790 2448; x_wconf 88' lang='lat' dir='ltr'>munione</span> <span class='ocrx_word' id='word_1_149' title='bbox 819 2391 1011 2457; x_wconf 89' lang='lat' dir='ltr'>etiam,</span> <span class='ocrx_word' id='word_1_150' title='bbox 1037 2391 1540 2445; x_wconf 78' lang='lat' dir='ltr'>CantabO&#39;Domino</span> <span class='ocrx_word' id='word_1_151' title='bbox 1585 2403 1844 2458; x_wconf 88' lang='lat' dir='ltr'>perverse</span> <span class='ocrx_word' id='word_1_152' title='bbox 1867 2391 2116 2452; x_wconf 80' lang='lat' dir='ltr'>cantant,</span> 
     </span>
    </p>
   </div>
   <div class='ocr_carea' id='block_1_23' title="bbox 1037 2493 1062 2528">
    <p class='ocr_par' dir='ltr' id='par_1_23' title="bbox 1037 2493 1062 2528">
     <span class='ocr_line' id='line_1_23' title="bbox 1037 2493 1062 2528; baseline 0 0"><span class='ocrx_word' id='word_1_153' title='bbox 1037 2493 1062 2528; x_wconf 76' lang='grc' dir='ltr'><strong><em>ο</em></strong></span> 
     </span>
    </p>
   </div>
   <div class='ocr_carea' id='block_1_24' title="bbox 525 2554 2123 2634">
    <p class='ocr_par' dir='ltr' id='par_1_24' title="bbox 525 2554 2123 2634">
     <span class='ocr_line' id='line_1_24' title="bbox 525 2554 2123 2634; baseline -0.005 -19"><span class='ocrx_word' id='word_1_154' title='bbox 525 2560 675 2634; x_wconf 91' lang='lat' dir='ltr'>quod</span> <span class='ocrx_word' id='word_1_155' title='bbox 702 2562 840 2614; x_wconf 89' lang='lat' dir='ltr'>bona</span> <span class='ocrx_word' id='word_1_156' title='bbox 857 2559 916 2613; x_wconf 93' lang='lat' dir='ltr'>in</span> <span class='ocrx_word' id='word_1_157' title='bbox 935 2563 1204 2630; x_wconf 88' lang='lat' dir='ltr'>parypate</span> <span class='ocrx_word' id='word_1_158' title='bbox 1229 2559 1481 2629; x_wconf 85' lang='lat' dir='ltr'>hypaton</span> <span class='ocrx_word' id='word_1_159' title='bbox 1528 2571 1642 2610; x_wconf 91' lang='lat' dir='ltr'>non</span> <span class='ocrx_word' id='word_1_160' title='bbox 1685 2555 1982 2625; x_wconf 87' lang='lat' dir='ltr'>incipiunt.</span> <span class='ocrx_word' id='word_1_161' title='bbox 2013 2554 2123 2608; x_wconf 91' lang='lat' dir='ltr'>Sed</span> 
     </span>
    </p>
   </div>
   <div class='ocr_carea' id='block_1_25' title="bbox 525 2644 2123 2711">
    <p class='ocr_par' dir='ltr' id='par_1_25' title="bbox 525 2644 2123 2711">
     <span class='ocr_line' id='line_1_25' title="bbox 525 2644 2123 2711; baseline -0.006 -5"><span class='ocrx_word' id='word_1_162' title='bbox 525 2648 846 2706; x_wconf 90' lang='lat' dir='ltr'>communio</span> <span class='ocrx_word' id='word_1_163' title='bbox 875 2651 1071 2704; x_wconf 84' lang='lat' dir='ltr'>Potum</span> <span class='ocrx_word' id='word_1_164' title='bbox 1114 2664 1299 2702; x_wconf 84' lang='lat' dir='ltr'>meum</span> <span class='ocrx_word' id='word_1_165' title='bbox 1353 2647 1560 2702; x_wconf 86' lang='lat' dir='ltr'>rectius</span> <span class='ocrx_word' id='word_1_166' title='bbox 1597 2649 1877 2711; x_wconf 80' lang='lat' dir='ltr'>cantatur,</span> <span class='ocrx_word' id='word_1_167' title='bbox 1911 2644 1961 2698; x_wconf 87' lang='lat' dir='ltr'>si</span> <span class='ocrx_word' id='word_1_168' title='bbox 1996 2660 2123 2697; x_wconf 87' lang='lat' dir='ltr'>cum</span> 
     </span>
    </p>
   </div>
   <div class='ocr_carea' id='block_1_26' title="bbox 525 2758 2120 2893">
    <p class='ocr_par' dir='ltr' id='par_1_26' title="bbox 525 2758 2120 2893">
     <span class='ocr_line' id='line_1_26' title="bbox 525 2758 2120 2893; baseline -0.006 -17"><span class='ocrx_word' id='word_1_169' title='bbox 525 2825 658 2893; x_wconf 84' lang='lat' dir='ltr'>ﬂetu</span> <span class='ocrx_word' id='word_1_170' title='bbox 687 2825 858 2890; x_wconf 87' lang='lat' dir='ltr'>atque</span> <span class='ocrx_word' id='word_1_171' title='bbox 882 2823 932 2874; x_wconf 81' lang='lat' dir='ltr'>et</span> <span class='ocrx_word' id='word_1_172' title='bbox 959 2835 1050 2887; x_wconf 88' lang='lat' dir='ltr'>ego</span> <span class='ocrx_word' id='word_1_173' title='bbox 1075 2817 1134 2872; x_wconf 90' lang='lat' dir='ltr'>in</span> <span class='ocrx_word' id='word_1_174' title='bbox 1162 2758 1435 2889; x_wconf 57' lang='lat' dir='ltr'>par§pate</span> <span class='ocrx_word' id='word_1_175' title='bbox 1491 2816 1735 2887; x_wconf 85' lang='lat' dir='ltr'>hypaton</span> <span class='ocrx_word' id='word_1_176' title='bbox 1767 2814 2120 2868; x_wconf 85' lang='lat' dir='ltr'>inchoantur.</span> 
     </span>
    </p>
   </div>
   <div class='ocr_carea' id='block_1_27' title="bbox 527 2902 2128 2974">
    <p class='ocr_par' dir='ltr' id='par_1_27' title="bbox 527 2902 2128 2974">
     <span class='ocr_line' id='line_1_27' title="bbox 527 2902 2128 2974; baseline -0.006 -8"><span class='ocrx_word' id='word_1_177' title='bbox 527 2911 672 2968; x_wconf 89' lang='lat' dir='ltr'>Item</span> <span class='ocrx_word' id='word_1_178' title='bbox 698 2907 1016 2963; x_wconf 89' lang='lat' dir='ltr'>communio</span> <span class='ocrx_word' id='word_1_179' title='bbox 1035 2909 1241 2962; x_wconf 83' lang='lat' dir='ltr'>Domus</span> <span class='ocrx_word' id='word_1_180' title='bbox 1279 2921 1398 2958; x_wconf 86' lang='lat' dir='ltr'>mea</span> <span class='ocrx_word' id='word_1_181' title='bbox 1429 2905 1507 2958; x_wconf 91' lang='lat' dir='ltr'>sic</span> <span class='ocrx_word' id='word_1_182' title='bbox 1545 2903 1865 2974; x_wconf 88' lang='lat' dir='ltr'>incipienda</span> <span class='ocrx_word' id='word_1_183' title='bbox 1883 2902 1995 2974; x_wconf 72' lang='lat'>(‘20)</span> <span class='ocrx_word' id='word_1_184' title='bbox 2028 2905 2128 2957; x_wconf 74' lang='lat'>170-</span> 
     </span>
    </p>
   </div>
   <div class='ocr_carea' id='block_1_28' title="bbox 528 2991 2128 3059">
    <p class='ocr_par' dir='ltr' id='par_1_28' title="bbox 528 2991 2128 3059">
     <span class='ocr_line' id='line_1_28' title="bbox 528 2991 2128 3059; baseline -0.005 -5"><span class='ocrx_word' id='word_1_185' title='bbox 528 3015 656 3054; x_wconf 87' lang='lat' dir='ltr'>mus</span> <span class='ocrx_word' id='word_1_186' title='bbox 685 3013 807 3053; x_wconf 87' lang='lat' dir='ltr'>mea</span> <span class='ocrx_word' id='word_1_187' title='bbox 834 2998 1028 3050; x_wconf 82' lang='lat' dir='ltr'>domus</span> <span class='ocrx_word' id='word_1_188' title='bbox 1049 2999 1336 3059; x_wconf 85' lang='lat' dir='ltr'>orationis,</span> <span class='ocrx_word' id='word_1_189' title='bbox 1386 2999 1490 3048; x_wconf 91' lang='lat' dir='ltr'>etc.</span> <span class='ocrx_word' id='word_1_190' title='bbox 1529 2994 1733 3047; x_wconf 91' lang='lat' dir='ltr'>Verum</span> <span class='ocrx_word' id='word_1_191' title='bbox 1761 2993 1861 3046; x_wconf 91' lang='lat' dir='ltr'>hos</span> <span class='ocrx_word' id='word_1_192' title='bbox 1888 2991 2128 3047; x_wconf 89' lang='lat' dir='ltr'>versicu-</span> 
     </span>
    </p>
   </div>
   <div class='ocr_carea' id='block_1_29' title="bbox 2199 497 3812 568">
    <p class='ocr_par' dir='ltr' id='par_1_29' title="bbox 2199 497 3812 568">
     <span class='ocr_line' id='line_1_29' title="bbox 2199 497 3812 568; baseline -0.003 -16"><span class='ocrx_word' id='word_1_193' title='bbox 2199 498 2402 552; x_wconf 82' lang='lat' dir='ltr'>delicet</span> <span class='ocrx_word' id='word_1_194' title='bbox 2423 514 2600 552; x_wconf 91' lang='lat' dir='ltr'>unum</span> <span class='ocrx_word' id='word_1_195' title='bbox 2648 499 2974 551; x_wconf 58' lang='lat' dir='ltr'>seculorum</span> <span class='ocrx_word' id='word_1_196' title='bbox 3029 513 3193 550; x_wconf 88' lang='lat' dir='ltr'>amen</span> <span class='ocrx_word' id='word_1_197' title='bbox 3232 497 3387 551; x_wconf 90' lang='lat' dir='ltr'>nulla</span> <span class='ocrx_word' id='word_1_198' title='bbox 3413 501 3576 568; x_wconf 86' lang='lat' dir='ltr'>parte</span> <span class='ocrx_word' id='word_1_199' title='bbox 3604 509 3812 548; x_wconf 86' lang='lat' dir='ltr'>conse-</span> 
     </span>
    </p>
   </div>
   <div class='ocr_carea' id='block_1_30' title="bbox 2202 583 3814 658">
    <p class='ocr_par' dir='ltr' id='par_1_30' title="bbox 2202 583 3814 658">
     <span class='ocr_line' id='line_1_30' title="bbox 2202 583 3814 658; baseline -0.002 -18"><span class='ocrx_word' id='word_1_200' title='bbox 2202 592 2440 658; x_wconf 85' lang='lat' dir='ltr'>quenter</span> <span class='ocrx_word' id='word_1_201' title='bbox 2492 585 2949 646; x_wconf 87' lang='lat' dir='ltr'>diversificatum,</span> <span class='ocrx_word' id='word_1_202' title='bbox 3019 585 3212 639; x_wconf 82' lang='lat' dir='ltr'>multis</span> <span class='ocrx_word' id='word_1_203' title='bbox 3273 585 3531 640; x_wconf 86' lang='lat' dir='ltr'>cantibus</span> <span class='ocrx_word' id='word_1_204' title='bbox 3581 583 3814 638; x_wconf 88' lang='lat' dir='ltr'>diversa</span> 
     </span>
    </p>
   </div>
   <div class='ocr_carea' id='block_1_31' title="bbox 2202 672 3816 747">
    <p class='ocr_par' dir='ltr' id='par_1_31' title="bbox 2202 672 3816 747">
     <span class='ocr_line' id='line_1_31' title="bbox 2202 672 3816 747; baseline -0.002 -18"><span class='ocrx_word' id='word_1_205' title='bbox 2202 675 2472 747; x_wconf 88' lang='lat' dir='ltr'>principia</span> <span class='ocrx_word' id='word_1_206' title='bbox 2505 674 2842 728; x_wconf 84' lang='lat' dir='ltr'>habentibus</span> <span class='ocrx_word' id='word_1_207' title='bbox 2894 673 3242 744; x_wconf 87' lang='lat' dir='ltr'>adjungitur.</span> <span class='ocrx_word' id='word_1_208' title='bbox 3280 675 3570 745; x_wconf 88' lang='lat' dir='ltr'>Siquidem</span> <span class='ocrx_word' id='word_1_209' title='bbox 3607 689 3677 726; x_wconf 85' lang='lat' dir='ltr'>ex</span> <span class='ocrx_word' id='word_1_210' title='bbox 3718 672 3816 726; x_wconf 90' lang='lat' dir='ltr'>his</span> 
     </span>
    </p>
   </div>
   <div class='ocr_carea' id='block_1_32' title="bbox 2201 763 3819 832">
    <p class='ocr_par' dir='ltr' id='par_1_32' title="bbox 2201 763 3819 832">
     <span class='ocr_line' id='line_1_32' title="bbox 2201 763 3819 832; baseline -0.003 -14"><span class='ocrx_word' id='word_1_211' title='bbox 2201 765 2334 818; x_wconf 82' lang='lat' dir='ltr'>Ant.</span> <span class='ocrx_word' id='word_1_212' title='bbox 2371 765 2562 818; x_wconf 84' lang='lat' dir='ltr'>Tecum</span> <span class='ocrx_word' id='word_1_213' title='bbox 2589 765 2955 830; x_wconf 75' lang='lat' dir='ltr'>principium.</span> <span class='ocrx_word' id='word_1_214' title='bbox 2992 763 3059 816; x_wconf 87' lang='lat' dir='ltr'>Et</span> <span class='ocrx_word' id='word_1_215' title='bbox 3091 763 3269 832; x_wconf 78' lang='lat' dir='ltr'>Biduo</span> <span class='ocrx_word' id='word_1_216' title='bbox 3302 765 3501 817; x_wconf 77' lang='lat' dir='ltr'>vivens.</span> <span class='ocrx_word' id='word_1_217' title='bbox 3527 777 3659 816; x_wconf 87' lang='lat' dir='ltr'>cum</span> <span class='ocrx_word' id='word_1_218' title='bbox 3685 776 3819 831; x_wconf 88' lang='lat' dir='ltr'>pro-</span> 
     </span>
    </p>
   </div>
   <div class='ocr_carea' id='block_1_33' title="bbox 2201 850 3820 923">
    <p class='ocr_par' dir='ltr' id='par_1_33' title="bbox 2201 850 3820 923">
     <span class='ocr_line' id='line_1_33' title="bbox 2201 850 3820 923; baseline 0 -19"><span class='ocrx_word' id='word_1_219' title='bbox 2201 851 2321 923; x_wconf 90' lang='lat' dir='ltr'>prie</span> <span class='ocrx_word' id='word_1_220' title='bbox 2350 851 2517 921; x_wconf 88' lang='lat' dir='ltr'>primi</span> <span class='ocrx_word' id='word_1_221' title='bbox 2561 850 2680 905; x_wconf 90' lang='lat' dir='ltr'>toni</span> <span class='ocrx_word' id='word_1_222' title='bbox 2729 850 2858 914; x_wconf 88' lang='lat' dir='ltr'>sint,</span> <span class='ocrx_word' id='word_1_223' title='bbox 2903 851 3132 921; x_wconf 88' lang='lat' dir='ltr'>quidam</span> <span class='ocrx_word' id='word_1_224' title='bbox 3159 850 3300 905; x_wconf 89' lang='lat' dir='ltr'>duas</span> <span class='ocrx_word' id='word_1_225' title='bbox 3337 850 3689 905; x_wconf 86' lang='lat' dir='ltr'>differentias</span> <span class='ocrx_word' id='word_1_226' title='bbox 3717 865 3820 904; x_wconf 88' lang='lat' dir='ltr'>su-</span> 
     </span>
    </p>
   </div>
   <div class='ocr_carea' id='block_1_34' title="bbox 2203 939 3817 1013">
    <p class='ocr_par' dir='ltr' id='par_1_34' title="bbox 2203 939 3817 1013">
     <span class='ocr_line' id='line_1_34' title="bbox 2203 939 3817 1013; baseline -0.002 -18"><span class='ocrx_word' id='word_1_227' title='bbox 2203 956 2474 1013; x_wconf 89' lang='lat' dir='ltr'>pervacue</span> <span class='ocrx_word' id='word_1_228' title='bbox 2497 939 2710 994; x_wconf 85' lang='lat' dir='ltr'>faciunt</span> <span class='ocrx_word' id='word_1_229' title='bbox 2741 940 2884 993; x_wconf 89' lang='lat' dir='ltr'>Nam</span> <span class='ocrx_word' id='word_1_230' title='bbox 2915 939 2962 994; x_wconf 91' lang='lat' dir='ltr'>si</span> <span class='ocrx_word' id='word_1_231' title='bbox 2991 939 3210 994; x_wconf 86' lang='lat' dir='ltr'>diversa</span> <span class='ocrx_word' id='word_1_232' title='bbox 3232 940 3505 1011; x_wconf 90' lang='lat' dir='ltr'>principia</span> <span class='ocrx_word' id='word_1_233' title='bbox 3532 945 3817 994; x_wconf 89' lang='lat' dir='ltr'>cantuum</span> 
     </span>
    </p>
   </div>
   <div class='ocr_carea' id='block_1_35' title="bbox 2204 1028 3819 1100">
    <p class='ocr_par' dir='ltr' id='par_1_35' title="bbox 2204 1028 3819 1100">
     <span class='ocr_line' id='line_1_35' title="bbox 2204 1028 3819 1100; baseline -0.001 -17"><span class='ocrx_word' id='word_1_234' title='bbox 2204 1028 2534 1083; x_wconf 85' lang='lat' dir='ltr'>differentiis</span> <span class='ocrx_word' id='word_1_235' title='bbox 2577 1044 2873 1082; x_wconf 87' lang='lat' dir='ltr'>numerum</span> <span class='ocrx_word' id='word_1_236' title='bbox 2922 1029 3142 1092; x_wconf 88' lang='lat' dir='ltr'>darent,</span> <span class='ocrx_word' id='word_1_237' title='bbox 3191 1029 3368 1084; x_wconf 88' lang='lat' dir='ltr'>multo</span> <span class='ocrx_word' id='word_1_238' title='bbox 3397 1029 3587 1100; x_wconf 88' lang='lat' dir='ltr'>plures</span> <span class='ocrx_word' id='word_1_239' title='bbox 3617 1032 3819 1082; x_wconf 87' lang='lat' dir='ltr'>essent</span> 
     </span>
    </p>
   </div>
   <div class='ocr_carea' id='block_1_36' title="bbox 2205 1116 3821 1189">
    <p class='ocr_par' dir='ltr' id='par_1_36' title="bbox 2205 1116 3821 1189">
     <span class='ocr_line' id='line_1_36' title="bbox 2205 1116 3821 1189; baseline -0.001 -18"><span class='ocrx_word' id='word_1_240' title='bbox 2205 1117 2531 1172; x_wconf 73' lang='lat' dir='ltr'>differentiae</span> <span class='ocrx_word' id='word_1_241' title='bbox 2556 1116 2612 1170; x_wconf 93' lang='lat' dir='ltr'>in</span> <span class='ocrx_word' id='word_1_242' title='bbox 2641 1117 2948 1187; x_wconf 87' lang='lat' dir='ltr'>hypolidio,</span> <span class='ocrx_word' id='word_1_243' title='bbox 3001 1116 3304 1184; x_wconf 82' lang='lat' dir='ltr'>mixolidio,</span> <span class='ocrx_word' id='word_1_244' title='bbox 3339 1125 3394 1172; x_wconf 85' lang='lat' dir='ltr'>et</span> <span class='ocrx_word' id='word_1_245' title='bbox 3437 1116 3821 1189; x_wconf 81' lang='lat' dir='ltr'>hypomixoli-</span> 
     </span>
    </p>
   </div>
   <div class='ocr_carea' id='block_1_37' title="bbox 2204 1204 3821 1276">
    <p class='ocr_par' dir='ltr' id='par_1_37' title="bbox 2204 1204 3821 1276">
     <span class='ocr_line' id='line_1_37' title="bbox 2204 1204 3821 1276; baseline -0.001 -16"><span class='ocrx_word' id='word_1_246' title='bbox 2204 1207 2318 1270; x_wconf 90' lang='lat' dir='ltr'>dio,</span> <span class='ocrx_word' id='word_1_247' title='bbox 2346 1221 2515 1276; x_wconf 86' lang='lat' dir='ltr'>quam</span> <span class='ocrx_word' id='word_1_248' title='bbox 2556 1221 2704 1259; x_wconf 90' lang='lat' dir='ltr'>nunc</span> <span class='ocrx_word' id='word_1_249' title='bbox 2729 1210 2880 1259; x_wconf 91' lang='lat' dir='ltr'>sunt.</span> <span class='ocrx_word' id='word_1_250' title='bbox 2915 1204 3054 1270; x_wconf 66' lang='lat' dir='ltr'>Quae</span> <span class='ocrx_word' id='word_1_251' title='bbox 3085 1206 3273 1260; x_wconf 83' lang='lat' dir='ltr'>omnia</span> <span class='ocrx_word' id='word_1_252' title='bbox 3299 1207 3359 1261; x_wconf 91' lang='lat' dir='ltr'>in</span> <span class='ocrx_word' id='word_1_253' title='bbox 3415 1206 3642 1260; x_wconf 88' lang='lat' dir='ltr'>tonario</span> <span class='ocrx_word' id='word_1_254' title='bbox 3672 1205 3821 1260; x_wconf 83' lang='lat' dir='ltr'>satis</span> 
     </span>
    </p>
   </div>
   <div class='ocr_carea' id='block_1_38' title="bbox 2203 1293 3821 1366">
    <p class='ocr_par' dir='ltr' id='par_1_38' title="bbox 2203 1293 3821 1366">
     <span class='ocr_line' id='line_1_38' title="bbox 2203 1293 3821 1366; baseline -0.001 -17"><span class='ocrx_word' id='word_1_255' title='bbox 2203 1295 2493 1366; x_wconf 90' lang='lat' dir='ltr'>patebunt.</span> <span class='ocrx_word' id='word_1_256' title='bbox 2547 1293 2817 1348; x_wconf 89' lang='lat' dir='ltr'>Volumus</span> <span class='ocrx_word' id='word_1_257' title='bbox 2874 1299 3064 1348; x_wconf 90' lang='lat' dir='ltr'>autem</span> <span class='ocrx_word' id='word_1_258' title='bbox 3123 1295 3389 1350; x_wconf 91' lang='lat' dir='ltr'>lectorem</span> <span class='ocrx_word' id='word_1_259' title='bbox 3435 1295 3600 1358; x_wconf 90' lang='lat' dir='ltr'>scire,</span> <span class='ocrx_word' id='word_1_260' title='bbox 3661 1294 3821 1366; x_wconf 91' lang='lat' dir='ltr'>quod</span> 
     </span>
    </p>
   </div>
   <div class='ocr_carea' id='block_1_39' title="bbox 2205 1382 3821 1455">
    <p class='ocr_par' dir='ltr' id='par_1_39' title="bbox 2205 1382 3821 1455">
     <span class='ocr_line' id='line_1_39' title="bbox 2205 1382 3821 1455; baseline -0.001 -17"><span class='ocrx_word' id='word_1_261' title='bbox 2205 1383 2275 1438; x_wconf 91' lang='lat' dir='ltr'>de</span> <span class='ocrx_word' id='word_1_262' title='bbox 2301 1384 2411 1438; x_wconf 91' lang='lat' dir='ltr'>illis</span> <span class='ocrx_word' id='word_1_263' title='bbox 2435 1382 2711 1449; x_wconf 83' lang='lat' dir='ltr'>diximus;</span> <span class='ocrx_word' id='word_1_264' title='bbox 2744 1382 2882 1437; x_wconf 88' lang='lat' dir='ltr'>alias</span> <span class='ocrx_word' id='word_1_265' title='bbox 2928 1389 3136 1449; x_wconf 84' lang='lat' dir='ltr'>autem,</span> <span class='ocrx_word' id='word_1_266' title='bbox 3171 1385 3432 1455; x_wconf 90' lang='lat' dir='ltr'>quoniam</span> <span class='ocrx_word' id='word_1_267' title='bbox 3492 1383 3821 1454; x_wconf 84' lang='lat' dir='ltr'>superﬂuas</span> 
     </span>
    </p>
   </div>
   <div class='ocr_carea' id='block_1_40' title="bbox 2203 1471 3817 1544">
    <p class='ocr_par' dir='ltr' id='par_1_40' title="bbox 2203 1471 3817 1544">
     <span class='ocr_line' id='line_1_40' title="bbox 2203 1471 3817 1544; baseline -0.001 -18"><span class='ocrx_word' id='word_1_268' title='bbox 2203 1479 2551 1544; x_wconf 89' lang='lat' dir='ltr'>reputamus.</span> <span class='ocrx_word' id='word_1_269' title='bbox 2584 1471 2979 1542; x_wconf 90' lang='lat' dir='ltr'>relinquimus.</span> <span class='ocrx_word' id='word_1_270' title='bbox 3055 1473 3170 1526; x_wconf 87' lang='lat' dir='ltr'>Nec</span> <span class='ocrx_word' id='word_1_271' title='bbox 3218 1473 3673 1544; x_wconf 62' lang='lat' dir='ltr'>praetereundum</span> <span class='ocrx_word' id='word_1_272' title='bbox 3706 1477 3817 1534; x_wconf 87' lang='lat' dir='ltr'>est,</span> 
     </span>
    </p>
   </div>
   <div class='ocr_carea' id='block_1_41' title="bbox 2201 1559 3822 1632">
    <p class='ocr_par' dir='ltr' id='par_1_41' title="bbox 2201 1559 3822 1632">
     <span class='ocr_line' id='line_1_41' title="bbox 2201 1559 3822 1632; baseline -0.001 -17"><span class='ocrx_word' id='word_1_273' title='bbox 2201 1561 2350 1632; x_wconf 93' lang='lat' dir='ltr'>quod</span> <span class='ocrx_word' id='word_1_274' title='bbox 2379 1565 2433 1614; x_wconf 90' lang='lat' dir='ltr'>in</span> <span class='ocrx_word' id='word_1_275' title='bbox 2488 1559 2774 1614; x_wconf 86' lang='lat' dir='ltr'>ferialibus</span> <span class='ocrx_word' id='word_1_276' title='bbox 2827 1559 3170 1630; x_wconf 88' lang='lat' dir='ltr'>antiphonis.</span> <span class='ocrx_word' id='word_1_277' title='bbox 3229 1561 3287 1614; x_wconf 91' lang='lat' dir='ltr'>in</span> <span class='ocrx_word' id='word_1_278' title='bbox 3325 1559 3526 1631; x_wconf 90' lang='lat' dir='ltr'>quibus</span> <span class='ocrx_word' id='word_1_279' title='bbox 3576 1559 3822 1614; x_wconf 89' lang='lat' dir='ltr'>minime</span> 
     </span>
    </p>
   </div>
   <div class='ocr_carea' id='block_1_42' title="bbox 2202 1648 3822 1720">
    <p class='ocr_par' dir='ltr' id='par_1_42' title="bbox 2202 1648 3822 1720">
     <span class='ocr_line' id='line_1_42' title="bbox 2202 1648 3822 1720; baseline -0.002 -15"><span class='ocrx_word' id='word_1_280' title='bbox 2202 1649 2479 1715; x_wconf 87' lang='lat' dir='ltr'>convenit,</span> <span class='ocrx_word' id='word_1_281' title='bbox 2509 1649 2813 1720; x_wconf 90' lang='lat' dir='ltr'>plurimum</span> <span class='ocrx_word' id='word_1_282' title='bbox 2865 1648 3232 1719; x_wconf 85' lang='lat' dir='ltr'>delinquitur,</span> <span class='ocrx_word' id='word_1_283' title='bbox 3266 1665 3510 1720; x_wconf 85' lang='lat' dir='ltr'>quarum</span> <span class='ocrx_word' id='word_1_284' title='bbox 3551 1648 3822 1719; x_wconf 64' lang='lat' dir='ltr'>quaedam</span> 
     </span>
    </p>
   </div>
   <div class='ocr_carea' id='block_1_43' title="bbox 2205 1737 3824 1808">
    <p class='ocr_par' dir='ltr' id='par_1_43' title="bbox 2205 1737 3824 1808">
     <span class='ocr_line' id='line_1_43' title="bbox 2205 1737 3824 1808; baseline -0.001 -15"><span class='ocrx_word' id='word_1_285' title='bbox 2205 1755 2318 1794; x_wconf 90' lang='lat' dir='ltr'>non</span> <span class='ocrx_word' id='word_1_286' title='bbox 2344 1744 2494 1793; x_wconf 89' lang='lat' dir='ltr'>recte</span> <span class='ocrx_word' id='word_1_287' title='bbox 2523 1739 2880 1803; x_wconf 90' lang='lat' dir='ltr'>emittuntur,</span> <span class='ocrx_word' id='word_1_288' title='bbox 2915 1738 3169 1808; x_wconf 83' lang='lat' dir='ltr'>quaedam</span> <span class='ocrx_word' id='word_1_289' title='bbox 3195 1738 3521 1808; x_wconf 89' lang='lat' dir='ltr'>incongruis</span> <span class='ocrx_word' id='word_1_290' title='bbox 3551 1737 3824 1792; x_wconf 87' lang='lat' dir='ltr'>differen-</span> 
     </span>
    </p>
   </div>
   <div class='ocr_carea' id='block_1_44' title="bbox 2203 1827 3823 1898">
    <p class='ocr_par' dir='ltr' id='par_1_44' title="bbox 2203 1827 3823 1898">
     <span class='ocr_line' id='line_1_44' title="bbox 2203 1827 3823 1898; baseline 0 -16"><span class='ocrx_word' id='word_1_291' title='bbox 2203 1827 2298 1882; x_wconf 89' lang='lat' dir='ltr'>tiis</span> <span class='ocrx_word' id='word_1_292' title='bbox 2328 1833 2623 1898; x_wconf 89' lang='lat' dir='ltr'>reguntur,</span> <span class='ocrx_word' id='word_1_293' title='bbox 2669 1827 2923 1897; x_wconf 69' lang='lat' dir='ltr'>quaedam</span> <span class='ocrx_word' id='word_1_294' title='bbox 2976 1834 3218 1897; x_wconf 86' lang='lat' dir='ltr'>utroque</span> <span class='ocrx_word' id='word_1_295' title='bbox 3270 1827 3618 1897; x_wconf 88' lang='lat' dir='ltr'>illegalitatis</span> <span class='ocrx_word' id='word_1_296' title='bbox 3645 1827 3823 1882; x_wconf 90' lang='lat' dir='ltr'>modo</span> 
     </span>
    </p>
   </div>
   <div class='ocr_carea' id='block_1_45' title="bbox 2205 1915 3822 1986">
    <p class='ocr_par' dir='ltr' id='par_1_45' title="bbox 2205 1915 3822 1986">
     <span class='ocr_line' id='line_1_45' title="bbox 2205 1915 3822 1986; baseline -0.001 -15"><span class='ocrx_word' id='word_1_297' title='bbox 2205 1917 2516 1972; x_wconf 85' lang='lat' dir='ltr'>efferuntur</span> <span class='ocrx_word' id='word_1_298' title='bbox 2555 1916 2730 1979; x_wconf 84' lang='lat' dir='ltr'>Quem</span> <span class='ocrx_word' id='word_1_299' title='bbox 2763 1915 3130 1986; x_wconf 91' lang='lat' dir='ltr'>multiplicem</span> <span class='ocrx_word' id='word_1_300' title='bbox 3160 1931 3408 1970; x_wconf 87' lang='lat' dir='ltr'>errorem</span> <span class='ocrx_word' id='word_1_301' title='bbox 3435 1916 3484 1968; x_wconf 88' lang='lat' dir='ltr'>is</span> <span class='ocrx_word' id='word_1_302' title='bbox 3514 1915 3822 1986; x_wconf 88' lang='lat' dir='ltr'>perspicue</span> 
     </span>
    </p>
   </div>
   <div class='ocr_carea' id='block_1_46' title="bbox 2204 2004 3820 2075">
    <p class='ocr_par' dir='ltr' id='par_1_46' title="bbox 2204 2004 3820 2075">
     <span class='ocr_line' id='line_1_46' title="bbox 2204 2004 3820 2075; baseline 0.001 -17"><span class='ocrx_word' id='word_1_303' title='bbox 2204 2005 2374 2066; x_wconf 83' lang='lat' dir='ltr'>videt,</span> <span class='ocrx_word' id='word_1_304' title='bbox 2411 2004 2506 2075; x_wconf 91' lang='lat' dir='ltr'>qui</span> <span class='ocrx_word' id='word_1_305' title='bbox 2534 2010 2798 2058; x_wconf 89' lang='lat' dir='ltr'>tonorum</span> <span class='ocrx_word' id='word_1_306' title='bbox 2859 2004 2942 2058; x_wconf 89' lang='lat' dir='ltr'>vel</span> <span class='ocrx_word' id='word_1_307' title='bbox 3001 2005 3274 2058; x_wconf 89' lang='lat' dir='ltr'>modicam</span> <span class='ocrx_word' id='word_1_308' title='bbox 3323 2004 3583 2058; x_wconf 83' lang='lat' dir='ltr'>notitiam</span> <span class='ocrx_word' id='word_1_309' title='bbox 3615 2004 3820 2061; x_wconf 87' lang='lat' dir='ltr'>habet.</span> 
     </span>
    </p>
   </div>
   <div class='ocr_carea' id='block_1_47' title="bbox 2204 2092 3824 2164">
    <p class='ocr_par' dir='ltr' id='par_1_47' title="bbox 2204 2092 3824 2164">
     <span class='ocr_line' id='line_1_47' title="bbox 2204 2092 3824 2164; baseline -0.002 -14"><span class='ocrx_word' id='word_1_310' title='bbox 2204 2096 2348 2150; x_wconf 90' lang='lat' dir='ltr'>Sunt</span> <span class='ocrx_word' id='word_1_311' title='bbox 2367 2099 2555 2147; x_wconf 89' lang='lat' dir='ltr'>autem</span> <span class='ocrx_word' id='word_1_312' title='bbox 2612 2092 2939 2162; x_wconf 90' lang='lat' dir='ltr'>hujusmodi</span> <span class='ocrx_word' id='word_1_313' title='bbox 2991 2093 3311 2164; x_wconf 68' lang='lat' dir='ltr'>antiphonaa</span> <span class='ocrx_word' id='word_1_314' title='bbox 3350 2109 3385 2146; x_wconf 89' lang='lat' dir='ltr'>a</span> <span class='ocrx_word' id='word_1_315' title='bbox 3411 2092 3721 2147; x_wconf 87' lang='lat' dir='ltr'>rusticanis</span> <span class='ocrx_word' id='word_1_316' title='bbox 3761 2099 3824 2148; x_wconf 89' lang='lat' dir='ltr'>et</span> 
     </span>
    </p>
   </div>
   <div class='ocr_carea' id='block_1_48' title="bbox 2203 2181 3822 2251">
    <p class='ocr_par' dir='ltr' id='par_1_48' title="bbox 2203 2181 3822 2251">
     <span class='ocr_line' id='line_1_48' title="bbox 2203 2181 3822 2251; baseline 0 -16"><span class='ocrx_word' id='word_1_317' title='bbox 2203 2181 2430 2236; x_wconf 84' lang='lat' dir='ltr'>incultis</span> <span class='ocrx_word' id='word_1_318' title='bbox 2457 2181 2674 2235; x_wconf 90' lang='lat' dir='ltr'>clericis</span> <span class='ocrx_word' id='word_1_319' title='bbox 2703 2197 2804 2251; x_wconf 92' lang='lat' dir='ltr'>per</span> <span class='ocrx_word' id='word_1_320' title='bbox 2842 2181 3202 2235; x_wconf 89' lang='lat' dir='ltr'>indiscretam</span> <span class='ocrx_word' id='word_1_321' title='bbox 3237 2181 3551 2251; x_wconf 84' lang='lat' dir='ltr'>vulgarium</span> <span class='ocrx_word' id='word_1_322' title='bbox 3577 2197 3822 2237; x_wconf 86' lang='lat' dir='ltr'>neuma-</span> 
     </span>
    </p>
   </div>
   <div class='ocr_carea' id='block_1_49' title="bbox 2203 2269 3815 2341">
    <p class='ocr_par' dir='ltr' id='par_1_49' title="bbox 2203 2269 3815 2341">
     <span class='ocr_line' id='line_1_49' title="bbox 2203 2269 3815 2341; baseline -0.001 -16"><span class='ocrx_word' id='word_1_323' title='bbox 2203 2287 2331 2325; x_wconf 89' lang='lat' dir='ltr'>rum</span> <span class='ocrx_word' id='word_1_324' title='bbox 2391 2269 2895 2324; x_wconf 85' lang='lat' dir='ltr'>considerationem</span> <span class='ocrx_word' id='word_1_325' title='bbox 2936 2270 3288 2340; x_wconf 67' lang='lat' dir='ltr'>depravatae:</span> <span class='ocrx_word' id='word_1_326' title='bbox 3324 2270 3815 2341; x_wconf 88' lang='lat' dir='ltr'>quemadmodum</span> 
     </span>
    </p>
   </div>
   <div class='ocr_carea' id='block_1_50' title="bbox 2205 2358 3820 2431">
    <p class='ocr_par' dir='ltr' id='par_1_50' title="bbox 2205 2358 3820 2431">
     <span class='ocr_line' id='line_1_50' title="bbox 2205 2358 3820 2431; baseline 0.001 -18"><span class='ocrx_word' id='word_1_327' title='bbox 2205 2364 2362 2431; x_wconf 90' lang='lat' dir='ltr'>patet</span> <span class='ocrx_word' id='word_1_328' title='bbox 2382 2358 2441 2412; x_wconf 90' lang='lat' dir='ltr'>in</span> <span class='ocrx_word' id='word_1_329' title='bbox 2454 2361 2585 2412; x_wconf 87' lang='lat' dir='ltr'>Ant.</span> <span class='ocrx_word' id='word_1_330' title='bbox 2603 2359 2756 2412; x_wconf 83' lang='lat' dir='ltr'>Facti</span> <span class='ocrx_word' id='word_1_331' title='bbox 2799 2375 3009 2412; x_wconf 90' lang='lat' dir='ltr'>sumus.</span> <span class='ocrx_word' id='word_1_332' title='bbox 3045 2359 3170 2413; x_wconf 73' lang='lat' dir='ltr'>Haec</span> <span class='ocrx_word' id='word_1_333' title='bbox 3200 2359 3349 2413; x_wconf 90' lang='lat' dir='ltr'>enim</span> <span class='ocrx_word' id='word_1_334' title='bbox 3377 2359 3516 2414; x_wconf 88' lang='lat' dir='ltr'>adeo</span> <span class='ocrx_word' id='word_1_335' title='bbox 3545 2375 3820 2430; x_wconf 89' lang='lat' dir='ltr'>perversa</span> 
     </span>
    </p>
   </div>
   <div class='ocr_carea' id='block_1_51' title="bbox 2206 2448 3821 2520">
    <p class='ocr_par' dir='ltr' id='par_1_51' title="bbox 2206 2448 3821 2520">
     <span class='ocr_line' id='line_1_51' title="bbox 2206 2448 3821 2520; baseline 0 -18"><span class='ocrx_word' id='word_1_336' title='bbox 2206 2453 2309 2514; x_wconf 90' lang='lat' dir='ltr'>est,</span> <span class='ocrx_word' id='word_1_337' title='bbox 2331 2453 2396 2502; x_wconf 91' lang='lat' dir='ltr'>ut</span> <span class='ocrx_word' id='word_1_338' title='bbox 2412 2464 2538 2502; x_wconf 92' lang='lat' dir='ltr'>cum</span> <span class='ocrx_word' id='word_1_339' title='bbox 2551 2450 2878 2501; x_wconf 56' lang='lat' dir='ltr'>seculorum</span> <span class='ocrx_word' id='word_1_340' title='bbox 2900 2463 3084 2514; x_wconf 88' lang='lat' dir='ltr'>amen,</span> <span class='ocrx_word' id='word_1_341' title='bbox 3113 2449 3260 2518; x_wconf 92' lang='lat' dir='ltr'>quod</span> <span class='ocrx_word' id='word_1_342' title='bbox 3296 2449 3348 2502; x_wconf 90' lang='lat' dir='ltr'>ei</span> <span class='ocrx_word' id='word_1_343' title='bbox 3373 2448 3634 2520; x_wconf 87' lang='lat' dir='ltr'>adaptari</span> <span class='ocrx_word' id='word_1_344' title='bbox 3668 2449 3821 2502; x_wconf 90' lang='lat' dir='ltr'>solet</span> 
     </span>
    </p>
   </div>
   <div class='ocr_carea' id='block_1_52' title="bbox 2203 2536 3818 2600">
    <p class='ocr_par' dir='ltr' id='par_1_52' title="bbox 2203 2536 3818 2600">
     <span class='ocr_line' id='line_1_52' title="bbox 2203 2536 3818 2600; baseline 0.001 -9"><span class='ocrx_word' id='word_1_345' title='bbox 2203 2538 2261 2591; x_wconf 94' lang='lat' dir='ltr'>in</span> <span class='ocrx_word' id='word_1_346' title='bbox 2287 2537 2684 2600; x_wconf 89' lang='lat' dir='ltr'>monochordo,</span> <span class='ocrx_word' id='word_1_347' title='bbox 2708 2536 3030 2591; x_wconf 89' lang='lat' dir='ltr'>nullatenus</span> <span class='ocrx_word' id='word_1_348' title='bbox 3049 2537 3266 2592; x_wconf 88' lang='lat' dir='ltr'>cantari</span> <span class='ocrx_word' id='word_1_349' title='bbox 3298 2538 3498 2599; x_wconf 86' lang='lat' dir='ltr'>valeat,</span> <span class='ocrx_word' id='word_1_350' title='bbox 3531 2538 3818 2592; x_wconf 87' lang='lat' dir='ltr'>alterutro</span> 
     </span>
    </p>
   </div>
   <div class='ocr_carea' id='block_1_53' title="bbox 2203 2625 3820 2698">
    <p class='ocr_par' dir='ltr' id='par_1_53' title="bbox 2203 2625 3820 2698">
     <span class='ocr_line' id='line_1_53' title="bbox 2203 2625 3820 2698; baseline -0.001 -17"><span class='ocrx_word' id='word_1_351' title='bbox 2203 2626 2518 2681; x_wconf 88' lang='lat' dir='ltr'>deficiente.</span> <span class='ocrx_word' id='word_1_352' title='bbox 2545 2626 2619 2680; x_wconf 94' lang='lat' dir='ltr'>Ut</span> <span class='ocrx_word' id='word_1_353' title='bbox 2646 2631 2834 2680; x_wconf 88' lang='lat' dir='ltr'>autem</span> <span class='ocrx_word' id='word_1_354' title='bbox 2864 2627 2973 2680; x_wconf 90' lang='lat' dir='ltr'>ista</span> <span class='ocrx_word' id='word_1_355' title='bbox 3001 2626 3322 2698; x_wconf 86' lang='lat' dir='ltr'>depravatio</span> <span class='ocrx_word' id='word_1_356' title='bbox 3353 2625 3711 2681; x_wconf 88' lang='lat' dir='ltr'>manifestius</span> <span class='ocrx_word' id='word_1_357' title='bbox 3739 2627 3820 2680; x_wconf 88' lang='lat' dir='ltr'>vi-</span> 
     </span>
    </p>
   </div>
   <div class='ocr_carea' id='block_1_54' title="bbox 2205 2714 3820 2785">
    <p class='ocr_par' dir='ltr' id='par_1_54' title="bbox 2205 2714 3820 2785">
     <span class='ocr_line' id='line_1_54' title="bbox 2205 2714 3820 2785; baseline 0 -16"><span class='ocrx_word' id='word_1_358' title='bbox 2205 2715 2422 2781; x_wconf 90' lang='lat' dir='ltr'>deatur,</span> <span class='ocrx_word' id='word_1_359' title='bbox 2456 2715 2801 2785; x_wconf 73' lang='lat' dir='ltr'>praemissam</span> <span class='ocrx_word' id='word_1_360' title='bbox 2836 2721 2952 2769; x_wconf 89' lang='lat' dir='ltr'>ant.</span> <span class='ocrx_word' id='word_1_361' title='bbox 3011 2714 3415 2785; x_wconf 88' lang='lat' dir='ltr'>irregularibus</span> <span class='ocrx_word' id='word_1_362' title='bbox 3456 2715 3683 2769; x_wconf 90' lang='lat' dir='ltr'>neumis</span> <span class='ocrx_word' id='word_1_363' title='bbox 3713 2731 3820 2770; x_wconf 91' lang='lat' dir='ltr'>no-</span> 
     </span>
    </p>
   </div>
   <div class='ocr_carea' id='block_1_55' title="bbox 2207 2803 3815 2874">
    <p class='ocr_par' dir='ltr' id='par_1_55' title="bbox 2207 2803 3815 2874">
     <span class='ocr_line' id='line_1_55' title="bbox 2207 2803 3815 2874; baseline -0.001 -17"><span class='ocrx_word' id='word_1_364' title='bbox 2207 2809 2381 2857; x_wconf 86' lang='lat' dir='ltr'>tatam</span> <span class='ocrx_word' id='word_1_365' title='bbox 2432 2804 2601 2858; x_wconf 90' lang='lat' dir='ltr'>simul</span> <span class='ocrx_word' id='word_1_366' title='bbox 2645 2820 2770 2858; x_wconf 89' lang='lat' dir='ltr'>cum</span> <span class='ocrx_word' id='word_1_367' title='bbox 2817 2807 3141 2858; x_wconf 60' lang='lat' dir='ltr'>saculorum</span> <span class='ocrx_word' id='word_1_368' title='bbox 3181 2819 3344 2857; x_wconf 83' lang='lat' dir='ltr'>amen</span> <span class='ocrx_word' id='word_1_369' title='bbox 3381 2803 3762 2874; x_wconf 90' lang='lat' dir='ltr'>supponimus</span> <span class='ocrx_word' id='word_1_370' title='bbox 3803 2820 3815 2855; x_wconf 89' lang='lat'><strong>:</strong></span> 
     </span>
    </p>
   </div>
   <div class='ocr_carea' id='block_1_56' title="bbox 2209 2891 3816 2963">
    <p class='ocr_par' dir='ltr' id='par_1_56' title="bbox 2209 2891 3816 2963">
     <span class='ocr_line' id='line_1_56' title="bbox 2209 2891 3816 2963; baseline 0 -15"><span class='ocrx_word' id='word_1_371' title='bbox 2209 2892 2546 2948; x_wconf 61' lang='lat' dir='ltr'>chulorum</span> <span class='ocrx_word' id='word_1_372' title='bbox 2561 2909 2746 2948; x_wconf 87' lang='lat' dir='ltr'>amen.</span> <span class='ocrx_word' id='word_1_373' title='bbox 2778 2894 2927 2947; x_wconf 87' lang='lat' dir='ltr'>Facti</span> <span class='ocrx_word' id='word_1_374' title='bbox 2954 2909 3147 2948; x_wconf 85' lang='lat' dir='ltr'>sumus</span> <span class='ocrx_word' id='word_1_375' title='bbox 3176 2895 3320 2948; x_wconf 87' lang='lat' dir='ltr'>sicut</span> <span class='ocrx_word' id='word_1_376' title='bbox 3375 2895 3643 2948; x_wconf 77' lang='lat' dir='ltr'>consolati</span> <span class='ocrx_word' id='word_1_377' title='bbox 3677 2891 3816 2963; x_wconf 75' lang='grc'>(21).</span> 
     </span>
    </p>
   </div>
   <div class='ocr_carea' id='block_1_57' title="bbox 3620 2981 3667 3036">
    <p class='ocr_par' dir='ltr' id='par_1_57' title="bbox 3620 2981 3667 3036">
     <span class='ocr_line' id='line_1_57' title="bbox 3620 2981 3667 3036; baseline 0 0"><span class='ocrx_word' id='word_1_378' title='bbox 3620 2981 3667 3036; x_wconf 89' lang='grc' dir='ltr'>Ε</span> 
     </span>
    </p>
   </div>
   <div class='ocr_carea' id='block_1_58' title="bbox 525 3040 3821 3155">
    <p class='ocr_par' dir='ltr' id='par_1_58' title="bbox 525 3040 3821 3155">
     <span class='ocr_line' id='line_1_58' title="bbox 525 3040 3821 3155; baseline -0.006 -12"><span class='ocrx_word' id='word_1_379' title='bbox 525 3089 614 3144; x_wconf 90' lang='lat' dir='ltr'>los</span> <span class='ocrx_word' id='word_1_380' title='bbox 642 3093 840 3142; x_wconf 91' lang='lat' dir='ltr'>cantus</span> <span class='ocrx_word' id='word_1_381' title='bbox 869 3085 939 3139; x_wconf 89' lang='lat' dir='ltr'>ad</span> <span class='ocrx_word' id='word_1_382' title='bbox 970 3100 1212 3155; x_wconf 84' lang='lat' dir='ltr'>praesens</span> <span class='ocrx_word' id='word_1_383' title='bbox 1233 3040 1508 3137; x_wconf 64' lang='lat' dir='ltr'>correctos</span> <span class='ocrx_word' id='word_1_384' title='bbox 1556 3099 1676 3136; x_wconf 91' lang='lat' dir='ltr'>esse</span> <span class='ocrx_word' id='word_1_385' title='bbox 1705 3081 1964 3135; x_wconf 81' lang='lat' dir='ltr'>sufﬁciat.</span> <span class='ocrx_word' id='word_1_386' title='bbox 1997 3040 2187 3134; x_wconf 84' lang='lat' dir='ltr'>PostC</span> <span class='ocrx_word' id='word_1_387' title='bbox 2212 3070 2317 3125; x_wconf 81' lang='lat' dir='ltr'>Est</span> <span class='ocrx_word' id='word_1_388' title='bbox 2367 3075 2556 3124; x_wconf 78' lang='lat' dir='ltr'>autem</span> <span class='ocrx_word' id='word_1_389' title='bbox 2613 3069 2925 3124; x_wconf 77' lang='lat' dir='ltr'>certissime</span> <span class='ocrx_word' id='word_1_390' title='bbox 2984 3069 3240 3124; x_wconf 83' lang='lat' dir='ltr'>authenti</span> <span class='ocrx_word' id='word_1_391' title='bbox 3265 3071 3385 3124; x_wconf 83' lang='lat' dir='ltr'>triti</span> <span class='ocrx_word' id='word_1_392' title='bbox 3432 3071 3490 3124; x_wconf 90' lang='lat' dir='ltr'>in</span> <span class='ocrx_word' id='word_1_393' title='bbox 3539 3076 3821 3142; x_wconf 86' lang='lat' dir='ltr'>parypate</span> 
     </span>
    </p>
   </div>
   <div class='ocr_carea' id='block_1_59' title="bbox 529 3171 2122 3244">
    <p class='ocr_par' dir='ltr' id='par_1_59' title="bbox 529 3171 2122 3244">
     <span class='ocr_line' id='line_1_59' title="bbox 529 3171 2122 3244; baseline -0.004 -13"><span class='ocrx_word' id='word_1_394' title='bbox 529 3176 652 3232; x_wconf 72' lang='lat' dir='ltr'>haec</span> <span class='ocrx_word' id='word_1_395' title='bbox 673 3175 732 3230; x_wconf 93' lang='lat' dir='ltr'>in</span> <span class='ocrx_word' id='word_1_396' title='bbox 763 3173 987 3229; x_wconf 88' lang='lat' dir='ltr'>tonario</span> <span class='ocrx_word' id='word_1_397' title='bbox 1019 3172 1188 3227; x_wconf 90' lang='lat' dir='ltr'>etiam</span> <span class='ocrx_word' id='word_1_398' title='bbox 1218 3172 1455 3244; x_wconf 85' lang='lat' dir='ltr'>aliquos,</span> <span class='ocrx_word' id='word_1_399' title='bbox 1489 3171 1586 3243; x_wconf 91' lang='lat' dir='ltr'>qui</span> <span class='ocrx_word' id='word_1_400' title='bbox 1624 3171 1908 3225; x_wconf 87' lang='lat' dir='ltr'>memoriae</span> <span class='ocrx_word' id='word_1_401' title='bbox 1936 3187 2122 3225; x_wconf 87' lang='lat' dir='ltr'>occur-</span> 
     </span>
    </p>
   </div>
   <div class='ocr_carea' id='block_1_60' title="bbox 533 3261 1144 3320">
    <p class='ocr_par' dir='ltr' id='par_1_60' title="bbox 533 3261 1144 3320">
     <span class='ocr_line' id='line_1_60' title="bbox 533 3261 1144 3320; baseline -0.008 0"><span class='ocrx_word' id='word_1_402' title='bbox 533 3270 672 3320; x_wconf 87' lang='lat' dir='ltr'>runt</span> <span class='ocrx_word' id='word_1_403' title='bbox 700 3261 1144 3318; x_wconf 64' lang='lat' dir='ltr'>emendaliimus.</span> 
     </span>
    </p>
   </div>
   <div class='ocr_carea' id='block_1_61' title="bbox 603 3349 2128 3421">
    <p class='ocr_par' dir='ltr' id='par_1_61' title="bbox 603 3349 2128 3421">
     <span class='ocr_line' id='line_1_61' title="bbox 603 3349 2128 3421; baseline -0.005 -11"><span class='ocrx_word' id='word_1_404' title='bbox 603 3353 768 3410; x_wconf 90' lang='lat' dir='ltr'>Nunc</span> <span class='ocrx_word' id='word_1_405' title='bbox 796 3360 985 3406; x_wconf 90' lang='lat' dir='ltr'>autem</span> <span class='ocrx_word' id='word_1_406' title='bbox 1014 3357 1313 3421; x_wconf 88' lang='lat' dir='ltr'>antequam</span> <span class='ocrx_word' id='word_1_407' title='bbox 1342 3349 1412 3404; x_wconf 87' lang='lat' dir='ltr'>ad</span> <span class='ocrx_word' id='word_1_408' title='bbox 1437 3350 1924 3421; x_wconf 87' lang='lat' dir='ltr'>exemplificandos</span> <span class='ocrx_word' id='word_1_409' title='bbox 1937 3355 2128 3420; x_wconf 88' lang='lat' dir='ltr'>tropos</span> 
     </span>
    </p>
   </div>
   <div class='ocr_carea' id='block_1_62' title="bbox 534 3439 2130 3510">
    <p class='ocr_par' dir='ltr' id='par_1_62' title="bbox 534 3439 2130 3510">
     <span class='ocr_line' id='line_1_62' title="bbox 534 3439 2130 3510; baseline -0.004 -12"><span class='ocrx_word' id='word_1_410' title='bbox 534 3442 844 3498; x_wconf 86' lang='lat' dir='ltr'>veniamus.</span> <span class='ocrx_word' id='word_1_411' title='bbox 870 3441 940 3494; x_wconf 89' lang='lat' dir='ltr'>de</span> <span class='ocrx_word' id='word_1_412' title='bbox 956 3439 1254 3510; x_wconf 88' lang='lat' dir='ltr'>superﬂuis</span> <span class='ocrx_word' id='word_1_413' title='bbox 1271 3439 1518 3510; x_wconf 90' lang='lat' dir='ltr'>ipsorum</span> <span class='ocrx_word' id='word_1_414' title='bbox 1538 3439 1865 3494; x_wconf 86' lang='lat' dir='ltr'>differentiis</span> <span class='ocrx_word' id='word_1_415' title='bbox 1884 3444 2130 3493; x_wconf 88' lang='lat' dir='ltr'>tractan-</span> 
     </span>
    </p>
   </div>
   <div class='ocr_carea' id='block_1_63' title="bbox 535 3527 2130 3600">
    <p class='ocr_par' dir='ltr' id='par_1_63' title="bbox 535 3527 2130 3600">
     <span class='ocr_line' id='line_1_63' title="bbox 535 3527 2130 3600; baseline -0.004 -13"><span class='ocrx_word' id='word_1_416' title='bbox 535 3533 670 3587; x_wconf 90' lang='lat' dir='ltr'>dum</span> <span class='ocrx_word' id='word_1_417' title='bbox 693 3536 796 3584; x_wconf 90' lang='lat' dir='ltr'>est.</span> <span class='ocrx_word' id='word_1_418' title='bbox 827 3529 936 3584; x_wconf 91' lang='lat' dir='ltr'>Sed</span> <span class='ocrx_word' id='word_1_419' title='bbox 985 3529 1248 3600; x_wconf 88' lang='lat' dir='ltr'>quoniam</span> <span class='ocrx_word' id='word_1_420' title='bbox 1300 3528 1625 3583; x_wconf 74' lang='lat' dir='ltr'>differentiae</span> <span class='ocrx_word' id='word_1_421' title='bbox 1655 3527 2004 3583; x_wconf 89' lang='lat' dir='ltr'>multimodis</span> <span class='ocrx_word' id='word_1_422' title='bbox 2042 3527 2130 3581; x_wconf 89' lang='lat' dir='ltr'>di-</span> 
     </span>
    </p>
   </div>
   <div class='ocr_carea' id='block_1_64' title="bbox 535 3617 2131 3690">
    <p class='ocr_par' dir='ltr' id='par_1_64' title="bbox 535 3617 2131 3690">
     <span class='ocr_line' id='line_1_64' title="bbox 535 3617 2131 3690; baseline -0.004 -14"><span class='ocrx_word' id='word_1_423' title='bbox 535 3626 760 3685; x_wconf 90' lang='lat' dir='ltr'>cuntur,</span> <span class='ocrx_word' id='word_1_424' title='bbox 785 3618 917 3689; x_wconf 90' lang='lat' dir='ltr'>quid</span> <span class='ocrx_word' id='word_1_425' title='bbox 981 3624 1272 3690; x_wconf 90' lang='lat' dir='ltr'>troporum</span> <span class='ocrx_word' id='word_1_426' title='bbox 1329 3617 1673 3671; x_wconf 88' lang='lat' dir='ltr'>differentias</span> <span class='ocrx_word' id='word_1_427' title='bbox 1705 3633 1980 3682; x_wconf 90' lang='lat' dir='ltr'>vocemus,</span> <span class='ocrx_word' id='word_1_428' title='bbox 2022 3617 2131 3687; x_wconf 88' lang='lat' dir='ltr'>pri-</span> 
     </span>
    </p>
   </div>
   <div class='ocr_carea' id='block_1_65' title="bbox 536 3706 2132 3779">
    <p class='ocr_par' dir='ltr' id='par_1_65' title="bbox 536 3706 2132 3779">
     <span class='ocr_line' id='line_1_65' title="bbox 536 3706 2132 3779; baseline -0.003 -15"><span class='ocrx_word' id='word_1_429' title='bbox 536 3710 710 3765; x_wconf 88' lang='lat' dir='ltr'>mitus</span> <span class='ocrx_word' id='word_1_430' title='bbox 737 3708 1099 3779; x_wconf 85' lang='lat' dir='ltr'>aperiendum</span> <span class='ocrx_word' id='word_1_431' title='bbox 1127 3714 1231 3762; x_wconf 92' lang='lat' dir='ltr'>est.</span> <span class='ocrx_word' id='word_1_432' title='bbox 1274 3707 1629 3762; x_wconf 86' lang='lat' dir='ltr'>Differentias</span> <span class='ocrx_word' id='word_1_433' title='bbox 1657 3707 1717 3760; x_wconf 92' lang='lat' dir='ltr'>in</span> <span class='ocrx_word' id='word_1_434' title='bbox 1771 3707 1920 3760; x_wconf 92' lang='lat' dir='ltr'>tonis</span> <span class='ocrx_word' id='word_1_435' title='bbox 1947 3706 2132 3760; x_wconf 89' lang='lat' dir='ltr'>nomi-</span> 
     </span>
    </p>
   </div>
   <div class='ocr_carea' id='block_1_66' title="bbox 537 3795 2136 3869">
    <p class='ocr_par' dir='ltr' id='par_1_66' title="bbox 537 3795 2136 3869">
     <span class='ocr_line' id='line_1_66' title="bbox 537 3795 2136 3869; baseline -0.003 -15"><span class='ocrx_word' id='word_1_436' title='bbox 537 3815 758 3861; x_wconf 87' lang='lat' dir='ltr'>namus,</span> <span class='ocrx_word' id='word_1_437' title='bbox 794 3797 1018 3869; x_wconf 90' lang='lat' dir='ltr'>quando</span> <span class='ocrx_word' id='word_1_438' title='bbox 1039 3797 1097 3850; x_wconf 91' lang='lat' dir='ltr'>in</span> <span class='ocrx_word' id='word_1_439' title='bbox 1157 3799 1354 3852; x_wconf 76' lang='lat' dir='ltr'>saecula</span> <span class='ocrx_word' id='word_1_440' title='bbox 1381 3799 1706 3851; x_wconf 67' lang='lat' dir='ltr'>saeculorum</span> <span class='ocrx_word' id='word_1_441' title='bbox 1744 3812 1908 3850; x_wconf 89' lang='lat' dir='ltr'>amen</span> <span class='ocrx_word' id='word_1_442' title='bbox 1937 3795 2136 3866; x_wconf 69' lang='lat' dir='ltr'>aliqua:</span> 
     </span>
    </p>
   </div>
   <div class='ocr_carea' id='block_1_67' title="bbox 2213 3158 3824 3214">
    <p class='ocr_par' dir='ltr' id='par_1_67' title="bbox 2213 3158 3824 3214">
     <span class='ocr_line' id='line_1_67' title="bbox 2213 3158 3824 3214; baseline 0 0"><span class='ocrx_word' id='word_1_443' title='bbox 2213 3175 2406 3214; x_wconf 89' lang='lat' dir='ltr'>meson</span> <span class='ocrx_word' id='word_1_444' title='bbox 2439 3158 2768 3212; x_wconf 88' lang='lat' dir='ltr'>emittenda.</span> <span class='ocrx_word' id='word_1_445' title='bbox 2799 3160 3035 3213; x_wconf 88' lang='lat' dir='ltr'>Possent</span> <span class='ocrx_word' id='word_1_446' title='bbox 3055 3165 3112 3214; x_wconf 90' lang='lat' dir='ltr'>et</span> <span class='ocrx_word' id='word_1_447' title='bbox 3150 3160 3276 3214; x_wconf 69' lang='lat' dir='ltr'>aliae</span> <span class='ocrx_word' id='word_1_448' title='bbox 3326 3159 3384 3214; x_wconf 92' lang='lat' dir='ltr'>in</span> <span class='ocrx_word' id='word_1_449' title='bbox 3405 3160 3556 3214; x_wconf 88' lang='lat' dir='ltr'>hunc</span> <span class='ocrx_word' id='word_1_450' title='bbox 3585 3160 3824 3214; x_wconf 90' lang='lat' dir='ltr'>modum</span> 
     </span>
    </p>
   </div>
   <div class='ocr_carea' id='block_1_68' title="bbox 2213 3247 3824 3319">
    <p class='ocr_par' dir='ltr' id='par_1_68' title="bbox 2213 3247 3824 3319">
     <span class='ocr_line' id='line_1_68' title="bbox 2213 3247 3824 3319; baseline -0.001 -17"><span class='ocrx_word' id='word_1_451' title='bbox 2213 3255 2488 3319; x_wconf 74' lang='lat' dir='ltr'>corruptae</span> <span class='ocrx_word' id='word_1_452' title='bbox 2519 3247 2669 3301; x_wconf 85' lang='lat' dir='ltr'>facili</span> <span class='ocrx_word' id='word_1_453' title='bbox 2690 3248 2827 3302; x_wconf 88' lang='lat' dir='ltr'>satis</span> <span class='ocrx_word' id='word_1_454' title='bbox 2856 3249 3170 3303; x_wconf 90' lang='lat' dir='ltr'>mutatione</span> <span class='ocrx_word' id='word_1_455' title='bbox 3200 3249 3510 3312; x_wconf 88' lang='lat' dir='ltr'>emendari,</span> <span class='ocrx_word' id='word_1_456' title='bbox 3541 3248 3614 3312; x_wconf 91' lang='lat' dir='ltr'>si,</span> <span class='ocrx_word' id='word_1_457' title='bbox 3652 3256 3723 3302; x_wconf 90' lang='lat' dir='ltr'>ut</span> <span class='ocrx_word' id='word_1_458' title='bbox 3747 3249 3824 3303; x_wconf 90' lang='lat' dir='ltr'>ait</span> 
     </span>
    </p>
   </div>
   <div class='ocr_carea' id='block_1_69' title="bbox 2213 3336 3824 3402">
    <p class='ocr_par' dir='ltr' id='par_1_69' title="bbox 2213 3336 3824 3402">
     <span class='ocr_line' id='line_1_69' title="bbox 2213 3336 3824 3402; baseline -0.002 -10"><span class='ocrx_word' id='word_1_459' title='bbox 2213 3339 2416 3402; x_wconf 87' lang='lat' dir='ltr'>Berno,</span> <span class='ocrx_word' id='word_1_460' title='bbox 2452 3336 2652 3390; x_wconf 88' lang='lat' dir='ltr'>vitiosa</span> <span class='ocrx_word' id='word_1_461' title='bbox 2699 3337 3044 3392; x_wconf 90' lang='lat' dir='ltr'>consuetudo</span> <span class='ocrx_word' id='word_1_462' title='bbox 3072 3337 3142 3392; x_wconf 90' lang='lat' dir='ltr'>ab</span> <span class='ocrx_word' id='word_1_463' title='bbox 3191 3354 3288 3393; x_wconf 91' lang='lat' dir='ltr'>ore</span> <span class='ocrx_word' id='word_1_464' title='bbox 3339 3337 3668 3393; x_wconf 88' lang='lat' dir='ltr'>canentium</span> <span class='ocrx_word' id='word_1_465' title='bbox 3706 3336 3824 3392; x_wconf 91' lang='lat' dir='ltr'>ullo</span> 
     </span>
    </p>
   </div>
   <div class='ocr_carea' id='block_1_70' title="bbox 2213 3426 2792 3497">
    <p class='ocr_par' dir='ltr' id='par_1_70' title="bbox 2213 3426 2792 3497">
     <span class='ocr_line' id='line_1_70' title="bbox 2213 3426 2792 3497; baseline -0.005 -16"><span class='ocrx_word' id='word_1_466' title='bbox 2213 3427 2376 3481; x_wconf 90' lang='lat' dir='ltr'>modo</span> <span class='ocrx_word' id='word_1_467' title='bbox 2398 3430 2594 3497; x_wconf 89' lang='lat' dir='ltr'>posset</span> <span class='ocrx_word' id='word_1_468' title='bbox 2612 3426 2792 3480; x_wconf 89' lang='lat' dir='ltr'>evelli.</span> 
     </span>
    </p>
   </div>
   <div class='ocr_carea' id='block_1_71' title="bbox 2441 3569 3544 3638">
    <p class='ocr_par' dir='ltr' id='par_1_71' title="bbox 2441 3569 3544 3638">
     <span class='ocr_line' id='line_1_71' title="bbox 2441 3569 3544 3638; baseline 0 -14"><span class='ocrx_word' id='word_1_469' title='bbox 2441 3569 2645 3629; x_wconf 87' lang='lat' dir='ltr'>XXIII.</span> <span class='ocrx_word' id='word_1_470' title='bbox 2681 3571 2752 3624; x_wconf 88' lang='lat' dir='ltr'>De</span> <span class='ocrx_word' id='word_1_471' title='bbox 2779 3570 3101 3638; x_wconf 86' lang='lat' dir='ltr'>diaphonia,</span> <span class='ocrx_word' id='word_1_472' title='bbox 3131 3570 3192 3623; x_wconf 86' lang='lat' dir='ltr'>id</span> <span class='ocrx_word' id='word_1_473' title='bbox 3219 3574 3297 3624; x_wconf 86' lang='lat' dir='ltr'>est</span> <span class='ocrx_word' id='word_1_474' title='bbox 3315 3585 3544 3638; x_wconf 86' lang='lat' dir='ltr'>organo.</span> 
     </span>
    </p>
   </div>
   <div class='ocr_carea' id='block_1_72' title="bbox 2285 3710 3826 3782">
    <p class='ocr_par' dir='ltr' id='par_1_72' title="bbox 2285 3710 3826 3782">
     <span class='ocr_line' id='line_1_72' title="bbox 2285 3710 3826 3782; baseline -0.001 -15"><span class='ocrx_word' id='word_1_475' title='bbox 2285 3713 2536 3767; x_wconf 88' lang='lat' dir='ltr'>Breviter</span> <span class='ocrx_word' id='word_1_476' title='bbox 2551 3729 2702 3766; x_wconf 91' lang='lat' dir='ltr'>nunc</span> <span class='ocrx_word' id='word_1_477' title='bbox 2717 3717 2774 3766; x_wconf 93' lang='lat' dir='ltr'>et</span> <span class='ocrx_word' id='word_1_478' title='bbox 2814 3711 3092 3767; x_wconf 83' lang='lat' dir='ltr'>succincte</span> <span class='ocrx_word' id='word_1_479' title='bbox 3113 3711 3182 3765; x_wconf 92' lang='lat' dir='ltr'>de</span> <span class='ocrx_word' id='word_1_480' title='bbox 3213 3711 3520 3782; x_wconf 88' lang='lat' dir='ltr'>diaphonia</span> <span class='ocrx_word' id='word_1_481' title='bbox 3544 3710 3826 3766; x_wconf 88' lang='lat' dir='ltr'>disserere</span> 
     </span>
    </p>
   </div>
   <div class='ocr_carea' id='block_1_73' title="bbox 2217 3799 3827 3872">
    <p class='ocr_par' dir='ltr' id='par_1_73' title="bbox 2217 3799 3827 3872">
     <span class='ocr_line' id='line_1_73' title="bbox 2217 3799 3827 3872; baseline -0.002 -17"><span class='ocrx_word' id='word_1_482' title='bbox 2217 3802 2477 3855; x_wconf 82' lang='lat' dir='ltr'>volumus</span> <span class='ocrx_word' id='word_1_483' title='bbox 2502 3820 2514 3867; x_wconf 88' lang='lat'><strong>;</strong></span> <span class='ocrx_word' id='word_1_484' title='bbox 2539 3807 2817 3872; x_wconf 90' lang='lat' dir='ltr'>quatenus</span> <span class='ocrx_word' id='word_1_485' title='bbox 2837 3800 3062 3854; x_wconf 90' lang='lat' dir='ltr'>lectoris</span> <span class='ocrx_word' id='word_1_486' title='bbox 3093 3799 3348 3853; x_wconf 88' lang='lat' dir='ltr'>aviditati</span> <span class='ocrx_word' id='word_1_487' title='bbox 3377 3800 3435 3853; x_wconf 92' lang='lat' dir='ltr'>in</span> <span class='ocrx_word' id='word_1_488' title='bbox 3462 3800 3569 3852; x_wconf 91' lang='lat' dir='ltr'>hac</span> <span class='ocrx_word' id='word_1_489' title='bbox 3599 3816 3827 3870; x_wconf 91' lang='lat' dir='ltr'>quoque</span> 
     </span>
    </p>
   </div>
   <div class='ocr_carea' id='block_1_74' title="bbox 537 3884 3827 3960">
    <p class='ocr_par' dir='ltr' id='par_1_74' title="bbox 537 3884 3827 3960">
     <span class='ocr_line' id='line_1_74' title="bbox 537 3884 3827 3960; baseline -0 -17"><span class='ocrx_word' id='word_1_490' title='bbox 537 3903 756 3943; x_wconf 78' lang='lat' dir='ltr'>neumae</span> <span class='ocrx_word' id='word_1_491' title='bbox 771 3886 1182 3941; x_wconf 89' lang='lat' dir='ltr'>rationabiliter</span> <span class='ocrx_word' id='word_1_492' title='bbox 1205 3884 2009 3957; x_wconf 88' lang='lat' dir='ltr'>permittantur.Etsciendum</span> <span class='ocrx_word' id='word_1_493' title='bbox 2031 3890 2134 3949; x_wconf 81' lang='lat' dir='ltr'>est,</span> <span class='ocrx_word' id='word_1_494' title='bbox 2219 3907 2280 3944; x_wconf 89' lang='lat' dir='ltr'>re</span> <span class='ocrx_word' id='word_1_495' title='bbox 2298 3890 2733 3952; x_wconf 85' lang='lat' dir='ltr'>satisfaciamus,</span> <span class='ocrx_word' id='word_1_496' title='bbox 2769 3895 3041 3960; x_wconf 88' lang='lat' dir='ltr'>quantum</span> <span class='ocrx_word' id='word_1_497' title='bbox 3073 3905 3388 3960; x_wconf 91' lang='lat' dir='ltr'>possumus.</span> <span class='ocrx_word' id='word_1_498' title='bbox 3409 3889 3506 3942; x_wconf 91' lang='lat' dir='ltr'>Est</span> <span class='ocrx_word' id='word_1_499' title='bbox 3534 3904 3672 3958; x_wconf 89' lang='lat' dir='ltr'>ergo</span> <span class='ocrx_word' id='word_1_500' title='bbox 3705 3889 3827 3942; x_wconf 88' lang='lat' dir='ltr'>dia-</span> 
     </span>
    </p>
   </div>
   <div class='ocr_carea' id='block_1_75' title="bbox 538 3973 3829 4050">
    <p class='ocr_par' dir='ltr' id='par_1_75' title="bbox 538 3973 3829 4050">
     <span class='ocr_line' id='line_1_75' title="bbox 538 3973 3829 4050; baseline -0.001 -20"><span class='ocrx_word' id='word_1_501' title='bbox 538 3977 690 4046; x_wconf 90' lang='lat' dir='ltr'>quod</span> <span class='ocrx_word' id='word_1_502' title='bbox 719 3975 1188 4041; x_wconf 84' lang='lat' dir='ltr'>differentiarum,</span> <span class='ocrx_word' id='word_1_503' title='bbox 1221 3991 1342 4045; x_wconf 81' lang='lat' dir='ltr'>quae</span> <span class='ocrx_word' id='word_1_504' title='bbox 1363 3975 1511 4028; x_wconf 92' lang='lat' dir='ltr'>tonis</span> <span class='ocrx_word' id='word_1_505' title='bbox 1539 3973 1984 4038; x_wconf 88' lang='lat' dir='ltr'>subscribuntur,</span> <span class='ocrx_word' id='word_1_506' title='bbox 2017 3973 2138 4026; x_wconf 62' lang='lat' dir='ltr'>alia;</span> <span class='ocrx_word' id='word_1_507' title='bbox 2223 3979 2427 4050; x_wconf 80' lang='lat' dir='ltr'>phonia</span> <span class='ocrx_word' id='word_1_508' title='bbox 2454 3995 2703 4048; x_wconf 80' lang='lat' dir='ltr'>congrua</span> <span class='ocrx_word' id='word_1_509' title='bbox 2732 3995 2928 4033; x_wconf 87' lang='lat' dir='ltr'>vocum</span> <span class='ocrx_word' id='word_1_510' title='bbox 2975 3978 3346 4043; x_wconf 82' lang='lat' dir='ltr'>dissonantia,</span> <span class='ocrx_word' id='word_1_511' title='bbox 3383 3994 3506 4048; x_wconf 57' lang='lat' dir='ltr'>qua}</span> <span class='ocrx_word' id='word_1_512' title='bbox 3536 3977 3607 4030; x_wconf 86' lang='lat' dir='ltr'>ad</span> <span class='ocrx_word' id='word_1_513' title='bbox 3640 3978 3829 4032; x_wconf 87' lang='lat' dir='ltr'>minus</span> 
     </span>
    </p>
   </div>
   <div class='ocr_carea' id='block_1_76' title="bbox 538 4062 3828 4139">
    <p class='ocr_par' dir='ltr' id='par_1_76' title="bbox 538 4062 3828 4139">
     <span class='ocr_line' id='line_1_76' title="bbox 538 4062 3828 4139; baseline 0 -20"><span class='ocrx_word' id='word_1_514' title='bbox 538 4070 675 4119; x_wconf 88' lang='lat' dir='ltr'>sunt</span> <span class='ocrx_word' id='word_1_515' title='bbox 697 4070 1097 4136; x_wconf 91' lang='lat' dir='ltr'>competentes,</span> <span class='ocrx_word' id='word_1_516' title='bbox 1117 4070 1173 4117; x_wconf 92' lang='lat' dir='ltr'>et</span> <span class='ocrx_word' id='word_1_517' title='bbox 1197 4063 1543 4130; x_wconf 71' lang='lat' dir='ltr'>necessariae;</span> <span class='ocrx_word' id='word_1_518' title='bbox 1573 4062 1694 4116; x_wconf 75' lang='lat' dir='ltr'>aliae</span> <span class='ocrx_word' id='word_1_519' title='bbox 1715 4079 1895 4132; x_wconf 81' lang='lat' dir='ltr'>neque</span> <span class='ocrx_word' id='word_1_520' title='bbox 1915 4079 2139 4133; x_wconf 91' lang='lat' dir='ltr'>compe-</span> <span class='ocrx_word' id='word_1_521' title='bbox 2221 4085 2322 4139; x_wconf 87' lang='lat' dir='ltr'>per</span> <span class='ocrx_word' id='word_1_522' title='bbox 2346 4069 2486 4122; x_wconf 92' lang='lat' dir='ltr'>duos</span> <span class='ocrx_word' id='word_1_523' title='bbox 2533 4074 2828 4121; x_wconf 87' lang='lat' dir='ltr'>cantantes</span> <span class='ocrx_word' id='word_1_524' title='bbox 2869 4068 3057 4138; x_wconf 86' lang='lat' dir='ltr'>agitur</span> <span class='ocrx_word' id='word_1_525' title='bbox 3089 4086 3100 4120; x_wconf 92' lang='lat'>:</span> <span class='ocrx_word' id='word_1_526' title='bbox 3134 4067 3217 4122; x_wconf 91' lang='lat' dir='ltr'>ita</span> <span class='ocrx_word' id='word_1_527' title='bbox 3265 4067 3496 4134; x_wconf 85' lang='lat' dir='ltr'>scilicet,</span> <span class='ocrx_word' id='word_1_528' title='bbox 3534 4072 3601 4120; x_wconf 92' lang='lat' dir='ltr'>ut</span> <span class='ocrx_word' id='word_1_529' title='bbox 3648 4067 3828 4121; x_wconf 89' lang='lat' dir='ltr'>altero</span> 
     </span>
    </p>
   </div>
   <div class='ocr_carea' id='block_1_77' title="bbox 541 4152 3828 4226">
    <p class='ocr_par' dir='ltr' id='par_1_77' title="bbox 541 4152 3828 4226">
     <span class='ocr_line' id='line_1_77' title="bbox 541 4152 3828 4226; baseline 0 -18"><span class='ocrx_word' id='word_1_530' title='bbox 541 4158 724 4208; x_wconf 85' lang='lat' dir='ltr'>tentes</span> <span class='ocrx_word' id='word_1_531' title='bbox 753 4170 867 4208; x_wconf 87' lang='lat' dir='ltr'>non</span> <span class='ocrx_word' id='word_1_532' title='bbox 917 4159 1107 4208; x_wconf 89' lang='lat' dir='ltr'>tamen</span> <span class='ocrx_word' id='word_1_533' title='bbox 1152 4153 1510 4220; x_wconf 67' lang='lat' dir='ltr'>necessariae;</span> <span class='ocrx_word' id='word_1_534' title='bbox 1552 4152 1676 4206; x_wconf 59' lang='lat' dir='ltr'>alia;</span> <span class='ocrx_word' id='word_1_535' title='bbox 1705 4169 1886 4222; x_wconf 90' lang='lat' dir='ltr'>neque</span> <span class='ocrx_word' id='word_1_536' title='bbox 1913 4168 2139 4222; x_wconf 86' lang='lat' dir='ltr'>compe-</span> <span class='ocrx_word' id='word_1_537' title='bbox 2220 4163 2430 4211; x_wconf 85' lang='lat' dir='ltr'>rectam</span> <span class='ocrx_word' id='word_1_538' title='bbox 2482 4157 2922 4211; x_wconf 89' lang='lat' dir='ltr'>modulationem</span> <span class='ocrx_word' id='word_1_539' title='bbox 2982 4163 3229 4221; x_wconf 88' lang='lat' dir='ltr'>tenente,</span> <span class='ocrx_word' id='word_1_540' title='bbox 3270 4157 3413 4210; x_wconf 90' lang='lat' dir='ltr'>alter</span> <span class='ocrx_word' id='word_1_541' title='bbox 3475 4172 3576 4226; x_wconf 89' lang='lat' dir='ltr'>per</span> <span class='ocrx_word' id='word_1_542' title='bbox 3614 4155 3828 4210; x_wconf 90' lang='lat' dir='ltr'>alienos</span> 
     </span>
    </p>
   </div>
   <div class='ocr_carea' id='block_1_78' title="bbox 540 4242 2142 4313">
    <p class='ocr_par' dir='ltr' id='par_1_78' title="bbox 540 4242 2142 4313">
     <span class='ocr_line' id='line_1_78' title="bbox 540 4242 2142 4313; baseline -0.001 -17"><span class='ocrx_word' id='word_1_543' title='bbox 540 4247 726 4296; x_wconf 90' lang='lat' dir='ltr'>tentes</span> <span class='ocrx_word' id='word_1_544' title='bbox 746 4258 931 4313; x_wconf 89' lang='lat' dir='ltr'>neque</span> <span class='ocrx_word' id='word_1_545' title='bbox 963 4243 1307 4308; x_wconf 66' lang='lat' dir='ltr'>necessariae,</span> <span class='ocrx_word' id='word_1_546' title='bbox 1345 4243 1457 4296; x_wconf 91' lang='lat' dir='ltr'>imo</span> <span class='ocrx_word' id='word_1_547' title='bbox 1493 4259 1720 4313; x_wconf 88' lang='lat' dir='ltr'>prorsus</span> <span class='ocrx_word' id='word_1_548' title='bbox 1760 4242 1945 4295; x_wconf 70' lang='lat' dir='ltr'>nullae.</span> <span class='ocrx_word' id='word_1_549' title='bbox 1981 4242 2142 4295; x_wconf 94' lang='lat' dir='ltr'>Com-</span> 
     </span>
    </p>
   </div>
   <div class='ocr_carea' id='block_1_79' title="bbox 541 4329 2136 4402">
    <p class='ocr_par' dir='ltr' id='par_1_79' title="bbox 541 4329 2136 4402">
     <span class='ocr_line' id='line_1_79' title="bbox 541 4329 2136 4402; baseline -0.002 -16"><span class='ocrx_word' id='word_1_550' title='bbox 541 4337 798 4402; x_wconf 89' lang='lat' dir='ltr'>petentes</span> <span class='ocrx_word' id='word_1_551' title='bbox 842 4337 900 4385; x_wconf 91' lang='lat' dir='ltr'>et</span> <span class='ocrx_word' id='word_1_552' title='bbox 951 4332 1297 4386; x_wconf 88' lang='lat' dir='ltr'>necessarias</span> <span class='ocrx_word' id='word_1_553' title='bbox 1352 4332 1586 4386; x_wconf 87' lang='lat' dir='ltr'>dicimus</span> <span class='ocrx_word' id='word_1_554' title='bbox 1625 4332 1749 4385; x_wconf 89' lang='lat' dir='ltr'>illas</span> <span class='ocrx_word' id='word_1_555' title='bbox 1778 4329 2136 4393; x_wconf 77' lang='lat' dir='ltr'>differentias,</span> 
     </span>
    </p>
   </div>
   <div class='ocr_carea' id='block_1_80' title="bbox 2222 4243 3826 4316">
    <p class='ocr_par' dir='ltr' id='par_1_80' title="bbox 2222 4243 3826 4316">
     <span class='ocr_line' id='line_1_80' title="bbox 2222 4243 3826 4316; baseline -0.002 -16"><span class='ocrx_word' id='word_1_556' title='bbox 2222 4262 2389 4300; x_wconf 91' lang='lat' dir='ltr'>sonos</span> <span class='ocrx_word' id='word_1_557' title='bbox 2414 4255 2542 4316; x_wconf 89' lang='lat' dir='ltr'>apte</span> <span class='ocrx_word' id='word_1_558' title='bbox 2571 4245 2836 4308; x_wconf 88' lang='lat' dir='ltr'>circueat,</span> <span class='ocrx_word' id='word_1_559' title='bbox 2869 4250 2925 4298; x_wconf 92' lang='lat' dir='ltr'>et</span> <span class='ocrx_word' id='word_1_560' title='bbox 2968 4245 3026 4300; x_wconf 90' lang='lat' dir='ltr'>in</span> <span class='ocrx_word' id='word_1_561' title='bbox 3085 4245 3320 4314; x_wconf 87' lang='lat' dir='ltr'>singulis</span> <span class='ocrx_word' id='word_1_562' title='bbox 3359 4243 3826 4314; x_wconf 89' lang='lat' dir='ltr'>respirationibus</span> 
     </span>
    </p>
   </div>
   <div class='ocr_carea' id='block_1_81' title="bbox 2224 4333 3821 4404">
    <p class='ocr_par' dir='ltr' id='par_1_81' title="bbox 2224 4333 3821 4404">
     <span class='ocr_line' id='line_1_81' title="bbox 2224 4333 3821 4404; baseline -0.004 -16"><span class='ocrx_word' id='word_1_563' title='bbox 2224 4335 2389 4388; x_wconf 90' lang='lat' dir='ltr'>ambo</span> <span class='ocrx_word' id='word_1_564' title='bbox 2419 4335 2475 4388; x_wconf 93' lang='lat' dir='ltr'>in</span> <span class='ocrx_word' id='word_1_565' title='bbox 2505 4335 2700 4388; x_wconf 91' lang='lat' dir='ltr'>eadem</span> <span class='ocrx_word' id='word_1_566' title='bbox 2735 4351 2884 4398; x_wconf 91' lang='lat' dir='ltr'>voce,</span> <span class='ocrx_word' id='word_1_567' title='bbox 2918 4334 3000 4387; x_wconf 90' lang='lat' dir='ltr'>vel</span> <span class='ocrx_word' id='word_1_568' title='bbox 3052 4351 3150 4404; x_wconf 91' lang='lat' dir='ltr'>per</span> <span class='ocrx_word' id='word_1_569' title='bbox 3173 4333 3444 4404; x_wconf 88' lang='lat' dir='ltr'>diapason</span> <span class='ocrx_word' id='word_1_570' title='bbox 3469 4333 3821 4386; x_wconf 88' lang='lat' dir='ltr'>conveniant.</span> 
     </span>
    </p>
   </div>
   <div class='ocr_carea' id='block_1_82' title="bbox 545 4399 3824 4493">
    <p class='ocr_par' dir='ltr' id='par_1_82' title="bbox 545 4399 3824 4493">
     <span class='ocr_line' id='line_1_82' title="bbox 545 4399 3824 4493; baseline -0.001 -19"><span class='ocrx_word' id='word_1_571' title='bbox 545 4399 688 4491; x_wconf 76' lang='lat' dir='ltr'>quas</span> <span class='ocrx_word' id='word_1_572' title='bbox 716 4437 852 4474; x_wconf 92' lang='lat' dir='ltr'>usus</span> <span class='ocrx_word' id='word_1_573' title='bbox 877 4427 1169 4475; x_wconf 89' lang='lat' dir='ltr'>cantorum</span> <span class='ocrx_word' id='word_1_574' title='bbox 1200 4420 1369 4474; x_wconf 91' lang='lat' dir='ltr'>habet</span> <span class='ocrx_word' id='word_1_575' title='bbox 1397 4421 1466 4474; x_wconf 92' lang='lat' dir='ltr'>ab</span> <span class='ocrx_word' id='word_1_576' title='bbox 1497 4421 1744 4491; x_wconf 88' lang='lat' dir='ltr'>antiquis</span> <span class='ocrx_word' id='word_1_577' title='bbox 1775 4399 2207 4474; x_wconf 86' lang='lat' dir='ltr'>modulatori-D</span> <span class='ocrx_word' id='word_1_578' title='bbox 2225 4424 2332 4489; x_wconf 87' lang='lat' dir='ltr'>Qui</span> <span class='ocrx_word' id='word_1_579' title='bbox 2357 4424 2592 4478; x_wconf 90' lang='lat' dir='ltr'>canendi</span> <span class='ocrx_word' id='word_1_580' title='bbox 2621 4424 2820 4478; x_wconf 83' lang='lat' dir='ltr'>modus</span> <span class='ocrx_word' id='word_1_581' title='bbox 2844 4399 3150 4493; x_wconf 46' lang='lat' dir='ltr'>vulgari-ter</span> <span class='ocrx_word' id='word_1_582' title='bbox 3177 4399 3450 4493; x_wconf 73' lang='lat' dir='ltr'>organum</span> <span class='ocrx_word' id='word_1_583' title='bbox 3473 4421 3686 4476; x_wconf 79' lang='lat' dir='ltr'>dicitur</span> <span class='ocrx_word' id='word_1_584' title='bbox 3720 4441 3732 4474; x_wconf 92' lang='lat'><strong>:</strong></span> <span class='ocrx_word' id='word_1_585' title='bbox 3765 4436 3824 4474; x_wconf 92' lang='lat' dir='ltr'>eo</span> 
     </span>
    </p>
   </div>
   <div class='ocr_carea' id='block_1_83' title="bbox 546 4509 2144 4581">
    <p class='ocr_par' dir='ltr' id='par_1_83' title="bbox 546 4509 2144 4581">
     <span class='ocr_line' id='line_1_83' title="bbox 546 4509 2144 4581; baseline 0.001 -17"><span class='ocrx_word' id='word_1_586' title='bbox 546 4509 653 4564; x_wconf 91' lang='lat' dir='ltr'>bus</span> <span class='ocrx_word' id='word_1_587' title='bbox 673 4510 1024 4565; x_wconf 89' lang='lat' dir='ltr'>constitutas.</span> <span class='ocrx_word' id='word_1_588' title='bbox 1051 4511 1445 4581; x_wconf 90' lang='lat' dir='ltr'>Competentes</span> <span class='ocrx_word' id='word_1_589' title='bbox 1461 4518 1648 4566; x_wconf 89' lang='lat' dir='ltr'>autem</span> <span class='ocrx_word' id='word_1_590' title='bbox 1687 4527 1798 4565; x_wconf 93' lang='lat' dir='ltr'>non</span> <span class='ocrx_word' id='word_1_591' title='bbox 1820 4511 2144 4566; x_wconf 56' lang='lat' dir='ltr'>necessaria</span> 
     </span>
    </p>
   </div>
   <div class='ocr_carea' id='block_1_84' title="bbox 553 4598 2144 4671">
    <p class='ocr_par' dir='ltr' id='par_1_84' title="bbox 553 4598 2144 4671">
     <span class='ocr_line' id='line_1_84' title="bbox 553 4598 2144 4671; baseline 0.001 -18"><span class='ocrx_word' id='word_1_592' title='bbox 553 4598 839 4666; x_wconf 89' lang='lat' dir='ltr'>dicuntur,</span> <span class='ocrx_word' id='word_1_593' title='bbox 865 4616 987 4671; x_wconf 69' lang='lat' dir='ltr'>quae</span> <span class='ocrx_word' id='word_1_594' title='bbox 1010 4617 1120 4654; x_wconf 92' lang='lat' dir='ltr'>non</span> <span class='ocrx_word' id='word_1_595' title='bbox 1143 4601 1491 4654; x_wconf 86' lang='lat' dir='ltr'>necessitatis</span> <span class='ocrx_word' id='word_1_596' title='bbox 1513 4617 1698 4664; x_wconf 85' lang='lat' dir='ltr'>causa,</span> <span class='ocrx_word' id='word_1_597' title='bbox 1729 4601 1823 4654; x_wconf 92' lang='lat' dir='ltr'>sed</span> <span class='ocrx_word' id='word_1_598' title='bbox 1842 4602 2014 4655; x_wconf 91' lang='lat' dir='ltr'>solius</span> <span class='ocrx_word' id='word_1_599' title='bbox 2043 4617 2144 4654; x_wconf 90' lang='lat' dir='ltr'>cu-</span> 
     </span>
    </p>
   </div>
   <div class='ocr_carea' id='block_1_85' title="bbox 547 4687 2146 4760">
    <p class='ocr_par' dir='ltr' id='par_1_85' title="bbox 547 4687 2146 4760">
     <span class='ocr_line' id='line_1_85' title="bbox 547 4687 2146 4760; baseline -0.001 -18"><span class='ocrx_word' id='word_1_600' title='bbox 547 4687 814 4743; x_wconf 88' lang='lat' dir='ltr'>rialitatis</span> <span class='ocrx_word' id='word_1_601' title='bbox 882 4688 1311 4759; x_wconf 83' lang='lat' dir='ltr'>adjunguntur:</span> <span class='ocrx_word' id='word_1_602' title='bbox 1358 4689 1828 4759; x_wconf 88' lang='lat' dir='ltr'>quemadmodum</span> <span class='ocrx_word' id='word_1_603' title='bbox 1884 4696 2039 4760; x_wconf 88' lang='lat' dir='ltr'>patet</span> <span class='ocrx_word' id='word_1_604' title='bbox 2090 4687 2146 4741; x_wconf 87' lang='lat' dir='ltr'>in</span> 
     </span>
    </p>
   </div>
   <div class='ocr_carea' id='block_1_86' title="bbox 548 4775 2147 4845">
    <p class='ocr_par' dir='ltr' id='par_1_86' title="bbox 548 4775 2147 4845">
     <span class='ocr_line' id='line_1_86' title="bbox 548 4775 2147 4845; baseline 0 -14"><span class='ocrx_word' id='word_1_605' title='bbox 548 4777 656 4831; x_wconf 91' lang='lat' dir='ltr'>hac</span> <span class='ocrx_word' id='word_1_606' title='bbox 684 4777 851 4833; x_wconf 88' lang='lat' dir='ltr'>ant.0</span> <span class='ocrx_word' id='word_1_607' title='bbox 887 4779 1102 4830; x_wconf 85' lang='lat' dir='ltr'>beatum</span> <span class='ocrx_word' id='word_1_608' title='bbox 1130 4781 1283 4845; x_wconf 84' lang='lat' dir='ltr'>pont.</span> <span class='ocrx_word' id='word_1_609' title='bbox 1309 4775 1448 4832; x_wconf 89' lang='lat' dir='ltr'>Cum</span> <span class='ocrx_word' id='word_1_610' title='bbox 1473 4777 1622 4832; x_wconf 92' lang='lat' dir='ltr'>enim</span> <span class='ocrx_word' id='word_1_611' title='bbox 1664 4779 1773 4832; x_wconf 87' lang='lat' dir='ltr'>ista</span> <span class='ocrx_word' id='word_1_612' title='bbox 1791 4779 1864 4832; x_wconf 86' lang='lat' dir='ltr'>sit</span> <span class='ocrx_word' id='word_1_613' title='bbox 1891 4777 2147 4832; x_wconf 84' lang='lat' dir='ltr'>secundae</span> 
     </span>
    </p>
   </div>
   <div class='ocr_carea' id='block_1_87' title="bbox 550 4865 2150 4939">
    <p class='ocr_par' dir='ltr' id='par_1_87' title="bbox 550 4865 2150 4939">
     <span class='ocr_line' id='line_1_87' title="bbox 550 4865 2150 4939; baseline -0.001 -18"><span class='ocrx_word' id='word_1_614' title='bbox 550 4867 881 4921; x_wconf 68' lang='lat' dir='ltr'>differentiae</span> <span class='ocrx_word' id='word_1_615' title='bbox 908 4865 1162 4920; x_wconf 90' lang='lat' dir='ltr'>authenti</span> <span class='ocrx_word' id='word_1_616' title='bbox 1193 4866 1358 4936; x_wconf 88' lang='lat' dir='ltr'>proti.</span> <span class='ocrx_word' id='word_1_617' title='bbox 1392 4868 1641 4939; x_wconf 88' lang='lat' dir='ltr'>plerique</span> <span class='ocrx_word' id='word_1_618' title='bbox 1667 4868 1764 4922; x_wconf 90' lang='lat' dir='ltr'>illa</span> <span class='ocrx_word' id='word_1_619' title='bbox 1792 4868 2046 4937; x_wconf 90' lang='lat' dir='ltr'>neglecta</span> <span class='ocrx_word' id='word_1_620' title='bbox 2068 4873 2150 4920; x_wconf 90' lang='lat' dir='ltr'>ta-</span> 
     </span>
    </p>
   </div>
   <div class='ocr_carea' id='block_1_88' title="bbox 549 4955 1506 5027">
    <p class='ocr_par' dir='ltr' id='par_1_88' title="bbox 549 4955 1506 5027">
     <span class='ocr_line' id='line_1_88' title="bbox 549 4955 1506 5027; baseline 0 -15"><span class='ocrx_word' id='word_1_621' title='bbox 549 4972 681 5012; x_wconf 89' lang='lat' dir='ltr'>men</span> <span class='ocrx_word' id='word_1_622' title='bbox 710 4957 761 5010; x_wconf 90' lang='lat' dir='ltr'>ei</span> <span class='ocrx_word' id='word_1_623' title='bbox 789 4955 1160 5010; x_wconf 76' lang='lat' dir='ltr'>differentiam</span> <span class='ocrx_word' id='word_1_624' title='bbox 1192 4955 1462 5027; x_wconf 88' lang='lat' dir='ltr'>adaptant</span> <span class='ocrx_word' id='word_1_625' title='bbox 1495 4975 1506 5011; x_wconf 91' lang='lat'><strong>:</strong></span> 
     </span>
    </p>
   </div>
   <div class='ocr_carea' id='block_1_89' title="bbox 655 5046 1888 5115">
    <p class='ocr_par' dir='ltr' id='par_1_89' title="bbox 655 5046 1888 5115">
     <span class='ocr_line' id='line_1_89' title="bbox 655 5046 1888 5115; baseline -0.002 -13"><span class='ocrx_word' id='word_1_626' title='bbox 655 5047 998 5102; x_wconf 57' lang='lat' dir='ltr'>Secutorum</span> <span class='ocrx_word' id='word_1_627' title='bbox 1025 5062 1209 5099; x_wconf 89' lang='lat' dir='ltr'>amen.</span> <span class='ocrx_word' id='word_1_628' title='bbox 1247 5046 1288 5101; x_wconf 92' lang='lat'><em>0</em></span> <span class='ocrx_word' id='word_1_629' title='bbox 1317 5047 1536 5100; x_wconf 86' lang='lat' dir='ltr'>beatum</span> <span class='ocrx_word' id='word_1_630' title='bbox 1555 5049 1888 5115; x_wconf 83' lang='lat' dir='ltr'>pontiﬁcem.</span> 
     </span>
    </p>
   </div>
   <div class='ocr_carea' id='block_1_90' title="bbox 623 5133 2148 5208">
    <p class='ocr_par' dir='ltr' id='par_1_90' title="bbox 623 5133 2148 5208">
     <span class='ocr_line' id='line_1_90' title="bbox 623 5133 2148 5208; baseline 0 -18"><span class='ocrx_word' id='word_1_631' title='bbox 623 5133 742 5190; x_wconf 66' lang='lat' dir='ltr'>Illa</span> <span class='ocrx_word' id='word_1_632' title='bbox 766 5141 955 5189; x_wconf 89' lang='lat' dir='ltr'>autem</span> <span class='ocrx_word' id='word_1_633' title='bbox 981 5151 1164 5206; x_wconf 91' lang='lat' dir='ltr'>neque</span> <span class='ocrx_word' id='word_1_634' title='bbox 1199 5143 1580 5208; x_wconf 88' lang='lat' dir='ltr'>competentes</span> <span class='ocrx_word' id='word_1_635' title='bbox 1610 5151 1792 5206; x_wconf 88' lang='lat' dir='ltr'>neque</span> <span class='ocrx_word' id='word_1_636' title='bbox 1820 5136 2148 5191; x_wconf 74' lang='lat' dir='ltr'>necessariae</span> 
     </span>
    </p>
   </div>
   <div class='ocr_carea' id='block_1_91' title="bbox 551 5225 2148 5296">
    <p class='ocr_par' dir='ltr' id='par_1_91' title="bbox 551 5225 2148 5296">
     <span class='ocr_line' id='line_1_91' title="bbox 551 5225 2148 5296; baseline 0.001 -16"><span class='ocrx_word' id='word_1_637' title='bbox 551 5231 704 5292; x_wconf 89' lang='lat' dir='ltr'>sunt,</span> <span class='ocrx_word' id='word_1_638' title='bbox 737 5241 860 5296; x_wconf 71' lang='lat' dir='ltr'>quae</span> <span class='ocrx_word' id='word_1_639' title='bbox 889 5241 1000 5279; x_wconf 90' lang='lat' dir='ltr'>non</span> <span class='ocrx_word' id='word_1_640' title='bbox 1028 5225 1087 5279; x_wconf 89' lang='lat' dir='ltr'>in</span> <span class='ocrx_word' id='word_1_641' title='bbox 1117 5232 1268 5280; x_wconf 88' lang='lat' dir='ltr'>recto</span> <span class='ocrx_word' id='word_1_642' title='bbox 1293 5233 1507 5291; x_wconf 91' lang='lat' dir='ltr'>tenore,</span> <span class='ocrx_word' id='word_1_643' title='bbox 1533 5226 1631 5280; x_wconf 89' lang='lat' dir='ltr'>sed</span> <span class='ocrx_word' id='word_1_644' title='bbox 1683 5226 1987 5280; x_wconf 90' lang='lat' dir='ltr'>secundum</span> <span class='ocrx_word' id='word_1_645' title='bbox 2019 5226 2148 5281; x_wconf 88' lang='lat' dir='ltr'>libi-</span> 
     </span>
    </p>
   </div>
   <div class='ocr_carea' id='block_1_92' title="bbox 548 5315 2149 5386">
    <p class='ocr_par' dir='ltr' id='par_1_92' title="bbox 548 5315 2149 5386">
     <span class='ocr_line' id='line_1_92' title="bbox 548 5315 2149 5386; baseline -0.001 -15"><span class='ocrx_word' id='word_1_646' title='bbox 548 5321 672 5371; x_wconf 87' lang='lat' dir='ltr'>tum</span> <span class='ocrx_word' id='word_1_647' title='bbox 722 5315 1042 5370; x_wconf 84' lang='lat' dir='ltr'>canentium</span> <span class='ocrx_word' id='word_1_648' title='bbox 1097 5317 1457 5386; x_wconf 86' lang='lat' dir='ltr'>adaptantur,</span> <span class='ocrx_word' id='word_1_649' title='bbox 1517 5321 1580 5370; x_wconf 92' lang='lat' dir='ltr'>ut</span> <span class='ocrx_word' id='word_1_650' title='bbox 1624 5315 1730 5368; x_wconf 87' lang='lat' dir='ltr'>ista</span> <span class='ocrx_word' id='word_1_651' title='bbox 1767 5333 1777 5368; x_wconf 91' lang='lat'><strong>:</strong></span> <span class='ocrx_word' id='word_1_652' title='bbox 1810 5315 2149 5371; x_wconf 73' lang='lat' dir='ltr'>Saecutorum</span> 
     </span>
    </p>
   </div>
   <div class='ocr_carea' id='block_1_93' title="bbox 549 5405 2147 5476">
    <p class='ocr_par' dir='ltr' id='par_1_93' title="bbox 549 5405 2147 5476">
     <span class='ocr_line' id='line_1_93' title="bbox 549 5405 2147 5476; baseline -0.001 -15"><span class='ocrx_word' id='word_1_653' title='bbox 549 5405 860 5461; x_wconf 81' lang='lat' dir='ltr'>amen.Nos</span> <span class='ocrx_word' id='word_1_654' title='bbox 889 5408 987 5476; x_wconf 89' lang='lat' dir='ltr'>qui</span> <span class='ocrx_word' id='word_1_655' title='bbox 1005 5408 1264 5462; x_wconf 76' lang='lat' dir='ltr'>vivimus.</span> <span class='ocrx_word' id='word_1_656' title='bbox 1297 5411 1402 5461; x_wconf 92' lang='lat' dir='ltr'>etc.</span> <span class='ocrx_word' id='word_1_657' title='bbox 1439 5405 1547 5461; x_wconf 91' lang='lat' dir='ltr'>Sed</span> <span class='ocrx_word' id='word_1_658' title='bbox 1585 5405 1768 5459; x_wconf 67' lang='lat' dir='ltr'>etillae</span> <span class='ocrx_word' id='word_1_659' title='bbox 1797 5405 2147 5470; x_wconf 78' lang='lat' dir='ltr'>differentiae,</span> 
     </span>
    </p>
   </div>
   <div class='ocr_carea' id='block_1_94' title="bbox 551 5494 2150 5566">
    <p class='ocr_par' dir='ltr' id='par_1_94' title="bbox 551 5494 2150 5566">
     <span class='ocr_line' id='line_1_94' title="bbox 551 5494 2150 5566; baseline 0 -16"><span class='ocrx_word' id='word_1_660' title='bbox 551 5511 693 5566; x_wconf 85' lang='lat' dir='ltr'>quas</span> <span class='ocrx_word' id='word_1_661' title='bbox 721 5494 951 5566; x_wconf 84' lang='lat' dir='ltr'>quidam</span> <span class='ocrx_word' id='word_1_662' title='bbox 977 5495 1324 5550; x_wconf 74' lang='lat' dir='ltr'>differentias</span> <span class='ocrx_word' id='word_1_663' title='bbox 1353 5511 1475 5550; x_wconf 90' lang='lat' dir='ltr'>esse</span> <span class='ocrx_word' id='word_1_664' title='bbox 1521 5500 1862 5563; x_wconf 86' lang='lat' dir='ltr'>asseverant,</span> <span class='ocrx_word' id='word_1_665' title='bbox 1885 5511 1998 5550; x_wconf 93' lang='lat' dir='ltr'>non</span> <span class='ocrx_word' id='word_1_666' title='bbox 2026 5496 2150 5550; x_wconf 91' lang='lat' dir='ltr'>dico</span> 
     </span>
    </p>
   </div>
   <div class='ocr_carea' id='block_1_95' title="bbox 623 5632 1400 5709">
    <p class='ocr_par' dir='ltr' id='par_1_95' title="bbox 623 5632 1400 5709">
     <span class='ocr_line' id='line_1_95' title="bbox 623 5632 1400 5709; baseline 0 -13"><span class='ocrx_word' id='word_1_667' title='bbox 623 5632 731 5709; x_wconf 79' lang='lat'>(20)</span> <span class='ocrx_word' id='word_1_668' title='bbox 750 5637 913 5696; x_wconf 62' lang='lat' dir='ltr'>Nota</span> <span class='ocrx_word' id='word_1_669' title='bbox 929 5639 1159 5696; x_wconf 68' lang='lat' dir='ltr'>musice</span> <span class='ocrx_word' id='word_1_670' title='bbox 1175 5638 1400 5697; x_wconf 89' lang='lat' dir='ltr'>desunt.</span> 
     </span>
    </p>
   </div>
   <div class='ocr_carea' id='block_1_96' title="bbox 2227 4509 3829 4584">
    <p class='ocr_par' dir='ltr' id='par_1_96' title="bbox 2227 4509 3829 4584">
     <span class='ocr_line' id='line_1_96' title="bbox 2227 4509 3829 4584; baseline -0.003 -16"><span class='ocrx_word' id='word_1_671' title='bbox 2227 4514 2374 4584; x_wconf 85' lang='lat' dir='ltr'>quod</span> <span class='ocrx_word' id='word_1_672' title='bbox 2401 4530 2499 4566; x_wconf 85' lang='lat' dir='ltr'>vox</span> <span class='ocrx_word' id='word_1_673' title='bbox 2525 4513 2774 4566; x_wconf 88' lang='lat' dir='ltr'>humana</span> <span class='ocrx_word' id='word_1_674' title='bbox 2797 4518 2927 4583; x_wconf 86' lang='lat' dir='ltr'>apte</span> <span class='ocrx_word' id='word_1_675' title='bbox 2957 4512 3252 4565; x_wconf 91' lang='lat' dir='ltr'>dissonans</span> <span class='ocrx_word' id='word_1_676' title='bbox 3283 4509 3716 4564; x_wconf 90' lang='lat' dir='ltr'>similitudinem</span> <span class='ocrx_word' id='word_1_677' title='bbox 3747 4524 3829 4563; x_wconf 79' lang='lat' dir='ltr'>ex-</span> 
     </span>
    </p>
   </div>
   <div class='ocr_carea' id='block_1_97' title="bbox 2229 4598 3830 4674">
    <p class='ocr_par' dir='ltr' id='par_1_97' title="bbox 2229 4598 3830 4674">
     <span class='ocr_line' id='line_1_97' title="bbox 2229 4598 3830 4674; baseline -0.002 -19"><span class='ocrx_word' id='word_1_678' title='bbox 2229 4603 2437 4674; x_wconf 88' lang='lat' dir='ltr'>primat</span> <span class='ocrx_word' id='word_1_679' title='bbox 2465 4600 2849 4664; x_wconf 86' lang='lat' dir='ltr'>instrumenti,</span> <span class='ocrx_word' id='word_1_680' title='bbox 2891 4600 3036 4670; x_wconf 91' lang='lat' dir='ltr'>quod</span> <span class='ocrx_word' id='word_1_681' title='bbox 3076 4615 3348 4668; x_wconf 85' lang='lat' dir='ltr'>organum</span> <span class='ocrx_word' id='word_1_682' title='bbox 3376 4604 3623 4653; x_wconf 88' lang='lat' dir='ltr'>vocatur.</span> <span class='ocrx_word' id='word_1_683' title='bbox 3659 4598 3830 4652; x_wconf 85' lang='lat' dir='ltr'>Inter-</span> 
     </span>
    </p>
   </div>
   <div class='ocr_carea' id='block_1_98' title="bbox 2229 4688 3825 4763">
    <p class='ocr_par' dir='ltr' id='par_1_98' title="bbox 2229 4688 3825 4763">
     <span class='ocr_line' id='line_1_98' title="bbox 2229 4688 3825 4763; baseline -0.004 -18"><span class='ocrx_word' id='word_1_684' title='bbox 2229 4696 2681 4763; x_wconf 86' lang='lat' dir='ltr'>pretaturautem</span> <span class='ocrx_word' id='word_1_685' title='bbox 2705 4689 3006 4761; x_wconf 90' lang='lat' dir='ltr'>diaphonia</span> <span class='ocrx_word' id='word_1_686' title='bbox 3019 4689 3202 4744; x_wconf 89' lang='lat' dir='ltr'>dualis</span> <span class='ocrx_word' id='word_1_687' title='bbox 3231 4704 3334 4742; x_wconf 85' lang='lat' dir='ltr'>vox</span> <span class='ocrx_word' id='word_1_688' title='bbox 3354 4688 3438 4742; x_wconf 88' lang='lat' dir='ltr'>vel</span> <span class='ocrx_word' id='word_1_689' title='bbox 3457 4688 3825 4742; x_wconf 85' lang='lat' dir='ltr'>dissonantia.</span> 
     </span>
    </p>
   </div>
   <div class='ocr_carea' id='block_1_99' title="bbox 2231 4776 3828 4849">
    <p class='ocr_par' dir='ltr' id='par_1_99' title="bbox 2231 4776 3828 4849">
     <span class='ocr_line' id='line_1_99' title="bbox 2231 4776 3828 4849; baseline -0.004 -15"><span class='ocrx_word' id='word_1_690' title='bbox 2231 4781 2339 4835; x_wconf 92' lang='lat' dir='ltr'>Sed</span> <span class='ocrx_word' id='word_1_691' title='bbox 2364 4787 2668 4848; x_wconf 85' lang='lat' dir='ltr'>antequam</span> <span class='ocrx_word' id='word_1_692' title='bbox 2694 4779 3052 4848; x_wconf 85' lang='lat' dir='ltr'>organizandi</span> <span class='ocrx_word' id='word_1_693' title='bbox 3074 4783 3352 4849; x_wconf 73' lang='lat' dir='ltr'>praecepta</span> <span class='ocrx_word' id='word_1_694' title='bbox 3379 4777 3598 4841; x_wconf 89' lang='lat' dir='ltr'>demus,</span> <span class='ocrx_word' id='word_1_695' title='bbox 3630 4776 3703 4830; x_wconf 91' lang='lat' dir='ltr'>de</span> <span class='ocrx_word' id='word_1_696' title='bbox 3720 4791 3828 4828; x_wconf 91' lang='lat' dir='ltr'>mo-</span> 
     </span>
    </p>
   </div>
   <div class='ocr_carea' id='block_1_100' title="bbox 2229 4866 3826 4938">
    <p class='ocr_par' dir='ltr' id='par_1_100' title="bbox 2229 4866 3826 4938">
     <span class='ocr_line' id='line_1_100' title="bbox 2229 4866 3826 4938; baseline -0.002 -16"><span class='ocrx_word' id='word_1_697' title='bbox 2229 4869 2378 4923; x_wconf 90' lang='lat' dir='ltr'>tibus</span> <span class='ocrx_word' id='word_1_698' title='bbox 2400 4886 2616 4934; x_wconf 85' lang='lat' dir='ltr'>vocum,</span> <span class='ocrx_word' id='word_1_699' title='bbox 2647 4885 2884 4938; x_wconf 88' lang='lat' dir='ltr'>quorum</span> <span class='ocrx_word' id='word_1_700' title='bbox 2907 4867 3278 4921; x_wconf 86' lang='lat' dir='ltr'>consideratio</span> <span class='ocrx_word' id='word_1_701' title='bbox 3308 4866 3377 4920; x_wconf 89' lang='lat' dir='ltr'>ad</span> <span class='ocrx_word' id='word_1_702' title='bbox 3407 4866 3514 4920; x_wconf 92' lang='lat' dir='ltr'>hoc</span> <span class='ocrx_word' id='word_1_703' title='bbox 3539 4866 3826 4936; x_wconf 89' lang='lat' dir='ltr'>negotium</span> 
     </span>
    </p>
   </div>
   <div class='ocr_carea' id='block_1_101' title="bbox 2232 4953 3826 5029">
    <p class='ocr_par' dir='ltr' id='par_1_101' title="bbox 2232 4953 3826 5029">
     <span class='ocr_line' id='line_1_101' title="bbox 2232 4953 3826 5029; baseline -0.004 -16"><span class='ocrx_word' id='word_1_704' title='bbox 2232 4959 2383 5013; x_wconf 92' lang='lat' dir='ltr'>utilis</span> <span class='ocrx_word' id='word_1_705' title='bbox 2412 4965 2497 5012; x_wconf 88' lang='lat' dir='ltr'>est</span> <span class='ocrx_word' id='word_1_706' title='bbox 2526 4975 2704 5029; x_wconf 87' lang='lat' dir='ltr'>pauca</span> <span class='ocrx_word' id='word_1_707' title='bbox 2755 4957 3133 5028; x_wconf 88' lang='lat' dir='ltr'>perstringere</span> <span class='ocrx_word' id='word_1_708' title='bbox 3183 4956 3457 5010; x_wconf 86' lang='lat' dir='ltr'>volumus.</span> <span class='ocrx_word' id='word_1_709' title='bbox 3497 4953 3643 5009; x_wconf 90' lang='lat' dir='ltr'>Cum</span> <span class='ocrx_word' id='word_1_710' title='bbox 3684 4955 3826 5010; x_wconf 88' lang='lat' dir='ltr'>enim</span> 
     </span>
    </p>
   </div>
   <div class='ocr_carea' id='block_1_102' title="bbox 2232 5045 3825 5118">
    <p class='ocr_par' dir='ltr' id='par_1_102' title="bbox 2232 5045 3825 5118">
     <span class='ocr_line' id='line_1_102' title="bbox 2232 5045 3825 5118; baseline -0.003 -17"><span class='ocrx_word' id='word_1_711' title='bbox 2232 5064 2504 5118; x_wconf 88' lang='lat' dir='ltr'>organum</span> <span class='ocrx_word' id='word_1_712' title='bbox 2552 5064 2654 5118; x_wconf 91' lang='lat' dir='ltr'>per</span> <span class='ocrx_word' id='word_1_713' title='bbox 2708 5045 3105 5100; x_wconf 89' lang='lat' dir='ltr'>consonantias</span> <span class='ocrx_word' id='word_1_714' title='bbox 3150 5045 3269 5113; x_wconf 83' lang='lat' dir='ltr'>fiat,</span> <span class='ocrx_word' id='word_1_715' title='bbox 3334 5045 3584 5114; x_wconf 87' lang='lat' dir='ltr'>ipsarum</span> <span class='ocrx_word' id='word_1_716' title='bbox 3645 5051 3825 5098; x_wconf 84' lang='lat' dir='ltr'>autem</span> 
     </span>
    </p>
   </div>
   <div class='ocr_carea' id='block_1_103' title="bbox 2230 5133 3827 5206">
    <p class='ocr_par' dir='ltr' id='par_1_103' title="bbox 2230 5133 3827 5206">
     <span class='ocr_line' id='line_1_103' title="bbox 2230 5133 3827 5206; baseline -0.003 -15"><span class='ocrx_word' id='word_1_717' title='bbox 2230 5137 2659 5191; x_wconf 89' lang='lat' dir='ltr'>constitutiones</span> <span class='ocrx_word' id='word_1_718' title='bbox 2682 5151 2783 5206; x_wconf 80' lang='lat' dir='ltr'>per</span> <span class='ocrx_word' id='word_1_719' title='bbox 2813 5143 2999 5188; x_wconf 90' lang='lat' dir='ltr'>motus</span> <span class='ocrx_word' id='word_1_720' title='bbox 3038 5150 3232 5187; x_wconf 90' lang='lat' dir='ltr'>vocum</span> <span class='ocrx_word' id='word_1_721' title='bbox 3262 5134 3567 5195; x_wconf 90' lang='lat' dir='ltr'>varientur,</span> <span class='ocrx_word' id='word_1_722' title='bbox 3586 5133 3737 5204; x_wconf 92' lang='lat' dir='ltr'>quod</span> <span class='ocrx_word' id='word_1_723' title='bbox 3749 5149 3827 5186; x_wconf 81' lang='lat' dir='ltr'>eo-</span> 
     </span>
    </p>
   </div>
   <div class='ocr_carea' id='block_1_104' title="bbox 2231 5221 3824 5288">
    <p class='ocr_par' dir='ltr' id='par_1_104' title="bbox 2231 5221 3824 5288">
     <span class='ocr_line' id='line_1_104' title="bbox 2231 5221 3824 5288; baseline -0.005 -9"><span class='ocrx_word' id='word_1_724' title='bbox 2231 5243 2354 5281; x_wconf 89' lang='lat' dir='ltr'>rum</span> <span class='ocrx_word' id='word_1_725' title='bbox 2385 5225 2616 5279; x_wconf 88' lang='lat' dir='ltr'>insertio</span> <span class='ocrx_word' id='word_1_726' title='bbox 2638 5226 2744 5279; x_wconf 90' lang='lat' dir='ltr'>hoc</span> <span class='ocrx_word' id='word_1_727' title='bbox 2773 5227 2829 5277; x_wconf 89' lang='lat' dir='ltr'>in</span> <span class='ocrx_word' id='word_1_728' title='bbox 2852 5225 2971 5277; x_wconf 92' lang='lat' dir='ltr'>loco</span> <span class='ocrx_word' id='word_1_729' title='bbox 3002 5223 3158 5277; x_wconf 90' lang='lat' dir='ltr'>utilis</span> <span class='ocrx_word' id='word_1_730' title='bbox 3175 5223 3268 5288; x_wconf 92' lang='lat' dir='ltr'>sit,</span> <span class='ocrx_word' id='word_1_731' title='bbox 3307 5221 3699 5276; x_wconf 88' lang='lat' dir='ltr'>nullidubium</span> <span class='ocrx_word' id='word_1_732' title='bbox 3730 5226 3824 5276; x_wconf 89' lang='lat' dir='ltr'>est.</span> 
     </span>
    </p>
   </div>
   <div class='ocr_carea' id='block_1_105' title="bbox 2235 5311 3823 5382">
    <p class='ocr_par' dir='ltr' id='par_1_105' title="bbox 2235 5311 3823 5382">
     <span class='ocr_line' id='line_1_105' title="bbox 2235 5311 3823 5382; baseline -0.004 -11"><span class='ocrx_word' id='word_1_733' title='bbox 2235 5316 2400 5371; x_wconf 84' lang='lat' dir='ltr'>Fiunt</span> <span class='ocrx_word' id='word_1_734' title='bbox 2425 5321 2616 5369; x_wconf 85' lang='lat' dir='ltr'>autem</span> <span class='ocrx_word' id='word_1_735' title='bbox 2675 5330 2868 5367; x_wconf 88' lang='lat' dir='ltr'>vocum</span> <span class='ocrx_word' id='word_1_736' title='bbox 2915 5312 3191 5366; x_wconf 90' lang='lat' dir='ltr'>motiones</span> <span class='ocrx_word' id='word_1_737' title='bbox 3235 5328 3333 5382; x_wconf 89' lang='lat' dir='ltr'>per</span> <span class='ocrx_word' id='word_1_738' title='bbox 3360 5311 3513 5365; x_wconf 87' lang='lat' dir='ltr'>arsin</span> <span class='ocrx_word' id='word_1_739' title='bbox 3543 5316 3600 5365; x_wconf 91' lang='lat' dir='ltr'>et</span> <span class='ocrx_word' id='word_1_740' title='bbox 3626 5311 3823 5375; x_wconf 89' lang='lat' dir='ltr'>thesin,</span> 
     </span>
    </p>
   </div>
   <div class='ocr_carea' id='block_1_106' title="bbox 2233 5398 3824 5474">
    <p class='ocr_par' dir='ltr' id='par_1_106' title="bbox 2233 5398 3824 5474">
     <span class='ocr_line' id='line_1_106' title="bbox 2233 5398 3824 5474; baseline -0.005 -16"><span class='ocrx_word' id='word_1_741' title='bbox 2233 5404 2288 5458; x_wconf 90' lang='lat' dir='ltr'>id</span> <span class='ocrx_word' id='word_1_742' title='bbox 2319 5410 2424 5464; x_wconf 81' lang='lat' dir='ltr'>est.</span> <span class='ocrx_word' id='word_1_743' title='bbox 2447 5420 2548 5474; x_wconf 89' lang='lat' dir='ltr'>per</span> <span class='ocrx_word' id='word_1_744' title='bbox 2574 5402 2941 5457; x_wconf 87' lang='lat' dir='ltr'>elevationem</span> <span class='ocrx_word' id='word_1_745' title='bbox 2998 5407 3055 5456; x_wconf 92' lang='lat' dir='ltr'>et</span> <span class='ocrx_word' id='word_1_746' title='bbox 3116 5401 3544 5472; x_wconf 90' lang='lat' dir='ltr'>depositionem.</span> <span class='ocrx_word' id='word_1_747' title='bbox 3582 5398 3824 5463; x_wconf 88' lang='lat' dir='ltr'>Quorum</span> 
     </span>
    </p>
   </div>
   <div class='ocr_carea' id='block_1_107' title="bbox 2230 5487 3824 5561">
    <p class='ocr_par' dir='ltr' id='par_1_107' title="bbox 2230 5487 3824 5561">
     <span class='ocr_line' id='line_1_107' title="bbox 2230 5487 3824 5561; baseline -0.004 -15"><span class='ocrx_word' id='word_1_748' title='bbox 2230 5493 2491 5548; x_wconf 88' lang='lat' dir='ltr'>videlicet</span> <span class='ocrx_word' id='word_1_749' title='bbox 2519 5492 2662 5546; x_wconf 88' lang='lat' dir='ltr'>arsis</span> <span class='ocrx_word' id='word_1_750' title='bbox 2674 5499 2732 5546; x_wconf 90' lang='lat' dir='ltr'>et</span> <span class='ocrx_word' id='word_1_751' title='bbox 2749 5492 2924 5546; x_wconf 89' lang='lat' dir='ltr'>thesis</span> <span class='ocrx_word' id='word_1_752' title='bbox 2941 5491 3125 5546; x_wconf 89' lang='lat' dir='ltr'>omnis</span> <span class='ocrx_word' id='word_1_753' title='bbox 3160 5505 3366 5546; x_wconf 89' lang='lat' dir='ltr'>neuma</span> <span class='ocrx_word' id='word_1_754' title='bbox 3383 5495 3591 5561; x_wconf 70' lang='lat' dir='ltr'>praeter</span> <span class='ocrx_word' id='word_1_755' title='bbox 3619 5487 3824 5560; x_wconf 88' lang='lat' dir='ltr'>simpli-</span> 
     </span>
    </p>
   </div>
   <div class='ocr_carea' id='block_1_108' title="bbox 2304 5634 2857 5709">
    <p class='ocr_par' dir='ltr' id='par_1_108' title="bbox 2304 5634 2857 5709">
     <span class='ocr_line' id='line_1_108' title="bbox 2304 5634 2857 5709; baseline 0.002 -17"><span class='ocrx_word' id='word_1_756' title='bbox 2304 5635 2423 5709; x_wconf 82' lang='grc'><strong>(21)</strong></span> <span class='ocrx_word' id='word_1_757' title='bbox 2452 5636 2596 5692; x_wconf 91' lang='lat' dir='ltr'>Cum</span> <span class='ocrx_word' id='word_1_758' title='bbox 2624 5634 2857 5693; x_wconf 89' lang='lat' dir='ltr'>notulis.</span> 
     </span>
    </p>
   </div>
  </div>
