3934 6356
139 273 280 333 1429

1627 279 1913 335 MUSICA.

3267 279 3411 342 M30

130 417 227 456 ces
256 404 315 458 et
342 417 697 474 repercussas
740 404 982 473 gemelle
1029 404 1278 458 motione
1323 404 1726 459 conformatur.
1747 407 1982 475 Aquam
2014 412 2203 463 autem
2225 425 2347 480 quae
2379 408 2640 471 diximus,
2672 406 2923 462 studioso
2968 406 3161 464 lectori
3187 407 3405 480 liquida

129 491 461 563 Simplicem
499 502 692 546 autem
739 509 1000 547 neumam
1044 494 1282 548 dicimus
1330 494 1605 563 virgulam
1644 494 1731 548 vel

128 587 407 653 punctum
435 599 449 647 ;
478 598 866 652 repercussam
914 599 1063 637 vero.
1107 600 1274 653 quam
1307 584 1490 637 Berno
1522 583 1725 637 distro-

128 670 305 740 pham
333 670 417 724 vel
443 670 808 741 tristrupham
838 677 1016 725 vocat.
1047 672 1207 725 Arsis
1235 678 1422 726 autem
1465 678 1520 726 ct
1554 672 1730 726 thesis

126 758 420 812 interdum
465 758 691 814 sibimet
722 761 1061 830 junguntur,
1104 766 1168 815 ut
1209 761 1349 815 arsis
1378 761 1513 826 arsi,
1554 760 1729 814 thesis

127 845 594 911 thesi,interdum
624 848 806 902 altera
834 849 1094 913 alteri,ut
1123 850 1266 903 arsis
1285 849 1452 904 thesi.
1480 850 1588 904 Sed
1606 849 1729 919 ipsa

122 934 350 1006 junctio
373 936 577 1006 partim
615 936 680 991 ﬁt
719 953 784 990 ex
808 936 1086 991 similibus
1118 937 1381 1001 motibus,
1419 937 1625 1008 partim
1661 953 1728 990 ex

128 1023 520 1078 dissimilibus.
552 1024 865 1080 Dissimiles
886 1026 1091 1098 quippe
1119 1032 1305 1080 motus
1335 1028 1477 1081 ﬁunt
1501 1027 1561 1080 in
1580 1042 1727 1097 prae-

128 1114 286 1169 dicta
302 1115 613 1184 junctione,
645 1131 772 1168 cum
804 1115 948 1169 alius
977 1115 1087 1169 alio
1109 1116 1297 1185 plures
1328 1117 1408 1169 vel
1438 1114 1728 1187 pauciores

128 1203 305 1259 habet
333 1220 510 1268 voces,
539 1204 655 1258 sive
675 1205 855 1274 magis
885 1206 1227 1275 conjunctas,
1262 1205 1376 1259 sive
1407 1204 1587 1275 magis
1611 1204 1727 1259 dis-

122 1294 375 1363 junctas.
407 1290 476 1345 In
517 1293 910 1362 conjunctione
953 1299 1143 1347 autem
1189 1294 1450 1347 similiter
1486 1293 1571 1346 vel
1609 1293 1725 1347 dis-

128 1382 395 1437 similiter
415 1383 560 1437 facta
584 1390 770 1437 motus
799 1383 979 1437 motui
1013 1389 1132 1438 tum
1165 1383 1495 1454 praepositus
1517 1382 1728 1436 inveni-

127 1477 246 1537 tur,
280 1477 346 1526 ut
372 1471 432 1525 in
461 1471 842 1543 superioribus
863 1473 1078 1542 positus
1102 1490 1113 1534 ;
1142 1478 1262 1526 tum
1294 1471 1635 1542 suppositus,
1669 1471 1727 1524 id

128 1567 218 1615 est
241 1560 302 1614 in
330 1560 688 1615 inferioribus
714 1560 964 1632 positus;
998 1567 1119 1615 tum
1160 1562 1468 1631 appositus,
1503 1577 1630 1615 cum
1666 1560 1726 1614 in

128 1666 245 1721 qua
271 1665 403 1703 voce
432 1649 563 1703 ﬁnis
594 1655 676 1703 est
706 1649 1090 1721 praecedentis,
1127 1649 1462 1720 principium
1493 1655 1579 1703 est
1600 1666 1726 1703 con-

128 1739 450 1809 sequentis;
484 1744 605 1792 tum
636 1739 1020 1809 interpositus,
1053 1754 1177 1792 cum
1200 1755 1346 1792 unus
1379 1744 1564 1792 motus
1580 1739 1727 1792 intra

1813 494 1943 559 sint,
1968 496 2223 552 volumus
2245 503 2435 553 tamen
2457 513 2690 570 parvum
2719 497 3034 568 exemplum
3066 497 3405 552 benevolen-

1811 582 1904 636 tia:
1932 599 2101 638 causa
2129 584 2425 640 adducere.

2108 674 2347 727 Laudate
2374 675 2677 728 Dominum
2704 676 2769 728 de
2791 676 2935 728 caelis
2966 672 3101 742 (2‘2).

1879 760 2340 817 Animadvertere
2368 763 2540 817 etiam
2583 762 2773 827 debes,
2816 763 2964 834 quod
3009 762 3263 834 quamvis
3300 777 3403 833 ego

1809 848 1868 903 in
1895 850 2240 921 simplicibus
2271 851 2514 906 motibus
2530 851 2766 922 simplex
2792 867 3067 921 organum
3093 850 3402 923 posuerim,

1808 938 2038 993 cuilibet
2080 945 2272 994 tamen
2303 940 2650 1011 organizanti
2694 939 2979 1012 simplices
3008 946 3196 995 motus
3224 939 3406 1011 dupli-

1808 1043 1936 1082 care
1989 1029 2073 1083 vel
2116 1029 2421 1099 triplicare,
2462 1029 2548 1083 vel
2591 1029 2788 1100 quovis
2825 1028 2991 1083 modo
3018 1033 3406 1100 competenter

1809 1116 2143 1186 conglobare
2180 1117 2226 1171 si
2271 1117 2512 1172 voluerit
2537 1117 2687 1172 licet.
2721 1118 2789 1173 Et
2815 1117 2886 1172 de
2914 1116 3218 1191 diaphonia
3248 1116 3401 1172 istud

1808 1205 2093 1259 tantillum
2124 1222 2227 1259 nos
2255 1206 2463 1260 dixisse
2490 1206 2750 1262 sufﬁciat.

1943 1294 2139 1349 XXIV.
2171 1296 2245 1349 De
2274 1295 2451 1349 modis
2476 1300 2527 1349 et
2552 1310 2743 1349 eorum
2772 1297 3099 1363 di/[crentiis
3125 1293 3265 1365 (‘23).

1878 1383 2003 1436 Jam
2049 1399 2199 1437 nunc
2246 1383 2440 1437 modos
2485 1400 2589 1454 per
2627 1384 2818 1438 omnia
2869 1384 3399 1456 exempliﬁcaturus,

1809 1470 2172 1541 quaestionem
2220 1472 2575 1542 quorundam
2622 1472 2693 1526 de
2733 1472 3180 1527 differentiarum
3204 1472 3403 1529 ordine

1806 1560 2065 1615 videlicet
2107 1578 2207 1615 cur
2243 1577 2373 1616 eum
2411 1561 2666 1615 ordinem
2703 1561 2952 1616 habeant
2988 1578 3155 1633 quem
3193 1561 3403 1617 habent

1807 1649 1872 1719 [f.
1907 1648 2246 1722 proponam]
2312 1650 2426 1721 Ego
2469 1656 2662 1704 autem
2709 1650 2923 1706 nullam
2970 1651 3140 1720 hujus
3168 1650 3250 1722 rei
3275 1666 3405 1706 cau-

1808 1756 1925 1793 sam
1959 1738 2065 1792 nisi
2092 1739 2273 1793 solum
2304 1756 2469 1793 usum
2498 1738 2749 1806 invenio;
2782 1740 2879 1794 sed
2916 1756 3022 1795 nec
3049 1739 3120 1794 ab
3139 1721 3254 1794 ullo
3275 1755 3403 1797 mu-

127 1828 306 1881 alium
329 1827 543 1898 positus
570 1833 627 1882 et
642 1829 828 1882 minus
845 1832 931 1900 est
946 1827 1155 1897 gravis,
1187 1833 1245 1881 et
1274 1827 1460 1881 minus
1487 1832 1573 1880 est
1590 1844 1725 1881 acu-
1745 1801 1790 1859 B
1807 1827 2052 1882 sicorum
2095 1828 2358 1898 scriptam
2405 1830 2607 1898 reperi.
2661 1830 2805 1883 Nam
2854 1829 3002 1900 quod
3054 1828 3285 1900 quidam
3312 1828 3405 1883 di-

127 1922 259 1981 tus;
291 1921 411 1971 tum
443 1917 651 1970 mixtus
676 1917 732 1970 id
760 1897 1075 1986 est‘partim
1109 1916 1491 1986 interpositus,
1518 1916 1722 1986 partim
1807 1922 1960 1980 cunt,
1997 1933 2090 1970 eas
2130 1897 2442 1971 secundum
2472 1897 2929 1988 iantiphonaru‘m
2975 1897 3403 1988 dispositionem

128 2006 476 2077 suppositus,
510 2012 610 2059 aut
638 2006 987 2076 praepositus,
1033 2012 1134 2058 aut
1174 2005 1481 2075 appositus.
1535 2006 1613 2059 De
1639 2006 1725 2059 his
1805 2005 1861 2058 in
1909 2005 2302 2077 antiphonario
2332 2022 2454 2062 esse
2483 2007 2789 2072 ordinatas,
2826 2006 2963 2060 illud
3001 2022 3116 2060 non
3164 2005 3244 2060 ita
3280 2022 3405 2062 esse

128 2094 393 2149 omnibus
423 2094 471 2148 si
500 2095 751 2165 exempla
789 2095 1001 2157 darem,
1035 2094 1261 2148 taedium
1298 2094 1480 2164 potius
1506 2094 1721 2161 lectori,
1807 2095 1892 2149 vel
1921 2095 2096 2148 idiota
2123 2095 2412 2149 advertere
2453 2100 2655 2165 potest.
2697 2096 2813 2149 Nec
2844 2095 2950 2149 hoc
2974 2093 3406 2166 praetermittere

127 2200 301 2256 quam
331 2184 641 2255 proﬁcuum
668 2183 844 2237 nimia
873 2183 1552 2254 prolixitateingererem,
1580 2199 1723 2253 prze-
1808 2183 2019 2248 curavi,
2071 2184 2216 2253 quod
2265 2183 2474 2238 rectius
2522 2183 2661 2237 mihi
2718 2183 2915 2238 fecisse
2966 2183 3246 2249 videntur,
3304 2183 3403 2254 qui

127 2273 327 2328 sertim
357 2290 484 2327 cum
516 2274 631 2327 haec
660 2274 851 2327 omnia
878 2290 977 2344 per
1013 2290 1072 2327 se
1119 2272 1305 2326 videre
1344 2272 1536 2342 possit,
1571 2272 1725 2343 quis-
1810 2272 2140 2344 principalia
2188 2275 2514 2326 seculorum
2568 2289 2732 2326 amen
2787 2272 3039 2327 omnium
3106 2271 3405 2327 modorum

129 2364 255 2435 quis
286 2371 554 2417 cantuum
583 2363 824 2433 diligens
852 2362 1728 2432 investigatorfuerit.Variantur
1810 2362 2119 2433 simplicem
2141 2378 2405 2416 neumam
2432 2361 2491 2415 in
2520 2362 2631 2416 ﬁne
2660 2361 2869 2416 habere
2896 2366 3405 2432 sanxerunt,quam

129 2453 343 2507 eaedem
382 2468 601 2506 neumae
628 2452 686 2505 in
726 2451 969 2505 motibus
999 2451 1115 2505 suis
1140 2450 1448 2504 secundum
1479 2450 1726 2503 diversas
1811 2452 1906 2522 qui
1936 2451 2102 2505 aliter
2129 2467 2196 2504 ea
2223 2451 2640 2521 disposuerunt.
2686 2450 2754 2504 Hi
2801 2451 2955 2505 enim
3001 2449 3249 2521 aliquam
3277 2465 3406 2505 can-

128 2542 430 2596 modorum
461 2542 853 2613 proprietates.
888 2541 1061 2611 Cujus
1106 2541 1186 2594 rei
1212 2540 1528 2610 exemplum
1559 2538 1728 2608 subji-

130 2648 258 2686 cere
287 2631 559 2696 volumus,
607 2636 672 2685 ut
716 2631 847 2685 inde
885 2646 999 2685 non
1038 2630 1219 2684 solum
1258 2630 1476 2683 discens
1506 2628 1729 2698 organi-

130 2737 258 2775 zare
316 2719 593 2791 proﬁciat.
641 2721 741 2774 sed
790 2726 848 2775 et
882 2736 1088 2774 novum
1127 2726 1359 2773 cantum
1390 2733 1726 2789 componere

131 2810 365 2882 cupiens
395 2809 722 2864 modulandi
752 2809 1050 2864 formulam
1082 2808 1305 2863 habeat.

234 2935 376 2990 DFE
427 2935 611 2990 FGEF
659 2935 705 2989 D

236 3037 461 3091 Ancilla
485 3035 693 3091 Christi
711 3050 836 3088 sum
867 3033 984 3087 ideo
1010 3049 1094 3086 me
1124 3033 1339 3089 ostendo
1367 3034 1619 3085 servilem

766 3147 1061 3203 personam
1072 3171 1083 3184 .

203 3260 514 3316 Considera
541 3260 708 3314 etiam
716 3302 733 3329 ,
780 3258 976 3331 quodsi
1013 3262 1243 3312 cantum
1281 3255 1431 3327 proti
1459 3255 1518 3309 in
1557 3270 1724 3309 cursu

130 3350 351 3406 deuteri
388 3350 557 3403 simili
586 3366 785 3404 vocum
813 3347 1177 3419 dispositione
1218 3345 1551 3405 cantaveris,
1595 3360 1725 3415 per-

129 3457 361 3512 parvam
393 3439 605 3494 videbis
620 3437 1155 3493 disconvenientiam
1194 3436 1349 3490 Idem
1371 3434 1725 3488 intertritum

130 3530 559 3600 tetrardumque
587 3529 710 3583 ﬁeri
738 3528 899 3581 solet.
924 3527 1024 3581 His
1047 3527 1129 3581 ita
1148 3524 1726 3596 compendioseinser-

126 3620 202 3674 tis
252 3619 325 3673 ad
373 3617 734 3690 diaphoniam
774 3617 1089 3671 redeamus.
1138 3616 1215 3669 Ea
1266 3613 1469 3668 diversi
1509 3612 1726 3667 diverse

128 3712 388 3763 utuntur.
424 3708 699 3761 Cmterum
737 3706 828 3760 hic
868 3705 1169 3759 facillimus
1208 3705 1326 3773 ejus
1363 3719 1499 3756 usus
1531 3707 1634 3761 est.
1675 3700 1723 3754 si

128 3807 388 3852 motuum
416 3797 658 3851 varietas
684 3795 985 3866 diligenter
1012 3794 1430 3848 consideretur:
1455 3797 1520 3845 ut
1549 3789 1644 3844 ubi
1664 3790 1723 3842 in

127 3892 282 3941 recta
314 3886 697 3940 modulatione
720 3891 805 3939 est
843 3883 1097 3947 elevatio,
1130 3882 1207 3936 ibi
1232 3882 1291 3935 in
1321 3880 1586 3950 organica
1623 3880 1723 3932 ﬁat

127 3972 404 4047 depositio
437 3980 495 4029 et
526 3991 556 4029 e
587 3990 871 4029 converso.
911 3971 1326 4027 Providendum
1377 3985 1599 4040 quoque
1638 3972 1724 4021 est

127 4064 498 4136 organizanti,
528 4071 593 4118 ut
620 4064 669 4118 si
698 4069 853 4117 recta
888 4061 1195 4116 modulatio
1225 4060 1283 4114 in
1307 4059 1571 4130 gravibus
1601 4073 1724 4110 mo-

126 4170 250 4209 ram
304 4154 520 4218 fecerit,
553 4154 673 4222 ipse
715 4153 774 4206 in
822 4153 1004 4206 acutis
1041 4150 1291 4205 canendo
1323 4164 1425 4220 per
1450 4147 1723 4218 diapason

127 4250 419 4310 occurrat;
451 4243 540 4296 sin
576 4258 703 4296 vero
729 4242 787 4295 in
826 4240 1022 4305 acutis,
1055 4240 1174 4311 ipse
1222 4239 1281 4292 in
1320 4237 1587 4308 gravibus
1626 4252 1725 4307 per

126 4334 401 4404 diapason
430 4331 787 4386 concordiam
818 4330 1020 4384 faciat:
1044 4328 1233 4383 cantui
1263 4335 1454 4382 autem
1480 4327 1539 4380 in
1570 4341 1723 4379 mese

1808 2540 1919 2595 tori
1956 2540 2353 2612 certitudinem
2394 2539 2710 2603 conferunt,
2758 2539 2842 2593 illi
2887 2555 3195 2611 nunquam.
3251 2539 3405 2594 Neve

1809 2629 1935 2701 quis
1959 2628 2240 2682 existimet
2272 2627 2343 2681 de
2363 2627 2703 2699 etymologia
2732 2627 3057 2681 ofﬁcialium
3085 2626 3402 2698 nominum,

1807 2726 1873 2772 ut
1912 2723 1997 2773 est
2034 2733 2431 2788 responsorum
2483 2722 2540 2770 et
2573 2715 3030 2786 antiphonarum,
3084 2720 3217 2780 etc.,
3264 2713 3404 2769 talia

1808 2823 1899 2860 me
1944 2806 2249 2869 dicturum,
2306 2804 2447 2859 illud
2488 2804 2765 2875 imprimis
2810 2803 3015 2858 abnuo.
3062 2803 3212 2858 Satis
3248 2802 3403 2859 enim

1808 2895 1947 2949 mihi
1995 2901 2100 2960 est,
2150 2895 2197 2949 si
2244 2893 2531 2966 proposita
2566 2892 2637 2946 ad
2665 2893 2893 2964 plenum
2922 2892 3123 2963 exequi
3153 2892 3395 2964 possim.

1744 2997 1788 3058 ρ
1812 2982 1965 3036 Scire
1994 2997 2061 3036 ea
2089 2981 2403 3053 cupientem
2431 2981 2502 3035 ad
2532 2979 2740 3034 librum
2769 2979 2988 3044 Isidori,
3020 2979 3118 3051 qui
3146 2979 3401 3036 intitula-

1807 3077 1904 3126 tur
1942 3072 2443 3138 Etynwlogz'arum,
2483 3070 2571 3124 vel
2623 3069 2793 3124 etiam
2846 3068 2918 3122 ad
2957 3068 3229 3123 Amalarii
3256 3067 3397 3124 utile

1808 3176 1949 3232 opus
2004 3160 2088 3214 ire
2137 3159 2329 3230 jubeo.
2379 3158 2504 3213 Hoc
2550 3174 2772 3230 quoque
2817 3158 3106 3225 recusabo,
3151 3164 3218 3214 ut
3244 3173 3403 3213 more

1808 3251 2081 3306 Bernonis
2106 3249 2392 3305 tonarinm
2422 3249 2717 3318 disponam
2750 3266 2762 3302 :
2796 3247 3054 3303 videlicet
3078 3252 3142 3302 ut
3178 3262 3402 3303 nonan-

1809 3356 2024 3395 noeane
2062 3339 2133 3393 ad
2163 3337 2416 3408 singulos
2457 3336 2650 3391 modos
2695 3335 3077 3406 praescribam,
3116 3335 3202 3389 vel
3247 3334 3404 3390 diﬂ'e-

1808 3429 2018 3484 rentias
2049 3444 2188 3500 quas
2217 3442 2388 3498 supra
2410 3425 2590 3479 taxavi
2611 3426 2926 3497 superﬂuas
2952 3423 3404 3490 interseram,vel

1807 3535 2002 3572 omnes
2027 3517 2364 3588 antiphonas
2392 3515 2464 3569 ad
2492 3530 2670 3568 unum
2698 3518 3027 3568 saeculorum
3051 3529 3216 3568 amen
3232 3512 3403 3585 perti-

1808 3614 2006 3662 nentes
2033 3607 2090 3661 in
2121 3622 2293 3660 unum
2324 3603 2607 3673 colligam,
2632 3603 2944 3674 praesertim
2960 3618 3087 3657 cum
3111 3602 3403 3674 prolixitas

1805 3699 1881 3751 sit
1907 3697 2157 3760 tasdiosa,
2190 3700 2247 3750 et
2273 3694 2468 3748 lectori
2509 3708 2687 3763 usque
2719 3692 2830 3745 huc
2866 3697 3129 3763 provecto
3158 3692 3402 3763 paucula

1805 3788 2058 3857 exempla
2089 3784 2388 3840 sufﬁciant.
2432 3783 2513 3836 De
2562 3780 2716 3835 omni
2747 3787 2939 3835 autem
2967 3780 3195 3835 ofﬁciali
3230 3786 3404 3837 cantu

1804 3875 2198 3946 compendiose
2256 3871 2509 3942 exempla
2563 3869 2708 3924 dabo
2754 3868 2967 3940 absque
3004 3868 3402 3941 cantiunculis,

1804 3980 1943 4035 quas
1988 3980 2161 4034 supra
2206 3962 2500 4016 modorum
2550 3958 2821 4013 formulas
2871 3957 3157 4012 nominavi
3200 3975 3215 4012 :
3262 3958 3398 4028 quia

1805 4071 1943 4124 quas
1969 4054 2086 4123 jam
2120 4052 2302 4122 posui,
2344 4067 2458 4105 non
2503 4063 2730 4103 necesse
2774 4052 2861 4101 est
2906 4046 3115 4100 iterum
3163 4062 3391 4117 ponere.

1807 4144 1905 4198 His
1932 4143 2013 4196 ita
2042 4140 2344 4212 praemissis
2369 4140 2438 4194 de
2459 4136 2855 4210 principalibus
2874 4139 3201 4190 secutorum
3230 4150 3398 4190 amen

1804 4232 2055 4286 omnium
2077 4230 2371 4284 modorum
2400 4245 2463 4282 ac
2486 4225 2833 4293 differentiis,
2849 4234 3017 4296 prout
3043 4225 3395 4296 propositum

1806 4327 1909 4387 est,
1939 4322 2300 4375 disseramus.

126 4423 211 4477 vel
225 4402 391 4476 icirca
423 4438 575 4476 mese
595 4420 954 4492 pausationes
992 4418 1219 4474 facienti
1266 4418 1325 4471 in
1366 4416 1564 4471 eadem
1593 4431 1786 4498 voceD
1879 4409 2115 4482 Explicit
2141 4413 2415 4463 tractatus
2436 4407 2707 4462 Johannis
2736 4407 2805 4461 de
2833 4410 2955 4460 arte
2979 4402 3214 4458 musica.

124 4510 484 4582 respondeat.

198 4599 624 4655 Observandum
655 4603 759 4665 est,
792 4603 856 4652 ut
886 4613 1160 4669 organum
1190 4597 1271 4651 ita
1298 4600 1541 4660 texatur,
1572 4609 1722 4647 nunc

124 4691 185 4746 in
213 4690 413 4746 eadem
442 4706 592 4755 voce,
627 4705 777 4743 nunc
802 4704 903 4760 per
930 4688 1199 4759 diapason
1230 4684 1551 4740 alternatim
1583 4682 1718 4748 ﬁat;

123 4780 334 4853 sapius
356 4784 550 4834 tamen
577 4785 632 4832 et
661 4776 1007 4832 commodius
1026 4777 1087 4831 in
1117 4776 1314 4831 eadem
1333 4790 1483 4830 voce.
1519 4772 1724 4837 Quam-

199 4941 310 5013 (2'2)
342 4936 564 4997 Desunt
589 4945 737 4996 notae
758 4940 1004 5013 musicae.

199 5006 319 5083 (23)
351 5014 607 5079 Quatuor
644 5013 763 5066 haec
805 5012 990 5083 capita
1031 5009 1291 5083 superius
1330 5006 1596 5083 distincte
1620 5021 1725 5083 no:-

125 5076 272 5152 tata,
296 5076 392 5140 hic
417 5084 478 5138 in
506 5100 682 5138 unum
721 5076 1149 5151 contrahuntur,
1179 5081 1310 5152 quia
1339 5078 1626 5151 pertinent
1654 5076 1725 5131 ad

122 5158 436 5224 tonarium,
471 5172 639 5227 quem
667 5155 999 5210 omittimus.

2198 4496 2401 4568 Incipit
2434 4498 2691 4552 tonarius
2726 4494 2998 4567 ejusdem.

1874 4590 2194 4644 Authentus
2208 4593 2402 4657 protus
2419 4591 2643 4641 constat
2663 4603 2728 4641 ex
2749 4585 2932 4657 prima
2958 4581 3144 4656 specie
3172 4581 3400 4652 diapen-

1803 4684 1879 4744 te,
1905 4684 1962 4734 et
2002 4695 2067 4733 ex
2095 4677 2281 4749 prima
2303 4675 2488 4746 specie
2516 4675 2868 4731 diatessaron
2895 4671 3171 4744 superius.
3213 4669 3398 4741 Hujus

1804 4769 2008 4825 ultima
2035 4765 2249 4839 syllaba
2275 4765 2335 4820 in
2362 4766 2690 4819 saculorum
2717 4780 2902 4833 amen,
2930 4767 3037 4818 etc.
3069 4759 3194 4832 (24).

1879 4928 1984 4999 (24)
2036 4929 2519 5002 Supervacaneum
2565 4924 2888 5002 judicamus
2946 4920 3260 5002 describere
3313 4919 3402 5002 vel

1808 4994 1978 5058 edere
1995 4994 2320 5073 Tonarium,
2350 4998 2411 5052 in
2441 5012 2551 5068 quo
2574 4994 2909 5073 differentiae
2927 4994 3165 5073 eaedem.
3191 5007 3315 5073 quae
3340 4994 3403 5047 in

1807 5072 2081 5129 Bernonis
2107 5071 2372 5135 Tonario,
2401 5066 2624 5123 tantum
2662 5067 2840 5121 multo
2866 5066 3084 5120 minore
3114 5066 3276 5136 copia
3303 5078 3401 5117 no-

1805 5152 2021 5213 tantur,
2051 5144 2173 5198 aliae
2201 5143 2273 5198 ad
2301 5140 2530 5214 verbum
2550 5138 2665 5193 fere
2685 5137 3044 5193 conveniunt.

1588 5345 1905 5366 ﬂ
