3934 6354
201 264 351 326 1437

720 401 954 458 CAPUT
989 399 1298 459 PRIMUM.

204 505 536 581 Incendium
591 508 916 581 Elnonense.
977 511 1253 564 Miracula
1301 510 1376 563 ad
1429 513 1702 581 reliquias
1744 512 1811 567 S.‘

491 579 736 632 Amandi
763 581 1051 635 Cameracz'
1081 587 1131 633 et
1162 580 1334 634 ϐορείί
1361 583 1528 648 facta.

278 663 763 738 2.(Cap.?.)1gitur
774 683 921 722 anno
934 667 1002 721 ab
1016 668 1406 723 Incarnatione
1417 670 1804 741 Domini1066,

204 753 497 808 atransitu
509 770 639 808 vero
652 755 891 809 Amandi
903 755 1009 811 406
1024 758 1123 824 (3),
1141 756 1244 811 sub
1257 771 1320 810 III
1341 755 1542 812 Iduum
1566 760 1807 813 Februa-

200 842 442 906 riarum,
487 844 697 897 Elnone
736 859 981 899 accensas
1017 851 1151 899 sunt
1190 846 1390 901 domus
1428 847 1484 901 in
1515 848 1636 902 foro
1666 849 1807 902 hora

200 929 325 985 fere
354 931 525 986 tertia
554 931 650 998 (4),
678 932 827 987 unde
856 939 913 988 et
952 933 1009 987 in
1039 934 1216 1005 ipsam
1247 935 1494 1005 praedicti
1525 938 1805 1006 pontiﬁcis

203 1018 498 1075 ecclesiam
531 1020 804 1091 plumbeis
832 1021 1037 1076 tabulis
1065 1028 1293 1088 tectam,
1328 1040 1427 1094 per
1454 1026 1673 1095 tegulas
1701 1026 1804 1080 sub

199 1107 345 1179 ipsis
368 1108 697 1164 tabulaticis‘
716 1110 944 1165 ﬂamma
972 1111 1244 1182 prorupit,
1268 1112 1489 1183 antiqui
1522 1113 1713 1169 hostis.
1742 1121 1807 1170 ut

203 1195 511 1262 credimus,
544 1196 771 1253 invidia.
795 1199 928 1263 Quae
957 1199 1080 1270 ipsa
1106 1216 1232 1253 cum
1263 1200 1522 1256 omnibus
1547 1202 1806 1257 claustris

202 1284 326 1340 suis
354 1285 546 1340 statim
576 1292 661 1342 est
687 1288 947 1343 incendio
975 1289 1281 1356 devastata,
1304 1306 1407 1344 nec
1433 1307 1548 1345 non
1581 1296 1639 1345 et
1669 1308 1806 1363 apo-

206 1373 484 1428 stolorum
532 1375 820 1447 principis,
854 1378 952 1432 sed
1002 1384 1059 1431 et
1103 1378 1215 1431 alia
1239 1380 1495 1448 germani
1531 1379 1600 1448 (5)
1631 1381 1806 1450 ipsius

205 1462 464 1517 ecclesia.
499 1464 795 1535 Campanae
830 1465 899 1534 (6)
943 1466 1230 1521 fundendo
1272 1467 1330 1521 in
1361 1468 1646 1538 pulverem
1675 1474 1809 1523 sunt

207 1550 483 1620 redactae;
520 1552 709 1607 diruta
728 1554 898 1608 etiam
923 1571 1157 1626 quaeque
1185 1562 1516 1610 ornamenta
1536 1556 1801 1619 ecclesiae,

207 1639 503 1695 columnas
526 1641 650 1695 dico
675 1642 745 1696 de
767 1643 930 1697 Pario
957 1644 1143 1715 lapide
1167 1661 1293 1698 cum
1324 1645 1583 1715 analogio
1606 1646 1680 1712 (7)
1709 1645 1806 1698 ho-

1179 276 1523 333 HISTORIA
1556 277 2088 337 MIRACULORUM
2125 279 2186 339 s.
2216 244 2507 335 SAMANDI

3248 273 3481 361 ‘1438

1816 409 2126 479 Aquarum
2176 421 2406 460 suarum
2452 404 2819 458 sauciaverat.
2870 401 2977 458 Ubi
3016 417 3144 456 cum
3171 401 3479 457 honoriﬁce

1887 495 1957 550 ab
2006 496 2258 550 antistite
2306 493 2629 548 Lietbertho
2657 491 2766 557 (10)
2799 495 3109 561 cunctoque
3154 492 3328 562 ipsius
3369 491 3478 545 loci

1888 585 2036 638 clero
2088 583 2313 654 recepti,
2371 581 2691 653 hospitandi
2737 581 2925 651 gratia
2976 595 3476 646 commaneremus,

1888 673 2051 728 illum
2082 673 2349 727 miserum
2380 671 2575 725 donari
2609 671 2664 724 S.
2698 669 2954 723 Amando
2983 667 3476 739 interpellavimus,

1888 768 2165 833 quatenus
2211 762 2456 816 solutum
2502 758 2736 813 vinculis
2781 757 3185 829 corporalibus,
3234 762 3481 825 sanctus,

1887 851 1977 904 cui
2007 851 2331 915 donaretur,
2361 849 2509 920 apud
2538 849 2781 901 divinam
2813 846 3167 900 clementiam
3207 844 3485 900 obtineret

1886 939 2241 993 daamoniacis
2261 938 2473 992 absolvi
2502 936 2752 991 nexibus.
2778 936 2937 1000 Quod
2963 941 3021 988 et
3044 935 3124 988 ita
3145 934 3354 989 factum
3376 939 3482 988 est.

1887 1029 2030 1083 Nam
2061 1034 2118 1082 et
2147 1028 2391 1099 pontifex
2420 1026 2626 1080 nostris
2655 1041 2947 1079 assensum
2990 1022 3229 1094 praebuit
3255 1023 3484 1094 petitio-

1888 1115 2072 1179 nibus,
2106 1123 2162 1170 et
2190 1116 2284 1168 ille
2315 1113 2557 1185 pontifex
2587 1119 2795 1176 noster,
2840 1113 3002 1181 cujus
3046 1127 3249 1182 corpus
3280 1111 3485 1182 depor-

1887 1204 2131 1268 tabatur,
2147 1204 2380 1257 liberam
2401 1208 2644 1256 mentem
2666 1207 2899 1256 eatenus
2918 1200 3195 1271 captivato
3213 1216 3244 1253 a
3260 1215 3482 1254 summo

1887 1293 2149 1364 pontiﬁce
2179 1293 2401 1347 Christo
2427 1289 2763 1362 impetravit,
2810 1290 2892 1343 ita
2920 1296 2985 1342 ut
3029 1289 3158 1343 inde
3189 1288 3483 1343 nobiscum

1887 1381 2271 1452 progrediens,
2289 1382 2504 1435 nullum
2531 1379 2803 1434 malesani
2821 1377 3018 1450 capitis
3038 1377 3308 1432 indicium
3333 1377 3484 1432 ultra

1887 1471 2283 1541 praetenderet.

1959 1557 2011 1615 5.
2053 1557 2204 1629 (Cap.
2238 1557 2315 1624 3.)
2349 1557 2433 1611 Ab
2467 1557 2591 1628 ipsa
2616 1573 2837 1629 quoque
2864 1556 3005 1611 urbe
3031 1556 3265 1627 vestigia
3294 1555 3484 1610 detor-

1888 1651 2121 1717 quentes
2137 1663 2263 1702 cum
2286 1647 2561 1702 immenso
2581 1647 2851 1701 comitatu
2872 1645 3096 1709 civium,
3114 1645 3486 1700 tendebamus

203 1735 385 1785 nestaa
409 1729 649 1786 fabricae.
671 1731 773 1786 Ubi
801 1732 1069 1804 quiddam
1091 1733 1364 1804 contingit
1383 1734 1565 1788 relatu
1595 1734 1804 1804 dignis-
1821 1725 1867 1785 Β
1886 1752 2080 1790 versus
2121 1736 2408 1807 oppidum,
2440 1737 2530 1790 cui
2560 1735 2887 1790 vocabulum
2937 1740 3022 1789 est
3059 1734 3319 1789 Coceium
3351 1735 3483 1803 (11),

204 1816 435 1876 simum.
469 1818 639 1889 quod,
678 1818 822 1874 sicut
846 1819 1097 1875 videntes
1124 1827 1181 1875 et
1207 1821 1498 1876 audientes
1524 1821 1582 1875 in
1611 1828 1805 1894 stupo-

201 1921 331 1961 rem
378 1906 547 1962 vertit
582 1924 694 1962 non
739 1908 1060 1975 minimum,
1109 1909 1191 1964 ita
1240 1911 1486 1975 lecturis,
1534 1917 1599 1966 ut
1656 1928 1803 1978 reor,

202 1993 318 2050 erit
344 1995 519 2050 veluti
548 1989 882 2052 monstrum.
920 1998 1064 2052 Nam
1096 2015 1223 2052 mox
1263 2005 1326 2053 ut
1360 2000 1492 2070 ipsae
1522 2017 1806 2071 campanae

202 2099 241 2138 a
270 2084 503 2139 ﬂamma
547 2091 682 2140 sunt
711 2086 934 2154 invasae,
983 2095 1273 2158 cmperunt
1310 2089 1561 2147 insimul.
1595 2089 1807 2144 nullius

200 2171 315 2228 nisi
363 2174 536 2229 solius
578 2174 680 2229 Dei
715 2176 988 2247 impulsu,
1035 2192 1300 2231 resonare
1347 2193 1412 2231 ac
1455 2177 1500 2231 si
1542 2178 1806 2232 divinitus

202 2268 573 2318 monerentur
591 2264 856 2334 plangere
883 2264 1101 2320 ruinam
1124 2266 1212 2319 sui
1236 2271 1293 2320 et
1320 2267 1583 2327 ecclesiae,
1606 2267 1800 2334 donec,

202 2356 273 2408 ut
301 2351 655 2423 praelibatum
685 2360 790 2413 est.
817 2354 877 2408 in
906 2355 1189 2425 pulverem
1220 2361 1353 2409 sunt
1381 2356 1638 2410 redactae.

275 2438 332 2496 3.
364 2441 539 2511 Cujus
569 2441 932 2497 habitationis
962 2444 1322 2498 restituendae
1353 2445 1557 2514 gratia,
1599 2447 1801 2499 fratres

201 2547 336 2586 cum
363 2529 564 2585 abbate
596 2531 663 2603 (8)
696 2530 874 2602 ipsius
914 2532 1039 2599 loci,
1074 2549 1139 2586 ex
1179 2535 1433 2588 consulto
1463 2535 1804 2589 marchionis

207 2618 281 2689 (9)
339 2624 524 2685 terras,
578 2625 749 2691 atque
799 2620 1204 2692 episcoporum,
1261 2622 1530 2693 petitione
1584 2641 1807 2695 quoque

202 2707 552 2765 Francorum
604 2708 824 2773 obnixa,
891 2709 1184 2775 feretrum,
1245 2728 1355 2781 quo
1412 2713 1803 2782 corpusculum

201 2796 508 2851 venerandi
529 2797 712 2852 Patris
731 2797 1050 2861 recubabat,
1077 2816 1178 2870 per
1197 2800 1433 2854 Galliam
1463 2801 1807 2870 detulerunt,

208 2901 351 2957 quos
378 2902 504 2940 cum
534 2890 693 2940 tanto
715 2887 978 2942 thesauro
1003 2888 1150 2944 Galli
1181 2889 1419 2944 ubilibet
1442 2890 1691 2945 locorum
1714 2892 1809 2945 ho-

207 2975 440 3030 noriﬁce
469 2980 527 3030 et
552 2992 775 3030 summa
803 2992 931 3030 cum
954 2977 1247 3032 devotione
1276 2985 1663 3050 susceperunt.
1698 2981 1806 3035 Ex-

1886 1823 1983 1877 ubi
2014 1825 2205 1878 multae
2234 1825 2551 1878 aversiones
2576 1823 2646 1878 ab
2675 1824 2972 1895 oppidano,
3004 1840 3101 1877 seu
3126 1823 3318 1893 judice
3343 1824 3487 1893 ejus-

1888 1911 2016 1965 dem
2038 1912 2161 1972 loci,
2185 1911 2412 1965 familiae
2436 1910 2816 1965 inferebantur
2840 1910 3172 1975 S.Amandi,
3199 1927 3321 1981 quae
3341 1909 3489 1965 circa

1887 1999 2070 2071 ipsum
2101 1999 2340 2070 degebat
2367 1999 2655 2071 oppidum.
2690 1999 2797 2053 Sed
2829 1998 2924 2052 ubi
2949 1999 3088 2063 loco,
3116 2015 3225 2068 quo
3253 1997 3485 2069 disposi-

1888 2094 2011 2142 tum
2042 2094 2165 2142 erat
2185 2089 2435 2153 tendere,
2461 2088 2857 2158 propiavimus,
2883 2103 3009 2140 ecce
3038 2086 3339 2157 quemdam
3364 2102 3487 2157 pre-

1889 2176 2177 2248 sbyterum
2209 2177 2451 2232 ecclesiae
2484 2177 2542 2230 in
2569 2177 2783 2231 honore
2813 2177 2868 2232 S.
2893 2176 3135 2246 Remigii
3167 2181 3483 2244 exstructae,

1887 2266 2152 2320 Milonem
2181 2266 2426 2331 nomine,
2472 2282 2596 2320 cum
2639 2265 2801 2337 plebe
2831 2264 3134 2336 promiscui
3162 2280 3326 2319 sexus
3371 2280 3485 2318 non

1891 2356 2126 2423 modica,
2153 2355 2376 2411 obvium
2405 2356 2722 2417 habuimus,
2757 2355 3045 2409 humiliter
3075 2353 3482 2422 obsecrantem,

1887 2451 1952 2498 ut
1978 2445 2200 2499 thecam
2231 2447 2377 2499 tanti
2409 2445 2685 2516 pontiﬁcis
2714 2445 2770 2499 in
2817 2445 2997 2515 ipsam
3027 2444 3082 2498 S.
3118 2444 3360 2514 Remigii
3394 2461 3486 2499 ec-

1887 2533 2110 2588 clesiam
2153 2534 2355 2588 deferri
2392 2534 2596 2605 ubique
2641 2534 2933 2605 paululum
2976 2532 3326 2605 requiescere
3356 2550 3488 2605 per-

1887 2623 2259 2678 mitteremus.
2308 2623 2412 2677 Est
2458 2631 2645 2678 autem
2677 2623 2746 2677 ab
2780 2623 2885 2676 hoc
2922 2624 3044 2676 loco
3093 2638 3205 2676 non
3244 2623 3487 2677 multum

1887 2711 2103 2765 distans
2123 2713 2349 2783 quidam
2368 2713 2598 2775 viculus,
2616 2729 2779 2783 quem
2796 2710 3331 2766 dicuntVernulium
3346 2710 3487 2779 (121.

1890 2797 1957 2852 In
1987 2801 2092 2854 hoc
2121 2800 2344 2871 jacebat
2382 2801 2601 2864 mulier,
2634 2806 2816 2854 stratu
2846 2799 3117 2853 recubans
3146 2799 3215 2853 ob
3244 2799 3486 2852 immen-

1889 2905 2014 2942 sum
2044 2890 2372 2959 languorem
2403 2889 2803 2953 membrorum,
2834 2906 2955 2960 quae
2983 2906 3017 2943 a
3045 2889 3189 2942 lecto
3216 2888 3486 2959 nequive-

1888 2983 1979 3031 rat
2004 2978 2193 3048 egredi
2220 2995 2321 3049 per
2349 2979 2628 3033 curricula
2656 2978 2742 3032 bis
2766 2978 3012 3049 quinque
3042 2994 3334 3032 annorum.
3356 2977 3488 3031 Haec

206 3064 482 3119 cessimus
517 3080 652 3120 sane
695 3065 1036 3121 monasterio
1068 3067 1307 3137 septimo
1338 3068 1470 3122 Idus
1501 3069 1651 3123 Junii
1677 3088 1689 3136 ;
1722 3044 1866 3125 re-C‘
1888 3066 1983 3121 ubi
2013 3084 2149 3121 aure
2178 3068 2425 3139 percepit
2453 3084 2620 3122 sonos
2661 3072 2719 3121 et
2760 3073 2958 3121 cantus
3004 3066 3181 3138 plebis
3213 3083 3278 3120 eo
3307 3066 3487 3120 diver-

210 3152 538 3226 pedavimus
584 3153 644 3208 in
690 3153 838 3208 idem
882 3153 987 3209 sub
1033 3154 1124 3209 die
1163 3169 1218 3208 IV
1250 3157 1440 3211 Nonas
1467 3156 1627 3212 Julii.
1660 3159 1805 3223 Quid

208 3248 401 3298 autem
417 3242 521 3297 hac
540 3243 960 3315 intercapedine
974 3250 1216 3315 quatuor
1236 3245 1671 3314 hebdomadum,
1694 3265 1805 3302 me-

206 3331 335 3387 ritis
358 3347 504 3402 saepe
535 3326 667 3386 dicti
698 3332 978 3404 pontiﬁcis
1005 3349 1190 3387 coram
1222 3334 1601 3390 immensitate
1634 3338 1801 3408 vulgi,

205 3420 267 3475 in
296 3421 418 3492 ipsa
438 3421 667 3492 regione
681 3421 756 3475 sit
778 3428 1023 3493 gestum,
1047 3438 1161 3476 non
1181 3423 1337 3477 ducit
1354 3431 1535 3479 mater
1562 3426 1808 3481 Ecclesia

207 3509 601 3578 reticendum;
653 3527 775 3582 qua:
821 3511 966 3565 ﬁlios
1013 3527 1144 3566 suos
1186 3513 1543 3580 orthodoxos,
1587 3515 1808 3570 ﬁliatio—

207 3615 455 3669 nemque
474 3615 634 3654 suam
663 3599 721 3654 in
749 3599 892 3654 bona
922 3602 1335 3671 perseverantia
1357 3619 1807 3673 quaquaversum

208 3693 604 3743 conservantes
622 3689 847 3743 laetatur
863 3689 1081 3744 functos
1097 3690 1308 3744 honore
1325 3692 1680 3762 papulorum.
1698 3694 1807 3748 Sed

206 3778 330 3832 hec
361 3777 703 3842 amittentes,
722 3779 841 3849 jam
866 3779 936 3833 ad
957 3796 1024 3833 ea
1041 3796 1167 3849 quae
1189 3780 1536 3834 decrevimus
1560 3782 1810 3836 notanda

210 3882 279 3920 ac
300 3865 584 3920 memoriae
607 3866 1070 3934 commendanda,
1101 3868 1330 3939 stylum,
1357 3884 1679 3939 quanquam
1699 3877 1809 3926 sto-

207 3954 411 4017 lidum,
444 3960 744 4010 vertamus.

284 4047 346 4103 ἇ.
381 4042 551 4114 (Cap.
596 4043 688 4107 ‘2.)
724 4044 992 4109 Quaedam
1039 4045 1231 4117 itaque
1275 4051 1635 4117 peragrantes
1667 4047 1805 4113 loca,

210 4132 582 4189 Cameracum
612 4133 808 4188 urbem
840 4134 1164 4190 devenimus
1191 4135 1472 4189 cluentem
1502 4136 1810 4207 pontiﬁcali

211 4222 500 4278 cathedra.
529 4223 593 4277 In
625 4239 736 4295 qua
772 4231 999 4295 propter
1025 4224 1211 4278 valvas
1236 4224 1463 4294 quidam
1493 4225 1813 4280 insensatus

1886 3156 2079 3219 tentis,
2136 3172 2363 3210 causam
2420 3161 2836 3227 percunctatur.
2892 3156 3145 3226 Cumque
3202 3154 3489 3209 didicisset

1885 3259 2087 3315 corpus
2109 3245 2164 3299 S.
2191 3245 2434 3299 Amandi
2456 3262 2491 3298 a
2521 3244 2777 3299 ﬁdelibus
2810 3243 3013 3298 turmis
3042 3244 3139 3299 illo
3168 3241 3482 3311 transferri,

1888 3334 2151 3389 continuo
2181 3335 2242 3388 in
2288 3336 2406 3389 haec
2436 3334 2604 3388 verba
2649 3335 2909 3405 prorupit
2937 3353 2953 3388 :
2985 3334 3031 3388 Ο
3058 3333 3105 3388 si
3138 3334 3372 3388 daretur
3394 3349 3485 3387 me

1888 3424 2087 3478 saltem
2123 3423 2384 3478 manibus
2413 3429 2752 3494 reptantem,
2787 3423 2949 3494 quasi
2989 3422 3409 3495 quadrupedem
3436 3423 3489 3477 ei

1888 3512 2110 3566 obviam
2140 3512 2281 3578 ﬁeri,
2322 3513 2681 3583 implorarem
2712 3519 2986 3578 sanctum,
3013 3519 3291 3582 quatenus
3318 3511 3491 3565 inter-

1889 3603 2146 3655 ventione
2166 3617 2325 3655 sacra
2350 3618 2486 3655 meae
2513 3602 2919 3671 suffragaretur
2936 3601 3307 3656 imbecillitati
3331 3602 3343 3654 l
3378 3600 3488 3655 Sed

1888 3707 2014 3744 cum
2061 3690 2346 3744 inhianter
2384 3691 2607 3744 arderet
2649 3708 2772 3761 qua:
2818 3697 3107 3761 optaverat
3147 3690 3489 3761 completum

1890 3778 1980 3843 iri,
2008 3780 2328 3834 interventu
2355 3779 2499 3833 tanti
2532 3779 2731 3843 Patris,
2766 3781 2888 3849 ejus
2921 3784 3046 3833 vota
3074 3779 3316 3833 clemens
3348 3794 3488 3850 prae-

1889 3869 2043 3923 venit
2080 3869 2359 3933 divinitas,
2396 3870 2507 3932 cui,
2552 3886 2673 3939 quae
2721 3869 2984 3922 mortales
3022 3885 3124 3922 nec
3154 3874 3349 3939 Optare
3386 3885 3489 3922 au-

1891 3957 2042 4021 dent,
2080 3964 2403 4029 promptum
2441 3963 2528 4012 est
2569 3964 2855 4029 praestare.
2902 3957 3206 4012 Confestim
3248 3957 3489 4028 denique

1892 4048 2119 4117 sanguis
2148 4036 2467 4102 discurrens
2505 4048 2651 4101 circa
2691 4064 2889 4101 nervos
2922 4046 3178 4100 membra
3213 4046 3492 4117 languidae

1893 4136 2154 4201 ﬁrmavit,
2200 4138 2468 4207 languore
2512 4136 2788 4203 exhausit,
2851 4134 3051 4189 robore
3107 4135 3486 4189 consolidavit.

1895 4224 2095 4294 Sicque
2139 4226 2304 4287 lecto,
2350 4225 2440 4279 cui
2483 4224 2680 4278 clinica
2726 4224 2993 4279 diuturno
3036 4224 3308 4294 languore
3341 4225 3494 4279 incu-

212 4313 531 4367 constrictis
560 4313 871 4367 arctissime
918 4314 978 4367 in
1028 4329 1196 4367 nervo
1244 4313 1478 4384 pedibus
1509 4314 1808 4378 residebat,
1827 4313 2111 4378 Dbuerat,
2136 4314 2342 4368 leniter
2360 4315 2639 4379 exsiliens,
2664 4331 2859 4368 exorsa
2885 4319 2969 4368 est
2988 4314 3330 4384 pedetentim
3361 4330 3494 4386 pro-

215 4402 336 4474 qui,
363 4412 429 4456 ut
471 4402 542 4456 ab
586 4401 782 4457 incolis
811 4403 999 4474 palam
1044 4403 1254 4458 factum
1285 4408 1372 4456 est
1399 4403 1579 4467 nobis,
1612 4403 1681 4457 ob
1721 4404 1809 4456 ni-

213 4491 389 4546 miam
425 4491 610 4546 insani
660 4491 858 4564 capitis
885 4493 1211 4561 amentiam,
1245 4493 1551 4563 quamdam
1579 4493 1812 4564 propin-

216 4616 309 4675 12.
344 4619 415 4673 De
439 4624 715 4673 contracto
744 4625 959 4674 sanato.

209 4688 305 4746 43.
339 4691 412 4744 De
456 4693 690 4744 muliere
735 4692 908 4745 Πυαοί
951 4696 1166 4759 repente
1195 4695 1495 4753 contracta,
1541 4694 1591 4743 et
1629 4706 1816 4744 coram

289 4763 491 4830 feretro
518 4762 577 4817 S.
607 4764 852 4816 Amandz'
875 4768 1070 4816 erecta.

216 4831 311 4917 ’14ἶ
328 4833 413 4917 αρε
440 4838 718 4917 carcerum
740 4835 914 4888 Uoceii
937 4849 1036 4903 per
1065 4836 1466 4888 invocationem
1488 4833 1543 4888 S.
1573 4834 1818 4887 Amandz‘

294 4904 543 4959 liberato.

291 4972 367 5046 (3)
395 4974 663 5046 Sequitur
686 4974 910 5029 Milonis
933 4974 1371 5044 chronologiam.

296 5045 371 5116 (4)
391 5045 751 5101 Monumenta
783 5046 1101 5100 Amandina
1134 5047 1368 5100 tradunt
1404 5046 1724 5100 incendium
1756 5046 1822 5100 il-

218 5119 316 5173 lud
349 5118 619 5172 accidisse
644 5118 735 5171 die
765 5118 1015 5177 Sabbati,
1063 5118 1119 5170 in
1151 5134 1315 5188 quem
1349 5118 1548 5172 incidit
1576 5135 1642 5171 eo
1673 5134 1820 5171 anno

221 5190 260 5244 2
296 5189 611 5245 Februarii.
649 5190 894 5243 Joannes
941 5189 1237 5243 Buzelinus
1282 5189 1456 5243 refert
1501 5189 1648 5242 idem
1692 5206 1819 5243 cum

222 5261 512 5344 miraculis
550 5260 830 5331 adjunctis
862 5260 958 5315 lib.
1010 5274 1068 5317 1v
1113 5260 1417 5314 Annalium
1457 5260 1821 5315 Gallo-Flau-

222 5333 480 5487 (11.2318.
527 5402 785 5471 Andreae,
834 5404 996 5475 cujus
1040 5403 1285 5459 decanus
1328 5402 1433 5457 fuit
1479 5401 1818 5457 Gillebertus

223 5481 654 5677 ζῗὲῑέὲέθω
686 5544 751 5604 17
792 5547 956 5618 juxta
1004 5551 1375 5605 monumenta
1409 5546 1729 5603 Amandina
1764 5551 1822 5602 et

274 5635 310 5677 u
559 5660 572 5674 .

274 5634 552 5678 uzeunum
559 5660 572 5674 .

1892 4402 2053 4472 gredi
2085 4419 2259 4473 usque
2288 4403 2359 4456 ad
2407 4403 2580 4456 limen
2622 4402 2857 4469 domus;
2904 4403 3035 4457 inde
3072 4418 3185 4456 non
3231 4407 3496 4457 contenta

1894 4491 2173 4557 incedere,
2214 4497 2278 4545 ut
2319 4497 2405 4545 est
2451 4508 2572 4546 mos
2610 4491 2959 4557 mulieribus,
2996 4496 3158 4563 rapto
3202 4508 3370 4546 cursu
3401 4508 3494 4546 ac-

1968 4613 2393 4683 (7)Analogz’um
2413 4622 2499 4669 est
2524 4617 2675 4669 locus
2697 4616 2881 4680 altior,
2904 4632 3001 4669 seu
3023 4616 3323 4685 pulpitum,
3346 4617 3497 4671 unde

1900 4688 2166 4756 leguntur
2187 4703 2358 4740 sacrae
2389 4687 2672 4745 lectiones.
2716 4688 2772 4743 S.
2808 4688 3139 4742 Benedictus
3170 4688 3227 4740 in
3257 4688 3491 4757 Regula,

1900 4775 2001 4828 cap
2055 4758 2088 4813 9
2123 4777 2135 4810 :
2173 4776 2199 4809 α
2230 4759 2516 4827 Legantur
2547 4759 2781 4812 vicissim
2820 4776 2855 4812 a
2891 4758 3157 4813 fratribus
3202 4760 3261 4812 in
3308 4759 3497 4814 codice

1901 4846 2073 4900 supra
2098 4830 2419 4898 analogiam
2447 4837 2564 4883 tres
2592 4830 2880 4888 lectiones.
2919 4850 2942 4883 ι)

1976 4900 2046 4966 (8)
2079 4900 2432 4959 Lambertus.
2485 4900 2578 4970 qui
2624 4908 2681 4955 et
2720 4902 3029 4956 Fulcardus
3082 4901 3304 4967 dicitur,
3348 4918 3496 4956 anno

1905 4972 2041 5029 1063
2086 4972 2258 5026 abbas
2305 4971 2659 5033 constitutus,
2711 4972 2824 5025 vita
2876 4974 3102 5028 functus
3149 4989 3297 5027 anno
3338 4971 3493 5041 1076,

1897 5047 2049 5123 jactno
2078 5043 2441 5123 fundamento
2475 5042 2716 5123 majoris
2734 5043 2993 5123 basilicae.

1972 5114 2054 5178 :9)
2084 5114 2328 5170 Marchio
2358 5113 2650 5175 Flandriae,
2678 5114 2987 5170 Balduinus
3013 5115 3170 5184 Pius,
3194 5117 3308 5171 sive
3336 5115 3496 5173 Insu-

1902 5187 2089 5242 lensis.

1978 5269 1988 5322 1
2005 5256 2088 5325 10)
2115 5256 2287 5333 _O_biit‘
2301 5257 2351 5333 _B
2366 5329 2383 5333 _
2400 5255 2716 5333 Lietbertus
2746 5256 3168 5314 Cameracensis
3206 5261 3498 5333 episcopus

1903 5347 2052 5385 anno
2082 5327 2237 5391 (Οῖῠ,
2260 5327 2329 5384 23
2355 5328 2465 5383 Jul.

1977 5402 2082 5469 (1H
2120 5400 2401 5465 Coceium,
2436 5399 2600 5466 vulgo
2623 5398 2814 5465 Cousy.
2852 5397 3000 5452 inter
3026 5401 3240 5457 Ajsiam
3272 5409 3331 5458 et
3356 5405 3498 5459 Axo-

1901 5490 2033 5528 nam
2063 5473 2259 5527 ﬂuvios
2283 5472 2445 5542 juxta
2474 5470 3116 5542 abbatiamrNogentum.

1978 5545 2079 5614 (12)
2113 5543 2439 5598 Vernulium
2469 5559 2645 5615 pagus
2678 5541 2894 5598 vicinus
2921 5541 2982 5596 in
3002 5542 3230 5602 dioecesi
3269 5547 3498 5603 Lauda-

1902 5616 2082 5686 nensi,
2113 5615 2279 5688 vulgo
2318 5617 2588 5672 Verneuit.
