3934 6364
456 411 592 469 1443

450 624 660 694 gaudio
690 639 849 676 cassa
877 620 1123 675 luminis.
1161 619 1293 682 Quae
1341 634 1500 671 secus
1534 617 1800 670 feretrum
1831 618 2042 676 astans,

457 712 528 765 ad
560 712 738 782 ipsam
764 727 942 781 usque
966 708 1302 762 mediantem
1345 707 1525 759 lucem
1556 705 1687 767 diei,
1721 703 1800 756 ita
1829 700 2049 755 reddita

455 805 543 853 est
576 798 870 853 incolumis
898 804 963 852 ut
986 798 1074 851 his
1104 796 1304 866 quibus
1334 812 1446 865 prae
1477 794 1668 847 dolore
1703 789 1900 862 capitis
1932 788 2045 857 pri-

454 895 583 942 vata
613 895 735 941 erat
752 885 1428 950 remediis,lsetiﬁcaretur
1447 899 1633 937 coram
1663 879 2050 934 cunctis.Nam

454 983 512 1032 et
540 978 661 1031 visu
690 977 925 1047 pristino
955 975 1144 1029 statim
1176 974 1440 1027 redimita
1487 970 1734 1041 suspexit
1761 967 1946 1027 caelos,
1978 963 2049 1016 ad

453 1067 768 1138 gratiarum
801 1066 915 1119 Deo
942 1064 1234 1118 solvendas
1267 1062 1533 1126 actiones,
1567 1066 1624 1113 et
1650 1055 2049 1112 circumferens

453 1156 643 1209 oculos
693 1153 1025 1224 respiciebat
1081 1152 1213 1206 hinc
1281 1150 1410 1203 inde
1475 1149 1544 1203 ad
1600 1148 2046 1205 circumstantes,

452 1243 681 1298 Domini
712 1243 862 1297 circa
882 1259 943 1297 se
972 1240 1309 1295 mirabiliter
1338 1238 1658 1293 enucleatas
1681 1249 1916 1290 narrans
1938 1230 2051 1283 vir-

451 1337 624 1387 tutes.

525 1422 615 1476 14.
657 1422 819 1492 (Cap.
873 1419 981 1490 12.)
1032 1419 1154 1483 Quo
1200 1418 1346 1471 facto
1384 1416 1574 1470 statim
1611 1430 1710 1485 per
1764 1428 1864 1465 ora
1899 1407 2053 1479 vulgi

456 1511 727 1581 disperso,
756 1509 986 1581 quidam
1026 1508 1226 1561 sedens
1261 1504 1371 1577 (18)
1423 1505 1563 1575 pede
1607 1503 1843 1556 distorto
1873 1498 2053 1552 addu-

457 1598 622 1663 citur,
652 1598 747 1668 qui
778 1597 1008 1669 propria
1026 1612 1140 1649 non
1169 1594 1404 1648 credens
1430 1593 1599 1647 humo
1615 1588 1869 1658 vestigia,
1897 1587 2056 1656 juva-

458 1688 613 1741 mine
644 1686 980 1740 fulciebatur
1007 1684 1210 1738 alieno.
1261 1682 1420 1736 Unde
1449 1680 1659 1734 factum
1707 1683 1792 1732 est
1835 1680 1899 1729 ut
1931 1689 2056 1727 san-

461 1774 701 1831 ctissimi
725 1774 1059 1828 confessoris
1104 1772 1397 1841 requirens
1429 1768 1719 1831 auxilium,
1759 1764 1935 1836 ipsius
1961 1779 2056 1816 ex-

1438 400 1867 479 GILLEBERTI
1900 397 2237 456 MONACHI
2275 398 2728 457 ELNONENSIS

451 534 567 589 sive
596 533 985 588 sinistrorsum
1009 545 1124 584 non
1152 529 1342 583 valens
1372 532 1542 599 caput
1571 526 1885 589 deﬂectere,
1904 523 2114 582 foretA

3585 393 3728 454 1444

2732 518 2967 575 CAPUT
3006 515 3090 573 III
3097 542 3113 573 δ

2198 627 2313 698 (21)
2336 628 2439 697 0pc
2466 628 2522 684 S.
2556 626 2806 684 Amandi
2833 629 3147 680 carceratus
3188 624 3476 687 liberatur,
3520 627 3571 678 ct
3599 637 3731 676 sus-

2647 715 2847 768 pensus
2876 699 3201 751 suscitatur.

2200 786 2293 861 (16
2323 789 2458 859 Cap.
2508 786 2622 857 14.)
2653 789 2763 843 Mos
2790 785 2898 840 fuit
2939 783 3210 855 antiquis,
3244 799 3346 838 nec
3385 800 3502 839 non
3533 785 3736 839 manet

3046 874 3246 945 [usque
3271 873 3580 941 modernis,

2133 965 2436 1037 Scriptoris
2466 966 2744 1019 calamum
2775 963 2957 1017 varios
2985 978 3313 1034 percurrere
3340 962 3545 1017 sulcos.

2135 1055 2226 1108 Sic
2259 1054 2438 1108 variat
2467 1058 2712 1107 mentem
2736 1051 3004 1105 dictantis
3032 1068 3213 1122 prosa,
3250 1056 3652 1122 metrumque;

2132 1142 2292 1196 Unde
2319 1146 2497 1194 metro
2528 1139 2783 1193 canimus
2802 1137 3069 1209 quiddam
3102 1138 3377 1193 mirabilis
3409 1144 3572 1194 actus

2134 1231 2367 1286 Gestum
2402 1230 2607 1300 Coceji,
2647 1234 2943 1300 postquam
2971 1228 3348 1283 remeavimus
3377 1228 3508 1299 ipsi.

2135 1320 2294 1385 Quod
2319 1320 2437 1390 jam
2470 1335 2582 1372 non
2613 1317 2807 1383 oculis,
2840 1317 2937 1371 sed
2971 1316 3124 1371 fonte
3153 1316 3510 1388 probavimus
3537 1319 3728 1379 auris.

2133 1411 2321 1466 Terrae
2346 1409 2579 1463 culturae
2608 1424 2667 1462 se
2691 1407 3044 1461 condonabat
3061 1405 3283 1462 abunde

2137 1499 2379 1564 Quidam
2413 1496 2738 1563 Landricus,
2766 1496 2858 1550 hic
2886 1512 3053 1566 quem
3078 1495 3357 1552 ditaverat
3383 1513 3521 1553 usus
3549 1515 3565 1555 :

2139 1587 2362 1641 Solibus
2391 1585 2597 1641 aestivis
2619 1584 2667 1639 is
2688 1601 2813 1639 cum
2840 1583 3186 1639 messoribus
3214 1584 3369 1656 ipsis,

2135 1676 2410 1747 Tempore
2433 1691 2542 1746 quo
2572 1675 2742 1729 ﬂavas
2764 1679 2982 1744 segetes
3005 1674 3123 1744 jam
3153 1673 3390 1729 demetit
3416 1678 3606 1743 astas,

2139 1765 2306 1819 Stans
2340 1764 2496 1819 laetos
2529 1763 2744 1818 fructus
2772 1762 3028 1834 proprios
3056 1761 3318 1818 sumebat
3344 1763 3402 1818 in
3433 1780 3591 1832 usus,

458 1866 708 1937 ploraret
745 1864 987 1934 gratiam
1036 1862 1388 1915 meritorum.
1439 1860 1583 1913 Nam
1614 1855 1827 1910 diutius
1869 1836 2121 1906 coramB
2142 1854 2282 1908 Cum
2313 1853 2635 1924 praemissus
2660 1868 2832 1923 eques
2870 1867 3140 1906 manuum
3162 1852 3473 1908 calcaribus
3497 1870 3736 1926 urgens,

464 1955 589 2024 ejus
622 1969 857 2006 manens
884 1950 1288 2005 tremebundus
1316 1947 1635 2020 praesentia,
1661 1944 1807 1999 tanti
1845 1939 2060 1995 antisti-

462 2042 535 2097 tis
570 2041 865 2096 invocabat
899 2039 1221 2111 precamina
1262 2038 1411 2109 apud
1431 2036 1678 2090 divinam
1702 2029 2055 2087 clementiam

463 2130 568 2185 sibi
598 2131 909 2201 profutura.
944 2128 1192 2183 Tandem
1224 2126 1397 2197 igitur
1418 2126 1566 2196 quod
1598 2121 1883 2195 quaerebat
1902 2133 2057 2188 repe-

462 2219 561 2285 rit,
584 2224 640 2273 et
661 2218 755 2289 qui
777 2217 976 2272 alienis
998 2221 1244 2275 venerat.
1269 2215 1387 2269 suis
1415 2213 1666 2284 vestigiis
1682 2210 2057 2279 rediit,patro-

464 2308 789 2379 ciniumque
818 2306 997 2361 sancti
1024 2306 1130 2360 sibi
1155 2322 1268 2359 non
1294 2304 1483 2358 defore
1510 2300 1806 2373 persensit.
1840 2298 1970 2351 Haec
1999 2298 2057 2348 et

461 2395 791 2467 hujusmodi
831 2393 1248 2466 quamplurima
1278 2409 1388 2446 non
1421 2391 1586 2445 modo
1626 2389 1733 2454 his,
1764 2401 1956 2441 verum
1997 2385 2056 2436 et

463 2485 592 2539 aliis
634 2484 867 2539 urbibus
908 2483 967 2536 in
1016 2482 1218 2547 Gallia,
1250 2499 1352 2552 per
1389 2485 1643 2534 nostrum
1685 2479 1833 2531 hunc
1862 2478 2054 2546 patro-

464 2590 621 2640 num,
650 2579 715 2627 ut
743 2572 1170 2644 pmlibavimus,
1218 2577 1445 2625 ostensa
1491 2573 1625 2623 sunt
1664 2567 1936 2619 virtutum
1966 2560 2057 2614 in-

462 2663 664 2734 signia.
705 2662 800 2733 qui
839 2661 976 2717 aciei
1008 2667 1212 2715 nostrze
1254 2676 1366 2713 non
1413 2659 1710 2711 valuerunt
1740 2657 2058 2726 pertingere

463 2752 744 2813 notitiam,
774 2768 886 2822 prae
916 2749 1312 2803 immensitatis
1340 2746 1627 2818 popularis
1656 2762 1936 2816 pressura;
1960 2745 2057 2799 sed

465 2841 598 2912 quia
638 2840 923 2895 noluimus
976 2839 1243 2893 excedere
1294 2836 1587 2908 promissa,
1622 2835 1689 2888 ad
1722 2851 1966 2905 praesens
1994 2852 2061 2890 ea

465 2928 759 2984 scribimus
788 2930 1060 2983 duntaxat
1094 2943 1335 2997 quorum
1363 2930 1584 2979 nostros
1614 2924 1803 2979 oculos
1832 2940 1945 2978 non
1982 2924 2060 2978 la-

464 3022 697 3073 tuerunt
719 3017 980 3088 insignia.

2142 1943 2409 1997 Concitus
2433 1958 2466 1996 a
2492 1947 2676 1995 castro
2705 1941 2875 2006 venit,
2902 1957 3074 2012 supra
3103 1946 3411 1997 memorato

2140 2032 2415 2087 Landrico
2443 2031 2667 2093 missus,
2693 2035 2751 2085 et
2778 2030 2830 2087 ei
2856 2030 2964 2084 vim
2986 2030 3134 2084 ferre
3153 2035 3411 2102 paratus;

2140 2121 2249 2185 Qui
2286 2122 2472 2175 nitens
2501 2119 2721 2191 aliquos
2741 2119 2811 2173 ab
2840 2136 2977 2191 agro
3016 2118 3120 2173 sibi
3146 2120 3295 2175 ferre
3323 2120 3627 2195 maniplos,

2139 2212 2264 2264 Mox
2290 2209 2367 2264 ibi
2397 2209 2582 2263 sensit
2607 2208 2728 2279 agri
2759 2225 3137 2280 poseessorem
3163 2208 3471 2278 dominari;

2139 2300 2394 2370 Denique
2422 2299 2720 2353 ridiculum
2749 2298 3030 2353 commisit
3058 2303 3296 2369 uterque
3322 2298 3578 2356 duellum
3603 2319 3621 2368 ;

2135 2391 2247 2446 Iste
2283 2388 2541 2459 negando
2571 2404 2696 2456 sua,
2734 2387 2833 2442 sed
2858 2391 2916 2441 et
2940 2387 3033 2441 ille
3053 2392 3248 2459 petens
3276 2387 3477 2443 aliena.

2134 2478 2277 2534 Tum
2301 2483 2494 2550 raptor
2522 2477 2746 2542 missus,
2780 2475 3033 2547 rapiendi
3052 2476 3183 2546 jure
3213 2476 3445 2548 potitus,

2139 2569 2357 2623 Conatu
2384 2584 2574 2622 cassus
2601 2564 2826 2637 proprio
2846 2565 3079 2636 repedat
3098 2566 3478 2636 pudibundus.

2141 2659 2394 2729 Cumque
2423 2656 2615 2711 statim
2643 2655 2851 2709 factum
2879 2654 3024 2708 foret
3040 2653 3262 2708 Albrico
3293 2654 3681 2724 manifestum,

2143 2747 2253 2815 (Sic
2273 2746 2615 2800 castellanus
2643 2760 2745 2816 per
2767 2759 2969 2798 nomen
3002 2748 3125 2797 erat
3163 2742 3462 2815 vocitatus)

2139 2837 2485 2901 Adducatur,
2516 2833 2614 2898 ait,
2646 2833 2845 2887 vinctis
2872 2837 2998 2903 post
3015 2837 3181 2901 terga
3206 2831 3447 2887 lacertis.

2141 2924 2449 2981 Landricus
2479 2922 2663 2977 dirum
2686 2926 2915 2992 gestans
2938 2920 3042 2974 sub
3067 2924 3299 2991 gutture
3323 2921 3535 2976 nodum

2142 3014 2395 3071 Carceris
2424 3013 2539 3067 ima
2557 3010 2727 3065 simul
2757 3009 2924 3081 digne
2947 3009 3084 3063 satis
3109 3007 3449 3081 experiatur.

536 3106 625 3163 15.
651 3108 802 3177 (Cap.
845 3106 958 3174 13.)
992 3104 1102 3159 Sed
1131 3108 1188 3157 et
1214 3102 1355 3156 illud
1378 3100 1612 3155 reticere
1648 3117 1762 3155 non
1801 3101 2058 3155 ducimus
2077 3106 2220 3171 οΑά
2251 3104 2412 3174 cujus
2449 3100 2678 3155 verbum
2708 3100 2827 3154 fera
2846 3098 3064 3153 vincula
3096 3098 3336 3154 carceris
3363 3098 3527 3154 illum

464 3196 842 3260 commodum,
861 3193 1008 3265 quod
1030 3192 1199 3246 Duaci
1215 3189 1333 3261 (l9)
1348 3189 1729 3261 perspeximus
1757 3190 2060 3261 insigniter

462 3290 849 3356 perpetratum
867 3329 875 3338 .
890 3282 1154 3346 Quaedam
1171 3297 1415 3350 namque
1435 3280 1583 3333 inter
1600 3278 1741 3332 alias
1762 3279 2058 3334 incolumis

462 3372 739 3444 processit
768 3370 927 3424 nobis
980 3369 1208 3437 femina,
1263 3367 1361 3422 sed
1406 3367 1591 3421 nescio
1622 3367 1710 3421 cui
1750 3367 1932 3421 reatui
1968 3366 2061 3421 ob-

464 3460 649 3525 noxia,
673 3476 785 3514 non
811 3465 897 3513 est
928 3458 1154 3512 inventa
1185 3463 1380 3511 sancto
1411 3472 1705 3510 occurrere
1733 3456 1923 3526 digna,
1946 3455 2058 3509 for-

464 3549 632 3603 tassis
662 3550 719 3602 in
735 3565 863 3602 eum
884 3548 1122 3618 alicujus
1139 3546 1498 3617 blasphemia:
1515 3561 1808 3615 rea,quam
1823 3545 2063 3600 necdum

465 3637 637 3708 digna
672 3637 936 3709 punierat
985 3636 1334 3708 paenitentia.
1386 3634 1603 3690 Judicia
1640 3634 1789 3687 enim
1839 3632 2062 3687 Domini

468 3726 704 3799 abyssus
733 3727 911 3781 multa
944 3728 1109 3793 (Psal.
1146 3740 1313 3789 xxxv,
1346 3723 1430 3795 7).
1461 3723 1621 3778 Unde
1654 3722 1865 3776 fartum
1896 3728 1982 3775 est
2000 3728 2064 3775 ut

466 3816 677 3883 statim,
709 3816 805 3870 ubi
827 3816 1056 3871 domum
1086 3815 1272 3879 rediit,
1306 3813 1476 3885 pedes
1501 3813 1625 3882 ejus
1656 3810 1900 3877 natibus,
1935 3827 2058 3864 ma-

466 3921 573 3960 nus
601 3922 822 3976 quoque
852 3904 1062 3976 pectori
1095 3903 1256 3975 quasi
1285 3902 1456 3957 clavis
1479 3901 1660 3955 inﬁxae
1682 3901 1978 3965 haererent,
1997 3916 2062 3954 ac

466 3994 548 4049 sic
576 3995 945 4049 semimortua
968 3994 1197 4063 jaceret.
1221 3993 1378 4045 Hanc
1390 3990 1585 4061 utique
1599 3988 1836 4043 vidimus
1855 3988 1974 4059 ipse
1989 3988 2058 4041 ad

466 4083 786 4155 perfugium
824 4081 1003 4136 nostri
1034 4079 1276 4152 patroni,
1333 4078 1491 4149 quasi
1540 4082 1841 4134 mortuam.
1891 4081 2060 4146 atque

466 4172 685 4227 nullum
700 4171 925 4243 penitus
938 4170 996 4223 in
1010 4186 1069 4223 se
1079 4168 1203 4223 vita;
1235 4167 1574 4238 spiraculum
1595 4165 2055 4237 prmtendentem,

476 4260 717 4332 quodam
740 4258 946 4313 deferri
975 4257 1246 4321 vehiculo,
1280 4256 1378 4311 sed
1417 4272 1530 4310 non
1560 4254 1739 4309 multo
1768 4259 1896 4325 post
1922 4253 2062 4307 vidi-

468 4365 599 4405 mus
620 4366 742 4403 eam
781 4346 1016 4419 pedibus
1058 4346 1321 4401 resolutis
1363 4362 1427 4399 ac
1470 4343 1727 4399 manibus
1757 4358 1918 4396 versa
1947 4342 2063 4397 vice

2139 3194 2365 3248 Vallant
2396 3197 2453 3246 et
2478 3194 2698 3253 vexant,
2729 3187 2938 3243 scrobis
2967 3205 3032 3243 ac
3058 3189 3289 3243 horrore
3319 3193 3629 3247 retentant.

2142 3284 2258 3337 Hoc
2278 3281 2452 3351 igitur
2475 3285 2745 3342 castrum,
2779 3277 2860 3332 sic
2882 3283 2969 3332 est
2998 3278 3201 3332 merito
3238 3277 3547 3333 vocitatum
3577 3296 3590 3332 :

2142 3374 2286 3427 Nam
2318 3370 2437 3424 fera
2461 3367 2617 3440 plebs
2646 3368 2766 3437 ejus
2794 3366 3043 3421 barathri
3074 3383 3135 3421 se
3161 3367 3339 3422 trudit
3365 3366 3437 3422 ad
3465 3372 3647 3436 actus,

2143 3461 2321 3531 Cujus
2348 3457 2676 3513 ﬂuminibus
2697 3472 2756 3510 se
2776 3455 3189 3510 commiscendo
3219 3457 3461 3528 Cocytus
3492 3455 3628 3527 (22),

2145 3552 2280 3605 Post
2307 3566 2368 3604 se
2400 3548 2663 3618 Cccejum
2690 3545 2869 3600 trudit
2906 3562 3006 3616 per
3034 3561 3205 3617 prava
3234 3561 3483 3604 suorum.

2220 3638 2305 3695 l7.
2337 3636 2591 3702 Qualiter
2613 3635 2705 3690 hic
2730 3640 2877 3689 tetro
2905 3640 2979 3688 sit
3004 3633 3243 3689 carceris
3272 3640 3467 3689 emtas
3494 3638 3684 3704 antro,

2143 3727 2473 3793 Pandimus,
2505 3732 2763 3780 auctores
2782 3731 2846 3779 ut
2864 3724 3259 3795 deprompsere
3292 3722 3521 3779 ﬁdeles;

2142 3818 2357 3887 Nempe
2378 3820 2686 3880 catenatus,
2719 3813 2960 3867 vallante
2988 3812 3270 3883 crepidine
3294 3813 3536 3877 clausus,

2142 3906 2208 3960 In
2239 3905 2457 3959 diversa
2485 3903 2635 3957 trahi
2667 3902 2836 3974 coepit
2868 3920 2879 3954 :
2910 3902 3197 3973 mentique
3224 3902 3457 3968 revenit,

2143 3994 2303 4058 Quod
2334 4011 2515 4066 nuper
2539 3992 2721 4047 titulis
2741 3991 2978 4062 insignis
3000 3991 3289 4047 Amandus
3317 3991 3570 4048 honestis

2142 4083 2421 4144 Patrarat,
2454 4081 2624 4136 mutis
2646 4080 2785 4135 dans
2814 4078 3063 4144 verbum,
3095 4079 3314 4135 lumina
3335 4080 3512 4136 caecis.

2144 4172 2301 4227 Tunc
2321 4188 2488 4226 orans
2507 4170 2788 4240 lacrymis,
2815 4174 2873 4224 et
2895 4169 3037 4223 dans
3058 4168 3301 4240 suspiria
3331 4168 3537 4237 cordis,

2147 4261 2339 4315 Edidit
2364 4260 2433 4315 ad
2464 4266 2707 4325 tantum,
2730 4258 2811 4314 sic
2828 4259 3095 4325 clamans,
3127 4258 3292 4313 verba
3320 4264 3626 4331 patronum
3650 4278 3662 4313 :

2145 4350 2471 4406 Pontificale
2509 4349 2695 4416 decus,
2728 4365 3075 4420 Operumque
3104 4352 3359 4418 patrator
3385 4348 3629 4419 opimus,

469 4454 659 4493 coram
690 4437 811 4507 ipso
842 4444 1084 4490 erectam
1116 4441 1302 4489 astare
1341 4435 1566 4488 feretro.
1602 4433 1731 4487 Haec
1760 4439 1910 4497 sunt,
1942 4431 2125 4520 qui-D
2146 4439 2353 4493 Pmsul
2380 4438 2654 4505 Amando,
2686 4443 2813 4492 tuos
2843 4454 2993 4492 nunc
3016 4436 3187 4491 affore
3214 4454 3379 4509 posco
3397 4437 3736 4509 triumphos,

468 4526 575 4581 bus
622 4542 725 4596 per
771 4524 1039 4579 Gallicam
1070 4524 1413 4596 provinciam
1465 4520 1773 4577 beatissimi
1816 4521 2059 4575 Amandi
2141 4528 2265 4582 Non
2286 4527 2529 4598 aliquem
2562 4526 2765 4597 quaeris
2793 4525 2975 4580 verbis
2999 4526 3082 4580 uti
3112 4526 3409 4582 cameratis
3440 4523 3570 4594 (23).

469 4613 883 4681 merita,l20)ea
901 4619 1237 4685 tempestate
1258 4612 1543 4667 declarare
1560 4611 1824 4681 dignatus
1847 4615 1933 4663 est
1953 4611 2059 4664 Do-

470 4705 675 4762 minus.
714 4706 850 4759 Cum
899 4703 1100 4775 quibus
1127 4709 1184 4757 et
1210 4702 1340 4766 alia,
1383 4719 1505 4773 quae
1533 4701 1602 4755 ab
1649 4699 1787 4768 ipsis
1819 4698 2060 4754 infirmis

470 4795 713 4850 sanitate
743 4792 1141 4865 redintegratis
1167 4792 1271 4847 sub
1292 4790 1609 4845 testimonio
1630 4787 1878 4842 fidelium
1900 4789 2060 4843 nobis

472 4891 606 4940 sunt
645 4884 839 4939 relata.
882 4882 1083 4947 Qualia
1124 4888 1316 4935 tamen
1345 4879 1474 4945 ista,
1521 4884 1731 4950 quanta
1754 4881 1812 4931 et
1839 4876 1967 4945 illa;
2002 4878 2060 4932 in

471 4973 732 5029 omnibus
761 4971 1024 5044 operibus
1054 4970 1169 5024 suis
1199 4969 1274 5023 sit
1322 4983 1529 5023 nomen
1567 4963 1791 5022 Domini
1839 4965 2061 5022 benedi-

471 5067 625 5119 ctum
653 5063 714 5118 in
736 5062 958 5118 saecula.
988 5060 1189 5114 Amen.

542 5405 662 5479 (18)
690 5406 876 5479 Forte.
908 5406 1185 5461 incedens.

550 5470 589 5545 (1
604 5470 657 5545 9)
672 5478 815 5532 Urbs
844 5480 960 5532 hanc
987 5494 1137 5532 nunc
1157 5475 1483 5547 praeclaram
1505 5470 1675 5530 habet
1698 5470 2062 5531 academiam.

551 5549 663 5620 (20)
693 5549 820 5602 Mss.
846 5556 902 5603 et
932 5564 1128 5602 exousa
1152 5546 1433 5620 habebant
1454 5553 1521 5601 et.

554 5618 658 5683 (‘11)
685 5620 904 5674 Titulus
936 5620 1102 5688 hujus
1128 5618 1326 5688 capitis
1352 5632 1585 5673 excusus
1616 5624 1739 5674 erat
1756 5620 1814 5675 in
1837 5618 2066 5675 elencho

368 5698 382 5711 '
480 5704 653 5758 supra
671 5690 801 5743 dato
825 5709 841 5744 :
875 5695 936 5743 at
954 5690 1206 5744 carmina
1228 5690 1478 5743 deerant.

2144 4615 2487 4687 Simpliciter
2514 4616 2655 4678 dico,
2674 4616 2791 4685 jam
2821 4632 2969 4669 nunc
2998 4615 3134 4669 mihi
3163 4615 3448 4687 proximus
3473 4620 3627 4683 esto;

2143 4705 2202 4759 Si
2234 4721 2423 4758 verum
2451 4703 2520 4758 de
2551 4709 2608 4758 te
2636 4720 2815 4775 nuper
2842 4704 3318 4775 deprehendimus
3346 4720 3492 4771 esse,

2144 4793 2302 4858 Quod
2329 4811 2428 4864 per
2456 4799 2635 4860 tanta,
2667 4792 2811 4848 circa
2838 4793 3079 4848 conﬁnia
3107 4799 3321 4860 nostra,

2144 4881 2377 4936 Exstent
2402 4880 2699 4952 completa,
2731 4899 2844 4937 non
2882 4881 3220 4937 naturaliter
3243 4888 3367 4938 acta
3391 4901 3405 4952 ;

2144 4970 2314 5041 Exige
2330 4971 2449 5041 jam
2471 4987 2663 5024 verum
2686 4971 2932 5026 clemens
2956 4989 3021 5026 ex
3052 4971 3211 5027 hoste
3238 4977 3513 5045 tropaeum

2144 5060 2249 5125 Qui
2278 5059 2443 5115 nimis
2463 5060 2745 5115 immerito
2775 5063 2981 5116 retinet
3007 5076 3100 5117 me
3130 5061 3367 5118 carceris
3396 5067 3582 5131 antro,

2143 5150 2224 5204 Ac
2250 5149 2309 5205 in
2339 5168 2428 5206 me
2447 5166 2636 5206 rerum
2665 5157 2955 5208 coacervat
2983 5169 3218 5224 quaeque
3248 5153 3547 5207 malarum.

2146 5239 2278 5307 Oro,
2306 5242 2469 5312 juves
2494 5239 2768 5313 precibus,
2800 5259 2872 5299 ne
2900 5243 3130 5315 squalor
3156 5242 3397 5299 carceris
3424 5242 3597 5314 hujus

2220 5399 2332 5470 (22)
2378 5405 2618 5476 Cocytus
2672 5402 2876 5460 ﬂuvius
2902 5402 3212 5472 infernalis,
3247 5399 3346 5458 οἷπὸ
3384 5407 3473 5457 τοῦ
3516 5404 3736 5471 κωκύειν,

2152 5472 2353 5542 lugere,
2386 5472 2629 5544 plorare.

2221 5545 2331 5616 (23)
2350 5546 2409 5600 Id
2437 5552 2523 5600 est
2548 5544 2733 5608 tectis,
2764 5563 2862 5601 seu
2895 5547 3177 5602 involutis.
3202 5547 3439 5601 Camera
3458 5545 3740 5600 veteribus

2149 5615 2355 5689 fornix,
2388 5618 2582 5689 Belgis
2618 5617 2958 5682 cubiculum,
2990 5618 3365 5689 cenaculum,
3398 5617 3532 5672 hinc
3560 5632 3740 5673 came-

2149 5704 2296 5745 rare.
2323 5687 2638 5745 Aliud’ms.
2669 5688 2913 5746 habebat
2940 5692 3260 5748 cameracis.
