3934 6404
167 407 308 465 1445

160 529 257 585 Me
285 530 535 585 vexando
567 530 665 585 diu
704 530 946 602 subigat,
979 537 1332 605 mortemque
1362 535 1627 590 minetur.

161 620 422 674 Pondera
450 637 577 674 mox
602 620 735 674 ferri
762 628 888 691 post
916 623 1038 692 ejus
1060 623 1228 676 verba
1259 625 1457 678 resolvi

106 772 115 783 θ
162 709 257 763 Sic
288 725 508 780 cmpere
536 710 726 765 simul.
762 710 909 780 quod
940 713 1004 763 ﬁt
1035 711 1288 765 mirabile
1317 713 1491 775 dictu,

164 799 282 852 Ceu
317 799 441 869 quis
472 816 598 853 eum
629 799 776 852 ferro
809 800 1064 854 manibus
1092 802 1362 856 relevaret
1393 802 1462 855 ab
1488 801 1627 872 ipso.

159 887 305 941 Tum
336 892 585 941 tractans
610 886 837 944 sensim.
871 890 1095 959 capiens
1125 895 1181 942 et
1208 890 1315 943 iter
1344 890 1703 960 pedetentim,

162 976 552 1047 Egressusque
589 976 738 1029 foras
771 977 937 1041 venit,
960 978 1129 1047 judex
1161 979 1254 1031 ubi
1286 995 1511 1033 caussas

162 1066 506 1130 Exercendo,
550 1067 699 1121 latus
728 1067 970 1138 stipante
1009 1068 1250 1121 satellite
1278 1069 1473 1133 fultus,

160 1155 353 1210 Vanus
383 1172 668 1209 sermones
698 1156 975 1210 referebat
1003 1162 1060 1209 et
1080 1157 1327 1226 undique
1358 1161 1572 1222 sontes;

162 1245 369 1300 Coram
400 1260 509 1315 quo
529 1245 763 1314 positus,
800 1244 1016 1298 cunctis
1039 1246 1397 1300 cernentibus
1422 1247 1535 1300 exit

160 1333 497 1399 Landricus,
531 1339 657 1404 post
684 1350 744 1388 se
770 1351 873 1388 nec
903 1351 1242 1405 quemquam
1274 1352 1503 1405 surgere
1533 1335 1728 1390 cernit.

165 1422 260 1476 Sic
289 1423 449 1494 cujus
483 1423 727 1477 clemens
752 1423 1039 1476 miseratio
1064 1424 1463 1478 vociferantem

166 1510 398 1565 Audivit
420 1510 659 1582 pridem,
682 1528 833 1565 nunc
859 1511 1044 1581 ipsum
1077 1512 1261 1565 munit
1288 1517 1536 1566 euntem.

246 1598 330 1656 18.
388 1601 541 1671 (Cap.
572 1598 682 1667 15.)
716 1599 1065 1671 Praecipuum
1115 1601 1393 1671 quoddam
1426 1600 1760 1655 miraculum

165 1687 229 1742 in
276 1705 421 1759 pago
462 1688 838 1753 Noviomensi,
873 1705 906 1741 a
937 1690 998 1741 Β.
1047 1690 1303 1743 Amando
1348 1690 1577 1749 factum,
1620 1688 1764 1743 sicut

169 1777 545 1848 quorumdam
579 1777 852 1830 relatione
875 1775 982 1843 (24)
1015 1776 1332 1841 didicimus,
1357 1778 1542 1848 legere
1571 1778 1760 1831 volen-

1134 410 1478 467 HISTORIA
1516 410 2049 468 MIRACULORUM
2087 411 2146 467 S.
2184 411 2469 467 AMANDI

3282 413 3424 472 1446

1774 539 1823 597 Α
1839 539 2069 606 sumptu
2099 534 2293 589 eodem
2324 534 2445 589 loco
2466 537 2788 609 constructa
2799 537 2884 588 est
2900 533 2956 587 in
2975 535 3187 591 honore
3197 537 3258 591 B.
3280 554 3424 609 pon-

1834 624 2000 678 tiﬁcis
2027 624 2286 688 Amandi,
2307 624 2377 677 ad
2398 606 2620 678 laudem
2650 623 2749 677 Dei
2771 624 3073 678 Salvatoris
3096 606 3426 684 nostri—Jesu

1836 713 2063 774 Christi,
2098 719 2351 767 sanctum
2379 729 2547 767 suum
2577 712 2636 765 in
2666 706 2802 766 ccelo
2835 718 2893 766 et
2918 713 2976 767 in
3005 720 3160 768 terra
3188 716 3426 772 miriﬁce

1834 802 2218 871 gloriﬁcantis,
2251 802 2346 872 qui
2382 818 2511 855 cum
2540 802 2708 854 Patre
2760 807 2816 855 et
2864 801 3076 872 Spiritu
3107 803 3164 858 S.
3199 804 3332 858 vivit
3372 809 3430 859 et

1838 896 2035 960 regnat
2055 891 2201 944 Deus
2230 907 2332 961 per
2355 890 2543 943 omnia
2567 890 2767 943 saecula
2796 891 2983 945 szecul.
3005 892 3208 947 Amen.

2380 978 2613 1033 CAPUT
2641 980 2715 1033 1v
2739 977 2877 1049 (-28).

1943 1070 2263 1122 Periculum
2292 1072 2486 1121 mortis
2509 1073 2778 1121 amotum.
2817 1069 3029 1122 Clinica
3057 1076 3313 1126 sanatur.

1912 1154 1996 1213 19.
2030 1157 2172 1227 Styli
2203 1157 2414 1227 pandat
2442 1155 2791 1227 obsequium,
2815 1158 3118 1212 succedens
3141 1160 3230 1213 his
3261 1160 3433 1216 mira-

3107 1248 3322 1318 [culum

1839 1336 1915 1390 Ut
1943 1335 2091 1405 quod
2116 1335 2291 1388 claret
2310 1334 2700 1405 praesentibus,
2723 1340 2915 1407 pateat
2938 1335 3426 1408 subsequentibus.

1841 1424 2112 1478 Processu
2149 1440 2396 1494 namque
2437 1424 2730 1494 temporis,
2762 1425 2897 1478 dum
2924 1429 3210 1481 structura
3234 1426 3432 1483 funda-

3156 1533 3323 1571 mlnlS

3156 1533 3293 1570 mini

1844 1601 2089 1655 Ecclesia
2129 1603 2449 1670 resurgeret
2480 1598 2603 1666 (29),
2635 1617 2700 1655 ac
2727 1603 2978 1657 valenter
3004 1516 3324 1674 proficere:

1844 1690 2016 1744 Varie
2057 1690 2299 1760 operarii
2322 1688 2741 1760 occupabantur
2777 1691 3028 1762 plurimi.

1846 1779 2097 1842 Quorum
2127 1779 2431 1832 mittuntur
2457 1779 2671 1848 gemini
2693 1784 2902 1834 terram
2925 1780 3116 1836 fodere
3144 1781 3343 1849 sabuli,

163 1865 319 1921 tibus
345 1865 719 1937 qualicunque
765 1866 973 1936 scripto
1001 1866 1295 1921 notificare
1323 1867 1661 1922 curabimus.
1693 1868 1756 1921 B.
1776 1890 1823 1950 Β
1847 1868 2214 1923 Willebertus
2238 1868 2526 1931 vocabulo,
2558 1868 2788 1923 Alberto
2818 1868 2924 1922 sibi
2953 1870 3119 1925 socio.

164 1955 343 2027 igitur
362 1955 619 2009 Amando
639 1972 764 2009 cum
789 1954 1061 2009 duodenis
1079 1956 1342 2010 fratribus
1362 1957 1419 2009 in
1449 1972 1592 2027 pago
1622 1957 1764 2011 Lau-

171 2043 433 2109 dunensi,
465 2044 586 2098 loco
611 2044 706 2114 qui
746 2044 953 2097 dicitur
982 2044 1312 2098 Baresetum
1346 2044 1474 2111 (25),
1517 2062 1763 2099 commo-

170 2139 355 2198 rante,
390 2132 625 2203 contigit
652 2139 718 2186 ut
760 2149 857 2187 rex
881 2133 1223 2187 Francorum
1266 2133 1614 2203 Dagobertus
1659 2132 1761 2195 (26)

168 2221 263 2276 die
292 2222 536 2292 quadam
569 2221 974 2292 Compendium
1001 2219 1106 2288 (27)
1138 2221 1444 2280 deveniret.
1472 2222 1631 2291 cujus
1660 2221 1763 2274 ad-

167 2315 342 2363 ventu
368 2314 651 2380 comperto
698 2309 763 2362 B.
809 2308 941 2362 illuc
972 2309 1260 2362 Amandus
1308 2326 1538 2379 pergere
1583 2309 1768 2380 dispo-

172 2398 309 2453 suit.
343 2397 594 2462 Quicum
610 2398 678 2452 ad
698 2397 884 2451 villam
900 2398 1260 2452 Melincotum
1282 2399 1615 2469 appellatam
1638 2414 1766 2469 per-

172 2487 437 2552 venisset,
484 2486 542 2540 in
582 2486 747 2541 domo
785 2487 1079 2556 cujusdam
1135 2487 1333 2547 viduae,
1380 2504 1502 2557 quae
1538 2488 1768 2541 unicum

175 2574 425 2631 habebat
450 2575 648 2640 ﬁlium,
688 2575 1010 2646 hospitandi
1040 2576 1229 2645 gratia
1270 2576 1514 2629 divertit.
1547 2576 1767 2631 Interea

180 2666 409 2737 quidam
447 2670 726 2736 raptores,
749 2681 812 2718 ex
852 2665 1174 2719 Belvacensi
1203 2664 1431 2735 regione
1458 2664 1762 2727 venientes,

178 2755 481 2826 quamdam
511 2754 642 2808 inde
667 2753 908 2824 praedam
936 2753 1085 2807 furto
1103 2753 1401 2808 abductam
1431 2760 1563 2808 ante
1592 2770 1651 2807 se
1678 2754 1770 2807 de-

177 2842 477 2898 ducebant.
511 2842 618 2906 Qui
647 2859 772 2897 cum
803 2842 872 2896 ab
901 2843 1098 2897 incolis
1141 2844 1393 2913 ejusdem
1422 2843 1665 2913 regionis
1708 2860 1768 2897 se

177 2931 402 3002 insequi
439 2932 740 3002 perniciter
799 2932 1054 2986 cominus
1099 2933 1464 3003 aspexissent,
1515 2931 1770 3002 opaciore

180 3021 323 3076 silva
350 3037 472 3074 sese
501 3036 629 3074 cum
669 3019 857 3090 praeda
906 3036 1007 3073 sua
1055 3021 1313 3090 protinus
1351 3021 1767 3087 immerserunt,

180 3126 284 3165 nec
307 3115 496 3164 tamen
526 3109 595 3163 de
619 3108 732 3162 vita
748 3108 1302 3172 securi,adversarios
1330 3127 1389 3164 se
1417 3110 1773 3180 insequentes

177 3200 396 3273 pernici
422 3216 619 3271 gressu
668 3198 975 3270 fugiebant.
1021 3199 1274 3253 Fortuito
1308 3201 1425 3270 jam
1461 3218 1594 3255 casu
1623 3201 1772 3255 ﬁlius

180 3288 441 3344 mulieris
478 3289 676 3353 viduae,
719 3291 778 3342 in
821 3289 981 3358 cujus
1036 3288 1341 3359 hospitium
1371 3288 1436 3342 B.
1470 3289 1774 3345 diverterat

179 3377 491 3442 Amandus,
522 3394 623 3448 per
651 3377 909 3431 eumdem
940 3377 1146 3431 saltum
1176 3377 1326 3430 solus
1354 3377 1767 3432 deambulabat.

181 3467 325 3522 Cum
350 3482 575 3521 causam
601 3473 822 3537 penitus
844 3466 1122 3536 ignoranti
1151 3466 1396 3536 praedam
1416 3483 1576 3521 suam
1607 3467 1773 3521 latro-

181 3573 286 3612 nes
317 3556 478 3626 quasi
508 3555 929 3610 custodiendam
964 3555 1330 3626 reliquerunt,
1370 3561 1427 3609 et
1453 3556 1559 3627 ipsi
1593 3562 1773 3610 semet

178 3651 401 3700 tantum
432 3645 647 3699 salvare
676 3645 943 3706 volentes,
976 3644 1284 3714 expeditius
1308 3646 1424 3714 jam
1457 3645 1647 3714 fugere
1667 3661 1772 3699 cm-

180 3738 409 3806 perunt.
443 3733 620 3788 Porro
648 3733 752 3787 viri
782 3733 877 3804 qui
906 3733 1150 3804 praedam
1182 3733 1250 3787 de
1289 3749 1460 3788 manu
1488 3734 1770 3788 latronum

183 3823 527 3878 festinabant
555 3823 791 3894 eripere,
818 3823 1081 3892 juvenem
1128 3823 1304 3877 solum
1355 3840 1481 3877 cum
1525 3823 1713 3894 praeda
1739 3840 1774 3876 a

184 3913 499 3968 latronibus
527 3912 760 3966 dimissa
798 3912 856 3965 in
884 3912 1030 3965 saltu
1058 3918 1405 3982 repererunt.
1441 3913 1618 3976 Quem
1644 3912 1772 3982 quia

189 4018 369 4058 unum
399 4018 465 4055 ex
494 4000 804 4055 latronibus
835 4000 1002 4053 fuisse
1020 3999 1496 4066 existimaverunt,
1529 4017 1777 4071 compre-

184 4093 427 4147 hensum
458 4088 606 4143 illico
635 4088 1067 4159 suspenderunt.
1101 4088 1216 4141 Nec
1245 4104 1421 4152 mora,
1455 4103 1653 4141 rumor
1676 4105 1774 4142 ex-

184 4181 410 4246 citatur,
469 4178 680 4233 clamor
732 4176 1028 4243 attollitur,
1089 4177 1235 4230 filius
1288 4176 1542 4230 mulieris
1595 4177 1774 4232 viduae

183 4285 490 4342 suspensus
519 4274 688 4339 atque
712 4269 829 4337 jam
872 4271 1127 4320 mortuus
1171 4282 1293 4319 esse
1341 4266 1655 4319 nuntiatur.
1687 4265 1776 4319 Ab

188 4360 453 4415 omnibus
494 4374 635 4429 pene
683 4357 880 4411 incolis
936 4356 1372 4426 circumquaque
1421 4354 1777 4409 manentibus

1850 1959 1919 2012 Hi
1947 1974 2079 2028 ergo
2105 1956 2236 2010 facti
2266 1972 2557 2026 compares
2585 1957 2656 2010 ad
2687 1957 3033 2029 operandum
3062 1959 3255 2029 agiles,

1845 2046 2306 2116 Exsequebantur
2331 2044 2588 2114 gnaviter
2620 2062 2758 2115 opus
2786 2046 3100 2115 injunctum
3129 2048 3355 2119 pariter.

1850 2135 1957 2199 Qui
1987 2136 2154 2189 unius
2191 2133 2428 2188 articulo
2448 2134 2558 2188 diei
2587 2151 2713 2188 cum
2741 2134 2976 2190 fossorio

1847 2226 2130 2279 lntrantes
2161 2223 2464 2294 Opiﬁcium,
2496 2224 2694 2277 mortis
2716 2222 3011 2279 incurrunt
3038 2226 3323 2297 laqueum.

1847 2314 1997 2377 Quos
2023 2313 2071 2367 si
2108 2313 2273 2383 cepit,
2316 2328 2430 2366 non
2474 2311 2676 2379 tenuit,
2708 2314 2806 2367 sed
2840 2314 3030 2368 laxum
3072 2315 3258 2371 sinum
3291 2335 3434 2391 prae-

3120 2403 3267 2475 [buit
3284 2425 3298 2475 ;

1850 2490 1920 2543 Et
1940 2505 2083 2558 quos
2120 2489 2358 2543 Satanas
2387 2487 2613 2552 terruit,
2647 2488 2852 2558 praesul
2880 2494 3073 2545 noster
3102 2491 3329 2563 eripuit.

1852 2575 2005 2642 Quos
2037 2575 2283 2629 turbavit
2313 2575 2542 2638 saevitia,
2573 2575 2710 2629 fovit
2739 2576 3144 2633 misericordia.

1850 2666 1994 2718 Nam
2022 2665 2178 2718 locus
2203 2669 2325 2718 erat
2352 2680 2623 2718 concavus
2644 2665 2838 2734 jacens
2866 2665 2976 2720 illis
3005 2667 3109 2722 sub
3137 2669 3390 2742 pedibus,

1849 2755 2132 2825 Terraque
2161 2771 2286 2807 cum
2318 2752 2597 2824 lapidibus
2625 2754 2961 2808 imminebat
2984 2757 3309 2813 cervicibus.

1850 2841 1996 2904 Quid
2026 2841 2259 2896 multis?
2288 2842 2466 2896 Moles
2486 2842 2717 2909 corruit,
2752 2843 2964 2913 hosque
2993 2844 3170 2900 ferme
3197 2848 3437 2903 commi-

3129 2933 3293 3005 (nuit.

1852 3019 2214 3075 Willebertus
2237 3019 2550 3090 pubetenus
2579 3021 2863 3075 detinetur
2892 3021 3264 3089 intrinsecus;

1856 3109 2127 3165 Albertus
2146 3116 2334 3163 autem
2366 3109 2589 3180 penitus
2610 3110 2679 3164 ad
2700 3108 2816 3164 ima
2843 3111 3052 3166 scrobis
3080 3114 3347 3170 truditur.

1855 3200 1976 3263 Quo
2005 3215 2341 3253 concurrens
2360 3197 2579 3264 vicinia,
2612 3198 2866 3253 membra
2886 3200 3170 3270 quaerebat
3193 3209 3434 3259 mortua.

1851 3287 1994 3342 Nam
2028 3285 2152 3358 quis
2173 3285 2354 3340 vivere
2376 3286 2627 3340 crederet
2674 3303 2842 3358 quam
2886 3292 3047 3342 tanta
3087 3291 3263 3345 moles
3294 3297 3439 3347 ster-

3110 3379 3293 3448 [neret
3310 3381 3335 3433 ?

1851 3466 2065 3519 Tamen
2092 3463 2314 3519 videbat
2344 3464 2547 3518 merito
2568 3464 2748 3519 sancti
2779 3466 3033 3536 praesulis
3053 3467 3279 3540 inclyto.

1852 3555 1960 3608 Per
1990 3571 2155 3626 quem
2184 3554 2389 3631 mirum
2410 3554 2694 3625 apparuit,
2713 3554 2860 3624 quod
2883 3571 3105 3610 servum
3127 3559 3296 3613 morti
3317 3576 3442 3615 sus-

3160 3647 3334 3718 [tulit.

1851 3732 2083 3786 Terram
2114 3733 2263 3786 enim
2294 3748 2416 3803 quae
2452 3735 2661 3796 ruerat,
2696 3729 3058 3803 lapidumque
3088 3735 3373 3791 volumina

1858 3823 2192 3875 Amoventes
2217 3820 2565 3884 ﬁnitimi,vix
2591 3825 2759 3890 caput
2784 3820 3156 3886 semimortui,

1857 3910 2016 3974 Quod
2059 3927 2201 3980 pene
2251 3911 2369 3980 jam
2412 3907 2808 3974 contriverant,
2854 3913 2920 3962 ut
2948 3914 3135 3980 petras
3163 3910 3276 3966 illic
3296 3912 3443 3983 jece.

3207 4000 3380 4071 (ναοί,

1860 4087 2242 4165 Reperientes,
2275 4088 2579 4142 extrahunt
2599 4087 2758 4159 quasi
2789 4086 3026 4142 cadaver
3048 4092 3354 4144 mortuum.

1857 4177 2086 4231 Nullum
2117 4177 2242 4230 vitae
2272 4179 2613 4247 spiraculum
2652 4176 2707 4231 in
2739 4193 2804 4232 eo
2832 4193 2935 4230 nec
2966 4177 3278 4231 anhelitum

1860 4265 2242 4335 Percipientes
2280 4265 2543 4319 vividum.
2576 4267 2719 4319 Nam
2750 4265 2820 4319 ab
2846 4266 2986 4319 hora
3011 4266 3130 4335 jam
3154 4265 3326 4319 tertia

1858 4353 2046 4423 Usque
2076 4354 2191 4407 fere
2220 4354 2291 4407 ad
2313 4353 2605 4424 septimam
2638 4354 2697 4408 in
2724 4354 2972 4408 tenebris
2996 4353 3355 4408 horrentibus

182 4449 432 4505 curritur
460 4447 531 4501 ad
558 4447 891 4511 videndum;
920 4450 1102 4498 mater
1130 4450 1299 4498 etiam
1330 4445 1585 4514 suspensi
1615 4444 1840 4535 mise-D
1859 4443 2120 4496 Jacuerat
2144 4442 2224 4496 sic
2252 4442 2503 4496 obrutus.
2537 4441 2678 4496 Inde
2704 4444 2993 4497 trahentes
3030 4442 3302 4513 pallidum

181 4538 378 4595 randis
406 4535 743 4593 clamoribus
793 4536 1010 4605 ejulans
1056 4551 1182 4587 cum
1232 4534 1295 4587 B.
1340 4550 1504 4603 quem
1535 4531 1829 4604 hospitio—
1860 4532 2191 4601 Mortuoque
2218 4531 2588 4597 simillimum,
2621 4548 2745 4585 cum
2773 4537 3083 4586 tractarent
3104 4531 3173 4585 de
3197 4531 3378 4586 loculo

181 4626 777 4700 susceperat,accurrit
801 4623 1227 4687 Amando.Quid
1248 4623 1410 4693 plura
1432 4621 1455 4675 ?
1481 4622 1542 4676 In
1558 4628 1777 4677 tantum

181 4720 269 4775 vir
296 4719 495 4774 beatus
525 4734 695 4787 super
719 4714 1103 4785 compassione
1140 4712 1394 4766 mulieris
1425 4711 1681 4774 indoluit,
1715 4718 1779 4766 ut

182 4809 345 4865 humi
404 4811 717 4879 prostratus
760 4804 958 4858 tandiu
987 4801 1227 4856 orationi
1272 4801 1470 4871 plenus
1513 4801 1777 4873 lacrymis

187 4896 526 4962 incubuerit,
593 4895 767 4949 donec
807 4894 1069 4964 juvenem
1119 4890 1303 4944 vivum
1335 4897 1392 4944 et
1439 4890 1777 4945 incolumem

180 4986 426 5061 propriae
455 4984 623 5039 matri
659 4982 927 5054 gaudenti
982 4987 1039 5034 et
1083 4980 1403 5040 exsultanti,
1443 4980 1557 5033 Deo
1588 4980 1777 5051 propi-

182 5080 367 5133 tiante
394 5073 721 5130 restituerit.
751 5072 835 5126 Ob
875 5072 979 5124 hoc
1008 5086 1141 5139 ergo
1170 5068 1435 5139 paradoxi
1464 5069 1692 5139 dignam
1722 5074 1779 5123 et

181 5164 561 5222 venerabilem
607 5161 938 5217 memoriam
970 5159 1224 5231 quaedam
1254 5158 1529 5228 capellula
1576 5158 1776 5228 exiguo

254 5273 378 5345 (24)
405 5271 555 5327 Dum
603 5269 772 5345 isthic
788 5283 926 5345 cum
956 5264 1311 5345 reliquiisus.
1334 5263 1777 5345 _Amapdi.esset

182 5335 416 5412 auctor;
473 5342 623 5414 quod
655 5358 689 5395 a
725 5338 956 5410 reliquis
1004 5335 1288 5391 miraculis
1325 5340 1446 5389 tum
1493 5335 1654 5390 factis
1697 5354 1781 5390 se-

179 5416 392 5488 junxit.

256 5488 374 5557 (25)
403 5486 514 5541 Seu
540 5484 913 5557 Barisiacum.

262 5548 369 5628 (26)
400 5557 450 5611 Α
483 5556 796 5611 Childeriro
830 5571 960 5628 rege
1007 5558 1209 5628 nepote
1246 5550 1548 5628 Dagoberti
1633 5551 1782 5628 hunc

181 5624 370 5686 locum
401 5628 667 5682 donatum
698 5627 869 5680 fuisse
900 5627 956 5680 S.
989 5626 1243 5679 Amando
1272 5624 1529 5678 diximus.
1560 5625 1647 5677 An
1672 5624 1784 5677 Da-

182 5702 456 5774 gobeftus
485 5700 632 5774 ﬁlius
663 5699 718 5754 S.
756 5695 1500 5774 Sigebertijntelligendus?

1860 4619 1929 4673 Et
1954 4619 2205 4672 faciendo
2227 4619 2443 4673 tumulo
2467 4637 2480 4685 ;
2514 4625 2806 4679 cernentes
2838 4620 2988 4674 hunc
3009 4619 3321 4688 rubescere,

1861 4709 2262 4764 Intellexerunt
2290 4707 2490 4761 vivere.
2526 4707 2627 4761 llic
2655 4725 2877 4779 quoque
2909 4710 3087 4763 multo
3108 4715 3361 4781 tempore

1859 4798 1993 4852 Post
2022 4814 2192 4851 sanus
2225 4796 2363 4850 vixit
2400 4813 2631 4867 corpore
2648 4812 2773 4850 cum
2802 4798 2898 4851 illo
2928 4814 3029 4852 suo
3058 4814 3341 4870 compare,

1858 4887 1929 4941 Et
1955 4892 2082 4957 post
2102 4886 2260 4939 illum
2292 4885 2602 4939 certissime
2632 4902 2993 4955 perseverans
3018 4887 3267 4941 servitio.

1929 4974 2015 5032 20.
2052 4974 2159 5044 (3οι
2190 4976 2350 5028 Anno
2380 4974 2452 5029 ab
2486 4973 2881 5028 Incarnatione
2907 4976 3130 5029 Domini
3150 4973 3312 5045 1090,
3338 4976 3454 5032 cui-

1859 5066 1989 5120 dam
2019 5065 2418 5119 monachorum
2444 5065 2500 5117 S.
2517 5063 2885 5126 Amandi,per
2903 5080 3164 5119 somnum
3192 5066 3333 5121 visio
3350 5083 3451 5138 ap-

1858 5155 2046 5226 paruit
2073 5159 2343 5223 tanquam
2370 5152 2663 5207 dehiscens
2692 5152 2917 5218 coelum,
2942 5153 3202 5207 ardorem
3222 5155 3452 5226 igneum

1863 5261 2038 5317 Aisiae
2062 5260 2378 5315 ﬂuminum.

1939 5333 2044 5401 (28)
2082 5334 2207 5386 Haec
2235 5333 2345 5386 duo
2376 5330 2560 5402 capita
2587 5331 2945 5385 continentur
2979 5331 3037 5385 in
3080 5348 3187 5385 ms.
3232 5333 3452 5388 Aman—

1863 5405 2015 5461 dino,
2059 5411 2254 5474 postea
2301 5404 2587 5474 adjuncta,
2622 5403 2737 5456 sive
2779 5402 2849 5456 ab
2889 5403 3087 5457 eodem
3145 5402 3453 5459 Gilleberto

1864 5493 1962 5530 seu
1995 5477 2180 5550 potius
2202 5475 2328 5550 alio.
2455 5544 2504 5550 __
2681 5546 2706 5550 _
2820 5544 2834 5550 _
2949 5546 2960 5550 _
3192 5492 3231 5550 _-

1936 5544 2046 5609 (‘29)
2081 5544 2237 5615 Ergo'
2255 5549 2380 5615 post
2420 5544 2633 5599 obitum
2681 5544 2987 5613 Lamberti,
3041 5560 3138 5599 seu
3192 5544 3453 5601 Fulcardi

1865 5618 2100 5677 abbatis,
2132 5617 2233 5671 sub
2267 5620 2503 5688 Bovone.
2534 5623 2633 5670 aut
2662 5617 2857 5688 primis
2884 5616 3046 5672 annis
3072 5616 3340 5688 Hugonis.

1939 5690 2055 5761 (30)
2096 5687 2572 5759 Praeponebantur
2611 5686 2730 5744 haec
2774 5689 2942 5745 verba
2965 5689 3147 5745 instar
3170 5686 3323 5743 tituli
3355 5705 3367 5740 :
3395 5688 3451 5746 S.

260 5772 373 5846 (27)
417 5769 703 5844 Oppidum
739 5762 967 5840 elegans
991 5768 1063 5823 ad
1100 5762 1444 5823 conﬂuentes
1484 5767 1690 5823 Axonae
1728 5769 1785 5820 et
1865 5762 2113 5821 Amandz'
2133 5762 2196 5814 de
2215 5762 2363 5815 Bizo.
