3934 6410
183 440 312 494 1453

1251 440 1587 492 HISTORIA
1631 441 1946 494 MONAST.
1990 440 2122 493 CLU
2133 442 2192 492 Sl
2205 441 2354 492 ENS.
3302 443 3438 500 1454

173 561 514 638 ἱηθκρειςῐεηι
554 562 752 614 divina:
801 560 1030 638 pietatis
1077 578 1202 613 mox
1252 562 1492 614 sanitate
1541 565 1933 633 receptaAlus
1983 563 2203 616 Domini
2253 579 2352 632 per
2397 568 2675 616 terrarum
2707 570 2792 617 tot
2819 567 3000 634 spatia
3047 567 3304 622 Habacuc
3337 585 3439 639 per

174 650 350 703 virtus
395 651 714 720 archangeli
762 650 1084 719 permiserit
1114 650 1366 703 existere.
1401 651 1595 703 Tantis
1638 655 1762 720 pius

173 741 404 796 antistes
438 740 721 792 miraculis
761 745 963 798 motus,
1007 740 1356 791 anachoreta)
1388 739 1664 808 precibus,
1709 747 1764 792 et

172 829 241 880 ab
267 830 513 881 honestis
538 829 804 884 nobilium
836 829 1090 902 personis
1116 828 1208 897 qui
1240 828 1535 881 adfuerant
1567 845 1761 880 exora-

169 923 284 990 tus,
325 936 446 971 cum
514 918 972 971 interminatione
1020 917 1346 986 sempiterni
1388 918 1762 992 anathematis

173 1005 463 1058 constituit
484 1012 596 1059 uta
622 1023 722 1059 suo
741 997 1236 1074 successorumqne
1259 1021 1489 1058 suorum
1509 1005 1761 1057 saaculari

173 1095 461 1148 dominatu
505 1095 586 1147 vel
633 1095 1032 1164 impedimento
1076 1094 1215 1146 liber
1255 1101 1403 1146 esset
1435 1110 1532 1162 per
1563 1094 1763 1146 saecula

173 1184 326 1238 locus
370 1203 380 1236 :
416 1201 481 1237 ea
506 1184 723 1250 ratione
770 1191 832 1236 ut
879 1184 923 1234 si
955 1183 1080 1252 quis
1111 1183 1230 1251 ejus
1261 1181 1675 1235 constitutionis
1705 1182 1762 1234 in

173 1279 456 1342 posterum
490 1279 842 1347 contemptor
885 1272 1063 1333 ﬁeret,
1093 1271 1406 1340 apostolicae
1437 1271 1584 1323 sedis
1617 1276 1764 1340 esset

170 1360 362 1430 judicii
394 1378 538 1414 reus.

244 1450 327 1504 Ab
365 1450 457 1503 illo
500 1456 751 1522 tempore
778 1450 968 1518 itaque
999 1457 1224 1502 sanctus
1255 1448 1491 1501 eremita
1525 1451 1766 1503 Joannes

175 1557 307 1592 usus
354 1540 552 1614 cellula
593 1541 754 1608 juxta
801 1539 1001 1608 posita,
1039 1545 1286 1590 montem
1327 1540 1480 1591 solus
1517 1533 1765 1590 {incolere

173 1629 356 1697 coepit,
391 1637 446 1681 et
487 1634 711 1686 sanctus
751 1627 975 1680 Domini
1006 1627 1392 1694 archangelus,
1425 1627 1531 1680 loci
1565 1627 1650 1679 sui
1681 1627 1764 1678 di-

174 1717 435 1775 lectorem
469 1723 523 1769 et
552 1716 892 1787 provisorem
923 1733 981 1768 se
1013 1732 1132 1768 esse
1163 1716 1284 1768 luce
1335 1715 1541 1769 clarius
1583 1716 1764 1768 mani-

173 1805 377 1859 festare
407 1822 516 1860 non
539 1805 773 1858 distulit.
803 1806 924 1857 Non
957 1805 1197 1876 multum
1228 1821 1468 1874 namque
1498 1805 1766 1874 temporis

1844 652 2101 728 capillum
2136 652 2352 704 Danieli
2396 652 2453 728 in
2503 639 2627 705 lacu
2664 653 2995 728 Babylbnico
3025 639 3238 728 sedenti
3267 640 3330 709 et
3345 658 3436 710 fa-

1847 741 2042 792 melico
2071 741 2460 810 asportaverit,
2491 741 2536 792 si
2571 729 2786 794 ratione
2814 726 2962 796 nunc
2988 727 3435 813 comprehendis,

1845 829 2228 904 indubitanter
2257 836 2453 905 actum
2498 813 2803 905 crede-An
2849 815 3436 905 ne_gabri_s,'incredule,

1845 919 1988 988 quod
2019 901 2152 993 tunc
2201 902 2406 971 factum
2456 925 2542 970 est
2593 935 2692 993 per
2719 901 3159 989 angelumu'non
3193 907 3440 991 potuisse

1845 1022 1992 1060 nunc
2031 992 2151 1059 fieri
2201 1025 2297 1076 per
2333 992 2622 1080 summum,
2651 1009 3100 1078 archangelum?
3138 995 3239 1062 Vir
3266 1010 3441 1080 igitur

1845 1096 1937 1148 ille
1969 1112 2092 1173 cum
2125 1113 2237 1148 suae
2261 1078 2545 1173 sospitatis
2585 1097 2798 1149 auctori
2828 1081 3074 1166 quantas.
3097 1078 3438 1173 potuit‘:gra-

1845 1185 2051 1237 tiarum
2086 1168 2442 1254 persolvisset
2469 1184 2734 1262 actiones,
2761 1186 2920 1239 laetus
2943 1191 2999 1239 et
3027 1168 3439 1262 exsiliensginde

1846 1261 2169 1343 repedabat.
2202 1274 2440 1342 Jamque
2475 1257 2708 1348 Romam
2751 1257 3071 1348 transierat,
3105 1257 3241 1330 cum
3278 1258 3440 1330 inﬁdi

1849 1363 2079 1436 comites
2109 1355 2226 1430 ejus
2252 1362 2499 1414 nondum
2525 1343 2821 1437 ad‘jUrbem
2851 1345 3237 1433 pervenerant.
3258 1359 3439 1437 Quem

1848 1469 1972 1504 cum
1987 1451 2090 1503 sibi
2104 1451 2319 1504 obviam
2335 1451 2554 1526 eminus
2566 1436 2891 1526 redeuntem
2906 1436 3438 1523 contemplarentur,

1849 1539 2191 1593 admirantes
2210 1523 2405 1592 mutuo
2419 1523 2566 1616 alter
2579 1523 2762 1615 aiebat
2775 1541 2844 1592 ad
2868 1540 3104 1597 alterum
3125 1560 3136 1594 :
3157 1559 3182 1591 «
3206 1542 3252 1596 0
3267 1542 3434 1605 Deus)

1851 1646 2014 1699 quem
2043 1628 2230 1705 video!
2263 1645 2397 1681 num
2418 1627 2529 1706 iste
2559 1636 2752 1681 noster
2775 1630 2974 1706 socius,
3009 1631 3103 1700 qui
3130 1630 3286 1708 apud
3307 1630 3440 1685 Clu-

1848 1717 1968 1770 Sam
1997 1734 2031 1770 a
2060 1717 2219 1769 nobis
2243 1721 2328 1769 est
2358 1717 2625 1769 relictus?
2658 1734 2680 1767 ι
2702 1717 2787 1794 'Et
2816 1716 2992 1794 alter:
3024 1715 3052 1769 ι’
3079 1719 3204 1773 Νοη
3235 1723 3339 1784 est,
3362 1720 3445 1794 ait

1850 1807 1961 1870 ille,
1985 1807 2078 1859 sed
2112 1805 2310 1859 similis
2341 1807 2480 1874 ejus.
2507 1806 2648 1858 Nam
2679 1792 2772 1859 ille
2802 1792 3065 1878 podager,
3100 1808 3205 1862 iste
3231 1792 3447 1862 incedit

174 1894 480 1972 efﬂuxerat,
508 1901 563 1946 et
588 1912 711 1947 ecce
734 1893 834 1960 viri
862 1900 1181 1946 sanctorum
1211 1893 1590 1962 apostolorum
1615 1877 1828 1966 PetriB
1848 1897 2042 1948 ﬁrmus
2079 1901 2136 1947 et
2177 1895 2497 1972 incolumis.
2533 1895 2640 1970 Sed
2673 1895 2853 1971 quid?
2887 1877 3049 1950 Certe
3096 1895 3143 1950 is
3187 1887 3306 1974 ipse
3325 1897 3440 1951 eat.

175 1989 230 2036 et
263 1983 419 2035 Pauli
448 1983 663 2054 limina,
697 1999 914 2035 necnon
945 1991 1000 2034 et
1041 1982 1289 2049 ejusdem
1321 1982 1498 2034 sancti
1527 1983 1766 2034 archan-

173 2073 283 2147 geli
314 2073 625 2144 patrocinia
654 2072 709 2124 in
736 2078 923 2124 monte
951 2069 1195 2139 Gargani
1219 2071 1374 2122 adire
1405 2070 1762 2145 festinabant.

175 2161 426 2230 Cumque
455 2160 511 2213 in
535 2160 854 2234 “Segusiana
884 2160 1025 2212 valle
1057 2159 1222 2229 positi
1268 2159 1644 2234 przescriptam
1677 2176 1766 2211 ec-

174 2250 399 2302 clesiam
433 2249 488 2301 in
529 2249 852 2302 summitate
884 2248 1109 2312 montis,
1156 2255 1423 2317 tanquam
1454 2248 1509 2300 in
1544 2248 1769 2318 specula

175 2339 358 2397 sitam,
392 2339 796 2410 conspicerent,
828 2338 1010 2406 ignari
1054 2353 1262 2400 rerum,
1299 2354 1331 2389 a
1370 2353 1477 2406 quo
1511 2343 1766 2410 constru-

176 2433 281 2489 cta,
317 2428 400 2480 vel
431 2429 591 2500 cujus
622 2427 834 2490 nomini
879 2425 1063 2478 dicata
1102 2431 1265 2489 esset,
1301 2426 1548 2494 studiose
1580 2427 1768 2495 requi-

176 2522 322 2580 runt.
373 2515 586 2578 Quibus
633 2533 755 2568 cum
805 2533 973 2568 senex
1027 2532 1203 2584 nuper
1248 2521 1403 2584 gesta
1462 2516 1762 2576 retulisset,

176 2621 322 2656 unus
354 2595 597 2666 illorum,
627 2604 719 2673 qui
752 2604 1012 2673 podagra:
1042 2603 1235 2678 morbo
1265 2604 1510 2672 graviter
1537 2604 1770 2656 vexaba-

175 2701 286 2754 tur,
327 2692 486 2762 lgetus
519 2693 673 2744 valde
705 2692 949 2750 effectus,
984 2692 1160 2745 socios
1193 2689 1296 2745 hec
1319 2693 1489 2766 modo
1521 2694 1724 2745 affatur
1752 2711 1762 2744 :

179 2802 206 2833 α
247 2781 450 2841 Nestis,
486 2799 517 2832 o
558 2781 796 2843 sodales,
847 2788 1055 2850 quanto
1106 2781 1307 2851 pedum
1359 2798 1608 2834 meorum
1651 2787 1769 2834 tor-

182 2888 356 2942 quear
383 2870 593 2928 dolore,
635 2876 688 2922 et
735 2887 899 2938 quam
942 2887 1086 2944 saepe
1117 2887 1209 2923 vos
1237 2870 1562 2944 olfenderi‘m
1587 2870 1643 2922 in
1673 2870 1774 2922 hoc

182 2959 381 3013 itinere
412 2977 532 3012 mea
561 2959 825 3032 tarditate
883 2960 1040 3012 Unde
1069 2961 1330 3028 quoniam
1362 2959 1427 3011 ad
1461 2959 1619 3011 illum
1643 2976 1772 3012 san-

184 3056 333 3102 ctum
361 3048 605 3118 Gargani
644 3054 908 3109 montem,
935 3047 1077 3100 sicut
1108 3064 1525 3116 proposueram,
1558 3064 1774 3117 nequeo

184 3138 524 3209 pertingere,
549 3137 796 3189 obtestor
827 3153 924 3205 per
952 3153 1077 3188 eum
1106 3152 1268 3204 quem
1299 3136 1612 3188 animarum
1646 3136 1776 3189 fide-

1850 1974 2028 2060 Salve,
2081 1983 2224 2036 bone
2264 1982 2364 2058 vir.
2404 2005 2423 2030 ιι
2461 1985 2535 2036 At
2569 1982 2662 2060 ille
2703 2003 2714 2034 :
2761 2002 2786 2034 ί(
2829 1985 3047 2060 Salvete
3086 1988 3204 2060 vos,
3241 1985 3278 2039 o‘
3311 1985 3445 2060 boni

1849 2055 2084 2126 sodales.
2114 2103 2175 2111 —
2197 2055 2340 2134 Quid
2369 2076 2454 2124 est
2483 2057 2604 2132 hoc,
2625 2055 2931 2142 inquiunt?
2961 2055 3095 2136 Quis
3123 2057 3180 2126 te
3205 2075 3314 2126 huc
3345 2057 3446 2127 aut

1851 2161 2129 2232 quomodo
2151 2177 2322 2236 sanus
2339 2161 2574 2236 effectus
2593 2161 2688 2213 es?
2715 2180 2735 2210 υ
2757 2160 2971 2223 Quibus
2987 2145 3112 2215 cum
3136 2149 3445 2232 praescripti

1850 2237 2104 2326 miraculi
2146 2250 2348 2325 seriem
2376 2249 2676 2326 retulisset,
2707 2255 2879 2304 tanta;
2911 2251 2993 2303 rei
3021 2251 3267 2326 novitate
3296 2255 3446 2304 atto-

1854 2323 2252 2392 niti-dixerunt
2272 2338 2342 2391 ad
2373 2355 2499 2390 eum
2522 2323 2538 2389 ε’
2564 2358 2583 2387 ι
2613 2338 2760 2391 Num
2791 2339 2900 2392 ista
2922 2324 3446 2409 sancto'aposto’lico

1853 2445 1950 2498 per
1996 2413 2246 2479 ordinem
2290 2411 2409 2479 non.
2449 2425 2762 2496 aperuisti?
2811 2434 3089 2481 revertere
3134 2415 3448 2498 nobiscum,

1851 2517 2086 2584 ingrate,
2121 2521 2418 2592 revertere,
2453 2521 2510 2568 et
2538 2499 2708 2568 narra
2750 2502 2961 2592 quanta
2993 2503 3093 2570 tibi
3123 2517 3273 2570 Deus
3298 2502 3448 2571 fecei-

1851 2605 1942 2657 rit.
1990 2624 2016 2656 »
2055 2606 2118 2657 Et
2146 2605 2243 2656 ille
2274 2589 2286 2656 ξ
2329 2622 2350 2652 (ε
2388 2604 2610 2657 Faciam
2643 2604 2742 2668 ita,
2777 2589 3001 2658 tametsi
3033 2622 3127 2659 vos
3145 2592 3270 2660 non
3319 2623 3449 2678 pro-

1854 2693 2160 2768 meruistis.
2192 2714 2212 2741 ι
2248 2693 2454 2760 Rediit,
2484 2693 2735 2746 narravit
2759 2701 2812 2746 et
2841 2693 2912 2747 ad
2945 2711 3194 2749 amorem
3226 2713 3453 2752 venera-

1855 2782 1980 2835 bilis
2006 2767 2171 2849 hujus
2207 2782 2308 2835 loci
2338 2782 2570 2834 Romam
2599 2767 2834 2835 matrem
2865 2779 3150 2839 civitatum
3173 2786 3448 2853 accendit,

1856 2855 2084 2939 totaque
2112 2870 2291 2934 Italia,
2328 2887 2441 2939 qua
2469 2856 2786 2933 veniebant,
2817 2855 2984 2941 hujus
3014 2857 3268 2927 miraculi
3298 2874 3452 2928 fama

1858 2944 2158 3027 pertenuit.
2811 2944 2834 2951 H
2953 2943 2956 2948 I
3057 2960 3059 2962 ’
3288 2947 3314 2952 ”
3379 2961 3414 2968 ”

1925 3047 2034 3099 Per
2064 3046 2211 3098 idem
2239 3051 2460 3113 tempus
2499 3045 2812 3116 imperante
2850 3048 3055 3102 Ottone
3077 3051 3303 3118 juniore
3332 3053 3450 3106 Au-

1854 3141 2038 3206 gusto,
2074 3135 2301 3205 quidam
2340 3133 2629 3198 nobilium,
2665 3129 2825 3206 Hugo
2855 3137 3098 3204 nomine,
3131 3123 3200 3192 de
3245 3124 3450 3193 Arver-

178 3227 314 3280 lium
348 3227 542 3278 ducem
578 3231 701 3295 post
742 3231 976 3277 mortem
1007 3224 1244 3277 maxime
1272 3224 1572 3286 credimus,
1615 3232 1678 3277 ut
1706 3225 1833 3289 li-C
1858 3225 2014 3278 nensi
2047 3224 2334 3282 comitatu,
2377 3239 2504 3301 cum
2547 3225 2772 3293 propria
2810 3229 3005 3282 uxore.
3031 3271 3040 3281 .
3065 3271 3076 3282 .
3102 3271 3112 3282 .
3137 3272 3148 3283 .
3188 3219 3452 3282 turbatur

178 3323 302 3369 ceat
328 3315 464 3368 mihi
499 3315 695 3388 saltem
728 3314 874 3366 istud
904 3320 1159 3366 sanctum
1189 3313 1492 3365 oratorium
1522 3312 1602 3364 illi
1628 3314 1775 3365 dica-

176 3411 298 3458 tum
342 3404 598 3464 invisere,
633 3420 872 3478 eumque
919 3409 980 3455 ut
1009 3402 1063 3454 in
1094 3403 1229 3454 hora
1261 3402 1439 3454 exitus
1469 3401 1543 3454 sit
1571 3403 1772 3455 animze

176 3511 316 3546 meae
348 3493 620 3562 propitius
651 3509 877 3544 exorare
911 3509 921 3541 :
954 3509 1156 3560 vosque
1181 3491 1283 3560 ipsi
1306 3497 1404 3542 aut
1427 3507 1641 3542 mecum
1671 3508 1770 3560 pro

174 3587 362 3635 vestra
417 3581 669 3634 mercede
722 3581 1054 3642 ascendatis,
1108 3589 1205 3633 aut
1255 3580 1309 3649 in
1359 3580 1563 3631 montis
1622 3581 1771 3632 calce

175 3672 421 3724 reditum
449 3687 631 3722 meum
660 3676 938 3736 maturum
965 3669 1311 3738 exspectetis.
1341 3672 1439 3720 vAt
1462 3667 1539 3719 illi
1562 3667 1618 3720 in
1641 3685 1766 3720 eum

176 3761 422 3829 maligne
470 3760 880 3812 tumultuantes
913 3759 989 3810 ita.
1034 3758 1110 3810 illi
1146 3757 1482 3826 exprobrant
1516 3799 1525 3809 .
1559 3777 1579 3806 (ς
1625 3757 1768 3820 Quid

174 3855 277 3911 est,
307 3849 476 3902 miser
495 3850 678 3909 homo,
715 3849 859 3918 quod
896 3847 1172 3917 loqueris?
1193 3848 1312 3910 Quo
1340 3847 1464 3898 nisu
1494 3847 1639 3897 vales
1672 3863 1771 3914 per

173 3956 376 4008 aspera
421 3945 476 3991 et
522 3939 699 3990 ardua
738 3937 1022 4000 scandere,
1057 3937 1150 4006 qui
1189 3937 1364 4014 lplana
1403 3936 1502 3988 vite
1551 3933 1767 4010 hederis

172 4027 439 4096 planitie?
462 4026 566 4079 Abi
588 4042 697 4095 quo
722 4025 821 4086 vis,
851 4024 1064 4087 insane,
1086 4024 1364 4093 dispereat
1387 4024 1479 4093 qui
1502 4029 1556 4075 te
1580 4039 1768 4092 exspe-

171 4115 426 4168 ctaverit.
458 4135 479 4164 ι
500 4115 654 4167 Tunc
687 4115 798 4173 ille,
826 4114 1046 4166 deserto
1080 4113 1344 4166 comitum
1377 4111 1762 4187 contubernio,

170 4211 510 4274 sumptaque
547 4203 749 4256 fiduria
792 4220 854 4255 ex
885 4219 1074 4255 amore
1107 4202 1446 4269 archangeli,
1483 4201 1627 4271 quod
1660 4202 1767 4252 im-

170 4294 434 4364 possibile
473 4293 745 4363 putabant
774 4293 1118 4362 aggreditur,
1149 4297 1203 4343 et
1236 4290 1411 4365 magis
1438 4289 1674 4359 genibus
1715 4297 1770 4342 et

168 4383 435 4436 manibus
467 4373 761 4454 reptando,
794 4383 877 4434 vix
910 4381 1133 4433 tandem
1160 4381 1535 4449 victoreptato
1558 4381 1770 4448 potitur

169 4472 470 4531 desiderio,
504 4463 830 4544 intransque
852 4470 1140 4523 ecclesiam
1168 4469 1464 4522 uberrimis
1488 4469 1769 4521 humecta-

1857 3298 2153 3366 anxietate.
2187 3298 2486 3365 Nitebatur
2517 3312 2770 3368 Petrum.
2795 3357 2807 3369 .
2831 3355 2871 3368 ..
2904 3331 3061 3384 spem
3114 3301 3450 3371 miserorum

1857 3402 2184 3478 lacrymosis
2209 3387 2465 3470 suspiriis
2508 3417 2617 3477 nec
2663 3418 2721 3455 se
2768 3403 2952 3478 palam
2993 3387 3356 3478 prodentibus
3384 3408 3450 3462 ut

1855 3493 1942 3545 sui
1993 3475 2355 3544 misereretur
2399 3475 2704 3567 inﬂectere,
2741 3475 2895 3569 quia.
2919 3477 3228 3572 palpitabat
3256 3495 3451 3568 lingua

1856 3581 2002 3632 mala
2027 3580 2367 3640 confusione,
2395 3596 2516 3649 quae
2547 3582 2838 3649 peccatum
2862 3584 3092 3637 celando
3115 3584 3255 3638 solet
3283 3575 3447 3640 accu-

1856 3669 2091 3730 mulare,
2119 3675 2172 3721 et
2194 3668 2555 3721 erubescebat
2576 3669 2740 3722 fateri
2762 3654 2910 3746 quod
2940 3689 3049 3725 non
3073 3656 3300 3729 erubuit
3321 3658 3447 3745 per-

1853 3765 2093 3826 petrare.
2115 3758 2361 3809 Tandem
2390 3764 2611 3810 coactus
2638 3758 2795 3811 uxori
2823 3759 3049 3830 suisque
3077 3759 3447 3817 circumstan-

1851 3846 1999 3899 tibus
2031 3863 2138 3914 quo
2170 3846 2513 3922 cruciaretur
2541 3831 2668 3916 igne
2701 3889 2712 3901 .
2761 3886 2772 3900 .
2821 3889 2831 3900 .
2879 3830 2890 3900 ξ
2939 3889 2949 3901 .
2997 3889 3008 3901 .
3052 3839 3107 3902 et
3135 3847 3445 3906 secundum

1851 3941 1974 4004 post
2002 3919 2370 4004 baptismum.
2397 3980 2406 3990 .
2432 3983 2441 3990 .
2468 3980 2478 3990 .
2520 3934 2744 4013 quidem
2783 3936 2964 4006 prima
3002 3919 3089 3992 me
3119 3920 3445 4010 cemprob'at

1850 4029 2182 4094 apostatam,
2216 4024 2391 4076 hostis
2419 4014 3280 4098 abrenuntiationem.Assentib,
3315 4025 3443 4083 con-

1851 4116 2031 4178 fiteor,
2074 4111 2427 4175 abrenuntio,
2471 4119 2527 4165 et
2565 4130 2595 4165 a
2633 4112 2786 4192 fonte
2825 4100 3018 4178 David,
3053 4115 3146 4185 qui
3184 4116 3241 4169 in
3281 4114 3442 4172 ablu-

1849 4204 2057 4256 tionem
2090 4207 2449 4254 menstruatze
2480 4207 2651 4278 patet,
2690 4220 2788 4274 per
2823 4203 3197 4279 ministerium
3228 4204 3441 4261 domini

1853 4293 1961 4344 mei
1994 4291 2141 4344 Petri
2173 4288 2466 4342 consilium
2500 4291 2739 4360 requiro.
2775 4292 2905 4345 Haec
2936 4274 3441 4362 quierimonia'dulé

1851 4383 1934 4435 cia
1960 4381 2225 4452 Romana}
2255 4378 2479 4448 pietatis
2515 4378 2727 4433 viscera
2749 4383 3044 4447 concuSsit,
3070 4389 3127 4436 et
3153 4366 3441 4438 tantorum

1851 4471 2144 4541 criminum
2178 4485 2307 4521 reus
2337 4467 2405 4520 de
2435 4469 2847 4523 constructione
2877 4471 3042 4524 unius
3079 4454 3316 4526 ccenobii
3343 4472 3440 4527 ubi

167 4562 246 4614 vit
275 4561 455 4614 solum
483 4560 764 4630 lacrymis,
791 4566 846 4612 et
875 4562 1023 4612 inter
1044 4565 1168 4612 vota
1199 4565 1254 4611 et
1283 4575 1493 4630 preces,
1523 4574 1660 4626 quas
1701 4575 1765 4610 ex
1785 4550 1834 4608 D
1852 4559 2252 4629 perpetualiter
2273 4575 2304 4609 a
2325 4557 2611 4610 monachis
2632 4557 2744 4611 Deo
2767 4558 3060 4636 serviatur,
3083 4563 3442 4632 sponsionem

169 4651 376 4704 affectu
398 4649 594 4702 intimo
615 4649 900 4711 fundebat,
923 4649 1160 4717 Domino
1181 4649 1414 4717 ejusque
1435 4646 1767 4715 archangelo

170 4737 323 4808 quod
354 4738 427 4790 sit
455 4737 752 4790 derelictus
773 4755 806 4789 a
830 4737 979 4796 viris,
1007 4753 1231 4806 sumque
1261 4735 1392 4788 facit
1424 4736 1764 4789 mentionem

168 4826 538 4902 inﬁrmitatis.
573 4828 811 4888 Interea,
849 4832 912 4879 ut
941 4827 1146 4879 assolet
1175 4826 1313 4890 fieri,
1351 4843 1462 4897 prae
1496 4826 1681 4878 labore
1712 4830 1768 4878 et

169 4915 444 4987 maestitia
472 4933 700 4969 somnus
729 4915 1013 4969 hominem
1044 4915 1290 4984 corripit,
1317 4921 1371 4967 et
1403 4922 1526 4984 post
1555 4915 1769 4983 aliquot

169 5006 343 5058 horas
373 5022 570 5075 sopore
602 5007 834 5069 solutus,
861 5023 1048 5058 coram
1081 5005 1244 5057 altari
1281 5005 1458 5057 sancti
1482 5003 1766 5057 Michaelis

166 5096 230 5148 in
265 5101 455 5147 monte
485 5095 747 5166 nimirum
780 5095 1022 5164 Gargani
1058 5113 1178 5147 sese
1210 5097 1475 5164 sospitem
1516 5101 1570 5146 et
1613 5093 1766 5145 inco-

167 5187 386 5238 lumem
417 5185 644 5238 invenit.
672 5185 891 5248 Quanta
915 5192 1044 5238 tunc
1076 5186 1214 5236 ﬂens
1246 5184 1482 5253 largitur
1503 5183 1597 5244 ibi,
1624 5199 1770 5252 qlae-

167 5291 283 5344 que
316 5275 688 5343 lacrymarum
718 5292 828 5342 pra)
848 5274 1052 5343 gaudio
1079 5273 1286 5343 fuderit
1318 5273 1567 5333 flumina,
1593 5272 1637 5324 si
1663 5272 1767 5323 vel-

167 5364 252 5416 let
305 5353 612 5432 exprimere
658 5363 936 5428 Tulliana,
991 5363 1099 5415 nisi
1153 5363 1333 5425 fallor,
1383 5361 1770 5435 succumberet

168 5451 456 5504 facundia.
482 5452 756 5504 Fortassis
776 5453 922 5526 quod
960 5453 1258 5522 loquimur,
1288 5468 1387 5520 pro
1415 5450 1499 5503 sui
1527 5450 1771 5502 novitate

171 5546 232 5593 et
261 5541 519 5593 miraculi
549 5539 951 5612 magnitudine
995 5541 1219 5593 cuilibet
1251 5540 1502 5591 videatur
1533 5538 1774 5591 incredi-

170 5629 328 5682 bile:
366 5629 484 5694 sed,
523 5647 554 5683 ο
586 5635 646 5683 tu
679 5631 774 5700 qui
804 5629 934 5683 inde
963 5629 1219 5700 ambigis,
1253 5622 1494 5700 veterem
1529 5627 1776 5701 Danielis

175 5711 482 5773 historiam
509 5710 622 5774 non
641 5724 696 5774 te
717 5719 907 5790 pigeat
926 5725 1197 5787 retexere,
1225 5724 1282 5772 et
1301 5735 1410 5789 quo
1430 5722 1592 5789 pacto
1613 5732 1779 5786 ange-

1851 4646 2010 4712 fecit;
2046 4644 2394 4713 exigentibus
2422 4651 2538 4697 tam
2572 4653 2880 4720 memorato
2906 4665 3052 4730 papa
3080 4649 3248 4720 quam
3279 4651 3441 4704 mini-

1849 4738 1979 4792 stris
2009 4734 2345 4805 apostolicis.
2376 4734 2653 4802 Purgatus
2683 4733 2872 4805 itaque
2896 4735 3000 4790 tali
3028 4738 3357 4808 poenitentia
3386 4747 3443 4794 et

1849 4824 2214 4882 confessione,
2247 4822 2326 4875 sic
2368 4821 2593 4874 demum
2641 4812 2843 4876 limina
2885 4834 3079 4880 sancta
3128 4829 3346 4898 ingredi
3385 4837 3442 4883 et

1852 4917 2034 4968 locum
2067 4911 2428 4988 vestigiorum
2459 4909 2678 4964 Domini
2718 4914 3025 4981 promissus
3056 4922 3140 4970 est
3178 4907 3434 4971 osculari.

1850 5006 1917 5058 Et
1945 5005 2124 5078 facere
2153 5001 2398 5070 gestiens
2424 5000 2570 5069 quod
2599 5002 2949 5082 promiserat,
2977 5005 3044 5057 ad
3076 5008 3302 5077 propria
3328 5024 3441 5061 coe-

1852 5093 1932 5163 pit
1958 5109 2081 5144 cum
2114 5089 2317 5158 gaudio
2351 5089 2587 5157 regredi.

1925 5181 2176 5234 Emensis
2211 5179 2386 5247 igitur
2439 5177 2703 5247 longioris
2752 5180 2850 5232 vize
2887 5182 3100 5250 spatiis,
3144 5202 3270 5238 cum
3301 5186 3439 5239 boni

1852 5269 2111 5323 desiderii
2143 5269 2338 5338 plenus
2371 5284 2479 5319 una
2508 5281 2632 5319 cum
2679 5285 2846 5322 uxore
2885 5269 3110 5339 suisque
3143 5271 3440 5342 Segusiam

1853 5359 2108 5418 venisset,
2161 5363 2216 5410 et
2263 5357 2318 5408 in
2374 5356 2637 5408 familiari
2682 5357 2898 5426 sibique
2939 5365 3071 5412 nota
3109 5361 3276 5416 domo
3314 5381 3442 5418 cum

1855 5455 2040 5501 vetere
2087 5447 2265 5498 amico
2309 5446 2622 5515 hospitatus
2671 5451 2833 5509 esset,
2886 5447 2954 5500 ab
2998 5450 3192 5503 eodem
3227 5453 3443 5522 hospite

1857 5553 2025 5591 causa
2052 5535 2764 5605 familiaritatisdiligenter
2783 5537 2948 5608 ccepit
2972 5538 3179 5608 inquiri
3208 5543 3449 5611 qualiter

1861 5611 2082 5679 cursum
2116 5625 2390 5702 explesset
2416 5625 2631 5679 itineris
2661 5627 2766 5680 sui.
2793 5626 3050 5681 Seriatim
3078 5637 3277 5684 cuncta
3302 5632 3451 5687 retu-

1861 5714 1946 5781 lit,
1979 5719 2035 5768 et
2063 5712 2337 5768 universae
2369 5713 2452 5767 rei
2483 5703 2652 5785 quam
2681 5716 2883 5786 prefati
2903 5703 3106 5774 Sumus
3135 5703 3452 5778 mirabilem
