3934 6360
540 374 677 433 1455

1602 372 1971 429 WILLELMI
2011 371 2378 429 CLUSIENS.
2420 374 2746 429 MONAGH.

3679 368 3701 421 l
3715 367 3823 425 456

533 501 790 556 notitiam
820 500 991 554 dedit.
1024 470 1310 553 Attonitus
1337 499 1540 569 hospes
1577 500 1721 553 tanti
1764 506 1991 570 stupore
2022 498 2422 568 mi-Adebito,
2465 499 2549 552 vel
2581 516 2645 552 ex
2677 503 2891 551 terrore
2935 498 3080 549 fiunt
3108 494 3363 564 expedita
3411 493 3648 547 libertas
3676 509 3819 547 con-

532 590 729 653 raculi,
754 589 1032 658 simulque
1060 588 1319 641 laudibus
1348 589 1559 642 diutius
1586 589 1917 642 immoratus
1948 590 2124 643 omni-

532 677 936 749 potentissimaa
977 678 1366 731 misericordiae
1400 677 1644 744 Domini,
1675 678 1815 732 dixit
1842 679 1910 731 ad
1942 696 2068 733 eum
2105 698 2117 733 :

536 786 559 817 ι
604 766 650 821 Ο
692 765 916 819 domine
956 766 1133 834 Hugo,
1168 766 1213 818 si
1252 766 1537 819 desideras
1573 766 1701 820 boni
1748 768 1851 820 viri
1896 785 2121 838 compos

529 854 786 916 existere,
828 854 965 908 nulli
1008 854 1104 907 alii
1146 854 1345 908 melius
1402 861 1527 924 post
1571 856 1812 925 gratiam
1854 858 2120 928 principis

529 943 931 1013 apostolorum,
974 959 1139 1012 quam
1182 943 1417 1013 principi
1460 945 1701 997 caelestis
1732 945 2003 999 exercitus
2034 963 2120 1000 ar-

528 1031 797 1100 changelo
827 1030 1087 1084 Michaeli
1118 1037 1173 1084 te
1217 1032 1379 1085 decet
1424 1032 1739 1087 ccenobium
1769 1041 2112 1100 construere,

524 1126 606 1185 ut,
638 1119 882 1174 dimissis
910 1120 1168 1174 omnibus
1208 1121 1451 1191 peccatis
1479 1122 1611 1182 tuis,
1642 1122 1773 1176 inde
1810 1124 1994 1178 exitus
2031 1125 2115 1179 tui

524 1207 593 1262 de
622 1207 725 1262 hoc
751 1207 944 1261 exsilio
971 1208 1171 1261 animae
1201 1213 1311 1262 tua:
1341 1208 1448 1263 iste
1473 1209 1545 1263 sit
1570 1217 1811 1280 ereptor,
1836 1217 1892 1265 et
1915 1213 2115 1268 Petrus

522 1301 796 1366 receptor.
840 1315 866 1348 »
910 1296 1089 1350 Simul
1147 1296 1317 1350 etiam
1357 1297 1540 1351 locum
1589 1300 1903 1368 praefatum,
1946 1319 2113 1371 quam

518 1384 825 1455 proximus,
858 1384 1115 1439 videlicet
1144 1399 1222 1438 x11
1264 1385 1529 1449 millibus,
1577 1394 1743 1453 esset,
1791 1391 2109 1458 ostendens,

518 1480 576 1528 et
605 1474 961 1545 praefatorum
985 1475 1378 1529 miraculorum
1402 1476 1805 1531 nobilissimam
1833 1481 2112 1533 narratio-

518 1580 647 1618 nem
676 1579 1037 1635 prosequens,
1084 1563 1302 1617 animos
1328 1564 1432 1617 viri
1470 1566 1804 1633 jamdudum
1848 1568 1916 1620 ad
1948 1568 1999 1621 id
2034 1569 2112 1622 in-

517 1657 704 1707 tentos
733 1652 1136 1705 exhortationis
1166 1651 1321 1706 bona;
1351 1653 1604 1706 scintillis
1633 1656 1888 1709 accendit
1930 1658 2111 1727 Atque

516 1740 597 1795 sic
629 1739 854 1794 tandem
897 1746 953 1794 et
996 1740 1162 1794 verba
1190 1741 1408 1805 salutis,
1441 1747 1498 1795 et
1529 1742 1677 1796 diem
1726 1761 1835 1813 quo
1865 1744 1991 1798 fessi
2027 1763 2112 1800 ve-

2206 589 2513 641 ditionibus
2558 594 2722 639 esset.
2778 585 3230 639 Liberalissimus
3277 582 3534 653 princeps
3569 582 3822 635 libenter

2205 677 2422 735 annuit.
2456 683 2515 730 et
2545 676 2598 729 in
2634 675 2827 745 primis
2856 675 3035 744 gratis
3067 690 3188 743 quae
3215 671 3550 742 petebantur
3582 672 3821 741 exsequi

2206 766 2413 829 volens,
2448 764 2803 834 postmodum
2859 762 3065 816 saniori
3113 761 3344 814 consilio
3381 760 3627 830 pretium
3662 761 3819 830 quod

2198 853 2414 922 justum
2447 861 2532 906 est
2556 852 2793 923 benigne
2826 852 3053 921 recepit,
3086 858 3143 903 et
3172 849 3488 919 evangelico
3529 850 3813 919 exemplo,

2204 942 2675 1011 quemadmodum
2706 942 2773 993 de
2823 940 3001 1011 pretio
3036 938 3254 993 Domini
3288 945 3509 1008 emptus
3541 945 3631 991 est
3674 954 3816 1007 ager

2199 1030 2256 1082 in
2288 1031 2633 1101 sepulturam
2664 1030 3107 1100 peregrinorum,
3139 1028 3426 1081 monachis
3452 1027 3658 1080 saeculo
3694 1043 3816 1079 mo-

2199 1118 2393 1172 rituris
2424 1119 2481 1173 in
2534 1120 2725 1173 eodem
2762 1120 2881 1171 loco
2909 1118 3089 1188 pretio
3123 1116 3304 1169 vitalis
3347 1116 3639 1186 sepultura
3673 1132 3812 1185 pro-

2197 1207 2429 1269 veniret,
2460 1214 2517 1261 et
2543 1208 2748 1261 futuris
2778 1206 3125 1276 temporibus
3168 1205 3515 1274 refragandze
3561 1203 3807 1257 coenobii

2196 1295 2473 1349 libertatis
2494 1295 2708 1349 occasio
2739 1296 2893 1349 nulla
2916 1295 3078 1347 foret.
3101 1295 3235 1347 Post
3259 1294 3375 1347 haec
3396 1294 3465 1346 ad
3494 1292 3807 1362 hospitium

2196 1383 2355 1438 laetus
2409 1386 2571 1454 Hugo
2615 1385 2951 1453 regreditur,
2978 1390 3033 1437 et
3059 1383 3290 1436 consilio
3320 1382 3690 1436 nihilominus
3714 1383 3811 1435 ho-

2194 1474 2355 1543 spitis
2382 1473 2582 1533 virum,
2609 1474 2696 1527 cui
2727 1474 2962 1527 tutelam
2986 1473 3091 1525 loci
3112 1471 3513 1525 committeret.
3537 1470 3807 1541 quaesitu-

2194 1578 2308 1615 rus.
2344 1561 2573 1615 Interim
2604 1562 2735 1632 quia
2766 1562 2862 1615 viae
2892 1560 3105 1614 occasio
3137 1578 3195 1615 se
3224 1560 3479 1630 praebuit,
3509 1577 3637 1613 cum
3667 1577 3806 1630 pau-

2194 1651 2273 1703 cis
2302 1651 2372 1704 ad
2418 1651 2623 1704 montis
2653 1667 2941 1707 cacumen.
2981 1649 3365 1703 habitudinem
3401 1650 3507 1703 loci
3552 1650 3801 1713 visurus,

2195 1739 2378 1808 potius
2406 1740 2579 1792 animi
2610 1756 2775 1809 quam
2813 1740 2860 1791 vi
2892 1739 3141 1809 corporis
3181 1750 3332 1796 (nam
3384 1739 3469 1792 via
3501 1746 3625 1791 erat
3653 1738 3801 1792 difli—

516 1835 720 1883 nerant
763 1845 871 1882 nox
913 1828 1259 1898 subsequens
1286 1830 1506 1883 clausit.
1540 1831 1712 1885 Adest
1744 1833 2111 1903 archangelus
2134 1849 2171 1906 Β
2197 1828 2426 1894 cillima)
2479 1829 2743 1882 trahitur.
2779 1829 2935 1883 [Es-tu
2968 1845 3101 1897 ergo
3132 1829 3214 1881 vel
3265 1827 3453 1881 labore
3482 1828 3667 1880 fessus
3698 1827 3801 1880 ad-

512 1934 617 1988 per
651 1916 913 1971 visionem
946 1918 1222 1987 soporatis
1262 1919 1514 1988 utrisque
1545 1920 1897 1990 conjugibus,
1929 1930 1985 1975 et
2014 1940 2109 1977 ea—

513 2006 641 2060 dem
670 2007 852 2076 specie
876 2006 1202 2076 eisdemque
1231 2006 1411 2061 verbis
1435 2008 1777 2079 conspicitur
1800 2017 1858 2063 et
1883 2011 2112 2066 auditur

510 2113 548 2152 a
589 2096 826 2151 duobus.
881 2097 1154 2151 Hortatur
1191 2102 1246 2150 et
1284 2097 1542 2167 imperat,
1587 2104 1649 2152 ut
1688 2099 1745 2151 in
1784 2100 1902 2154 loco
1941 2119 2107 2172 quem

508 2186 711 2258 hospes
751 2185 1157 2256 designaverat,
1191 2184 1366 2239 totius
1407 2187 1626 2240 consilii
1671 2188 1814 2241 vires
1853 2190 2009 2260 figat.
2052 2196 2109 2246 et

510 2275 721 2345 absque
748 2274 1097 2328 dubitatione
1126 2275 1530 2329 monasterium
1578 2276 1872 2333 fabricans.
1907 2281 2107 2336 animae

509 2380 625 2417 suae
654 2362 876 2417 caeleste
913 2379 974 2416 se
1022 2369 1344 2417 construere
1390 2364 1660 2434 palatium
1709 2382 1820 2419 non
1864 2367 2102 2425 difﬁdat.

509 2452 621 2506 Vir
649 2458 774 2523 post
797 2452 1193 2506 revelationem
1226 2451 1377 2522 prior
1407 2453 1653 2523 evigilat,
1685 2460 1741 2508 et
1772 2460 1889 2509 tum
1923 2458 2099 2523 uxori,

508 2540 867 2612 Insengardze
896 2540 1139 2603 nomine,
1167 2539 1339 2594 totius
1363 2546 1615 2595 tenorem
1638 2541 1864 2597 visionis
1886 2552 2097 2599 narrat.

504 2630 811 2701 Postquam
843 2635 900 2683 et
941 2629 1064 2700 ipsa
1103 2630 1297 2683 retulit
1324 2646 1441 2684 sua:
1469 2632 1821 2685 concordiam
1854 2633 2097 2697 visionis,

505 2718 660 2773 ocior
689 2723 870 2773 stratu
928 2734 987 2772 se
1026 2719 1283 2788 proripit,
1336 2724 1391 2772 et
1439 2718 1755 2786 hospitibus
1803 2721 2098 2778 sciscitatis

503 2806 783 2879 quomodo
814 2807 1015 2861 melius
1043 2807 1112 2860 ad
1146 2808 1401 2860 effectum
1426 2823 1516 2860 res
1539 2808 1795 2872 ducatur,
1820 2812 2100 2880 sagaciter

501 2896 792 2950 consilium
837 2894 1039 2966 quaerit
1099 2893 1257 2949 Tunc
1294 2910 1436 2949 uxor
1476 2896 1711 2966 hospitis
1752 2898 1862 2951 Eva
1901 2900 2097 2954 melior

498 2984 747 3039 consiliis
792 2984 920 3039 Evaa
966 2982 1185 3055 prioris,
1232 3000 1355 3054 qua:
1395 3000 1519 3038 sero
1549 2987 1903 3041 contulerant
1937 2992 2093 3057 (nam

496 3073 584 3128 his
612 3074 734 3144 ipsa
765 3072 1070 3143 plurimum
1115 3072 1411 3138 institerat)
1445 3073 1822 3129 narrationem
1855 3077 2150 3139 archan-(;

498 3163 662 3233 gelici
711 3162 919 3216 montis
950 3161 1366 3215 corroboratam
1406 3164 1616 3232 gavisa,
1651 3181 1761 3218 una
1810 3182 1934 3219 cum
1980 3168 2094 3222 viro

496 3250 722 3322 quantis
751 3250 899 3303 valet
939 3248 1178 3318 ingeniis
1216 3265 1410 3303 omnes
1459 3250 1698 3305 directos
1740 3254 1927 3308 aditus
1953 3255 2093 3309 inci-

492 3339 710 3410 piendae
729 3337 1107 3408 faciendaeque
1129 3338 1206 3391 rei
1235 3337 1527 3408 perquirit.
1543 3341 1905 3411 Tandemque
1926 3343 2092 3399 simul

492 3426 907 3481 conferentibus
950 3426 1070 3480 sani
1113 3443 1249 3479 vena
1297 3426 1511 3481 consilii
1542 3444 1575 3481 a
1605 3429 1756 3483 fonte
1788 3431 2089 3500 Sapientia}

490 3516 677 3572 Patris
703 3516 992 3587 processit,
1026 3516 1121 3586 qui
1151 3516 1208 3569 in
1240 3517 1536 3586 Evangelia
1565 3518 1681 3571 suis
1712 3521 1994 3589 promittit
2020 3524 2089 3576 f1-

490 3604 728 3671 delibus,
769 3605 1001 3659 dicens:
1050 3606 1146 3659 Ubi
1187 3607 1295 3659 duo
1340 3609 1421 3659 ret
1465 3612 1571 3659 tres
1616 3612 1930 3675 congregati
1965 3611 2087 3675 fue-

489 3697 608 3748 rint
635 3696 697 3746 in
718 3696 944 3747 nomino
967 3710 1099 3753 meo,
1132 3695 1211 3747 ibi
1226 3710 1351 3746 sum
1377 3696 1441 3746 in
1471 3696 1647 3747 medio
1668 3711 1878 3749 eorum.
1904 3696 2089 3767 Igitur

486 3782 724 3837 levaturi
771 3783 916 3837 tanti
964 3783 1164 3835 molem
1216 3783 1407 3853 palatii
1462 3784 1623 3853 Hugo
1668 3789 1725 3837 et
1761 3802 1899 3839 uxor
1942 3787 2079 3855 ejus,

485 3870 745 3925 omnibus
765 3871 946 3925 modis
966 3886 1193 3924 arenam
1227 3871 1539 3924 nocituram
1574 3872 1879 3941 prudenter
1899 3876 2084 3946 explo-

482 3965 631 4026 rant,
663 3965 721 4014 et
749 3976 873 4013 eam
903 3959 1196 4013 obstruere
1241 3959 1387 4012 felici
1430 3961 1724 4015 conamine
1769 3970 1989 4032 parant,
2019 3970 2084 4018 ut

481 4065 655 4120 supra
692 4050 912 4102 ﬁrmam
963 4054 1182 4118 petram
1219 4064 1415 4101 secure
1462 4047 1892 4105 fundamentum
1933 4069 2081 4107 nun-

483 4155 653 4209 quam
683 4154 946 4193 casurum
988 4137 1223 4207 jaciant.
1258 4137 1518 4191 Ascensis
1549 4155 1681 4208 ergo
1712 4140 1956 4195 diluculo
1986 4159 2081 4196 ve-

483 4226 702 4291 hiculis,
736 4225 1008 4280 Hardoini
1037 4226 1378 4280 marchionis
1407 4226 1639 4289 curiam,
1674 4244 1795 4297 quae
1832 4244 1926 4283 xm
1960 4236 2082 4285 tan-

480 4321 603 4370 tum
634 4314 881 4369 millibus
906 4315 965 4368 in
994 4322 1177 4368 castro
1211 4315 1486 4369 Avilliano
1516 4322 1649 4369 tunc
1678 4316 1896 4383 aderat,
1929 4320 2078 4373 cele-

479 4404 621 4459 riter
665 4403 894 4467 adeunt,
937 4420 1179 4475 eumque
1209 4403 1286 4457 ibi
1328 4421 1456 4458 eum
1495 4420 1667 4459 uxore
1712 4406 2078 4462 nihilominus

2193 1917 2441 1979 modum,
2499 1917 2613 1970 imo
2669 1917 2760 1969 siti
2816 1924 2955 1971 nutu
3019 1917 3117 1970 Dei
3176 1916 3462 1979 deficiens,
3502 1917 3571 1968 ad
3625 1916 3800 1987 pedes

2193 2006 2456 2065 eremitze,
2492 2006 2582 2059 cui
2621 2006 2866 2059 ecclesiae
2909 2006 3171 2075 contigua
3201 2014 3321 2059 erat
3360 2005 3499 2058 cella
3531 2006 3797 2075 parvissi-

2192 2110 2302 2154 ma,
2332 2095 2741 2164 prosternitur;
2776 2101 2832 2148 et.
2861 2100 2924 2147 ut
2952 2094 3293 2164 archangeli,
3324 2094 3369 2147 si
3402 2111 3511 2147 non
3542 2095 3797 2147 humano

2191 2183 2441 2247 consilio,
2475 2184 2619 2236 tanti
2666 2183 2897 2252 periculi
2946 2184 3219 2237 medelam
3262 2183 3596 2249 quantocius
3637 2183 3796 2237 inve-

2189 2271 2326 2332 niat,
2356 2272 2707 2342 deprecatur.
2731 2272 2959 2326 Audivit
2986 2272 3057 2326 ab
3089 2273 3182 2325 illo
3211 2289 3413 2343 aquam
3449 2272 3505 2325 in
3536 2272 3796 2342 proximo

2188 2377 2299 2414 non
2326 2361 2549 2427 haberi;
2587 2361 2772 2414 vinum
2805 2368 2991 2415 autem
3025 2361 3081 2413 in
3110 2361 3418 2431 ampullula
3449 2377 3637 2431 parva.
3666 2378 3793 2433 quae

2186 2451 2254 2503 ad
2285 2451 2450 2503 unius
2484 2450 2667 2504 missae
2704 2450 3139 2503 celebrationem
3169 2450 3252 2502 vix
3284 2456 3470 2521 posset
3505 2451 3789 2515 sufficere,

2186 2538 2481 2592 contineri.
2515 2540 2691 2592 Penes
2725 2556 2784 2591 se
2814 2538 2892 2592 nil
2934 2539 3162 2591 omnino
3203 2539 3436 2592 remedii
3469 2539 3606 2593 fore.
3641 2540 3790 2594 Nam

2185 2628 2445 2681 virtutem
2479 2627 2804 2697 archangeli
2836 2628 3029 2697 procul
3060 2627 3230 2681 dubio
3262 2628 3449 2682 omnia
3483 2646 3667 2698 posse.
3700 2627 3791 2682 In-

2183 2722 2366 2769 stante
2388 2733 2552 2786 quem
2575 2716 2697 2769 sitis
2719 2722 2775 2769 et
2803 2724 2971 2769 {estus
2992 2716 3299 2786 periculum
3326 2718 3636 2781 coartabat,
3671 2734 3789 2771 ere-

2183 2805 2320 2858 mita
2364 2805 2591 2858 tandem
2647 2806 2853 2875 pietate
2900 2812 3231 2867 concitatur,
3264 2811 3321 2859 et
3358 2806 3781 2875 archangelum,

2179 2895 2222 2947 si
2255 2900 2435 2947 status
2466 2894 2568 2947 loci
2601 2894 2705 2947 sibi
2738 2896 2972 2964 placeat,
3008 2895 3191 2949 devoti
3238 2895 3339 2948 viri
3388 2895 3604 2949 mederi
3635 2895 3785 2966 peri-

2178 2983 2303 3036 culo
2345 2983 2698 3053 deprecatur.
2747 2984 2889 3047 Mox,
2926 2984 3066 3037 mira
3106 2985 3361 3039 dicturus
3406 3001 3553 3050 sum,
3588 2986 3785 3055 praedi-

2174 3079 2319 3124 ctam
2355 3073 2533 3125 cernit
2574 3073 2963 3142 ampullulam,
2998 3073 3156 3143 quasi
3189 3074 3257 3127 ab
3290 3074 3401 3126 imo
3433 3074 3779 3128 scaturiente

2177 3177 2318 3214 vena
2374 3161 2543 3214 fontis
2591 3162 2886 3223 inundare,
2931 3167 2986 3215 et
3039 3179 3322 3216 summum
3375 3163 3780 3233 archangelum

2176 3252 2437 3304 virtutem
2472 3250 2743 3304 visibilem
2776 3250 3054 3304 exhibere.
3081 3251 3365 3314 Quantum
3404 3254 3656 3322 oportuit
3689 3270 3780 3323 po-

2175 3341 2276 3393 tati
2307 3347 2439 3393 sunt
2468 3340 2562 3409 qui
2591 3347 2859 3393 venerant
2909 3348 2966 3393 et
2994 3347 3221 3411 accepta
3260 3341 3653 3395 benedictione
3690 3360 3779 3396 re-

2173 3429 2427 3493 deuntes,
2463 3430 2609 3482 sicut
2639 3428 3014 3499 praediximus.
3047 3429 3226 3483 virum
3262 3431 3450 3483 tutela:
3494 3430 3598 3483 loci
3644 3449 3775 3485 con-

2168 3535 2372 3587 gruum
2415 3523 2570 3586 (nam
2615 3522 2863 3571 eremitae
2892 3518 3043 3571 nulla
3078 3519 3187 3588 jam
3219 3519 3323 3572 nisi
3356 3519 3425 3573 de
3454 3520 3774 3574 coelestibus

2171 3624 2307 3660 cura
2335 3616 2475 3661 erat.
2510 3608 2755 3678 reperire
2785 3607 3168 3660 desiderantes
3199 3608 3267 3661 ad
3300 3609 3611 3678 hospitium
3642 3628 3772 3680 pro-

2170 3703 2370 3765 perant
2419 3697 2634 3750 Retulit
2663 3696 2871 3766 hospiti
2913 3696 2997 3749 vir
3038 3697 3151 3750 Deo
3182 3697 3412 3750 devotus
3443 3698 3593 3767 quod
3626 3698 3770 3752 acci-

2168 3786 2346 3849 derat,
2381 3793 2437 3839 et
2475 3786 2622 3838 inter
2650 3785 2809 3839 verba
2849 3785 3146 3839 locutionis
3177 3793 3313 3840 testu
3343 3785 3474 3838 boni
3505 3787 3768 3841 desiderii

2166 3891 2278 3928 non
2304 3875 2487 3928 minus
2511 3892 2677 3945 quam
2701 3876 2854 3945 prius
2888 3875 2980 3928 siti
3004 3875 3253 3945 corporis
3273 3880 3534 3942 aestuans,
3560 3876 3765 3931 iterum

2165 3969 2335 4034 atque
2381 3966 2589 4017 iterum
2635 3964 2704 4017 de
2749 3964 2855 4017 loci
2900 3965 3098 4027 tutela,
3141 3964 3231 4018 cui
3276 3971 3592 4035 opportune
3625 3973 3769 4020 esset

2165 4053 2588 4117 committenda,
2625 4053 2855 4107 verbum
2889 4052 3194 4123 repetebat.

2234 4144 2444 4196 Aderat
2466 4142 2539 4195 ibi
2568 4143 2798 4212 quidam
2830 4150 2968 4197 nutu
2996 4142 3219 4197 Domini
3251 4143 3335 4195 vir
3359 4142 3659 4213 religiosus
3682 4160 3761 4199 or-

2160 4232 2309 4285 dinis
2354 4232 2670 4297 monastici,
2702 4232 2929 4286 nomine
2961 4236 3238 4297 Atvertus,
3275 4232 3370 4302 qui
3416 4231 3475 4286 in
3518 4233 3759 4287 Lisatbio

2162 4320 2504 4374 monasterio
2535 4319 2751 4374 abbatis
2798 4321 2951 4390 prius
2992 4322 3174 4375 ofﬁcio
3204 4322 3447 4385 functus,
3491 4328 3665 4392 atque
3693 4323 3757 4376 ab

2160 4410 2264 4463 hoc
2292 4426 2326 4463 a
2362 4408 2659 4462 contrariis
2686 4416 2893 4463 sanctae
2927 4410 3212 4480 religionis
3254 4410 3533 4481 expulsus,
3566 4418 3699 4465 tunc
3726 4428 3757 4465 τι

480 4499 622 4548 nutu
654 4493 990 4558 Divinitatis,
1022 4508 1092 4546 ne
1137 4492 1350 4546 diutius
1392 4491 1719 4561 fatigentur,
1761 4493 2072 4550 inveniunt.
2096 4497 2447 4572 Dliminibus
2477 4499 2857 4568 apostolorum
2889 4516 3194 4569 regressus,
3223 4498 3281 4552 in
3312 4499 3507 4553 eodem
3539 4517 3642 4570 per
3663 4501 3755 4554 ali-

478 4580 706 4637 Nobiles
734 4587 792 4635 et
830 4581 1103 4652 elegantis
1149 4580 1494 4635 habitudinis
1541 4582 1824 4651 peregrini
1866 4600 1931 4636 ex
1977 4585 2081 4639 cis-

478 4671 760 4726 montanis
796 4670 1052 4742 partibus
1108 4670 1397 4724 advenisse
1438 4668 1678 4740 principi
1718 4671 2070 4740 nuntiantur,

476 4779 716 4835 moxque
739 4763 809 4818 ab
839 4782 903 4819 eo
935 4763 1141 4821 secuti.
1184 4762 1478 4816 Nobilibus
1508 4779 1630 4816 mos
1661 4764 2073 4834 quodammodo

473 4853 808 4908 naturaliter
860 4854 1028 4919 inest,
1080 4852 1127 4906 si
1174 4851 1306 4905 boni
1354 4857 1486 4905 sunt
1539 4853 1844 4907 honorifice
1894 4854 2072 4908 susci—

471 4942 719 5014 piuntur.
765 4943 1049 4997 Adventus
1090 4957 1287 4995 causas
1334 4946 1632 5012 exponunt,
1679 4950 1735 4996 et
1778 4943 2067 4997 licentiam

469 5031 829 5086 construendi
875 5029 1112 5085 ccenobii
1155 5030 1213 5082 in
1263 5039 1573 5084 memorato
1619 5031 1903 5085 multoties
1945 5032 2067 5086 loco

467 5127 705 5192 petunt;
739 5137 807 5175 ea
850 5120 1108 5174 videlicet
1151 5118 1387 5184 ratione,
1420 5125 1484 5173 ut
1511 5120 1787 5190 gloriosus
1818 5121 2067 5175 marchio

468 5216 742 5282 quantum
770 5209 937 5263 vellet
963 5208 1085 5262 auri
1124 5208 1209 5261 vel
1252 5208 1488 5277 argenti,
1520 5209 1801 5263 mulorum
1836 5215 2067 5263 caetero-

464 5316 707 5371 rumque
754 5298 1155 5363 vehiculorum,
1202 5313 1324 5367 quae
1374 5298 1744 5364 adduxerant,
1795 5299 2067 5369 optimam

2161 4594 2298 4659 quot
2315 4588 2435 4640 dies
2450 4589 2636 4641 fuerat.
2650 4588 2890 4658 hospitio
2904 4595 3220 4642 remoratus
3248 4589 3514 4653 Hunc,ait
3533 4589 3748 4661 hospes.

2160 4683 2224 4731 ut
2269 4694 2414 4742 reor,
2447 4676 2629 4746 gratia
2659 4676 2844 4729 divina
2874 4677 3134 4747 providit,
3168 4678 3263 4748 qui
3295 4694 3406 4732 non
3455 4683 3523 4731 ut
3558 4696 3749 4741 novus,

2157 4768 2252 4822 sed
2287 4774 2547 4837 expertus
2581 4766 2748 4819 ofﬁcni
2781 4768 3095 4830 monastici,
3128 4784 3328 4838 parvas
3367 4784 3640 4837 expensas
3665 4770 3751 4822 ad-

2156 4858 2267 4911 huc
2290 4854 2643 4925 incompositi
2662 4856 2840 4909 locelli
2862 4856 3064 4927 spiritu
3086 4873 3301 4927 pauper
3319 4873 3510 4911 amore
3534 4858 3748 4929 religio-

2151 4946 2238 5003 nis
2281 4944 2495 4999 amabit
2536 4963 2547 4997 :
2595 4950 2653 4998 et
2696 4945 2894 4997 humili
2947 4962 3061 4999 suae
3108 4946 3457 5015 paupertatis
3486 4946 3744 5018 obsequio

2150 5034 2439 5092 servituris
2466 5033 2520 5086 in
2552 5039 2839 5103 posterum
2874 5034 3115 5099 Christo,
3142 5051 3265 5105 qua:
3296 5035 3432 5088 satis
3472 5035 3587 5088 sint
3615 5036 3744 5089 divi-

2149 5126 2258 5179 tias
2307 5122 2655 5193 aggregabit.
2699 5122 2919 5177 Auditis
2966 5123 3054 5176 his
3115 5124 3446 5178 venerabilis
3495 5132 3745 5195 peccator

2152 5214 2314 5283 Hugo
2346 5213 2403 5266 in
2436 5211 2657 5265 laudem
2689 5212 3083 5283 Redemptoris
3118 5213 3415 5266 attollitur.
3447 5213 3738 5267 Praxlatuui

2150 5319 2281 5372 ergo
2329 5302 2508 5354 virum
2555 5301 2881 5370 religiosum
2928 5304 3220 5355 Atvertum
3266 5301 3457 5355 multis
3491 5302 3737 5371 precnbus

462 5388 680 5459 copiam
704 5387 944 5457 benigne
965 5386 1255 5457 reciperet,
1278 5392 1335 5439 et
1352 5386 1531 5440 locum
1554 5386 1624 5439 ab
1641 5387 1795 5439 omni
1816 5403 1921 5440 sua
1939 5404 2063 5457 pro-
2142 5391 2329 5451 vincit,
2366 5396 2422 5443 et
2466 5389 2675 5444 relictis
2708 5396 2981 5459 quantum
3012 5391 3083 5444 ad
3112 5408 3357 5461 praesens
3389 5397 3451 5444 ut
3493 5391 3735 5461 peregri-

461 5477 859 5547 hteredumque
888 5492 1119 5530 suorum
1146 5475 1398 5530 saeculari
1427 5481 1703 5545 potestate
1734 5476 1941 5546 scripto
1965 5476 2058 5545 ju-
2141 5496 2247 5534 nus
2300 5485 2521 5550 poterat
2584 5480 2936 5547 necessariis,
2994 5481 3046 5533 ei
3109 5480 3295 5533 locum
3362 5480 3729 5546 committens,

461 5564 649 5619 diciali
694 5565 970 5632 solveret;
1021 5570 1300 5634 quatenus
1340 5563 1399 5617 in
1441 5571 1728 5635 posterum
1771 5565 1886 5618 Deo
1917 5565 2056 5619 inibi
2141 5567 2303 5622 citius
2334 5569 2618 5622 rediturus
2649 5568 2715 5620 ad
2749 5584 2871 5629 sua,
2906 5584 3032 5621 cum
3062 5568 3269 5639 gaudio
3300 5568 3486 5622 rediit.

460 5651 771 5721 servitutis,
798 5669 835 5707 a
860 5652 1075 5708 cunctis
1104 5669 1231 5724 quae
1259 5653 1451 5708 saeculi
1477 5654 1851 5725 potestatibus
1873 5654 1959 5710 vel
1987 5671 2054 5710 ex

2208 5657 2417 5713 Exinde
2466 5658 2547 5712 vir
2592 5657 2707 5713 Deo
2755 5657 2953 5729 plenus
2998 5660 3263 5715 Atvertus
3295 5657 3526 5713 omnino
3574 5659 3728 5731 plena
