3934 6358
192 334 329 391 1457
1268 336 1610 391 HISTORIA
1649 334 1760 389 ΜΟ]

1844 333 1964 387 ιΞΤ.
2008 335 2377 393 CLUSIENS.
3328 336 3469 399 1458
3480 398 3483 401 λ

186 457 482 512 devotione
506 463 769 529 satagens
814 462 1131 530 Opportuna
1174 460 1462 513 monachis
1502 456 2215 526 :ediﬁciolaAmigrassent
2242 461 2313 515 ad
2338 461 2659 529 Dominum,
2700 465 2967 519 successit
2992 464 3042 518 ei
3086 464 3146 520 in
3190 466 3467 537 regimine

186 547 496 601 secundum
550 549 719 601 situm
776 548 881 601 loci
930 554 1077 613 (nam
1127 549 1368 619 scopulis
1415 548 1788 620 asperrimum
1871 545 2108 601 fratrum
2166 566 2441 605 consensu
2498 557 2554 606 et
2620 553 2891 607 electione
2942 553 3026 606 vir
3090 553 3464 625 simplicitatis

187 635 338 708 erat)
367 637 532 706 coepit
559 643 907 704 construere,
948 641 1004 690 et
1033 637 1301 707 quidquid
1348 655 1584 708 usquam
1631 636 1790 690 colli-
1870 651 1934 688 ac
1954 637 2262 704 prudentiae
2283 640 2482 694 merito
2514 641 2847 695 Benedictus
2880 647 2937 695 et
2962 642 3202 696 nomine.
3217 643 3317 697 Hic
3335 660 3465 699 cum

180 742 319 795 gere
348 732 585 796 poterat,
626 727 840 780 modico
882 727 1029 781 victu
1059 732 1370 791 contentus,
1404 727 1473 779 ad
1505 727 1559 779 id
1603 726 1784 780 solum

183 815 520 886 expendere.
572 816 848 885 Tempore
901 816 1203 869 constituto
1258 816 1401 869 sicut
1451 816 1787 886 promiserat

182 903 351 972 Hugo
390 902 575 961 rediit,
596 909 650 955 et
666 903 925 957 omnibus
944 905 1272 958 necessariis
1292 904 1561 975 impensis
1574 904 1645 956 ad
1664 920 1784 974 per-

180 992 480 1045 ficiendam
512 992 755 1045 ecclesia:
792 992 1059 1045 fabricam
1101 993 1264 1057 datis,
1295 994 1500 1046 iterum
1538 993 1609 1047 ad
1639 1009 1782 1062 prae-

177 1081 362 1134 fatum
387 1080 764 1134 marchionem
795 1083 1097 1135 transitum
1134 1082 1282 1143 fecit,
1317 1090 1374 1135 et
1401 1082 1470 1136 ab
1528 1099 1593 1136 eo
1639 1082 1783 1135 sicut

177 1175 238 1223 et
294 1170 469 1241 prius,
500 1170 630 1223 dato
680 1170 860 1241 pretio
915 1171 1161 1224 villulam
1213 1172 1389 1225 monti
1432 1171 1775 1240 contiguam,

176 1259 411 1312 nomine
439 1259 688 1323 Clusam,
719 1265 775 1312 et
794 1260 1134 1313 aedificandis
1152 1260 1357 1313 villulis
1378 1276 1652 1329 congruas
1673 1267 1781 1312 ter-

175 1364 274 1401 ras
301 1346 666 1402 nihilominus
696 1348 988 1418 contiguas
1019 1348 1334 1419 acquisivit.
1384 1350 1459 1402 Ut
1487 1353 1675 1401 autem
1704 1349 1777 1401 li-

175 1435 413 1489 bertatis
444 1437 568 1494 loci.
597 1453 697 1507 pro
736 1453 847 1507 qua
878 1438 1157 1507 praecipue
1194 1436 1502 1507 satagebat.
1539 1453 1774 1507 scrupu-

174 1526 265 1579 lus
289 1525 536 1579 omnimo
554 1526 742 1579 nullus
762 1526 1397 1592 inesset,Taurinensem
1429 1525 1769 1596 pontiﬁcem,

174 1615 276 1685 qui
298 1615 488 1669 Amizo
519 1614 829 1684 dicebatur,
849 1616 1026 1669 adiit:
1059 1620 1116 1668 et
1145 1614 1345 1669 oblatis
1393 1631 1515 1685 quae
1551 1620 1772 1668 tantum

169 1703 357 1757 virum
398 1703 669 1757 decebant
706 1704 1050 1768 muneribus,
1082 1704 1296 1757 cunctis
1343 1703 1546 1757 iterum
1585 1705 1772 1757 locum

1867 724 2126 793 plurimis
2156 728 2381 781 ﬂoreret
2402 729 2699 784 virtutibus
2734 735 2891 783 tanta
2929 730 3135 785 dicitur
3174 732 3463 787 charitatis

1867 813 2156 868 afﬂuentia
2177 816 2499 879 refertus,et
2516 820 2913 889 hospitalitatis
2932 819 3267 874 liberalitate
3284 821 3464 875 muni-

1866 902 2023 965 ﬁcus,
2058 910 2122 957 ut
2145 920 2339 958 omnes
2369 907 2439 960 ad
2478 923 2537 961 se
2580 908 2866 962 venientes
2918 914 2974 961 et
3026 908 3233 963 montis
3282 910 3463 964 ardua

1864 1006 1929 1043 ac
1958 991 2280 1063 archangeli
2304 995 2610 1064 patrocinia
2636 1003 2908 1067 petentes,
2942 997 3297 1068 maximeque
3328 997 3457 1051 Gal-

1863 1079 2064 1144 lorum,
2097 1083 2558 1151 Aquitanicorum
2582 1091 2639 1137 et
2672 1085 3072 1156 Hispaniarum
3095 1086 3332 1156 papulos
3351 1086 3461 1140 Ro-

1861 1183 2013 1221 mam
2061 1169 2351 1231 adeuntes,
2397 1171 2768 1227 libentissime
2828 1174 3159 1244 susciperet,
3217 1179 3275 1227 et
3332 1189 3457 1244 qua:

1860 1254 2096 1311 fratrum
2116 1264 2337 1313 tantum
2357 1261 2550 1316 usibus
2570 1268 2830 1333 poterant
2848 1266 3165 1334 competere
3178 1261 3456 1332 benignus

1857 1343 2190 1414 impertiret.
2226 1348 2399 1419 Cujus
2449 1351 2851 1422 quamplurimi
2900 1351 3141 1421 gratiam
3190 1351 3455 1412 admirati

1858 1440 2002 1497 (erat
2028 1435 2233 1506 quippe
2284 1438 2534 1492 moribus
2562 1446 2619 1493 et
2657 1440 2811 1494 canis
2842 1441 3109 1511 angelicis
3134 1441 3451 1511 decoratus)

1856 1522 2108 1578 aiebant:
2150 1543 2175 1576 «
2206 1525 2342 1579 Ecce
2371 1527 2456 1580 vir
2483 1528 2728 1599 prudens
2766 1529 2860 1599 qui
2890 1529 3180 1584 aediﬁcavit
3220 1530 3454 1585 domum

1855 1627 2016 1665 suam
2047 1628 2216 1683 supra
2253 1620 2492 1685 petram,
2523 1616 2581 1670 in
2610 1618 2771 1687 cujus
2799 1634 2895 1672 ore
2915 1618 3076 1672 dolus
3094 1634 3207 1673 non
3244 1618 3456 1675 inveni-

1853 1704 1976 1753 tur:
2012 1717 2121 1771 quo
2165 1703 2315 1757 ﬁdeli
2366 1705 2752 1775 dispensatore
2809 1707 3177 1778 archangelus
3231 1707 3456 1765 Domini

170 1792 315 1846 solvi
345 1793 777 1851 conditionibus,
797 1810 924 1850 cum
957 1793 1333 1847 anathematis
1346 1793 1773 1863 etiaminterpo-
1796 1790 2192 1863 Bgratulatur,
2225 1798 2281 1845 et
2311 1794 2476 1862 hujus
2502 1795 2610 1848 loci
2630 1796 2779 1849 fama
2805 1812 2907 1850 sua
2951 1796 3160 1868 ubique
3206 1796 3457 1853 extendit

169 1882 396 1947 sitione,
438 1882 815 1936 favorabiliter
842 1883 1179 1953 impetravit,
1238 1882 1479 1951 indeque
1533 1882 1770 1935 Romam

168 1972 477 2042 profectus,
511 1973 761 2025 omnium
820 1972 1215 2042 praedictarum
1246 1972 1610 2040 sponsionum
1654 1977 1773 2023 tam

168 2061 456 2131 pontiﬁcis
484 2077 650 2130 quam
680 2061 1018 2116 marchionis
1048 2067 1293 2123 tenores,
1328 2077 1662 2130 omnemque
1687 2059 1773 2113 sui

168 2150 359 2220 operis
408 2149 630 2203 ordiens
676 2149 967 2203 historiam
1035 2166 1191 2219 papae
1242 2149 1508 2203 Silvestro
1558 2148 1769 2213 retulit,

172 2244 232 2292 et
261 2240 381 2309 ejus
438 2239 507 2292 ad
536 2255 779 2308 praesens
814 2238 1078 2308 principis
1108 2239 1489 2308 apostolorum
1531 2237 1776 2293 auctori-

165 2334 306 2391 tate,
343 2324 536 2400 postea
565 2345 694 2381 vero
717 2331 885 2381 etiam
918 2328 1292 2398 imperatoriae
1325 2327 1634 2396 majestatis
1659 2343 1777 2379 cor-

164 2419 425 2472 roborari
459 2423 634 2471 locum
668 2417 870 2470 litteris
925 2423 979 2469 et
1029 2417 1253 2470 nomine
1312 2416 1456 2469 fecit.
1486 2417 1619 2469 Post
1658 2416 1777 2468 haec

166 2507 354 2578 quoad
387 2507 519 2560 vixit
552 2506 739 2559 omnia
782 2506 1119 2559 monasterio
1152 2506 1457 2559 secundum
1490 2521 1651 2574 posse
1683 2520 1776 2561 ne.

165 2597 411 2651 cessaria
437 2597 516 2649 vel
543 2596 752 2659 attulit,
788 2596 870 2648 vel
901 2595 1122 2659 direxit,
1157 2602 1213 2648 et
1242 2594 1438 2647 exinde
1462 2593 1777 2647 coenobium

164 2685 531 2739 incrementis
561 2684 888 2754 opportunis
913 2701 975 2737 ex
1006 2692 1256 2754 tempore
1288 2684 1399 2736 Deo
1422 2684 1644 2737 favente
1670 2699 1780 2736 mc-

165 2776 293 2829 ritis
320 2775 589 2827 hactenus
610 2773 931 2843 archangeli
961 2778 1149 2836 crevnt,
1185 2780 1241 2826 et
1269 2773 1438 2825 variis
1489 2772 1771 2825 miraculis

161 2880 467 2917 coruscans
488 2863 720 2916 diversis
753 2863 970 2932 populis
988 2869 1212 2931 gratum
1228 2868 1285 2914 et
1304 2861 1617 2914 venerabile
1642 2860 1763 2915 fuit.

159 2954 246 3006 Ne
268 2960 456 3005 autem
497 2953 686 3021 aliqua
714 2951 971 3004 dubietas
999 2968 1064 3004 ex
1094 2950 1180 3003 his
1212 2968 1333 3020 quae
1351 2951 1528 3003 relata
1558 2956 1688 3002 sunt
1711 2949 1765 3002 in

157 3041 421 3096 cordibus
454 3041 702 3093 ﬁdelium
751 3042 929 3111 possit
967 3040 1118 3102 oriri,
1181 3042 1341 3093 testis
1386 3044 1472 3091 est
1518 3037 1765 3108 praedicti

1854 1877 2117 1947 insignia.
2146 1900 2168 1929 ι
2205 1881 2507 1951 Coeperunt
2526 1899 2769 1955 namque
2800 1886 3072 1950 nonnulli,
3095 1892 3153 1941 et
3178 1887 3456 1958 praecipue

1854 1964 1923 2016 de
1954 1966 2353 2028 Ultramontes.
2388 1970 2457 2023 ad
2485 1971 2632 2025 hunc
2688 1972 2872 2026 locum
2928 1975 3113 2043 gratia
3167 1974 3455 2046 religionis

1856 2069 2205 2117 concurrere,
2234 2063 2291 2110 et
2309 2059 2511 2113 saeculo
2533 2061 2921 2115 renuntiantes
2950 2062 3053 2116 sub
3068 2063 3164 2117 illo
3186 2080 3319 2118 sene
3336 2066 3455 2136 glo-

1857 2142 2004 2195 rioso
2018 2160 2227 2199 normae
2253 2148 2497 2216 regulari
2521 2165 2641 2202 sese
2663 2150 3279 2220 subdere.Langobardi
3302 2153 3454 2208 enim

1858 2232 2235 2301 quamplures,
2270 2236 2393 2288 fulti
2426 2236 2653 2290 inimica
2678 2238 2805 2291 fidei
2838 2240 3160 2303 calliditate,
3193 2242 3347 2295 haud
3375 2243 3453 2297 fa-

1859 2321 1963 2375 cile
1992 2323 2356 2392 acquiescunt
2400 2327 2786 2381 monachalem
2841 2328 3095 2383 habitum
3147 2330 3451 2401 suscipere.

1858 2410 2021 2463 Multi
2052 2427 2179 2465 vero
2201 2413 2469 2467 nobilium
2507 2420 2675 2485 atque
2700 2416 2932 2470 divitum
2955 2418 3194 2487 gratiam
3227 2419 3456 2491 cupien-

1858 2505 1945 2553 tes
1968 2501 2177 2555 referre
2207 2502 2325 2571 ejus
2346 2502 2847 2569 benedictionibus,
2883 2506 2977 2576 qui
3003 2506 3109 2560 sibi
3148 2508 3456 2580 principem

1859 2589 2186 2658 angelorum
2217 2592 2584 2646 conciliarent
2611 2593 2667 2647 in
2692 2594 2782 2647 die
2810 2594 2898 2648 sui
2946 2595 3146 2659 exitus,
3178 2596 3274 2650 alii
3315 2598 3458 2653 dita-

1864 2686 2062 2731 verunt
2093 2678 2271 2732 locum
2304 2681 2419 2734 suis
2457 2681 2780 2740 honoribus.
2808 2683 2903 2736 alii
2930 2684 3228 2738 tradebant
3250 2702 3455 2756 pueros

1853 2783 1984 2820 suos
2012 2767 2251 2821 Domino
2278 2770 2594 2823 educandos
2642 2772 2960 2825 immaturis
2999 2779 3223 2828 teneros
3269 2775 3453 2829 aetati-

1853 2854 1974 2908 bus.
2002 2854 2103 2909 Est
2140 2873 2384 2927 namque
2425 2858 2579 2912 locus
2617 2858 2687 2912 ab
2737 2860 2889 2914 omni
2944 2860 3347 2933 impedimento
3396 2871 3455 2919 et

1851 2944 2103 2997 saeculari
2153 2947 2399 3000 tumultu
2446 2955 2714 3002 semotus.
2760 2949 2961 3003 Nullus
3013 2951 3302 3006 hominum
3351 2970 3454 3009 seu

1850 3031 2179 3086 animalium
2239 3033 2314 3087 ibi
2372 3036 2692 3105 perstrepit,
2742 3036 2954 3090 clamor
3007 3044 3177 3109 atque
3229 3042 3451 3111 rugitus

160 3130 423 3200 Hugonis
462 3130 609 3183 ﬁlius
660 3129 981 3194 Mauricius,
1035 3128 1195 3182 testis
1242 3134 1298 3181 et
1355 3127 1473 3197 ipsa
1521 3126 1749 3187 familia,
1777 3111 2003 3191 Cjncet.
2033 3122 2296 3177 Porrecta
2325 3123 2500 3203 Italiae
2540 3125 2800 3195 planities
2831 3142 2962 3180 suos
2999 3128 3253 3198 jucunda
3301 3130 3439 3185 lacis

157 3235 400 3290 quorum
433 3218 514 3271 vel
544 3217 661 3271 suis
692 3218 773 3270 vel
806 3223 1098 3287 parentum
1130 3215 1395 3287 proximis
1418 3214 1612 3269 diebus
1633 3221 1760 3267 tan-

157 3309 233 3362 tis
296 3306 518 3361 indiciis
593 3306 847 3376 angelica
906 3305 1081 3359 virtus
1135 3305 1365 3375 dignata
1420 3310 1505 3356 est
1560 3319 1761 3373 propa-

155 3396 287 3450 lari.

228 3485 413 3555 Igitur
449 3484 781 3538 venerabilis
813 3499 955 3553 papa
980 3483 1244 3536 Nicolaus
1267 3483 1287 3503 θ
1313 3520 1326 3545 ,
1360 3481 1508 3551 quod
1552 3495 1760 3532 nomen

154 3573 447 3629 victoriam
484 3573 675 3643 populi
721 3571 985 3625 nimirum
1045 3570 1301 3624 catholici
1352 3576 1516 3622 sonat
1568 3585 1760 3622 narra-

154 3662 328 3715 tionis
385 3662 553 3731 hujus
602 3661 884 3714 ordiendae
929 3659 1187 3712 laudator
1238 3665 1405 3728 atque
1455 3664 1761 3728 praeceptor

153 3752 387 3812 exstitit,
414 3758 477 3805 ut
506 3752 721 3805 cunctis
751 3750 1062 3819 legentibus
1091 3749 1483 3807 innotesceret.
1507 3747 1758 3818 praedicti

151 3840 260 3894 loci
290 3856 482 3893 curam
515 3838 830 3908 specialiter
869 3838 936 3890 ad
970 3838 1157 3891 sedem
1190 3837 1551 3906 apostolicam
1585 3835 1754 3906 perti-

150 3936 413 3982 nerezet
448 3927 698 3997 quisquis
749 3926 995 3978 ﬁdelium
1046 3925 1103 3977 in
1154 3924 1264 3977 ﬁne
1311 3924 1533 3977 caducae
1583 3932 1751 3994 atque

148 4017 494 4070 transitoria;
535 4018 656 4069 vitae
688 4017 883 4085 pennis
924 4031 1066 4083 ange
1094 4014 1189 4066 icis
1251 4014 1319 4066 ad
1370 4014 1536 4066 caelos
1594 4019 1752 4083 optat

151 4107 331 4169 evehi,
364 4113 559 4159 contra
588 4106 767 4158 locum
801 4120 966 4174 quem
1009 4103 1242 4156 Michael
1275 4102 1531 4172 princeps
1572 4118 1746 4169 ange-

150 4194 335 4247 lorum
368 4188 565 4247 dilexit‘
587 4199 643 4245 et
698 4194 882 4261 elegit,
920 4200 1178 4243 vereatur
1222 4190 1430 4260 aliquid
1490 4190 1745 4260 iniquum

146 4283 338 4335 moliri
364 4301 374 4335 :
410 4290 686 4352 quatenus
728 4282 781 4333 in
824 4282 989 4333 domo
1020 4296 1117 4333 sua
1147 4279 1358 4348 absque
1387 4279 1747 4333 seissionibus

143 4373 398 4426 sordium
427 4389 550 4425 cum
578 4388 728 4441 pace,
765 4388 886 4440 quae
909 4371 1194 4423 hominum
1251 4370 1405 4422 bnnze
1441 4370 1740 4423 voluntatis

141 4462 372 4533 propria
384 4470 775 4523 est,sntnomen
793 4460 1008 4512 Domini
1026 4476 1246 4529 semper
1262 4458 1739 4529 bene'licturn.qui

141 4567 340 4603 omnes
381 4567 511 4603 suos
542 4550 772 4620 spiritus
819 4549 1325 4602 administratorios
1369 4556 1598 4617 propter
1645 4564 1739 4601 eos

140 4639 240 4709 qui
268 4638 648 4691 heereditatem
676 4638 905 4707 capiunt
922 4638 1134 4699 salutis,
1163 4638 1395 4709 implere
1411 4637 1658 4707 gratuite
1679 4638 1738 4690 in

140 4728 386 4783 ecclesia:
406 4745 519 4782 suae
551 4728 718 4781 mittit
752 4728 1141 4781 ministerium.

209 4821 375 4872 Anno
406 4817 578 4887 igitur
605 4814 1133 4871 9661ncarnationis
1167 4817 1462 4871 Dominicis
1492 4822 1743 4871 constru-

138 4908 264 4962 ctis.
299 4914 363 4961 ut
390 4907 586 4969 fertur,
620 4908 676 4960 in
707 4906 901 4959 eodem
932 4907 1050 4960 loco
1076 4907 1313 4960 feliciter
1353 4907 1591 4960 ofﬁcinis
1630 4924 1734 4961 cce-

138 4996 475 5061 nobialibus,
501 5001 665 5065 prout
695 5004 818 5048 erat
852 4995 1131 5065 possibile,
1159 5013 1284 5049 cum
1319 4996 1411 5049 ille
1473 4998 1555 5049 vir
1598 4996 1739 5049 illu—

136 5085 271 5139 stris
300 5085 462 5155 Hugo
492 5084 549 5137 in
570 5084 741 5137 armis
766 5089 1047 5145 strenuus,
1070 5084 1169 5137 sed
1196 5084 1250 5137 in
1282 5085 1381 5138 Dei
1410 5084 1575 5138 rebus
1591 5085 1737 5139 circa

137 5176 312 5229 finem
369 5174 546 5244 magis
592 5175 842 5239 devotus,
880 5174 1085 5239 locum,
1128 5191 1319 5244 quem,
1369 5174 1512 5228 sicut
1565 5192 1736 5245 supra

137 5264 458 5324 retulimus,
494 5262 673 5334 pretio
693 5262 797 5316 sibi
826 5268 890 5315 ut
928 5263 1213 5332 proprium
1262 5263 1654 5329 vindicaverat,
1679 5271 1735 5319 et

138 5353 449 5425 apostolica
470 5352 823 5416 auctoritate,
848 5369 945 5405 seu
972 5353 1258 5422 praeceptis
1293 5353 1571 5420 regalibus
1611 5372 1733 5408 mu-

138 5446 343 5505 nierat,
392 5442 578 5495 abbati
632 5443 905 5495 duntaxat
956 5458 1020 5495 ac
1078 5443 1364 5495 monachis
1418 5444 1734 5498 habendum

136 5531 502 5597 tradidisset;
532 5539 826 5600 postquam
860 5531 1025 5583 etiam
1059 5538 1285 5584 sanctus
1331 5533 1572 5586 Joannes
1612 5550 1735 5586 ere-

138 5627 299 5687 mita,
324 5636 539 5674 necnon
584 5626 640 5674 et
692 5620 847 5673 bona:
902 5622 1204 5687 memoria),
1261 5623 1523 5675 Atvertus
1565 5622 1735 5677 abbas

1761 4428 1804 4485 D

1842 3227 1907 3264 ac
1959 3212 2284 3266 ﬂuminibus
2329 3214 2603 3267 humanos
2653 3213 2935 3268 interdum
2979 3232 3101 3286 quae
3147 3218 3328 3273 valeat
3364 3235 3449 3273 re-

1844 3316 2035 3353 creare
2064 3301 2211 3355 visus
2253 3302 2475 3372 Tepidaa
2530 3307 2665 3356 sunt
2703 3303 2936 3364 hiemes,
2995 3311 3160 3359 testas
3206 3322 3442 3363 vernum

1844 3388 2103 3443 imitatur
2132 3397 2355 3461 tempus
2418 3392 2573 3445 Mens
2622 3392 2737 3445 Deo
2769 3391 3165 3448 famulantium
3194 3395 3296 3449 tali
3326 3401 3447 3451 tota

1844 3480 2051 3549 quiete,
2083 3491 2137 3533 et
2165 3481 2454 3535 admonita
2497 3482 2803 3552 quamlibet
2829 3484 3061 3553 pulchra
3109 3501 3299 3540 rerum
3350 3504 3445 3559 op-

1841 3570 2208 3638 portunitate,
2253 3564 2609 3640 vociferatur,
2634 3571 2927 3642 jubilando
2958 3571 3284 3644 frequenter
3313 3591 3442 3632 cum

1842 3658 2247 3711 exsultatione:
2279 3679 2301 3710 ι
2334 3658 2575 3729 Magnus
2603 3660 2877 3714 Dominus
2900 3668 2957 3714 et
2974 3662 3441 3720 laudabilisvalde

1839 3744 1895 3798 in
1927 3746 2148 3800 civitate
2180 3748 2280 3801 Dei
2311 3750 2506 3813 nostri,
2541 3750 2597 3802 in
2630 3756 2821 3803 monte
2846 3756 3039 3804 sancto
3060 3753 3201 3819 ejus.
3241 3771 3264 3802 ι

1910 3834 2157 3888 Dilectus
2184 3836 2376 3905 itaque
2402 3837 2517 3890 Deo
2545 3845 2602 3890 et
2620 3837 2940 3891 hominibus
2962 3837 3056 3891 ille
3085 3842 3436 3897 venerandus

1837 3939 2005 3977 senex
2057 3924 2391 3979 Benedictus
2432 3926 2642 3997 optime
2698 3942 2879 3994 agens
2923 3926 3109 3997 gregis
3152 3931 3435 3986 commissi

1832 4013 2163 4077 custodiam,
2209 4021 2401 4084 utpote
2422 4023 2615 4085 pastor
2638 4016 2913 4085 egregius,
2949 4017 3263 4072 sanctitatis
3297 4036 3429 4090 gra-

1830 4101 1913 4155 tia
1932 4102 2134 4155 claruit
2161 4102 2277 4155 suis
2317 4104 2680 4171 temporihus,
2717 4103 3120 4175 ampliavitque
3151 4113 3428 4162 monaste-

1831 4190 1975 4243 rium
1988 4191 2205 4244 favente
2220 4192 2555 4261 archangelo
2569 4192 2754 4251 rebus.
2765 4193 3015 4262 personis
3031 4202 3087 4248 et
3099 4193 3425 4251 honoribus.

1831 4280 2043 4333 Etcum
2075 4298 2109 4332 τι
2140 4281 2417 4350 plerisque
2451 4281 2761 4351 hOSpitibus
2812 4289 2869 4335 et
2926 4284 3212 4338 monachis
3261 4286 3423 4355 quasi

1831 4386 1931 4439 pro
1960 4370 2191 4423 consilio
2214 4370 2533 4423 hortaretur
2570 4387 2901 4440 magnorum
2934 4372 3314 4428 cmnobiorum
3341 4382 3429 4431 tu-

1830 4460 1955 4514 telm
1980 4470 2033 4513 et
2057 4459 2396 4513 ordinationi
2426 4460 2608 4513 locum
2628 4476 2793 4513 suum
2808 4462 3179 4527 committere,
3205 4480 3427 4518 eorum-

1824 4564 1931 4617 que
1979 4548 2408 4602 consuetudines
2478 4548 2779 4602 admittere
2834 4565 2946 4602 non
3013 4551 3424 4623 acquiescebat,

1822 4638 2013 4691 dicens
2050 4662 2064 4694 :
2096 4658 2115 4687 α
2155 4638 2350 4703 Sinite,
2378 4637 2599 4702 fratres,
2631 4638 2799 4691 sinite
2830 4638 3012 4692 Patris
3034 4642 3212 4695 nostri
3245 4642 3424 4697 Bene-

1825 4728 1957 4781 dicti
1986 4728 2199 4797 Regula
2231 4728 2559 4799 parvitatem
2588 4734 2836 4781 nostram
2894 4734 3216 4782 contentam
3277 4746 3419 4798 esse,

1825 4834 1947 4886 qua:
1980 4856 1993 4880 ,
2049 4817 2094 4870 si
2152 4819 2297 4887 quod
2350 4817 2570 4870 videtur
2625 4816 2981 4883 addendum,
3043 4816 3262 4871 abbatis
3320 4819 3423 4873 ad-

1825 4906 1998 4960 mittit
2061 4906 2293 4960 arbitrio
2346 4906 2715 4977 supplendum
2772 4922 2872 4976 pro
2904 4905 3124 4959 ratione
3175 4913 3234 4960 et
3278 4913 3419 4963 tem-

1821 5013 1991 5066 pore:
2024 5013 2135 5050 non
2167 4997 2243 5050 ita
2301 5002 2385 5050 est
2428 5002 2493 5049 ut
2545 4995 2758 5061 dicitis;
2809 4994 3007 5048 videtis
3058 4994 3242 5049 locum
3283 5012 3417 5052 con-

1819 5084 1989 5139 ductu
2036 5086 2321 5140 difficilem
2374 5092 2429 5140 et
2477 5085 2736 5151 arduum,
2788 5085 2967 5139 altera
3009 5086 3415 5142 consuetudine

1819 5175 2268 5229 modificandum.
2305 5176 2499 5246 Neque
2540 5177 2689 5230 enim
2721 5176 2967 5230 humano
2998 5175 3249 5246 quolibet
3273 5176 3417 5232 indi-

1813 5270 1910 5333 get
1938 5264 2261 5334 magisterio
2291 5266 2387 5334 qui
2427 5267 2753 5335 angelorum
2776 5282 2921 5335 saepe
2953 5264 3163 5318 fruitur
3188 5265 3410 5335 solatio,

1815 5353 2070 5424 tantique
2102 5354 2399 5424 provisoris
2427 5356 2637 5423 gaudet
2676 5355 3008 5425 patrocinio,
3050 5360 3107 5408 et
3133 5354 3270 5409 satis
3292 5371 3412 5410 me—

1817 5443 2025 5497 tuendo
2047 5444 2381 5513 quandoque
2421 5444 2649 5496 additur
2703 5444 3033 5499 ministerio.
3062 5443 3129 5499 In
3180 5444 3286 5498 hoc
3326 5445 3416 5498 ni-

1820 5534 2023 5586 mirum
2059 5542 2245 5585 monte
2276 5533 2464 5586 nullus
2494 5540 2575 5585 est
2610 5533 2762 5586 locus
2791 5534 3008 5587 crimini
3059 5550 3161 5587 nec
3187 5540 3271 5588 est
3325 5534 3411 5587 fas

1818 5623 1921 5677 sub
1947 5625 2069 5692 ejus
2113 5629 2410 5691 conspectu
2442 5621 2713 5674 scelerato
2738 5622 2984 5676 latebras
3012 5623 3407 5691 delitescendo,
