3934 6350
169 327 297 385 HG]
550 354 556 359 θ
1057 335 1225 389 VlTA
1267 331 1650 388 BENEDICTI
1688 331 1853 389 ΑΒΗ.
1897 335 2094 388 CLUS.
2136 363 2196 372 —
2230 333 2538 386 PROLOG.
3299 329 3442 386 M6?

233 454 288 510 32.
322 454 402 507 De
429 455 714 527 Clusensis
751 455 986 511 abbatize
1015 458 1233 527 origine
1262 464 1318 510 et
1333 465 1557 510 auctore
1585 475 1693 511 non
1728 475 1837 510 una
1861 463 1946 509 est
1976 457 2227 510 omnium
2260 452 2828 527 sententia.Sibinon
2851 459 3070 507 constat
3089 454 3430 527 chronogra«

163 526 308 596 phus
334 526 734 590 Malleacensis,
759 545 882 580 cum
941 546 1089 582 nunc
1111 526 1274 582 anno
1322 527 1425 584 872
1455 550 1473 578 α
1511 530 1781 582 Clusense
1829 528 2140 580 coenobium
2174 530 2352 581 sancti
2384 527 2666 580 Michaelis
2693 526 2993 593 inemptum
3025 545 3042 573 ιι
3071 526 3204 578 dicit
3241 546 3250 578 :
3284 543 3432 579 nunc

163 604 387 650 centum
423 604 545 666 post
573 598 735 650 annis
765 598 818 651 id
847 599 1055 653 factum
1079 606 1497 654 «cmmemorat.
1553 601 1604 651 id
1643 610 1726 652 est
1765 600 1964 652 eodem
1993 606 2244 668 tempore
2301 615 2410 667 quo
2453 596 2766 650 cornobium
2809 597 2995 668 Sancti
3042 598 3327 650 Michaelis
3365 599 3434 650 de

163 670 353 720 Monte
383 669 668 720 conditum
700 677 808 724 est.
841 670 1265 740 Cbronograplii
1293 672 1406 723 haec
1439 670 1606 723 verba
1633 677 1765 723 sunt
1797 689 1806 721 :
1846 689 1867 718 «
1904 671 1982 722 Eo
2017 667 2267 738 tempore
2298 670 2600 738 incoeptum
2665 674 2785 740 erat
2819 667 2990 740 aliud
3028 668 3430 721 monasterium

162 740 232 792 de
256 741 460 792 Sancto
489 740 753 792 Michaele
783 741 852 792 de
884 742 1051 794 Clusa
1072 737 1108 794 7.;
1136 737 1326 794 sancto
1352 743 1564 794 Joanne
1595 742 1850 810 episcopo
1883 749 1938 792 et
1964 737 2198 792 errmita
2230 759 2240 791 :
2275 741 2369 792 ubi
2394 737 2605 808 primus
2634 737 2776 789 abba
2809 737 2916 810 fuit
2937 739 3176 810 iArverus.
3197 740 3432 810 rnJoan-

160 821 294 864 nem
326 810 774 882 huncR—avermaa
801 814 1123 882 episcopum
1158 813 1329 865 fuisse
1357 813 1560 867 ferunt.
1599 809 1808 866 Verum
1841 811 1949 865 aiia
1993 818 2077 864 est
2105 811 2300 880 opinio
2332 811 2612 864 Francisci
2652 809 2970 877 Augustini.
3006 809 3102 882 qui
3149 809 3432 882 Clusensis

161 881 493 953 monasterii
523 889 816 934 auctorem
839 880 954 936 non
983 880 1259 937 Joannem
1285 884 1625 953 episcopum,
1659 884 1753 936 sed
1785 884 2077 951 iiugmiem
2115 883 2415 936 Marinum.
2449 886 2855 953 praepotentem
2895 886 2975 947 (ut
3005 880 3441 953 ipseloquiturl-

164 972 188 1002 ς(
221 952 672 1023 Auvergnacum,
710 971 735 1003 i)
770 958 825 1006 et
847 955 1049 1007 Montis
1085 955 1275 1008 Buceri
1311 950 1624 1009 dominum.
1648 954 1740 1023 qui
1774 950 1904 1006 dum
1930 953 2102 1005 Roma
2133 953 2200 1004 ad
2237 950 2621 1022 putriosvlares
2669 950 2893 1023 rediret,
2936 950 3247 1003 coenobium
3282 951 3439 1007 istud

160 1020 436 1094 construi;
459 1021 709 1092 ejusdem
725 1025 1010 1078 ecclesiam
1036 1025 1105 1078 ab
1129 1031 1348 1079 Anucco
1378 1020 1706 1078 Taurinensi
1730 1024 1979 1077 antistite
2002 1020 2250 1076 dedicari
2276 1024 2489 1076 curavit
2517 1037 2663 1075 anno
2696 1020 2818 1094 966.
2849 1021 2927 1073 De
2957 1035 3184 1094 aucti-ure
3213 1029 3433 1094 certum

160 1102 250 1148 est
272 1111 335 1147 ex
357 1092 500 1147 Vitm
514 1097 802 1164 sequentis
831 1108 951 1166 cap.
972 1103 1000 1145 :i
1020 1098 1167 1149 hunc
1196 1098 1365 1148 fuisse
1393 1098 1434 1148 Η
1448 1109 1682 1165 agonem
1708 1098 1798 1164 qui
1823 1096 2078 1148 eumdem
2111 1096 2291 1147 locum
2325 1095 2642 1164 apostolicae
2662 1092 2777 1145 sedi
2800 1092 3082 1144 commisit
3104 1092 3436 1166 privilegiis-

160 1183 275 1236 que
301 1167 612 1238 decoravit:
650 1174 709 1220 at
739 1167 865 1236 quis
894 1164 1139 1238 qualisve
1171 1168 1339 1220 lin-rit
1369 1164 1528 1236 iiugo
1559 1169 1670 1228 ille,
1695 1167 2032 1238 Guilleimus-
2055 1183 2166 1218 non
2199 1167 2460 1235 eXprimit
2495 1167 2725 1218 Certum
2752 1180 2881 1216 vero
2902 1169 3265 1238 estnaturam
3287 1164 3436 1216 hanc

159 1233 284 1290 esse
307 1233 1109 1307 Clusiensiummonachorum
1131 1233 1570 1307 persuasionem,
1594 1240 1885 1307 Hugonem
1901 1237 2253 1290 fundatorem
2268 1233 2442 1290 suum
2465 1238 2794 1307 Arvernum,
2815 1240 2877 1307 et
3132 1251 3198 1286 ex
3215 1251 3433 1303 genere

159 1257 284 1290 esse
307 1257 682 1291 uusnensnum
708 1257 1109 1292 monacnorum
1168 1257 1570 1300 ersuasiouem,
1597 1257 1885 1307 nugonem
1901 1257 2253 1290 runnawrem
2278 1257 2442 1290 suum
2465 1257 2794 1292 ervernum,
2815 1257 3114 1304 etquidem
3132 1257 3198 1286 ex.
3215 1257 3429 1303 genere

158 1309 516 1378 dominorum
549 1309 616 1359 de
649 1306 834 1361 Monte
855 1309 1086 1362 Buxerio
1115 1257 1286 1362 ffuisse
1319 1329 1332 1361 :
1367 1309 1421 1361 id
1456 1309 1601 1378 quod
1627 1316 1908 1362 testantur
1940 1309 2140 1361 litterze
2173 1307 2389 1360 abbatis
2418 1307 2604 1361 Sancti
2629 1304 2925 1378 Michaelis,
2942 1305 3010 1378 de
3057 1304 3245 1366 Clusa,
3279 1322 3429 1378 anno.

158 1373 269 1434 9H
304 1380 446 1433 datze
478 1378 758 1432 Ludovico
788 1380 991 1433 Montis
1015 1377 1268 1434 Buxerii:
1302 1381 1396 1446 qui
1423 1398 1448 1430 α
1474 1373 1717 1449 sequens
1749 1380 2165 1449 progenitorum
2190 1378 2436 1446 vestigia,
2465 1385 2519 1430 et
2545 1376 2848 1447 praisertirn
2871 1376 3125 1449 gloriosae
3148 1377 3431 1449 memoriae

159 1452 376 1504 domini
410 1449 681 1519 Hugo-nis,
713 1450 898 1519 inquit
915 1452 1337 1510 abbas.domini
1366 1447 1644 1520 quondam
1677 1447 1880 1504 Montis
1912 1450 2154 1506 Bmerii.
2187 1449 2499 1502 fundatoris
2531 1449 2727 1520 nostri,
2763 1465 2796 1499 a
2820 1447 2980 1516 cujus
2999 1447 3151 1520 clara
3167 1447 3437 1520 progenie

161 1536 263 1590 per
285 1517 724 1576 rectamliueam
757 1517 1008 1576 noscitur
1033 1524 1286 1583 traxisse,
1321 1517 1549 1577 donavit
1569 1521 1728 1575 nobis
1758 1522 1930 1574 octies
1960 1527 2187 1574 centum
2203 1535 2407 1574 aureos
2431 1539 2457 1570 »
2482 1535 2619 1588 quas
2651 1519 2866 1572 litteras
2895 1535 2961 1571 ex
2976 1517 3256 1590 tabula-rio
3279 1533 3434 1571 urar—-

158 1589 476 1672 chionisde
505 1593 695 1672 Qj'ene
726 1603 918 1672 noster
944 1595 1210 1672 Claudius
1239 1594 1646 1672 Stephanotius
1669 1593 1827 1672 eruit.
1855 1593 2070 1672 Caetera
2089 1591 2290 1672 yidesis
2309 1591 2470 1671 apud
2499 1591 2858 1672 Franciscum
2885 1589 3437 1672 Augustin/tlum

157 1666 276 1718 tius
304 1666 476 1719 abbas
506 1661 915 1727 Vizeliacensis,
950 1665 1124 1717 frater
1155 1661 1305 1717 Petri
1339 1661 1555 1716 abbatis
1589 1663 1988 1726 Cluniacensis,
2027 1684 2047 1711 ι
2075 1663 2143 1714 de
2174 1661 2399 1715 Clusino
2454 1661 2792 1714 monasterio
2822 1666 3144 1730 assumptus
3172 1666 3291 1730 est,
3314 1680 3334 1710 ι
3370 1665 3438 1730 ut

159 1737 371 1804 legitur
397 1739 453 1789 in
477 1733 916 1788 breviChronico
950 1733 1318 1788 Vizeliacensi
1354 1734 1501 1804 apud
1535 1733 1822 1786 Labbeum
1847 1741 1999 1786 tomo
2021 1731 2073 1786 Il
2109 1732 2461 1785 Bibiiothecm
2488 1743 2659 1784 norm.
2698 1729 2859 1785 Modo
2891 1727 3178 1784 Clus‘ensis
3208 1727 3433 1786 abbatia

156 1802 459 1878 collegium
489 1811 574 1858 est
603 1816 1011 1875 perpaucorum
1031 1802 1426 1860 canonicorum
1456 1806 1826 1859 saecularium.

1355 2112 2240 2249 PROLOGUS

232 2357 281 2412 i.
313 2355 676 2425 WILLELMUS,
718 2358 1055 2411 famulorum
1087 2355 1294 2410 Christi
1325 2354 1608 2410 minimus,
1644 2352 1748 2404 ϐε·
1767 2354 1809 2408 Α
1837 2345 1908 2400 ab
1932 2345 2222 2400 subeunda
2242 2361 2416 2400 onera.
2444 2361 2564 2416 quia
2595 2346 2732 2400 mihi
2765 2345 3008 2399 charitas
3055 2340 3124 2399 de
3167 2343 3431 2401 fraternis

163 2459 342 2501 anno
370 2448 633 2501 armario.
669 2443 925 2501 Meminit
963 2443 1102 2499 bene
1145 2444 1468 2498 fraternitas
1497 2450 1612 2500 tua,
1649 2437 1753 2494 Ge-
1838 2435 2100 2489 cordibus
2126 2436 2382 2506 imperat,
2411 2435 2774 2488 cuireluctari
2794 2434 2878 2488 fas
2898 2445 3010 2488 non
3037 2436 3141 2500 est,
3167 2428 3432 2489 obedien-

157 2535 317 2590 ralde
341 2535 689 2602 charissime,
722 2535 940 2606 quoties
960 2531 1161 2588 fratres
1209 2534 1318 2587 mei
1353 2529 1752 2603 quamplurimi
1834 2524 2233 2578 tizehumerum
2249 2525 2626 2594 subdo.Spero
2640 2523 2898 2593 equidem
2918 2517 3433 2594 ipsiusobedientize

157 2623 522 2677 inritaverint
541 2625 871 2695 parvitatem
896 2637 1078 2676 meam
1113 2625 1228 2676 suis
1259 2622 1466 2675 crebris
1513 2617 1749 2673 hortati-
1836 2628 1991 2666 remo
2023 2611 2278 2682 cymbam
2304 2613 2480 2664 nostri
2521 2613 2704 2682 operis
2734 2612 2812 2664 sic
2839 2611 3162 2682 gubernari.
3205 2617 3269 2664 ut
3306 2611 3432 2665 tuta

152 2709 430 2776 bus,utde
452 2714 564 2767 vita
577 2716 633 2767 et
653 2711 869 2767 actibus
889 2713 1171 2766 Benedicti
1189 2711 1450 2782 junioris,
1469 2705 1748 2779 quondam
1836 2709 1890 2754 et
1912 2702 2080 2753 illmsa
2104 2704 2353 2753 transeat
2378 2701 2523 2753 inter
2544 2701 2787 2770 Scyllam
2826 2707 2884 2753 et
2916 2697 3250 2770 Charybdim
3287 2712 3432 2754 saeva

152 2797 374 2855 abbatis
403 2804 601 2864 nostri,
626 2817 780 2856 meus
797 2801 1086 2871 aliquanta
1104 2805 1455 2870 percurreret
1476 2797 1743 2849 calamus.
1829 2791 2000 2842 maris
2031 2786 2295 2858 pericula,
2328 2788 2584 2842 evitanda
2608 2790 2829 2842 Circeos
2851 2804 2916 2841 ac
2937 2788 3263 2842 Sirenarum
3295 2789 3432 2842 illi-

155 2891 362 2956 Quare,
413 2891 692 2960 inquiunt,
755 2898 945 2944 noctes
976 2890 1202 2960 diesque
1245 2887 1550 2945 stertendo,
1594 2901 1746 2937 com-
1832 2894 1920 2932 cos
1953 2884 2150 2931 cantus
2181 2893 2314 2931 aure
2373 2878 2724 2930 surdissima.
2756 2877 2936 2930 Tuum
2974 2891 3194 2947 quoque
3225 2877 3431 2932 nihilo-

158 2979 335 3032 missa
359 2979 458 3032 tibi
489 2980 725 3051 pecunia
746 2980 918 3048 ligata
941 2979 997 3031 in
1023 2978 1268 3042 sudario,
1291 2980 1334 3029 si
1354 2991 1568 3028 marces
1599 2974 1744 3026 otio!
1837 2968 2039 3028 minus,
2075 2983 2107 3019 ο
2129 2967 2387 3030 Θεγεὶιιθ,
2417 2963 2664 3018 studium
2699 2967 2917 3035 appulit
2956 2967 3207 3019 animum
3239 2978 3429 3020 meum

153 3068 270 3122 Cur
308 3070 535 3139 pateris,
569 3076 633 3122 ut
660 3077 785 3122 acta
816 3069 996 3122 Patris
1027 3069 1205 3121 nostri
1234 3066 1476 3136 egregia,
1510 3063 1612 3118 sub
1641 3063 1754 3116 tuis
1837 3057 1903 3110 ad
1924 3055 2299 3120 scribendum,
2322 3055 2413 3125 qui
2435 3056 2640 3108 multos
2665 3067 2841 3108 annos
2875 3069 2975 3108 ceu
3018 3069 3150 3124 apes
3181 3056 3428 3125 pruden-

151 3159 322 3211 etiam
382 3157 553 3212 oculis
579 3164 816 3230 patrata,
874 3158 1141 3227 temporis
1199 3155 1552 3224 longzevitate
1614 3153 1753 3206 ﬁant
1835 3146 2048 3199 tissima
2069 3139 2950 3214 circumvolitandolocaquzeque
2972 3157 3034 3197 ac
3063 3145 3427 3211 monasteria,

151 3247 329 3300 oblita
361 3263 481 3317 quae
503 3229 613 3300 non
644 3248 984 3317 ignoramus,
1021 3247 1065 3300 si
1126 3245 1520 3304 scriberentur,
1559 3241 1750 3294 multis
1834 3250 1944 3287 non
1971 3249 2153 3286 cessas
2174 3229 2449 3286 deﬂorare
2478 3231 2709 3285 melleas
2756 3231 2985 3285 Patrum
3018 3232 3325 3286 sententias
3364 3246 3430 3288 ac

150 3337 492 3408 profutura?
525 3333 606 3392 Ad
666 3349 803 3406 quos
847 3353 948 3406 ego
985 3355 993 3388 ;
1029 3327 1233 3397 Nolite,
1269 3335 1518 3404 inquam,
1550 3331 1750 3384 fratres
1765 3345 1811 3403 Β
1837 3323 2135 3383 volumina,
2155 3323 2301 3375 unde
2328 3329 2515 3408 nostra
2535 3321 2811 3392 compleas
2831 3322 3093 3383 armaria,
3117 3320 3427 3392 potioribus

151 3427 266 3479 mei
296 3432 352 3478 et
389 3422 620 3486 domini,
671 3427 842 3478 nolite
897 3442 985 3478 me
1033 3423 1112 3477 sic
1154 3423 1405 3477 illudere,
1443 3421 1556 3490 Ego
1595 3421 1744 3473 Solus
1835 3409 2386 3464 videiicetthcsauris
2413 3408 2587 3463 Croesi
2620 3409 2817 3480 opibus
2848 3423 2946 3463 seu
2974 3411 3126 3480 gazis
3147 3409 3426 3480 opulentis

152 3515 282 3568 novi
341 3515 450 3568 mei
510 3513 640 3584 quid
695 3515 921 3567 Valeant
953 3513 1190 3576 humeri,
1234 3511 1366 3582 quid
1398 3510 1543 3563 ferre
1583 3526 1743 3562 recu-

151 3610 299 3657 sent.
334 3601 473 3656 Novl
505 3603 653 3656 certe
707 3603 851 3656 vires
891 3599 1155 3672 ingenioli
1205 3602 1332 3664 mei,
1383 3606 1581 3652 tenues
1607 3598 1744 3651 satis

152 3699 211 3747 et
243 3693 448 3762 pigras,
495 3693 584 3746 cui
630 3692 824 3762 utique
869 3708 1065 3762 parum
1106 3691 1179 3744 sit
1209 3689 1537 3759 eloquentiae
1577 3695 1746 3757 atque

149 3779 341 3834 minus
367 3781 687 3851 sapientize;
723 3783 854 3834 Sunt
900 3780 1213 3849 complures
1257 3780 1376 3848 ejus
1433 3777 1648 3830 alumni
1687 3776 1744 3829 in

152 3863 384 3923 Clusino
415 3867 683 3933 coenobio,
713 3871 803 3938 qui
832 3885 920 3921 me
946 3869 1265 3938 praecellant
1283 3866 1480 3937 peritia
1493 3883 1588 3919 seu
1619 3863 1745 3917 vita)

151 3958 376 4019 merito,
408 3971 644 4028 quorum
680 3957 930 4028 pervigili
956 3957 1140 4009 studio
1170 3957 1274 4009 hoc
1319 3972 1458 4025 opus
1488 3953 1747 4006 commit-

150 4046 322 4099 tendo
352 4055 463 4100 non
491 4043 816 4117 ambigo.Et
857 4051 937 4110 tu,
993 4045 1273 4115 inquiunt,
1311 4045 1575 4097 doctrinae
1598 4042 1746 4096 illius

151 4135 316 4199 lacte,
351 4142 406 4188 et
445 4134 671 4189 fortium
701 4137 927 4189 actuum
959 4135 1136 4187 solido
1166 4134 1287 4186 cibo
1310 4130 1378 4186 ab
1425 4133 1545 4203 ipso
1571 4131 1745 4184 ferme

151 4224 407 4294 pneritize
437 4232 687 4295 tempore
717 4226 1004 4288 educatus,
1028 4224 1084 4276 in
1114 4222 1399 4292 virilejam
1423 4222 1594 4275 robur
1614 4238 1742 4274 eva-
1763 4223 1807 4282 C.

151 4327 328 4376 seras,
365 4313 623 4367 instituta
657 4311 961 4384 disciplinze
980 4312 1281 4382 ejus,sicut
1305 4319 1362 4365 et
1401 4315 1500 4365 nos
1530 4327 1740 4374 omnes,

150 4397 473 4456 sitibundus
503 4404 789 4466 hauseras,
819 4411 919 4455 nec
956 4409 1011 4454 te
1061 4401 1340 4472 patiemur
1393 4397 1746 4470 aliquatenus

151 4489 221 4543 de
253 4490 358 4544 isto
390 4497 547 4544 tanto
578 4491 716 4544 dnce
739 4496 950 4551 nostro,
987 4491 1080 4561 qui
1113 4505 1212 4542 nos
1270 4506 1462 4541 omnes
1497 4487 1742 4557 collegit,

151 4577 294 4630 aluit
348 4577 526 4631 instar
573 4577 682 4648 piae
740 4577 1049 4647 genitricis,
1093 4576 1486 4630 misericordiae
1534 4576 1747 4646 gremio

151 4657 305 4726 fovit,
331 4680 430 4719 seu
461 4671 677 4718 mutum
711 4671 768 4718 et
789 4666 1013 4735 penitus
1051 4665 1331 4734 elinguem
1364 4663 1614 4731 reticere,
1651 4665 1746 4737 qui

149 4749 363 4808 dudum
395 4755 593 4808 veteris
621 4751 904 4807 Benedicti
935 4746 1100 4824 hujus
1129 4771 1347 4824 quoque
1394 4754 1497 4806 loci
1524 4754 1742 4808 abbatis

149 4837 416 4897 studuisti
444 4851 603 4913 gesta
654 4836 908 4913 quaedam
974 4842 1118 4913 stylo
1170 4842 1582 4896 commendare.
1625 4847 1742 4913 Age

149 4932 342 5002 igittlr,
375 4947 496 5002 age,
532 4931 712 5002 incipe
767 4931 1088 4985 omnimoda
1118 4932 1407 4986 occasione
1446 4933 1689 5001 seposita
1726 4951 1736 4985 :

150 5021 285 5091 quia
309 5022 413 5074 etsi
453 5023 749 5092 imperitus
777 5036 836 5073 es
866 5033 1140 5082 sermone,
1196 5032 1306 5074 non
1339 5021 1527 5074 tamen
1559 5022 1742 5074 scien-

149 5109 249 5163 tia.

224 5198 275 5254 .‘2.
310 5198 411 5250 His
440 5203 497 5252 et
515 5197 906 5267 hujuscemodi
937 5198 1149 5252 excitus
1179 5197 1458 5250 rationum
1520 5199 1743 5253 ﬂatibus

151 5283 289 5342 dum
348 5287 405 5340 in
443 5293 609 5357 portu
649 5286 860 5340 silentii
900 5291 956 5339 et
1007 5286 1212 5357 quietis
1253 5302 1482 5340 securus
1523 5288 1739 5358 navigo,

1827 3494 2096 3563 Arabum,
2134 3499 2334 3569 quibus
2362 3496 2633 3568 augendis
2661 3497 2913 3563 incubas,
2939 3505 2996 3552 et
3015 3499 3208 3553 sedqu
3240 3503 3427 3553 custm

1827 3583 1912 3642 dis
1938 3590 2094 3658 quasi
2118 3589 2617 3640 cellasaromatum
2666 3585 2824 3640 Inter
2874 3601 3032 3657 quos,
3092 3586 3298 3649 domno
3331 3587 3428 3641 Er-

1828 3676 2143 3746 mengaudo
2175 3675 2374 3729 abbate
2425 3673 2675 3745 jubente,
2726 3675 2939 3746 placeat
2982 3673 3082 3729 tibi
3113 3674 3217 3729 hoc
3248 3675 3425 3730 nostri

1826 3761 2000 3819 libelli
2033 3761 2452 3826 munusculum,
2480 3764 2608 3816 licet
2640 3765 3062 3835 pauperculum,
3095 3760 3418 3833 admittere,

1830 3851 1976 3921 quod
2008 3870 2141 3924 ergo
2172 3854 2228 3906 in
2270 3849 2629 3906 tabernaculo
2651 3851 2892 3916 Domini,
2937 3851 3032 3922 qui
3064 3861 3176 3905 non
3207 3851 3425 3922 spernit

1828 3944 2085 4014 caprinos
2115 3942 2344 3996 humilis
2375 3941 2738 3995 confessionis
2785 3941 2945 4011 pilos,
2981 3941 3170 3994 studui
3200 3941 3419 4003 offerre,

1827 4034 2052 4103 perfuso
2074 4033 2192 4103 jam
2220 4031 2426 4086 vertice
2459 4025 2659 4084 ﬂorida
2679 4030 2913 4100 mitique
2957 4029 3180 4083 canitie.
3208 4029 3316 4084 Sed
3353 4040 3424 4083 ne

1821 4125 1941 4192 jam
1973 4120 2163 4176 videar

2042 4241 2280 4288 Dellinum
2308 4238 2445 4286 silvis
2468 4237 2744 4302 appingerc,
2772 4235 2992 4290 ﬂuctibus
3018 4248 3185 4299 aprum

1828 4350 1898 4403 ad
1932 4366 1998 4402 ea
2028 4361 2148 4418 quae
2178 4349 2247 4400 de
2275 4347 2392 4400 viro
2413 4346 2829 4416 proposuimus,
2855 4343 3247 4413 accingamur;
3278 4354 3424 4414 gum,

1830 4430 2056 4490 tametsi
2084 4435 2302 4504 abjecta
2327 4434 2500 4487 videri
2521 4439 2787 4503 poterunt
2813 4448 2912 4503 pro
2963 4432 3240 4490 dictorum
3269 4433 3424 4490 inur-

1831 4526 2102 4588 banitate,
2135 4529 2302 4583 erunt
2324 4530 2534 4587 tamen,
2585 4523 2643 4576 ni
2688 4523 2870 4586 fallor,
2897 4526 3127 4592 accepta
3159 4527 3218 4578 et
3255 4522 3426 4581 chara

1831 4615 1946 4668 suis
1973 4611 2278 4681 discipulis,-
2312 4627 2411 4680 pro
2464 4611 2711 4680 ipsorum
2765 4610 3040 4669 factorum
3085 4615 3145 4668 Bt
3171 4608 3422 4668 materiai:

1829 4703 2124 4758 notissima
2155 4699 2448 4770 qualitate.

1897 4842 2145 4913 Contigit
2165 4857 2229 4895 ex
2249 4857 2406 4911 aequo
2435 4846 2640 4892 nomen
2660 4833 2760 4890 tibi
2779 4836 2876 4907 qui
2905 4833 3240 4893 Benedictus

2038 4927 2283 4986 Moribus
2307 4927 2549 4998 implesti
2582 4925 2824 4979 nominis
2854 4920 3119 4979 officium.

1896 5015 1980 5076 Tu
2010 5021 2195 5091 gregis
2228 5025 2284 5072 et
2313 5016 2489 5089 plebis
2519 5015 2713 5070 doctor
2741 5014 2940 5078 bonus,
2976 5031 3041 5068 ac
3071 5011 3415 5080 moderator,

2041 5109 2280 5164 Justitiae
2311 5108 2473 5161 limes
2502 5123 2567 5159 ac
2596 5104 2819 5175 pietatis
2847 5119 2991 5158 eras.

1899 5200 2043 5252 Grex
2075 5198 2177 5251 tibi
2205 5196 2536 5250 commissus
2582 5193 2761 5247 Patris
2791 5192 3081 5263 exsequias
3123 5185 3424 5246 celebravit

2039 5284 2150 5341 Mai
2173 5287 2457 5357 postrema
2481 5289 2854 5356 praetereunte
2881 5279 2991 5335 die.

1436 5521 2163 5564 w—
