3934 6362
482 307 618 366 1463

1542 313 1906 369 WILLELMI
1945 316 2312 370 CLUSIENS.
2354 315 2680 370 MONACH.

3617 309 3754 368 1464

1203 545 1822 680 TEXTUS
1924 547 2350 678 VITfE
2447 544 3040 680 IPSIUS.
3153 475 3163 479 ’

559 805 614 864 3.
637 808 953 862 Benedictus
989 811 1298 864 Tolosanus.
1348 811 1433 863 Fit
1461 811 1784 865 monachus.
1831 811 2082 866 Clusium
2099 813 2634 882 Amiter,praesente
2654 810 2969 881 Airaldo(3)
3011 808 3357 864 Bremetensi
3387 807 3612 872 abbate,
3645 805 3764 859 viro

487 912 542 950 se
571 899 782 964 recipit.
815 897 1142 952 Benedictus
1174 899 1366 969 itaque
1383 899 1482 953 Dei
1500 900 1760 958 famulus.
1780 901 1964 971 patria
1981 901 2085 954 To-

493 985 740 1046 losanus,
777 986 1105 1056 parentibus
1133 987 1444 1042 nobilitatis
1492 988 1658 1042 titulo
1696 1006 1807 1043 non
1836 989 2085 1043 obscuris

491 1073 600 1128 fuit
619 1075 964 1146 progenitus.
1001 1076 1151 1140 Quos
1178 1085 1370 1131 tamen
1412 1077 1532 1146 ipse
1563 1078 1742 1146 magis
1770 1079 2086 1148 insignibus

493 1167 700 1217 sanctae
717 1163 1157 1218 conversationis
1184 1164 1476 1234 praeconiis
1501 1163 1830 1230 nobilitavit,
1857 1167 1987 1220 dum
2009 1167 2090 1219 lu-

493 1251 631 1309 cifer
659 1251 973 1306 matutinus
1001 1268 1066 1306 ac
1095 1253 1249 1306 sidus
1270 1270 1504 1307 aureum
1528 1254 1704 1308 noctis
1733 1254 1961 1308 umbras
1990 1256 2090 1308 de-

494 1341 733 1406 cutiens,
766 1345 920 1394 astra
949 1357 1182 1411 quaeque
1201 1341 1318 1395 suis
1339 1343 1638 1396 luculentis
1668 1344 1840 1397 radiis
1865 1335 2093 1414 exsupe;

498 1429 663 1484 ravit.
690 1429 794 1483 Hic
824 1445 950 1483 cum
973 1429 1156 1484 adhuc
1175 1429 1332 1484 bonae
1355 1431 1561 1485 indolis
1581 1437 1730 1485 esset
1757 1433 2039 1502 parvulus.
2059 1451 2092 1487 a

495 1523 678 1590 patre,
711 1519 1000 1572 Bernardo
1031 1519 1260 1573 nomine
1289 1519 1384 1587 (ιι,
1419 1519 1537 1572 viro
1571 1519 1719 1574 bono
1747 1527 1804 1574 et
1826 1521 2095 1575 Christia-

496 1607 732 1660 nissimo
749 1606 995 1676 regulari
1028 1623 1226 1660 norma
1254 1607 1645 1661 informandus
1674 1609 1732 1662 in
1751 1610 2094 1662 monasterio

501 1695 692 1750 Sancti
723 1694 922 1748 Hilarii
948 1693 1017 1755 (2)
1048 1701 1132 1749 est
1161 1695 1422 1760 traditus,
1467 1695 1562 1750 ubi
1597 1697 1850 1767 pueritiae
1880 1707 1936 1751 et
1959 1698 2097 1751 ado-

500 1782 781 1837 lescentim
820 1788 972 1836 caste
1003 1788 1061 1836 et
1088 1783 1271 1837 sobrie
1302 1784 1530 1838 vivendo
1560 1801 1736 1840 annos
1775 1787 1975 1855 exegit,
2007 1787 2098 1840 in-

499 1875 803 1941 tentusque
833 1870 1052 1935 divinis,
1107 1887 1210 1925 nec
1239 1889 1352 1926 non
1383 1877 1439 1926 et
1467 1875 1747 1928 saecularis
1767 1875 2099 1928 litteraturae

501 1961 725 2025 studiis,
751 1959 854 2014 sub
871 1960 1045 2030 patris
1065 1961 1319 2014 custodia
1331 1961 1603 2031 juvenilia
1621 1963 1869 2034 corporis
1888 1963 2101 2017 deside-

2168 901 2454 970 religionis
2486 917 2548 954 ac
2569 901 3038 972 sapientiaatitulo
3073 900 3126 954 id
3157 899 3427 970 temporis
3445 895 3766 951 famosissi-

2167 1006 2277 1052 mo,
2302 989 2552 1043 omnium
2571 989 2806 1043 fratrum
2824 990 3118 1044 conclusus
3157 996 3244 1043 est
3273 995 3447 1042 coetus
3478 987 3549 1040 de
3579 983 3768 1040 Patris

2171 1079 2556 1132 electionesub
2572 1085 2798 1148 aSpectu
2831 1079 3152 1148 archangeli
3171 1078 3254 1133 sui
3281 1077 3355 1148 pii
3385 1076 3594 1131 tutoris
3627 1075 3768 1128 sim-

2173 1168 2391 1238 pliciter
2419 1175 2664 1222 acturus.
2690 1169 2844 1220 Tunc
2872 1168 3014 1220 lecto
3046 1168 3101 1220 in
3149 1166 3363 1220 abbatis
3409 1164 3770 1219 ordinatione

2173 1259 2401 1326 Regulae
2429 1257 2764 1327 capitulo.et
2789 1273 2821 1309 a
2851 1256 3080 1326 pra-fato
3124 1255 3324 1309 abbate
3353 1255 3502 1308 clare
3549 1260 3770 1325 aperte-

2177 1363 2283 1416 que
2309 1347 2578 1417 exposito.
2610 1346 2706 1398 alii
2737 1347 2930 1408 alium,
2962 1350 3026 1398 ut
3050 1345 3274 1409 assolet,
3307 1345 3642 1404 acclamare,
3675 1342 3770 1396 alii

2175 1435 2367 1501 alium;
2401 1434 2626 1504 quidam
2647 1435 2873 1505 quidem
2906 1433 3308 1499 Bertrannum,
3335 1433 3638 1504 quemdam
3669 1433 3774 1486 Cu-

2174 1523 2575 1583 miliacensem,
2602 1523 2698 1592 qui
2720 1529 2777 1576 et
2797 1522 2933 1575 satis
2961 1522 3128 1576 homo
3171 1523 3452 1575 humanus
3485 1527 3543 1575 et
3569 1521 3772 1590 benig-

2175 1627 2282 1664 nus
2312 1618 2451 1676 erat,
2504 1611 2810 1682 plurimum
2865 1627 3087 1681 quoque
3117 1610 3330 1664 habens
3367 1610 3663 1679 religionis
3687 1625 3773 1662 ze-

2179 1700 2317 1765 lum,
2337 1707 2393 1753 et
2412 1699 2717 1753 secundum
2762 1699 3074 1753 scientiam.
3108 1699 3368 1768 Plerique
3391 1715 3517 1752 vero
3549 1698 3773 1752 Aicium

2179 1787 2420 1857 priorem
2453 1787 2744 1841 monastici
2775 1786 2988 1842 ordinis
3013 1787 3452 1841 eruditissimum
3503 1792 3563 1840 et
3613 1787 3777 1840 disci-

2181 1876 2346 1946 plinae
2369 1877 2665 1930 severitate
2695 1868 3203 1946 insignem.Stabat
3229 1881 3416 1930 autem
3437 1875 3777 1928 Benedictus

2181 1972 2374 2018 noster
2400 1966 2468 2019 de
2486 1971 2665 2018 morte
2686 1967 2869 2020 Patris
2905 1965 3152 2019 defuncti
3183 1970 3387 2026 motus,
3409 1971 3466 2018 et
3485 1965 3648 2035 quasi
3679 1979 3780 2034 pro

500 2048 589 2102 ria
613 2049 921 2118 frangendo
952 2048 1222 2103 edomuit.
1248 2049 1356 2104 Sed
1385 2066 1512 2103 cum
1541 2050 1768 2104 tandem
1799 2051 1945 2104 idem
1995 2068 2099 2105 εαξ-
2117 2085 2160 2142 B
2182 2053 2304 2125 ejus
2336 2054 2530 2107 funere
2553 2055 2841 2108 sollicitus.
2867 2055 3075 2108 Fuerat
3099 2053 3304 2124 quippe
3331 2053 3411 2107 illi
3435 2069 3646 2123 genere
3658 2069 3782 2124 pro-

501 2136 732 2192 nobium
762 2153 794 2192 a
828 2137 1078 2208 regulari
1098 2138 1328 2192 tramite
1355 2139 1765 2210 aliquantisper
1783 2141 2098 2195 exorbitare

503 2226 996 2292 animadverteret,
1029 2227 1237 2280 timens
1267 2243 1336 2281 ne
1367 2227 1510 2282 forte
1561 2229 1774 2282 ordinis
1805 2229 2098 2284 dissolutio

502 2320 880 2370 remorantem
911 2315 1181 2386 paulatim
1213 2315 1274 2369 in
1327 2333 1572 2387 praeceps
1602 2317 1867 2382 traheret,
1902 2318 2098 2372 simul-

503 2419 614 2474 que
640 2419 908 2458 accensus
933 2404 1242 2474 spiritualis
1264 2405 1542 2474 profectus
1565 2405 1867 2470 desiderio,
1899 2407 1968 2460 ad
1992 2408 2100 2461 Ita-

504 2491 643 2545 liam
672 2490 948 2556 venit,ubi
978 2491 1048 2545 ab
1066 2491 1268 2546 abbate
1285 2493 1612 2546 monasterii
1640 2495 1827 2548 Sancti
1854 2494 2101 2548 Michae-

505 2581 594 2642 lis,
629 2579 775 2650 quod
823 2579 882 2633 in
929 2579 1065 2650 ipsis
1124 2581 1299 2634 Italia:
1345 2582 1596 2636 faucibus
1633 2599 1886 2637 summus
1916 2595 2100 2637 vertex

505 2668 858 2740 Pyrchiriani
883 2668 1092 2722 montis
1121 2669 1306 2740 specie
1333 2685 1397 2722 ac
1426 2669 1695 2739 religione
1725 2671 2100 2725 venerandum

508 2757 724 2812 cunctis
747 2757 992 2811 ostendit
1018 2757 1299 2827 gentibus,
1326 2756 1562 2827 benigne
1600 2766 1892 2830 susceptus
1922 2767 2025 2814 est.

575 2843 631 2902 4,
676 2848 760 2900 Ρίί
779 2847 1044 2900 sacerdos.
1081 2847 1265 2916 Cmpit
1320 2846 1512 2916 itaque
1559 2846 1617 2899 in
1673 2847 1792 2901 dies
1829 2848 2098 2903 virtutum

515 2934 778 2988 exercitio
791 2935 972 3004 magis
986 2935 1346 3005 magisquein
1370 2935 1544 2989 Deum
1565 2937 1852 3006 proﬁcere,
1879 2954 2100 2990 morum

510 3023 745 3078 lenitate
775 3029 834 3078 et
860 3023 1188 3077 affabilitate
1240 3023 1296 3076 in
1349 3041 1598 3078 amorem
1656 3025 1739 3078 sui
1771 3032 2100 3080 cunctorum

509 3113 734 3167 animos
759 3113 964 3167 mirum
990 3114 1044 3166 in
1077 3113 1302 3166 modum
1345 3113 1647 3167 accendere
1707 3114 1904 3168 divinae
1931 3116 2104 3185 philo-

507 3201 718 3272 sophiae
739 3201 1488 3255 rivulosinhianterhaurire
1520 3220 1533 3267 ;
1575 3208 1790 3255 certare
1816 3219 1941 3256 cum
1972 3205 2102 3258 ado-

505 3289 846 3352 lescentibus
879 3291 949 3343 de
979 3290 1342 3359 subjectione,
1375 3307 1502 3344 cum
1531 3291 1828 3359 juvenibus
1857 3293 1978 3363 ipse
2003 3293 2097 3363 ju-

501 3379 658 3432 venis
686 3379 755 3432 de
786 3378 1131 3432 fortitudine.
1157 3395 1282 3432 cum
1332 3379 1557 3432 senibus
1586 3379 1704 3450 ipse
1738 3387 1992 3435 maturus
2029 3382 2098 3435 de

502 3466 796 3536 gravitate.
825 3466 1028 3519 Etcum
1051 3466 1192 3520 forte
1205 3482 1404 3520 omnes
1426 3467 1738 3522 honestatis
1761 3477 1816 3522 et
1839 3469 2098 3523 utilitatis

501 3553 687 3624 gratia
715 3555 958 3608 anteiret
1013 3571 1172 3624 aeque
1202 3561 1390 3608 tamen
1421 3556 1680 3611 omnibus
1707 3558 1928 3620 charus,
1959 3558 2099 3611 nulli

501 3642 726 3696 invidiae
757 3643 1008 3697 fomitem
1043 3643 1386 3698 ministrare.
1438 3645 1598 3699 Unde
1650 3645 1855 3700 factum
1895 3654 1980 3700 est
2012 3653 2094 3713 ut,

503 3731 708 3786 merito
737 3731 1006 3786 fratribus
1032 3733 1248 3786 cunctis
1270 3733 1647 3788 annuentibus
1697 3742 1754 3788 et
1781 3734 1978 3789 abbate
2011 3737 2100 3805 ju-

504 3818 692 3886 bente,
724 3821 792 3874 ad
825 3822 1199 3876 sacerdotium
1249 3832 1671 3892 promoveretur
1699 3841 1709 3875 :
1744 3825 1902 3892 cujus
1931 3824 2098 3878 ofﬁcii

503 3909 780 3980 dignitate
808 3912 884 3964 ita
913 3911 1204 3964 humiliter
1229 3918 1285 3964 et
1315 3919 1642 3966 reverenter
1673 3913 1897 3966 functus
1925 3921 2010 3968 est
2039 3921 2104 3968 ut

505 4013 627 4052 sese
651 3998 944 4068 indignum
978 4000 1414 4069 mentisjudicio
1445 4017 1670 4071 Semper
1687 4001 1998 4064 clamitans,
2019 4005 2103 4058 vel

504 4094 634 4156 post
687 4087 906 4158 aliquot
951 4088 1070 4142 dies
1121 4089 1191 4141 ad
1243 4089 1421 4142 altare
1469 4088 1758 4142 oblaturus
1792 4092 2099 4145 accederet.

503 4175 923 4246 Nonnunquam
955 4193 1085 4230 vero
1115 4183 1308 4247 postea
1337 4178 1408 4230 de
1438 4179 1778 4248 praedicante
1807 4178 2104 4234 didicimus

505 4280 633 4319 cum
660 4281 719 4318 se
751 4265 952 4318 missas
970 4281 1136 4334 agere
1185 4265 1242 4318 in
1267 4266 1358 4320 die
1397 4267 1792 4338 proposuisset.
1819 4277 2104 4337 exspecta-

505 4352 606 4406 bat
623 4353 671 4406 si
700 4354 844 4407 forte
873 4371 907 4406 a
944 4354 1132 4424 priore
1160 4355 1296 4408 illud
1320 4355 1369 4409 ei
1393 4357 1705 4426 juberetur.
1722 4356 2106 4410 indubitanter

507 4441 744 4495 credens
771 4441 1110 4496 oblationem
1144 4459 1302 4497 suam
1337 4445 1542 4498 virtute
1589 4444 1917 4498 obedientize
1953 4445 2104 4514 apud

508 4528 694 4583 Deum
715 4531 1118 4598 commendari,
1143 4549 1264 4604 quae
1316 4533 1618 4604 Scripturze
1651 4533 1972 4588 testimonio
2002 4533 2104 4586 ho-

506 4618 980 4674 locautomatibus
998 4623 1126 4690 jure
1165 4622 1462 4692 praefertur
1489 4630 1546 4676 et
1575 4622 1838 4678 victimis.

583 4709 827 4764 5‘Abba3
842 4711 1089 4776 eligitur.
1128 4709 1400 4764 Defuncto
1425 4711 1664 4781 denique
1684 4711 1781 4764 illo
1797 4710 2016 4777 abbate,
2050 4716 2108 4765 et

507 4797 692 4852 adhuc
711 4802 975 4852 manente
1000 4797 1306 4869 insepulto,
1352 4815 1422 4852 ne
1479 4799 1620 4853 forte
1680 4799 1934 4869 improba
1983 4800 2104 4854 lues

506 4887 867 4941 Taurinensis
889 4886 1144 4958 praesulis
1161 4903 1284 4941 sese
1303 4894 1494 4941 contra
1515 4904 1792 4942 canonum
1825 4895 1883 4941 et
1897 4889 2104 4958 regulae

507 4983 703 5032 sancta
728 4977 954 5032 decreta
975 4993 1042 5030 ex
1063 4976 1632 5047 moreinterponeret,
1681 4977 1772 5048 pie
1809 4983 1867 5030 et
1890 4979 2104 5032 unani-

574 5117 744 5246 (t)2(1)s
772 5124 1009 5173 mortem
1033 5116 1172 5172 obiit
1193 5118 1252 5171 in
1271 5118 1614 5172 monasterio
1633 5118 1880 5185 Clusino,
1934 5119 2097 5187 infra,

574 5206 627 5246 ι).
724 5230 736 5243 .

505 5205 627 5260 cap.
649 5205 736 5246 zu.

2180 2143 2443 2212 pinquus,
2475 2159 2671 2196 omnes
2717 2143 3036 2212 superiores
3086 2142 3191 2196 sibi
3247 2141 3448 2195 fratres
3487 2141 3782 2195 humiliter

2181 2231 2534 2296 existimans,
2554 2231 2805 2302 nihilque
2830 2232 3016 2286 minus
3044 2247 3210 2302 quam
3233 2231 3302 2284 de
3323 2231 3408 2284 sui
3425 2231 3780 2301 promotione

2181 2319 2369 2373 animo
2383 2326 2749 2390 pertractans,
2769 2337 2894 2374 cum
2927 2320 3111 2375 subito
3136 2326 3264 2374 vota
3312 2337 3376 2374 ac
3408 2319 3624 2390 judicia
3655 2335 3777 2373 om-

2180 2407 2336 2462 nium
2367 2409 2498 2461 hinc
2519 2409 2649 2462 inde
2679 2409 2908 2462 reducta
2938 2409 2994 2462 in
3031 2409 3180 2463 hunc
3207 2425 3381 2463 unum
3413 2409 3774 2472 conveniunt,

2183 2502 2246 2550 ut
2274 2513 2342 2549 ne
2372 2497 2540 2550 unius
2580 2497 2804 2566 quidem
2847 2496 3002 2550 favor
3049 2497 3118 2551 ab
3170 2515 3234 2550 eo
3275 2497 3603 2552 dissentiret
3653 2497 3777 2550 Una

2183 2585 2432 2638 omnium
2450 2587 3042 2648 voce,unasententia.
3069 2587 3322 2656 quamvis
3341 2587 3596 2640 clamans
3626 2587 3777 2639 mul-

2183 2672 2414 2742 tumque
2436 2673 2683 2726 renitens
2739 2674 2975 2744 capitur.
3021 2681 3078 2727 et
3125 2675 3334 2728 electus
3359 2676 3428 2728 ad
3483 2675 3775 2728 ecclesiam

2180 2776 2305 2814 cum
2329 2759 2586 2812 laudibus
2605 2760 2842 2814 ducitur.
2876 2762 3003 2815 Haec
3034 2762 3102 2814 de
3137 2763 3260 2830 ejus
3293 2763 3585 2823 electione,
3610 2779 3781 2833 quam

2182 2865 2321 2918 puro
2352 2849 2556 2902 intuitu
2581 2851 2846 2920 justeque
2873 2851 3068 2903 ordine
3107 2851 3199 2904 Ifei
3251 2860 3390 2905 nutu
3423 2859 3550 2906 acta
3584 2851 3775 2918 fuerit,

2183 2938 2374 3008 paucis
2393 2938 2676 2992 absolvere
2695 2939 2904 3002 curavi,
2945 2946 3010 2992 ut
3029 2939 3315 2993 evidenter
3345 2945 3538 3010 pateat
3562 2941 3780 3006 lectori,

2184 3027 2366 3080 vivum
2397 3027 2636 3095 lapidem
2661 3027 2758 3080 Dei
2803 3027 3184 3090 Benedictum,
3219 3034 3276 3082 et
3293 3029 3614 3082 columnam
3645 3029 3784 3082 veri-

2187 3115 2319 3168 tatis
2340 3116 2438 3168 tali
2461 3116 2826 3169 fundamento
2861 3124 2918 3169 et
2955 3115 3086 3170 base
3133 3117 3219 3171 sui
3247 3117 3512 3170 introitus
3541 3118 3789 3171 inniten-

2183 3203 2525 3261 tem,merito
2544 3220 2651 3256 non
2669 3205 2916 3274 potuisse
2942 3205 3068 3258 ullis
3091 3205 3296 3258 futuris
3347 3205 3784 3258 tribulationum

2191 3290 2511 3344 turbinibus
2531 3294 2750 3346 concuti
2769 3299 2868 3346 aut
2894 3293 3230 3364 perturbari.
3264 3294 3516 3347 Antehac
3545 3294 3697 3347 enim
3725 3293 3784 3347 in

2148 3435 2173 3458 Ἴ
2193 3379 2358 3432 Italia
2389 3396 2488 3449 per
2517 3380 2730 3449 aliquot
2755 3397 2933 3433 annos
2976 3380 3054 3433 vix
3082 3381 3316 3450 alicujus
3345 3381 3560 3452 praelati
3585 3381 3783 3435 electio

2127 3439 2173 3496 C

2181 3467 2376 3520 audita
2421 3469 2628 3534 fuerat,
2652 3467 2742 3521 cui
2799 3469 2883 3522 vel
2929 3468 3082 3538 regia
3133 3486 3352 3526 manus.
3389 3471 3470 3523 vel
3515 3471 3782 3540 quaelibet

2181 3555 2488 3626 perniciosa
2519 3561 2576 3608 et
2605 3557 2888 3610 saecularis
2918 3557 3148 3611 ambitio
3179 3575 3288 3612 non
3317 3559 3655 3630 subriperet.

2251 3641 2302 3698 6.
2325 3645 2456 3712 Ejus
2477 3647 2539 3698 cli
2556 3648 2728 3698 σείωιί
2740 3649 3014 3714 epis-cepas
3039 3648 3396 3701 Taurinensis
3421 3649 3774 3702 contradicit.

2183 3733 2304 3786 Non
2329 3742 2516 3786 tamen
2529 3740 2663 3786 tunc
2685 3734 2863 3788 defuit
2877 3736 3076 3789 solitus
3096 3737 3310 3806 antiqui
3336 3737 3512 3790 hostis
3541 3737 3686 3791 livor
3726 3743 3784 3790 et

2182 3821 2570 3876 invidia..Cum
2619 3823 2768 3876 enim
2815 3825 2981 3893 hujus
3005 3831 3120 3878 tam
3157 3826 3326 3895 justas
3355 3826 3643 3879 electionis
3672 3843 3785 3880 non

2185 3911 2350 3964 modo
2373 3911 2624 3965 Ecclesia:
2643 3913 2759 3966 ﬁlii.
2784 3930 2976 3968 verum
3008 3913 3182 3967 totius
3213 3915 3386 3968 Italiae
3432 3915 3784 3969 marchiones

2186 4006 2240 4052 et
2269 3999 2457 4064 duces,
2519 4001 2819 4070 populique
2879 4002 3286 4072 applauderent
3330 4003 3598 4068 universi,
3633 4004 3786 4056 solus

2184 4087 2547 4141 Taurinensis
2591 4090 2835 4158 pontifex
2874 4090 3256 4144 Chunibertus
3281 4091 3374 4150 (4).
3401 4091 3498 4161 qui
3529 4108 3593 4144 ex
3625 4091 3785 4145 bonis

2185 4177 2364 4230 initiis
2383 4177 2556 4230 malos
2569 4187 2800 4232 eventus
2817 4179 3314 4250 habuitsuperbize
3335 4187 3466 4250 typo
3489 4180 3779 4234 intumuit.

2188 4267 2255 4320 Et
2285 4283 2410 4319 eum
2441 4267 2640 4320 fratres
2671 4267 2830 4321 electi
2852 4269 2937 4322 sui
2965 4269 3437 4322 consecrationem
3462 4268 3532 4322 ab
3555 4286 3622 4322 eo
3655 4287 3782 4339 pos-

2186 4356 2450 4420 tularent,
2485 4354 2705 4409 bestiali
2738 4357 2966 4410 fremitu
3015 4358 3332 4428 indignans.
3361 4358 3417 4411 in
3458 4359 3576 4411 haec
3617 4359 3783 4411 verba

2187 4446 2589 4499 contumeliosa
2609 4455 2665 4499 et
2706 4445 3064 4516 blasphemiae
3115 4449 3277 4518 plena
3315 4447 3502 4517 erupit
3535 4467 3546 4501 :
3597 4468 3616 4498 σ
3650 4448 3782 4512 Quis

2187 4541 2288 4596 est,
2311 4535 2410 4600 ait,
2434 4535 2540 4588 iste
2563 4535 2913 4596 Benedictus,
2949 4535 3218 4606 quibusve
3257 4542 3414 4590 ortus
3437 4537 3780 4610 majoribus?

2189 4623 2309 4686 Qua
2338 4623 2571 4677 audacia
2600 4641 2700 4677 seu
2729 4625 3084 4681 auctoritate.
3117 4625 3202 4678 vel
3233 4642 3267 4678 a
3313 4625 3514 4696 quibus
3549 4642 3640 4679 me
3681 4625 3778 4679 ab-

2188 4720 2342 4766 sente
2370 4713 2624 4766 electus?
2653 4732 2678 4766 »
2709 4713 2792 4767 Ad
2821 4715 2939 4768 haec.
3001 4731 3126 4768 cum
3173 4714 3374 4768 fratres
3401 4731 3680 4768 canonum
3718 4731 3779 4768 ac

2121 4803 2414 4888 DRegulae
2461 4820 2574 4856 suae
2614 4803 3009 4857 auctoritatem
3059 4805 3468 4872 praetendentes
3529 4804 3779 4858 dicerent

2186 4892 2510 4962 hujusmodi
2568 4893 2896 4946 electionem
2944 4893 3028 4946 illi
3084 4910 3195 4947 non
3243 4893 3453 4959 deberi,
3495 4893 3604 4947 nisi
3643 4894 3778 4947 forte

2185 4980 2706 5034 monachivitiosam
2721 4997 3060 5051 pravamque
3100 4997 3394 5052 personam
3418 4997 3482 5034 ex
3505 4998 3777 5036 consensu

2184 5139 2294 5177 non
2316 5140 2514 5194 parum
2558 5140 2803 5177 censurzn
2845 5129 3112 5184 meretur,
3147 5129 3211 5178 ut
3251 5123 3347 5194 qui
3389 5125 3768 5194 permittebat,

2183 5202 2248 5248 ut
2268 5195 2453 5248 clerici
2508 5196 2756 5248 Ecclesiae
2786 5211 2916 5258 suae,
2944 5198 3326 5264 cujuscunque
3365 5197 3600 5256 ordinis,
3639 5200 3775 5249 velut

579 5259 645 5325 (2i
676 5262 792 5314 Hoc
811 5260 867 5314 S.
894 5259 1094 5314 Hilarii
1112 5259 1512 5314 monasterium
1531 5261 1699 5315 situm
1722 5260 1780 5315 in
1804 5260 1942 5316 urbe
1961 5263 2100 5318 Car-
2173 5269 2306 5332 jure
2356 5269 2709 5320 matrimonii
2751 5271 2907 5332 ron/u
2921 5259 3256 5320 decorentur
3303 5268 3588 5320 urorilms.
3623 5267 3774 5330 Quod

501 5349 751 5388 08880116.

577 5404 645 5470 (3)
671 5403 862 5458 Simile
892 5403 1206 5474 exemplum
1240 5401 1411 5456 habes
1442 5401 1498 5456 in
1551 5405 1737 5458 szeculi
1769 5403 2095 5475 superioris,

496 5491 626 5545 pag.
658 5475 780 5530 γει.

573 5547 639 5616 {in
675 5545 879 5598 Durius
905 5545 1126 5615 quidem
1159 5545 1216 5598 in
1247 5545 1654 5600 Chunibertum
1688 5553 1883 5601 aurtor
1941 5548 2093 5614 loqui

500 5613 739 5682 videtur,
774 5617 872 5670 sed
891 5613 1016 5686 ipsa
1070 5617 1398 5672 Chuniberti
1451 5618 1654 5686 agendi
1691 5619 1835 5672 ratio
1863 5619 1920 5672 in
1942 5613 2086 5684 aliis,

2182 5337 2286 5406 ipsi
2319 5337 2662 5406 improperat
2694 5338 2892 5391 Petrus
2923 5339 3179 5390 Damiani
3213 5338 3264 5390 in
3289 5337 3522 5406 epistola
3559 5339 3627 5391 ad
3652 5355 3773 5392 eum

2183 5407 2426 5476 scripta:
2471 5417 2527 5460 et
2557 5409 2647 5478 qui
2703 5426 2735 5461 a
2791 5409 3018 5461 Nicolao
3075 5425 3213 5478 papa
3261 5411 3772 5462 excsnnmunicatus

2181 5477 2302 5550 fuit.
2339 5479 2481 5547 quod
2517 5477 2583 5532 in?
2606 5487 2877 5532 conventu
2912 5477 3311 5532 Mediolanensi
3341 5497 3464 5532 cum
3498 5480 3625 5532 aliis
3662 5481 3772 5550 qui-

2183 5547 2412 5601 busdam
2443 5550 2716 5620 episcopis
2744 5553 3020 5604 concessit
3048 5551 3260 5603 clericis
3310 5551 3637 5605 facultatem
3675 5547 3768 5605 ha-

2177 5619 2342 5674 bendi
2375 5638 2592 5679 uxores.
2631 5623 2764 5675 Vide
2795 5622 2942 5675 infra
2963 5639 3122 5693 capp.
3149 5631 3182 5676 δ
3203 5631 3260 5675 et
3289 5621 3378 5676 'll.
