3934 6358
179 354 318 409 ’1465

1294 353 1463 407 VITA
1504 352 1886 406 BENEDICTI
1926 352 2082 404 ABB.
2131 323 2330 407 CLUS.

3321 345 3456 402 1466

174 479 285 532 sibi
331 479 696 549 przetulerint,
743 477 1216 530 consecrationem
1267 483 1454 530 autem
1504 479 1775 531 duntaxat
1799 480 1837 534 Α
1863 477 2121 544 ignorare
2152 477 2301 530 illius
2343 477 2446 529 loci
2482 478 2717 529 tutelam
2767 478 2837 529 ad
2887 478 3149 530 Romanae
3194 473 3454 529 Ecclesia)

175 567 309 620 boni
341 568 500 620 electi
534 585 690 620 suam
720 567 1027 620 fore.Tunc
1051 585 1177 619 vero
1200 568 1334 620 satis
1349 586 1627 638 superque
1647 584 1778 619 con-

173 656 303 710 fusa
337 657 443 709 bile
477 658 738 709 elferatus
767 656 1040 718 elierbuit,
1079 663 1409 726 tumensque
1451 659 1643 725 jmgio
1694 658 1778 709 in—

176 746 302 815 quit
336 765 388 798 :«
418 746 580 799 Absit
609 747 728 808 hoc,
778 746 924 798 absit
957 746 1090 798 illud
1133 747 1226 814 jus
1268 747 1682 807 detestandum,
1717 751 1779 798 ut

176 852 281 904 per
317 852 411 887 vos
467 852 566 887 seu
616 851 714 904 per
758 836 1028 903 Regulam
1076 842 1338 899 vestram,
1395 843 1457 888 ut
1505 836 1773 900 asseritis,

175 924 308 982 iste.
366 923 500 975 mihi
543 925 849 993 praesertim
914 923 1154 991 ignotus,
1205 925 1447 976 introeat
1481 925 1490 976 Ι
1524 926 1645 976 Mea
1697 931 1780 977 est

179 1012 400 1076 electio,
437 1029 592 1064 meus
624 1013 729 1064 erit
758 1012 929 1064 abbas
961 1013 1180 1081 meique
1203 1013 1366 1081 juris,
1391 1013 1524 1064 mihi
1561 1013 1655 1064 uni
1689 1012 1780 1064 ob-

177 1108 520 1171 temperans.
558 1101 848 1153 familiaris
869 1102 1208 1154 domesticus
1239 1119 1302 1154 ac
1323 1101 1577 1154 subditus
1626 1103 1781 1155 Sicut

180 1191 331 1243 enim
365 1189 633 1259 accipiter
662 1191 793 1241 dum
841 1191 1036 1242 molles
1083 1197 1245 1259 urget
1276 1190 1580 1254 columbas,
1615 1208 1780 1260 quam

181 1278 290 1331 sibi
315 1279 550 1331 voluerit
581 1279 861 1346 unguibus
891 1280 1053 1348 rapit,
1090 1280 1235 1331 haud
1264 1281 1426 1331 aliter
1454 1298 1553 1348 ego
1585 1297 1783 1348 repen-

179 1369 338 1420 tinus
367 1368 511 1420 inter
559 1386 654 1419 vos
716 1374 1102 1436 exspectantes
1142 1369 1558 1438 SUpcrveniens.
1627 1369 1783 1420 illiilli

185 1457 284 1526 qui
325 1456 512 1508 animo
564 1462 783 1508 tantum
817 1457 1026 1509 sederit
1057 1474 1200 1510 meo.
1235 1458 1439 1526 quique
1466 1457 1599 1508 mihi
1632 1457 1784 1509 cordi

182 1545 376 1608 fuerit,
401 1545 671 1614 accipiam
706 1551 762 1597 et
785 1545 994 1598 cunctis
1021 1545 1173 1598 vobis
1195 1547 1510 1614 przet'iciam.
1540 1570 1560 1592 ιι
1591 1547 1786 1599 Nonne

186 1634 274 1686 his
299 1633 396 1686 tibi
423 1634 775 1703 paucissimis
798 1641 849 1686 et
883 1635 1366 1703 sesquipedalibus
1389 1635 1569 1686 verbis
1586 1635 1786 1688 dixisse

185 1722 441 1775 videtur:
473 1723 580 1775 Per
601 1740 690 1775 me
721 1723 890 1775 abbas
922 1723 1170 1779 intrabit.
1192 1741 1299 1775 non
1336 1742 1432 1792 per
1462 1725 1788 1776 Christum?

1865 565 2054 617 sedem
2113 565 2463 618 solummodo
2497 566 2773 634 pertinere
2798 563 2820 616 2’
2880 565 3143 616 fundator
3186 564 3452 616 nimirum

1860 656 2035 724 ipsius
2077 655 2423 719 monasterii,
2460 656 2622 722 Hugo
2674 654 2921 718 nomine,
2953 654 3201 721 ejusdem
3231 653 3335 704 loci
3367 669 3457 705 cu-

1861 761 1979 796 ram
2011 745 2169 796 beato
2205 745 2367 796 Petro
2398 745 2650 814 apostolo
2683 745 2916 812 ejusque
2957 742 3177 794 vicariis
3210 742 3262 793 in
3296 747 3456 793 teter-

1862 849 1994 885 num
2026 833 2324 896 commisit,
2356 838 2411 885 et
2439 833 2758 902 apostolicis
2797 830 3100 901 privilegiis
3150 830 3302 881 locus
3333 829 3461 882 inde

1863 922 2070 973 muniri
2098 921 2422 991 promeruit.
2461 941 2481 970 )3
2516 923 2637 990 lpse
2669 937 2890 989 quoque
2917 919 3037 988 pius
3061 935 3202 988 papa
3230 919 3463 970 Alexan-

1863 1011 1978 1066 der.
2015 1011 2234 1078 cognita
2273 1010 2514 1080 episcopi
2549 1009 2842 1077 injustitia,
2877 1009 2954 1060 sic
2987 1024 3113 1060 eum
3147 1007 3296 1059 mitis
3328 1007 3463 1059 allo-

1865 1101 2090 1170 quitur:
2128 1120 2147 1148 α
2180 1101 2306 1152 Esto
2341 1099 2618 1168 paciﬁcus,
2652 1099 2724 1150 fili
2758 1097 3119 1154 Chuniberte.
3153 1102 3270 1148 esto
3296 1095 3458 1148 beni-

1864 1207 2025 1257 gnus.
2077 1187 2375 1256 (‘imipesce
2429 1195 2694 1248 mentem,
2727 1185 2986 1238 turbatus
3032 1192 3117 1238 est
3166 1185 3314 1237 enim
3347 1201 3460 1254 prae

1865 1280 2052 1330 furore
2075 1279 2266 1330 oculus
2291 1277 2661 1329 tuusRevoca
2692 1276 2939 1328 animum
2966 1275 3033 1326 ab
3051 1274 3457 1342 indignatione,

1869 1385 2033 1437 quam
2066 1384 2173 1419 non
2207 1368 2365 1418 decet
2392 1366 2745 1434 aliquatenus
2785 1365 3030 1417 residere
3060 1365 3115 1415 in
3155 1362 3460 1415 sacerdotis

1870 1462 2110 1524 pectore.
2169 1455 2448 1524 Injiistum
2482 1460 2630 1506 certe
2671 1453 2828 1505 nobis
2859 1437 3079 1504 videtur
3107 1458 3163 1503 et
3191 1452 3459 1504 intolera-

1868 1545 1979 1598 bile
2012 1547 2194 1596 locum
2227 1545 2383 1596 illum
2411 1549 2600 1596 nostro
2632 1548 2848 1595 tantum
2873 1541 3232 1594 commissum
3268 1540 3458 1610 praesi-

1871 1635 1962 1687 dio
1990 1652 2052 1686 ac
2083 1633 2299 1694 ditioni,
2318 1634 2568 1702 quamvis
2591 1641 2698 1684 tuze
2726 1631 2796 1682 sit
2818 1630 3090 1688 dioecesis.
3116 1636 3230 1682 tam
3270 1629 3460 1698 inique

1871 1721 2073 1774 vexari.
2111 1721 2790 1790 Quaproptermonemus.
2829 1723 2890 1770 ut
2921 1716 3105 1768 abbati
3132 1718 3258 1785 jure
3289 1732 3460 1768 acre-

186 1812 429 1863 Aliunde
462 1811 725 1863 ascendet
765 1811 907 1864 sicut
956 1812 1044 1863 tur
1092 1823 1145 1864 et
1177 1813 1336 1873 latro,
1376 1820 1439 1864 ut
1482 1818 1686 1864 mactet
1734 1793 2139 1880 ethulariter
2196 1810 2372 1861 electo
2403 1815 2695 1877 paternum
2730 1807 3047 1859 animumct
3075 1808 3360 1873 affectum,
3396 1809 3460 1858 ut

188 1901 409 1970 perdat.
445 1917 554 1952 non
589 1917 685 1969 per
713 1901 941 1952 ostium.
973 1901 1017 1953 Ο
1066 1901 1487 1953 similitudinem
1529 1908 1783 1968 argutam

193 1993 253 2040 et
286 1988 544 2058 episcopo
572 1989 796 2057 dignam
827 1990 836 2040 !
889 1990 1148 2041 Insanisti
1185 1996 1317 2041 tunc
1357 1991 1538 2058 impos
1583 1991 1787 2042 mentis

190 2081 322 2137 tuze,
361 2076 699 2129 Chuniberte
731 2077 1018 2146 episcopo;
1052 2077 1184 2129 talia
1224 2079 1408 2130 fando.
1444 2079 1697 2130 insanisti
1731 2096 1787 2130 rc

191 2183 325 2218 vera
351 2166 448 2219 tali
477 2167 766 2218 cothurno.
803 2166 1074 2235 Apparuit
1119 2167 1200 2218 his
1255 2167 1415 2219 dictis
1458 2184 1566 2236 qua.
1621 2168 1787 2236 polle-

192 2255 311 2317 bas,
361 2256 472 2306 imo
520 2271 629 2323 qua
667 2255 1086 2324 anipuilabaris,
1120 2262 1217 2307 tua
1261 2273 1449 2307 crassa
1497 2257 1785 2325 pinguisve

190 2343 462 2396 minerva.
499 2345 636 2396 Cum
670 2345 816 2395 enim
851 2353 1002 2396 tuam
1039 2344 1334 2411 ingluviem
1385 2345 1566 2413 specie
1597 2353 1650 2397 et
1684 2362 1784 2396 no-

191 2433 344 2484 mine
395 2433 674 2500 accipitris
730 2433 1001 2500 ﬁgurasti.
1047 2433 1379 2501 simplicium
1413 2442 1467 2485 te
1495 2434 1787 2486 insectato-

189 2538 330 2584 rem,
387 2521 781 2590 insontumque
821 2531 1098 2590 raptorem
1132 2523 1227 2573 tali
1267 2522 1442 2574 forma
1469 2523 1784 2591 depinxisti.

189 2611 353 2662 Patet
384 2610 555 2678 igitur
601 2611 725 2662 luce
769 2610 989 2672 clarius,
1025 2611 1170 2678 quod
1206 2627 1312 2662 non
1349 2613 1633 2679 aperuerit
1688 2612 1786 2663 tibi

188 2699 397 2751 ostium
432 2699 680 2751 veritatis
707 2699 989 2760 ostiarius,
1025 2699 1116 2766 qui
1143 2706 1198 2750 et
1249 2699 1490 2768 Spiritus
1538 2709 1784 2762 sanctus,

187 2796 245 2839 et
276 2788 399 2840 ideo
430 2805 783 2856 compressus
815 2789 1042 2840 defluxit
1070 2789 1319 2841 tumidus
1344 2789 1649 2858 prui‘lentiie
1681 2799 1788 2842 tuae

187 2875 368 2928 fastus
423 2877 578 2938 Quod
611 2894 794 2928 sermo
826 2876 1126 2928 declarabit
1162 2877 1466 2945 subjectus.

263 2971 315 3018 '7.
350 2967 575 3019 Romam.
607 2968 862 3031 appellat.
908 2967 1108 3017 Servus
1142 2966 1327 3034 itaque
1357 2965 1575 3018 Domini
1608 2968 1786 3020 Bene-

189 3054 392 3114 dictus,
420 3055 638 3122 cognita
674 3053 916 3122 episcopi
949 3054 1204 3106 vecordia.
1235 3062 1290 3106 et
1328 3055 1612 3106 exactione
1643 3056 1785 3108 irra-

187 3143 442 3195 tionabili
477 3161 539 3195 ac
586 3143 906 3202 durissima,
945 3143 1122 3212 primo
1164 3144 1386 3212 quidem
1412 3150 1566 3196 tanto
1613 3145 1784 3197 furori

187 3232 375 3284 locum
422 3233 554 3284 dare
592 3232 992 3287 delitescendo.
1046 3239 1101 3283 et
1145 3233 1408 3284 honorem
1453 3233 1783 3286 declinando

186 3321 511 3374 decreverat
535 3322 875 3373 humilitatis
904 3320 1104 3388 gratia.
1139 3322 1232 3372 sed
1257 3322 1461 3372 iterum
1488 3329 1656 3391 atque
1681 3323 1783 3375 ite-

184 3427 312 3464 rum
349 3429 380 3463 a
411 3411 764 3465 fratribus.ut
785 3418 1107 3462 constanter
1139 3417 1348 3478 ageret.
1383 3419 1437 3461 et
1469 3427 1527 3462 ex
1554 3412 1783 3463 adverso

184 3501 497 3552 ascendens
531 3517 750 3552 murum
788 3516 886 3568 pro
917 3499 1082 3550 domo
1113 3499 1279 3550 Israel
1313 3506 1783 3568 Opponeretmeve

184 3589 424 3641 irruenti
459 3590 585 3657 lupo
612 3605 674 3640 ac
705 3587 925 3639 diabolo
958 3587 1197 3650 cederet,
1235 3594 1406 3656 utque
1439 3588 1522 3639 sui
1555 3588 1785 3640 misere-

185 3685 346 3731 retur
387 3677 724 3737 admonitus,
775 3677 1000 3728 tandem
1043 3677 1135 3728 diu
1183 3677 1535 3745 inultun'ique
1577 3677 1646 3728 ab
1677 3678 1784 3729 illis

183 3767 472 3832 fatigatus.
510 3773 564 3818 ct
595 3766 796 3817 virtute
831 3765 1155 3816 constantia:
1205 3772 1260 3816 ct
1307 3765 1634 3817 obedientiaa
1665 3766 1786 3817 ani-

183 3864 373 3909 matus
399 3855 631 3906 viriliter
651 3853 888 3917 stetit,et
905 3853 1200 3921 quemdam
1226 3853 1480 3912 fratrem,
1512 3852 1784 3907 Bosonem

184 3945 433 4004 nomine,
461 3945 549 4013 qui
586 3944 771 3995 sedem
806 3941 1166 4010 apostolicam
1201 3959 1249 4005 ai
1277 3943 1460 4010 pellet,
1481 3943 1787 3996 Taurinum

185 4035 387 4088 mittit.
437 4033 538 4095 Qui
585 4033 741 4099 jussa
793 4031 1106 4099 perlicicns,
1163 4031 1243 4082 vix
1291 4031 1436 4082 inter
1471 4032 1699 4099 lapides,
1730 4039 1785 4084 et

186 4123 426 4177 furentis
459 4122 642 4192 populi
675 4123 849 4173 fustes
873 4121 1021 4171 vivus
1049 4121 1222 4172 evasit
1274 4121 1429 4172 Tunc
1457 4121 1784 4174 Benedictus

185 4213 382 4284 paucis
434 4228 618 4263 secum
654 4210 956 4278 assumptis
989 4209 1256 4261 fratribus
1288 4210 1519 4261 Romani
1554 4219 1785 4263 conten-

187 4304 290 4355 dit.
326 4301 500 4363 Quem
534 4301 824 4369 episcopus
855 4315 977 4350 cun:
1008 4315 1108 4349 suo
1137 4299 1378 4366 quodam
1412 4301 1656 4351 exercitu
1685 4317 1784 4369 pro

185 4391 398 4442 viribus
425 4399 816 4458 persecuturus
846 4387 1222 4456 subsequitur.

258 4480 315 4534 8.
372 4482 449 4532 Ab
478 4480 790 4531 Aleraudro
826 4478 874 4528 II
904 4478 1254 4527 lic/iciticitiu‘.
1293 4475 1432 4537 Quid
1479 4476 1682 4544 plura?
1721 4478 1782 4528 tit

181 4576 487 4622 conventus
545 4583 828 4617 sacrorum
899 4565 1224 4633 pontificum
1293 4570 1348 4616 et
1413 4565 1776 4616 cardinalium

180 4667 313 4712 ante
343 4658 609 4709 domuum
661 4654 1061 4708 Alexandrum.
1104 4659 1235 4704 tunc
1265 4653 1532 4720 temporis
1565 4653 1782 4722 pontifi-

181 4765 301 4801 cem
352 4747 686 4807 Romanum,
721 4749 887 4811 atque
922 4742 1254 4810 Gregorium
1306 4743 1779 4807 archidiaconum,

185 4844 383 4908 postea
431 4833 821 4904 apostolicum.
876 4832 1129 4900 Replicat
1183 4831 1476 4900 cpiscopus
1520 4831 1785 4900 praedicta

184 4925 460 4996 superbi'ce
528 4923 711 4984 verba,
768 4921 947 4988 magis
985 4920 1264 4972 rhetorica
1313 4921 1570 4972 facundia
1610 4921 1785 4973 fretus

188 5033 354 5086 quam
392 5012 641 5065 veritatis
663 5028 829 5062 causa
857 5010 1142 5061 subnixus.
1181 5010 1262 5061 Ad
1293 5011 1452 5078 cujus
1476 5010 1782 5063 orationem

186 5122 344 5160 sacer
388 5103 683 5173 prmsulum
731 5107 925 5161 coetus,
963 5099 1313 5167 maximeque
1358 5099 1784 5152 archidiaconus

189 5194 512 5262 Gregorius.
548 5192 909 5243 vehementer
939 5189 1248 5240 admiratus
1282 5189 1357 5239 sic.
1393 5189 1538 5240 fatur
1561 5207 1605 5239 τα
1641 5190 1782 5251 Quid

190 5293 292 5346 est,
324 5283 598 5352 episeope,
625 5281 767 5350 quod
804 5279 1047 5347 loqui-ris
1068 5280 1088 5328 ?
1112 5278 1210 5331 Ubi
1243 5291 1326 5329 est
1347 5279 1617 5347 sapientia
1645 5280 1783 5331 tua?

186 5377 444 5429 Tuumne
484 5371 618 5422 dicis
670 5369 947 5430 abbatem,
985 5368 1177 5436 tuique
1221 5369 1392 5418 solius
1443 5371 1556 5419 tore
1593 5369 1782 5435 juris?

189 5468 309 5529 Qua
332 5461 684 5514 auctoritate.
727 5475 931 5526 (1113050,
970 5465 1066 5508 aut
1101 5474 1208 5524 qua
1242 5456 1452 5508 ratione
1477 5464 1634 5508 tuum
1688 5476 1780 5509 as-

188 5551 372 5606 seris?
399 5553 539 5603 Num
579 5547 849 5618 possessio
879 5552 970 5597 tua
996 5555 1090 5597 aut
1114 5563 1304 5598 servus
1331 5555 1460 5598 tuus
1483 5545 1602 5596 est?
1627 5547 1782 5598 ltane

188 5643 333 5697 sacri
362 5656 604 5694 canones
633 5637 819 5690 animo
849 5635 1175 5688 exciderunt
1199 5644 1294 5687 tuo
1313 5633 1335 5687 ’ἶ
1364 5636 1451 5687 An
1493 5642 1654 5703 putas
1682 5652 1782 5687 nos

1869 1907 1924 1952 te
1956 1901 2130 1955 decet,
2177 1898 2455 1956 exhibeas,
2492 1905 2658 1965 atque
2706 1896 3180 1948 consecrationem
3221 1895 3460 1964 benigne

1871 1989 2178 2057 impertias.
2218 2009 2240 2038 »
2273 1988 2429 2049 Quod
2458 2004 2580 2038 cum
2615 2004 2671 2038 se
2695 1986 2873 2037 facere
2906 1985 3060 2036 nulla
3090 1984 3324 2046 ratione,
3351 1983 3460 2037 nisi

1871 2076 2034 2129 alteri
2066 2094 2096 2128 a
2120 2094 2176 2127 se
2210 2076 2405 2136 electo,
2441 2075 2613 2126 durus
2647 2080 2938 2132 assereret,
2974 2078 3312 2141 comtempta
3337 2074 3458 2141 ejus

1871 2165 2254 2235 protervia.ne
2287 2165 2512 2232 longum
2547 2163 2764 2221 faciam,
2790 2179 2852 2213 ex
2882 2162 3161 2214 sententia
3181 2161 3457 2230 etjudicio

1870 2256 2042 2308 totius
2071 2254 2366 2307 venerandi
2398 2259 2572 2306 cmtus
2606 2252 2698 2321 qui
2724 2253 2936 2305 aderat.
2986 2251 3318 2303 Benedictus
3356 2267 3457 2303 no-

1870 2351 1984 2397 ster
2012 2346 2080 2396 ab
2111 2346 2228 2413 ipso
2256 2344 2506 2395 Romano
2525 2341 2782 2411 pontiﬁce
2809 2339 3157 2392 benedicitur
3189 2345 3242 2391 et
3271 2355 3461 2392 conse-

1870 2441 2076 2486 cratur.
2114 2432 2384 2502 Episcopo
2425 2448 2551 2483 vero
2582 2429 2996 2482 interminando
3035 2429 3363 2496 imperatur,
3397 2431 3461 2480 ut

1872 2523 2079 2574 nullam
2113 2522 2372 2590 deinceps
2402 2519 2587 2572 abbati
2620 2537 2718 2570 seu
2745 2519 2909 2570 rebus
2941 2516 3264 2569 monasterii
3297 2516 3464 2568 mole-

1871 2611 2033 2663 stiam
2060 2611 2261 2663 inferre
2283 2610 2504 2666 audeat.
2541 2609 2678 2660 nihil
2711 2608 2816 2659 nisi
2868 2607 3009 2675 quod
3045 2605 3375 2658 canonicum
3407 2609 3463 2657 et

1873 2701 2128 2766 regulare
2160 2707 2243 2751 est
2273 2700 2400 2751 inde
2432 2698 2665 2750 ulterius
2688 2697 2890 2764 exigat,
2912 2695 3016 2747 nisi
3048 2699 3187 2746 torte
3210 2693 3277 2746 ab
3309 2693 3461 2745 ordi-

1874 2807 1959 2841 nis
1991 2789 2073 2840 sui
2109 2793 2256 2839 statu
2303 2786 2604 2856 perii-litari
2667 2801 2774 2836 non
2809 2785 3022 2835 timeat.
3064 2783 3169 2844 Qui
3204 2781 3459 2848 malignae

1870 2893 1981 2928 sine
2015 2875 2493 2960 mentis-callidus
2536 2872 2936 2932 dissimulator,
2969 2870 3207 2939 benigne
3234 2869 3459 2938 quidem

1869 2972 2003 3016 tunc
2040 2958 2326 3032 respondit
2358 2970 2521 3032 prout
2553 2970 2729 3031 pater,
2779 2961 3038 3013 illaturus
3088 2959 3327 3028 plurima
3365 2958 3459 3009 ad-

1871 3071 2046 3115 versa,
2097 3071 2218 3122 qua:
2264 3054 2318 3104 in
2367 3070 2468 3105 suo
2512 3051 2767 3103 versabat
2807 3058 3063 3120 pectore;
3095 3065 3217 3117 quae
3249 3063 3348 3098 nos
3390 3047 3458 3098 ad

1827 3144 2150 3196 ‘Benedicti
2187 3143 2474 3194 cumulum
2509 3141 2791 3211 patientiae
2821 3139 2878 3191 in
2909 3154 3098 3190 rerum
3127 3137 3460 3207 quandoque

1869 3249 2138 3301 ponemus
2170 3231 2332 3282 serie.

1938 3321 1987 3373 9.
2021 3323 2172 3373 [titus
2199 3321 2406 3372 alienos
2441 3320 2638 3384 reiicit.
2663 3319 2918 3382 Regulam
2954 3318 3214 3369 inculcat.
3264 3315 3460 3367 Pasto-

1868 3410 1944 3462 ris
1973 3409 2145 3477 igitur
2173 3415 2433 3476 suseepto
2458 3406 2744 3475 regimine.
2770 3411 2980 3474 quanta
3010 3404 3298 3473 vigilantia
3322 3403 3460 3456 illud

1867 3497 2361 3552 administraverit.
2388 3513 2551 3564 quani
2579 3502 2766 3547 sancte
2807 3502 2861 3546 et
2893 3494 3148 3561 religiose
3174 3495 3463 3562 quzejusta

1871 3595 2004 3639 sunt
2055 3586 2307 3638 faciendo
2339 3593 2394 3637 et
2424 3585 2670 3636 docendo
2705 3584 2918 3645 vixerit,
2960 3584 3212 3652 quamvis
3257 3589 3461 3635 nostrae

1871 3676 2146 3728 facultatis
2176 3691 2284 3726 non
2315 3674 2386 3725 sit
2404 3674 2650 3725 evolvere
2679 3673 2864 3740 aliquo
2892 3680 3077 3723 tamen
3107 3688 3204 3740 pro
3236 3671 3460 3723 modulo

1871 3774 2072 3817 nostrai
2093 3764 2333 3816 scientia:
2364 3763 2562 3813 amodo
2591 3761 2794 3813 referre
2818 3760 3176 3820 tentabimus,
3203 3762 3342 3810 sicut:
3365 3775 3461 3810 au-

1871 3856 2111 3905 divimus
2141 3858 2188 3904 ct:
2215 3854 2450 3903 vidimus
2495 3853 2550 3901 in.
2582 3853 2796 3902 ciritalc
2835 3851 2888 3902 1):
2912 3852 2931 3900 ι’
2962 3851 3152 3907 Nostri,
3192 3851 3249 3899 in.
3282 3852 3461 3897 monte

1871 3948 2056 3995 sancto
2086 3947 2219 4008 ejus.
2260 3943 2423 4005 (Px-at.
2473 3953 2637 4002 vaiI,
2686 3939 2755 3998 tl).
2807 3939 3054 3990 Primum
3102 3937 3290 4005 itaque
3333 3951 3461 3986 cuin

1867 4031 2214 4100 cognovisset
2252 4046 2417 4098 quam
2469 4029 2742 4097 plurimos
2783 4025 3229 4094 congregationis
3259 4025 3461 4076 fratres

1869 4119 2199 4189 quibusdam
2225 4117 2454 4168 novellis
2483 4117 2672 4168 usibus
2695 4124 2748 4168 et
2773 4115 2993 4183 Regula)
3023 4113 3463 4181 contrariisgau-

1868 4209 2000 4260 dere
2031 4206 2498 4260 institutionibus.
2532 4212 2592 4257 ut
2622 4222 2788 4273 supra
2820 4206 3038 4256 ﬁrmam
3085 4204 3299 4256 Petram
3327 4201 3461 4254 tedi-

1870 4300 2078 4351 licaret.
2115 4298 2271 4349 nisus
2312 4304 2396 4348 est
2428 4297 2567 4346 hanc
2600 4310 2827 4346 arenam
2863 4293 3213 4363 postmodum
3249 4291 3459 4344 nocitu-

1869 4406 1985 4439 ram
2019 4405 2232 4441 erua-rc.
2265 4394 2318 4438 et
2341 4403 2534 4451 agrum
2569 4385 2654 4436 his
2686 4384 2934 4436 seniibus
2965 4400 3327 4451 expurgarea
3354 4383 3462 4435 N0-

1868 4478 1987 4536 stis.
2031 4476 2231 4544 inquit.
2278 4476 2478 4526 fratres
2519 4480 2573 4525 et
2615 4473 2708 4525 filii
2762 4471 2866 4524 mei
2904 4472 3294 4529 amantissimi.
3331 4489 3463 4542 quo-

1866 4567 2030 4619 modo
2061 4582 2244 4617 sermo
2273 4565 2492 4615 divinus
2515 4580 2606 4614 eos
2637 4562 2904 4630 increpet.
2940 4562 3033 4630 qui
3066 4562 3339 4614 humanas
3369 4562 3462 4614 ad-

1865 4655 2214 4708 inventiones
2245 4653 2446 4705 divinis
2484 4652 2785 4721 przeferiint
2816 4651 3092 4703 mandatis
3121 4668 3184 4702 ac
3209 4651 3455 4719 judiciiS'

1867 4745 2024 4797 Unde
2046 4744 2195 4795 canit
2216 4745 2485 4812 propheta
2506 4741 2970 4811 psalmographus
2987 4759 2996 4791 :
3013 4742 3069 4792 Et.
3096 4743 3461 4792 irritarcriuzt

1866 4835 2032 4885 Deum
2060 4835 2114 4882 in
2135 4835 2491 4883 att-inventum
2504 4833 2622 4882 ibus
2645 4833 2831 4890 suis,ct
2859 4832 2971 4881 ideo
2994 4831 3366 4894 iii-ultipticata
3389 4833 3460 4879 est

1869 4925 1931 4973 in.
1953 4923 2028 4971 eis
2049 4923 2221 4971 ruina.
2248 4923 2408 4976 (Pval.
2425 4937 2510 4978 cv.
2534 4918 2617 4976 ‘29)
2643 4938 2653 4980 ;
2689 4927 2744 4971 et
2763 4921 3024 4970 ulciscens
3055 4923 3176 4968 erat
3200 4920 3257 4968 in
3277 4933 3460 4969 omnes

1867 5011 2282 5061 adini‘cntiones
2313 5024 2498 5059 eorum
2538 5011 2700 5073 (Rs-at.
2740 5021 2934 5067 XCVIII,
2959 5006 3034 5068 8).
3070 5006 3194 5075 Ipse
3236 5021 3456 5074 quoque

1868 5098 2138 5151 Dominus
2159 5097 2531 5162 inlivangelio
2573 5117 2582 5148 :
2617 5099 2688 5149 llr
2721 5099 2881 5154 retiis,
2914 5096 3012 5155 ait,
3047 5096 3328 5156 Pharisa’i,
3365 5097 3463 5162 qui

1867 5190 2010 5239 (teret
2020 5191 2065 5252 ii,
2079 5205 2108 5237 lt
2121 5189 2238 5237 istis
2261 5188 2525 5236 mandata
2554 5187 2646 5237 [)ci
2663 5192 2882 5254 propter
2897 5187 3216 5238 traditiones
3233 5189 3454 5244 rcstras,

1871 5277 2083 5342 (.llritt/i.
2121 5289 2192 5328 iii.
2227 5271 2316 5342 6);
2351 5281 2401 5323 et
2438 5273 2642 5326 Paulus
2677 5293 2686 5324 :
2727 5278 2830 5341 Qui
2859 5278 3152 5327 deserentes
3173 5277 3460 5341 justitiam

1867 5369 1979 5419 Dei.
2016 5371 2062 5417 ct
2113 5381 2267 5415 suam
2333 5365 2559 5413 colentes
2595 5367 2852 5422 xta/uere,
2901 5367 3138 5431 justitixe
3194 5365 3288 5416 Dei
3347 5379 3457 5414 non

1866 5461 1992 5507 ,ςιιηί
2057 5456 2282 5519 xuii/Veli
2321 5454 2488 5506 illum.
2541 5468 2590 5504 Χ.
2661 5451 2734 5512 3).
2803 5455 3057 5522 lteinque
3102 5453 3387 5522 Scriptura
3444 5470 3455 5503 :

1867 5548 1997 5599 Sinc
2023 5561 2206 5604 cuum,
2243 5542 2338 5596 ait.
2373 5543 2556 5591 colunt
2594 5557 2675 5590 me
2709 5542 3455 5594 mandatis(tt/octi'inixlio-

1871 5638 2086 5687 iui/ium
2113 5635 2240 5699 (15a.
2277 5645 2426 5694 xx1x,
2467 5628 2574 5694 13).
2613 5629 2986 5691 Quamobrem
3022 5631 3216 5684 hortor
3253 5633 3456 5684 frater-
