3934 6390
489 309 508 360 ’1
529 308 622 364 367
1544 320 1916 373 WILLELM}
1949 321 2086 375 CLU
2095 324 2320 376 S’i‘ENS.
2365 325 2687 379 MONACH.
3623 333 3814 388 {€68

483 435 722 488 nitatem
738 444 1000 500 vestram,
1032 448 1095 494 ut
1127 443 1447 511 postpositis
1495 444 1823 513 quibusdam
1869 463 2065 515 super-
2091 449 2340 516 Apionis
2379 451 2729 505 collati-onem
2765 453 2834 505 de.
2882 460 3004 506 octo
3045 455 3190 507 vitiis
3220 456 3628 526 principalibus
3664 458 3811 510 sim-

485 523 804 579 stitionibus
836 535 889 579 et
915 528 1176 582 humanis
1226 532 1519 594 institutis,
1555 550 1676 602 qua)
1712 535 1778 585 ad
1825 552 1938 586 rem
1968 552 2076 587 non
2159 538 2320 603 gulos
2351 539 2613 608 scriptam
2651 541 2854 594 habere
2885 551 2940 595 et
2971 544 3174 596 imitari
3207 547 3444 613 cogebat.

485 617 853 685 pertinent,et
876 634 908 669 a
930 636 1055 670 vera
1079 622 1344 688 religione.
1376 622 1932 692 abborrent,ReguIte
1954 641 2079 676 san-
2239 625 2319 679 il.
2357 628 2501 692 Erga
2524 635 2832 694 confiteri-(cs
2863 636 2920 682 ut
2952 648 3003 683 se
3031 637 3191 696 gerit.
3227 639 3340 699 (hia
3363 636 3518 687 modo
3537 638 3655 703 ipse
3687 637 3804 686 (Ic-

487 703 560 756 cti
604 706 778 784 patris
825 708 1002 759 nostri
1047 709 1330 761 Benedicti
1379 711 1598 771 studiis,
1645 711 1701 763 i-n
1735 729 1845 781 qua
1895 713 2078 764 omnis
2167 717 2296 767 lii-Ia
2321 731 2422 768 sua
2450 721 2711 784 crpus-ret.
2757 721 3056 774 Confitenti
3107 723 3805 791 aliquod’fnciIvus-tanw

487 793 803 860 evangelica
829 796 1201 864 etapostolica
1221 799 1482 866 perfectio
1500 799 1992 861 constz‘it,aninium
2011 801 2080 853 ad
2165 804 2367 857 alfectu
2401 811 2456 857 et
2485 822 2596 858 non
2631 807 2751 860 sine
2781 810 2912 861 ﬂetu
2945 811 3441 873 condescendebat,
3468 829 3531 865 ac
3559 813 3610 865 si
3649 813 3812 882 ipse

487 895 690 949 purum
722 881 1043 936 intendatis.
1079 886 1272 954 Neque
1303 887 1450 938 enim
1483 903 1585 954 ego
1609 905 1642 938 a
1665 888 1916 940 Romano
1945 905 2082 957 pon-

489 959 641 1020 tifice
657 979 1041 1025 consecratore
1065 990 1188 1026 meo
1212 975 1360 1028 aliud
1386 975 1490 1028 nisi
1509 976 1763 1028 eamdem
1786 977 2077 1044 Regulam,

491 1073 658 1128 quam
713 1059 1069 1127 praedicarem
1110 1064 1325 1132 suscepi
1356 1063 1412 1116 in
1454 1064 1710 1118 manibus
1744 1084 1766 1129 ;-
1809 1084 1910 1119 nec
1949 1067 2081 1118 milii

488 1152 823 1216 praeceptum
855 1149 1105 1215 memini,
1138 1158 1200 1204 ut
1229 1152 1475 1204 diversos
1515 1153 1769 1206 docerem
1815 1163 1872 1206 et
1900 1165 2078 1207 soi-ta-

489 1229 582 1286 rcr
611 1237 1077 1291 monasteriorum
1101 1257 1254 1292 usus.
1302 1243 1364 1293 ln
1397 1242 1590 1294 eadem
1625 1260 1846 1312 quoque
1893 1246 2086 1311 regula

486 1315 568 1390 (S.
595 1326 868 1378 Benedicti
883 1331 1102 1393 regula,
1129 1343 1180 1381 C.
1234 1329 1319 1396 6'1}
1351 1331 1522 1382 audio
1545 1330 1680 1382 milii
1703 1332 1961 1384 eumdem
1986 1334 2085 1385 Pa-

491 1419 632 1464 trem
665 1418 723 1465 et
751 1414 948 1467 ducem
981 1416 1354 1482 intonantem,
1380 1426 1436 1471 et
1465 1420 1877 1488 quodammodo
1905 1421 2081 1473 incul-

490 1508 728 1560 cantem,
784 1509 840 1554 et
896 1505 1174 1575 praecipue
1226 1512 1286 1560 ut
1332 1515 1659 1576 praesentem
1710 1509 1981 1578 Regulam
2025 1510 2082 1562 in

493 1591 750 1644 omnibus
777 1609 1118 1646 conservom,
1156 1595 1223 1647 Et
1242 1594 1373 1648 alibi
1412 1599 1533 1662 (Id.,
1567 1614 1613 1649 ε.
1645 1596 1700 1665 3)
1744 1598 1901 1667 quasi
1932 1616 2084 1650 com-

490 1679 755 1732 minando
793 1681 963 1734 infert
1006 1702 1016 1736 :
1053 1684 1116 1736 In
1156 1684 1414 1737 omnibus
1443 1686 1614 1753 igitur
1644 1687 1968 1756 magistram
2000 1704 2086 1740 se-

492 1775 738 1834 quantur
767 1770 1060 1838 Regulam,
1093 1788 1272 1842 neque
1295 1771 1363 1824 ab
1385 1790 1450 1825 ea
1476 1782 1686 1827 temere
1717 1775 2027 1828 declinetur
2052 1793 2085 1826 a

493 1871 800 1924 quoquam.
834 1859 976 1910 Nam
1011 1860 1056 1912 si
1091 1861 1222 1928 quid
1260 1862 1479 1914 videtur
1522 1862 1576 1915 in
1623 1864 1836 1932 Regula
1869 1865 2085 1928 deesse,

490 1949 589 1997 aut
620 1946 803 1998 minus
835 1947 1068 2012 dictum,
1090 1950 1392 2021 unicuique
1423 1951 1609 2005 abbati
1627 1953 2084 2024 jubeturtempe—

490 2033 667 2086 rando
707 2036 1097 2105 complendum
1138 2046 1305 2108 atque
1328 2041 1722 2106 ordinandum,
1757 2059 1883 2095 cum
1918 2042 1986 2095 ab
2017 2059 2082 2095 eo

489 2111 836 2188 dicitur(l(l.,
868 2141 911 2177 c.
949 2122 1071 2191 65):
1105 2143 1206 2179 nos
1237 2136 1423 2181 autem
1453 2131 1827 2199 providemus,
1857 2138 2086 2202 propter

489 2211 640 2280 pacis
670 2211 1070 2283 charitatisque
1107 2217 1435 2280 custodiam,
1479 2219 1536 2272 in
1578 2218 1792 2272 abbatis
1840 2220 2085 2290 pendere

493 2299 725 2370 arbitrio
753 2302 1162 2356 ordinationem
1212 2308 1537 2360 monasterii
1575 2309 1696 2374 sui;-
1735 2309 1879 2379 quod
1915 2309 2083 2362 etiam

491 2377 651 2441 facile
683 2397 768 2442 est
814 2390 870 2442 in
930 2392 1210 2462 plerisque
1253 2396 1500 2463 ejusdem
1553 2377 1776 2466 Regulae
1827 2397 2084 2467 capitulis

491 2476 955 2532 animadvertere.
993 2480 1116 2534 Non
1150 2491 1236 2535 est
1264 2501 1394 2552 ergo
1435 2501 1660 2537 necesse
1688 2486 1742 2538 in
1779 2486 2085 2539 scribendis

493 2566 800 2620 multorum
833 2570 1300 2623 monasteriorum
1330 2573 1843 2637 consuetudinibus,
1871 2575 2083 2643 Regula

494 2671 659 2726 quam
690 2656 924 2726 quisque
954 2649 1232 2726 professus
1263 2668 1345 2713 est
1376 2662 1904 2729 neglecta,multuni
1938 2663 2087 2715 insu-

491 2744 642 2797 dare.
680 2746 757 2797 De
791 2747 890 2798 hac
915 2748 1118 2817 quippe
1148 2749 1417 2818 scriptum
1440 2757 1622 2819 potest
1653 2752 1892 2818 intelligi
1922 2771 1931 2802 :
1961 2752 2085 2803 Heec

489 2833 596 2896 via,
633 2835 916 2889 ambulate
964 2837 1021 2888 in
1061 2854 1143 2890 ea.
1187 2839 1311 2891 Non
1359 2839 1648 2892 declinetis
1690 2840 1758 2893 ab
1787 2858 1871 2902 ea,
1905 2857 2085 2911 neque

493 2923 563 2976 ad
587 2921 892 2988 dexteram,
928 2942 1109 2995 neque
1140 2927 1208 2979 ad
1234 2927 1516 2981 sinistram
1549 2931 1724 2993 (Deut.
1754 2947 1828 2994 v.,
1854 2929 1959 2998 3'2).

557 3098 642 3156 10.
678 3103 1038 3157 Adrersantcs
1071 3108 1131 3157 in.
1149 3109 1435 3172 pn’oratus
1464 3109 1696 3173 ablegat.
1740 3109 1911 3160 Nouos
1943 3110 2082 3159 ti'ro-
2103 3077 2145 3135 Ο

490 3205 583 3242 nes
614 3195 672 3242 ut
704 3193 994 3257 informat.
1021 3194 1187 3258 Dixit,
1223 3201 1279 3246 et
1300 3212 1333 3246 a
1361 3189 1696 3264 quibusdam
1727 3196 1831 3264 ipsi
1859 3197 2082 3264 Regulae

490 3278 724 3347 adjectis
782 3286 838 3333 et
885 3284 1040 3350 quasi
1072 3285 1392 3353 superfluis,
1434 3284 1490 3337 in
1533 3285 1679 3337 victu
1729 3286 1982 3338 videlicet
2029 3293 2085 3338 et

488 3367 713 3427 vestitu,
748 3384 811 3420 ac
841 3370 1016 3429 lectis,
1041 3371 1435 3425 abstinendum
1471 3379 1527 3426 et
1557 3374 1774 3443 parcius
1807 3375 2082 3442 agendum

491 3455 792 3508 mandavit.
813 3457 945 3518 Quae
959 3475 1083 3511 cum
1102 3460 1431 3530 quibusdam
1454 3462 1594 3514 dura
1625 3469 1680 3515 et
1708 3463 2088 3532 importabilia

490 3543 833 3605 viderentur,
857 3562 920 3597 eo
941 3548 1086 3616 quod
1111 3549 1164 3601 in
1187 3557 1370 3602 mente
1401 3551 1571 3603 veteri
1591 3561 1924 3618 cogerentur
1946 3569 2085 3606 nova

492 3633 771 3697 meditari,
808 3651 918 3686 non
941 3643 1128 3689 tamen
1163 3656 1256 3690 eos
1288 3639 1607 3692 omnimodo
1629 3647 1961 3709 aspernatus
1979 3649 2082 3695 est.

493 3713 591 3775 sed
618 3724 1041 3793 paucis.quibus
1074 3727 1179 3778 ista
1209 3727 1554 3780 observanda
1583 3729 1876 3797 placebant
1896 3746 2084 3782 secum

492 3812 746 3876 retentis,
781 3813 1025 3881 reliquos
1057 3815 1112 3867 in
1149 3816 1300 3868 cellis
1347 3833 1467 3869 esse
1499 3818 1775 3886 praecepit.
1814 3818 2086 3888 Opinatus

491 3916 691 3970 nempe
720 3907 804 3954 est
831 3918 925 3954 eos
955 3903 1256 3972 aliquando
1288 3905 1616 3974 resipiscere
1647 3912 1702 3958 et
1749 3906 2087 3959 salutaribus

488 3988 764 4042 institutis
819 3990 1189 4045 diuturnitate
1229 3994 1442 4046 consilii
1475 3994 1789 4052 assueﬁeri,
1830 3995 1968 4065 Ipsis
1992 4012 2088 4047 au-

488 4084 599 4130 tem
624 4079 679 4130 in
705 4079 865 4131 noxio
887 4085 1138 4149 tempore
1160 4082 1665 4150 perseverantibus,
1693 4088 1749 4136 et
1763 4084 1910 4152 quod
1934 4083 2088 4154 prius

487 4174 707 4220 tantum
740 4167 1053 4221 didicerant
1091 4180 1505 4224 sacrosanctum
1531 4173 2085 4241 judicantibus,dum

489 4273 610 4310 sese
642 4257 861 4310 invitati
907 4259 977 4310 ad
1025 4275 1242 4311 cmnam
1278 4261 1622 4313 Dominicam
1673 4262 2088 4331 quodammodo

2166 893 2422 958 ejusdem
2441 895 2692 948 criminis
2725 897 3002 967 particeps
3021 905 3170 951 esset
3195 919 3206 958 ;
3238 901 3331 953 cui
3349 901 3539 953 statim
3553 918 3663 970 pro
3683 917 3799 954 ca;-

2166 997 2376 1034 nooum
2405 984 2740 1038 auctoritate
2760 988 3100 1055 poenitentiae
3130 988 3314 1057 legem
3336 989 3792 1043 indicebatNec

2167 1071 2345 1122 multa
2375 1073 2568 1140 post,si
2592 1082 3008 1144 compunctum,
3048 1082 3093 1129 si
3117 1077 3383 1130 humilem
3402 1085 3459 1130 et
3483 1079 3788 1148 quietum,

2168 1164 2224 1210 et
2257 1159 2488 1212 verbera
2513 1161 2735 1214 Domini
2773 1169 3112 1216 trementem
3138 1166 3484 1234 explorando-
3509 1168 3790 1221 animad-

2166 1253 2425 1310 verteret,
2467 1255 2782 1319 temperata
2827 1259 2884 1304 et
2928 1253 3147 1306 indulta
3189 1269 3426 1307 censura
3455 1271 3782 1321 canonum,

2167 1334 2337 1386 sacris
2372 1336 2644 1390 altaribus
2675 1339 3087 1400 re‘conciliabat,
3124 1342 3206 1393 ita
3236 1349 3426 1394 tamen
3459 1350 3524 1396 ut
3547 1359 3794 1396 memor

2166 1423 2247 1476 sui
2277 1423 2462 1476 delicti
2495 1442 2782 1495 nunquam
2807 1428 3272 1497 plangendoﬂere
3293 1431 3792 1486 desisteretNidin-

2166 1528 2294 1564 nius
2321 1514 2551 1567 tratrem
2596 1517 2872 1584 fragilem.
2901 1525 2958 1570 et
3003 1526 3230 1588 peracta
3271 1521 3598 1589 poenitentia
3625 1521 3788 1574 hbi-

2168 1601 2274 1652 lem
2316 1607 2371 1653 et
2397 1619 2633 1671 pronum
2665 1606 2719 1657 in
2754 1606 3010 1669 crimine,
3042 1624 3206 1676 quem
3237 1615 3301 1661 ut
3326 1609 3574 1662 animum
3605 1623 3786 1663 sum

2171 1706 2269 1759 pro
2299 1708 2396 1744 ove
2428 1700 2678 1760 poneret,
2712 1695 2766 1746 in
2798 1695 3086 1748 ecclesiam
3119 1696 3276 1749 Beati
3305 1696 3618 1756 Benedicti,
3646 1715 3792 1767 qua!

2104 1764 2435 1832 Bsecretior
2481 1788 2584 1843 est,
2631 1800 2826 1836 secum
2853 1785 3030 1848 duxit,
3063 1785 3256 1854 ibique
3303 1786 3517 1855 aliquot
3567 1764 3782 1840 diebus

2166 1885 2290 1920 cum
2324 1885 2387 1921 eo
2429 1871 2640 1937 pariter
2669 1879 2965 1925 contentus
2997 1890 3137 1940 pane
3176 1879 3233 1926 et
3262 1891 3408 1944 aqua
3431 1875 3778 1943 jejunando,

2170 1958 2502 2011 Psalterium
2530 1960 2726 2012 devote
2755 1976 2866 2013 non
2891 1961 3011 2014 sine
3041 1961 3286 2023 ﬂetibus,
3318 1968 3374 2015 et
3394 1979 3494 2031 per
3513 1963 3782 2031 singulos

2165 2063 2359 2098 versus
2386 2047 2624 2100 invicem
2673 2049 2863 2118 ﬂagris
2916 2050 3148 2103 affectus
3176 2051 3492 2120 complevit,
3525 2050 3780 2104 oblatio-

2166 2151 2408 2204 nemquo
2453 2153 2554 2205 pro
2594 2137 2834 2206 peccatis
2879 2138 3028 2191 il‘lius
3071 2138 3300 2192 demum
3333 2137 3554 2198 obtulit,
3597 2144 3660 2193 et
3694 2139 3780 2192 sic

2168 2240 2266 2293 per
2291 2223 2390 2276 Dei
2419 2225 2665 2292 gratiam
2694 2226 2856 2279 fratri
2890 2243 3000 2279 non
3041 2228 3221 2280 solum
3270 2227 3456 2281 delicti
3493 2228 3780 2298 pmteriti

2168 2312 2575 2380 indulgentiam
2619 2313 2879 2378 obtinuit,
2921 2315 3017 2367 sed
3056 2315 3233 2384 (quod
3278 2316 3459 2370 satius
3489 2317 3596 2379 est)
3627 2317 3775 2368 affe-

2168 2408 2318 2452 ctum
2361 2406 2417 2452 et
2443 2403 2784 2456 voluntatem
2811 2403 3073 2472 peccandi
3102 2405 3332 2457 ademit.
3359 2406 3630 2458 Excossus
3649 2406 3778 2474 ipse

2168 2504 2297 2541 suos
2329 2488 2592 2542 fratribus
2617 2490 3019 2560 spiritualibus,
3055 2500 3153 2545 aut
3177 2493 3317 2546 bene.
3341 2494 3487 2547 notis
3517 2494 3623 2546 sibi
3655 2495 3778 2564 epi-

2168 2577 2348 2645 scopis
2373 2594 2437 2630 ac
2467 2578 2850 2632 sacerdotibus
2872 2581 3107 2633 Romam
3123 2581 3775 2652 pergentibus,frequen-

2167 2665 2385 2716 tissime
2416 2665 2570 2718 liumi
2606 2673 2918 2735 prostratus
2943 2669 3314 2721 conﬁtebatur
3337 2686 3350 2733 ;
3376 2675 3432 2721 et
3460 2686 3657 2722 eorum
3680 2672 3774 2737 ju-

2167 2752 2313 2804 dicio
2356 2754 2838 2824 eleemosynarum
2885 2756 3275 2825 largitionibus
3313 2757 3581 2814 diluebat.
3639 2767 3774 2812 cum

2168 2840 2286 2910 ipse
2315 2842 2539 2912 proprio
2570 2846 2900 2913 corpusculo
2930 2845 3266 2898 creberrime
3315 2846 3471 2898 duris
3517 2846 3650 2900 loris
3702 2863 3772 2901 ac

2166 2930 2397 2982 nodosis
2423 2947 2601 3001 usque
2631 2932 2696 2984 ad
2730 2935 3061 3000 sanguinem
3087 2950 3194 2986 non
3225 2941 3498 3002 parceret.

2242 3017 2324 3073 12.
2353 3021 2624 3073 Emere-ilia
2652 3025 2784 3087 ejus.
2811 3021 3013 3075 Tribus
3037 3038 3134 3091 per
3157 3037 3366 3076 annum
3403 3023 3768 3093 quadragesi-

2167 3107 2271 3159 inis
2288 3106 2567 3178 [ms.quad
2578 3109 2618 3161 ri
2629 3108 2744 3179 nis]
2765 3116 2943 3162 totum
2964 3127 3165 3178 corpus
3179 3124 3358 3179 usque
3377 3111 3447 3163 ad
3467 3112 3634 3180 pedes
3649 3111 3766 3164 cili"-

2165 3194 2248 3247 cio
2273 3195 2783 3265 ambibat,jejuniis
2815 3197 3129 3250 adornabat.
3163 3199 3412 3252 Vestitus
3442 3198 3595 3250 omni
3615 3205 3764 3251 tem-

2167 3300 2301 3352 pore
2323 3285 2542 3337 cuculla
2568 3293 2626 3337 et
2652 3286 2841 3338 tunica
2867 3291 2922 3337 et
2963 3286 3104 3338 duro
3134 3286 3355 3355 cingulo
3385 3286 3757 3356 Sapercincta,

2169 3372 2318 3423 velut
2340 3372 2395 3424 in
2423 3372 2540 3425 acie
2575 3374 2806 3442 positus,
2831 3383 2990 3427 nocte
3021 3375 3353 3428 dormiebat.
3388 3376 3652 3444 Corporis
3682 3375 3762 3428 in-

2169 3461 2533 3514 ﬁrmitatibus
2562 3464 2736 3532 magis
2767 3464 3085 3516 orationum
3139 3479 3203 3514 ac
3244 3464 3588 3531 jejuniorum
3619 3463 3763 3516 anti-

2169 3550 2319 3612 doto,
2364 3566 2532 3620 quam
2573 3551 2814 3603 carnalis
2863 3551 3152 3604 medicinae
3193 3552 3380 3620 aliquo
3433 3551 3760 3604 medebatur

2170 3638 2490 3693 elcctuario,
2517 3639 3030 3707 ducensindignum
3062 3639 3391 3708 cujusquam
3424 3639 3763 3708 corpusGal-

2170 3727 2302 3778 lieni
2350 3727 2642 3780 observare
2681 3729 3032 3792 catarticum,
3079 3729 3223 3797 quod
3281 3734 3759 3781 sacramentorum

2170 3816 2355 3885 potius
2371 3817 2530 3868 decet
2551 3833 2670 3869 esse
2699 3818 3006 3870 vasculum.
3042 3816 3324 3886 Sanguine
3357 3833 3485 3869 vero
3516 3816 3762 3870 minutus

2171 3906 2405 3958 lectione
2445 3889 2669 3958 assidua
2715 3922 2903 3958 carere
2943 3922 3054 3958 non
3094 3911 3328 3975 poterat.
3385 3904 3761 3958 Peculiaribus

2171 3993 2518 4048 orationibus
2551 3994 2629 4046 ita
2655 4011 2880 4063 operam
2910 3994 3098 4061 dabat,
3131 4001 3195 4046 ut
3216 4010 3340 4047 raro
3362 4010 3607 4064 unquam
3639 4000 3759 4064 post

2172 4083 2500 4145 matutinos,
2532 4084 2615 4136 vel
2647 4084 2814 4136 etiam
2848 4084 2902 4136 in
2935 4089 3145 4136 aestate.
3175 4083 3397 4152 quando
3429 4083 3617 4135 ocellis
3633 4098 3758 4151 gra-

2170 4177 2261 4224 tus
2284 4189 2450 4242 sopor
2470 4171 3073 4242 soletirrepere,quieti
3100 4171 3434 4240 indulgeret;
3459 4171 3555 4224 sed
3577 4171 3758 4224 omnia

2172 4261 2402 4313 oratorii
2432 4261 2711 4314 circuiens
2739 4261 2958 4320 altaria.
2996 4260 3294 4329 quaesitum
3319 4260 3608 4314 nocturnis
3636 4259 3758 4330 vigi-

489 4355 762 4400 conantur
782 4365 1066 4414 excusare,
1091 4352 1289 4405 statuit
1305 4352 1583 4420 quoslibet
1603 4352 1799 4404 divites
1829 4370 1926 4405 seu
1955 4370 2087 4422 pau-
2105 4353 2155 4411 D
2173 4349 2260 4401 liis
2294 4350 2495 4402 mentis
2527 4350 2771 4417 vigorem
2794 4366 2857 4402 ac
2882 4349 3183 4418 puritatem
3207 4348 3468 4402 studebat
3487 4349 3757 4402 custodire

491 4451 652 4504 peres
685 4427 968 4506 colligere.
1005 4439 1357 4508 maximeque
1388 4458 1590 4510 pueros
1633 4441 1901 4494 nobilium
1944 4442 2086 4495 ﬁlios

492 4521 763 4588 enutrirc,
790 4532 852 4577 ut
887 4527 1156 4592 iacturam
1209 4528 1445 4596 legionis
1476 4529 1885 4599 quodammodo
1915 4530 2082 4582 dimi-

490 4619 659 4675 nutze,
695 4630 795 4666 ceu
829 4613 1003 4667 bonus
1051 4615 1180 4677 dux,
1225 4633 1366 4668 novo
1411 4617 1588 4669 milite
1635 4617 1996 4682 instauraret,
2031 4623 2087 4670 et

492 4703 709 4754 novello
776 4705 1098 4773 recentique
1165 4705 1433 4774 juvenum
1486 4708 1735 4758 examine
1797 4707 2083 4760 inventum

492 4791 674 4843 ovium
693 4808 988 4845 numerum
1011 4809 1121 4846 non
1145 4793 1308 4846 modo
1325 4794 1632 4862 supplendo
1659 4795 2087 4864 redintegraret,

492 4895 684 4932 verum
718 4880 886 4932 etiam
919 4881 1173 4949 augendo
1199 4882 1613 4950 multiplicaret.
1649 4883 1833 4952 lisque
1854 4885 2093 4954 denique

490 4968 876 5032 informandis,
914 4977 965 5021 et
997 4970 1065 5021 ad
1091 4970 1323 5021 meliora
1355 4971 1722 5040 provehendis
1752 4974 1978 5025 sedulus
2011 4973 2092 5025 in-

491 5056 676 5110 stabat
707 5057 1080 5127 przedicando,
1115 5059 1349 5126 legendo
1381 5065 1436 5110 et
1485 5061 1713 5114 orando.
1749 5078 1887 5131 opus
1921 5063 2092 5130 quod-

490 5144 646 5200 libet.
701 5163 770 5199 ne
807 5163 904 5216 per
935 5146 1108 5200 otium
1153 5153 1462 5216 torperent,
1520 5152 1846 5212 exercendo,
1895 5151 2091 5218 dignas

487 5234 617 5288 boni
653 5237 895 5305 pastoris
935 5235 1194 5288 excubias
1223 5236 1379 5305 gregi
1412 5254 1512 5289 suo
1558 5239 1842 5290 exhibens.
1876 5240 2090 5291 Duode-

489 5323 593 5376 cim
623 5325 932 5394 praesertim
983 5326 1191 5393 gradus
1239 5326 1575 5378 liun'iilitatis
1606 5338 1662 5378 et
1707 5327 2092 5395 unusquisque

491 5414 776 5466 meniorize
799 5415 1218 5468 commendaret
1239 5415 1631 5484 persuadebat,
1667 5415 1855 5467 dicens
1886 5415 2092 5467 ibidem

489 5491 762 5556 virtutum
797 5520 1074 5557 summam
1100 5515 1374 5568 constare,
1406 5506 1554 5558 unde
1586 5505 1711 5575 quis
1740 5505 1899 5557 facile
1927 5510 2098 5578 queat

490 5588 564 5640 ad
609 5591 998 5644 celsitudinem
1045 5594 1328 5647 caelestem
1366 5593 1654 5646 scandere.
1703 5592 1892 5648 Sancti
1937 5593 2098 5646 Sera-

2169 4444 2226 4490 et
2254 4454 2476 4506 augere,
2514 4439 2715 4508 spiritu
2743 4455 2948 4491 canens
2995 4438 3050 4490 in
3082 4438 3360 4492 matutino
3391 4437 3756 4492 interficiebat

2170 4543 2360 4578 omnes
2382 4533 2701 4595 peccatores
2720 4533 2901 4580 terrae.
2923 4527 3057 4579 Post
3077 4527 3505 4596 completorium
3527 4543 3652 4579 vero
3667 4527 3756 4580 diu

2169 4615 2385 4667 solebat
2414 4632 2573 4668 orare
2605 4623 2660 4668 et
2689 4616 2872 4684 legere
2902 4616 3168 4668 dicendo:
3201 4616 3263 4670 Si
3290 4617 3481 4667 dedero
3510 4632 3752 4668 somnum.

2171 4707 2497 4757 oculis-meis
2537 4709 2582 4756 ct
2623 4707 2880 4770 palpcbus
2932 4707 3061 4756 meis
3106 4706 3576 4764 dormitauonmn,
3603 4705 3754 4756 donec

2176 4796 2458 4846 iur-eniam
2491 4797 2668 4845 locum
2700 4794 2930 4845 Domino
2964 4795 3128 4856 (Psal.
3173 4806 3354 4854 CXXXI,
3391 4791 3464 4858 4).
3502 4793 3638 4844 Cum
3668 4791 3753 4844 ad-

2178 4883 2286 4934 huc
2335 4899 2513 4934 essem
2553 4880 2817 4933 imberbis
2866 4887 2921 4933 et
2967 4881 3290 4932 adolescens
3332 4896 3598 4949 sequerer
3643 4883 3753 4951 ejus

2179 4988 2304 5024 cum
2328 4970 2818 5038 lucernavestigia.
2843 4970 3087 5022 laborem
3121 4977 3339 5022 tantum
3372 4970 3680 5023 orationum
3697 4987 3754 5024 ac

2175 5059 2489 5127 vigiliarum
2525 5060 2644 5126 ejus
2686 5068 2913 5128 propter
2942 5057 3225 5109 infirmam
3252 5064 3472 5110 aetatem
3499 5058 3641 5110 ferie
3666 5075 3753 5111 ne-

2177 5147 2401 5216 quibain
2450 5146 2615 5199 Illum
2637 5152 2822 5199 tamen
2857 5146 3164 5198 indefessos
3194 5147 3472 5215 singultus
3505 5155 3561 5198 et
3589 5146 3754 5216 suspi-

2175 5237 2258 5288 ria
2293 5237 2403 5289 imo
2437 5237 2609 5289 latere
2643 5236 2815 5305 petita
2841 5242 3097 5287 emittere
3147 5235 3465 5288 audiebam.
3510 5235 3641 5298 Quis
3669 5252 3754 5288 un-

2177 5342 2344 5394 quam
2379 5343 2572 5378 senum
2607 5333 2706 5378 aut
2735 5327 3002 5394 juvenum
3035 5332 3148 5376 tam
3194 5325 3414 5376 fervens
3457 5324 3564 5378 fuit
3604 5332 3752 5394 atque

2177 5414 2437 5468 robustus
2463 5416 2516 5467 in
2544 5415 2831 5484 religione,
2863 5431 3024 5483 quem
3048 5414 3092 5466 si
3115 5431 3303 5466 secum
3328 5414 3647 5484 aliquandiu
3667 5415 3753 5467 du-

2177 5504 2766 5574 ceret,quodammodo
2798 5504 3000 5556 victum
3034 5510 3091 5556 et
3119 5504 3452 5557 exhaustum
3487 5520 3587 5556 suo
3612 5503 3751 5574 spiri-

2178 5593 2317 5648 tuali
2336 5594 2596 5648 exercitio
2617 5610 2732 5646 non
2749 5593 3011 5646 redderet
3030 5591 3053 5646 ?
3072 5592 3332 5648 Oratoria
3353 5592 3688 5658 monasterii,
3702 5597 3747 5645 et
