3934 6354
130 314 292 372 1469

1265 321 1438 376 νΙΤΑ
1472 322 1862 379 ΒΕΝΕΒΙΟΤΙ
1901 323 2060 377 ΑΕΒ.
2103 324 2301 377 CLUS.

3277 311 3422 370 M70

117 442 460 514 necessaria
489 457 722 517 quaeque
753 439 1018 517 fratribus
1037 443 1358 498 habitacula
1373 447 1648 502 mdiﬁcare
1679 458 1736 501 et
1751 447 2194 512 Atermina'ndo,
2246 445 2744 516 processionesque
2796 440 3194 512 protrahendo,
3246 445 3310 514 ut
3348 438 3420 493 ad

125 529 495 598 ampliﬁcare
540 529 880 603 decreverat.
913 531 998 584 Ad
1028 533 1175 602 quod
1225 550 1364 602 opus
1413 535 1743 606 frequentis-

120 617 302 681 sime,
351 625 622 688 sequente
659 618 894 671 fratrum
941 625 998 673 et
1039 622 1305 690 juvenum
1337 629 1577 689 caterva,
1613 643 1738 679 cum

121 706 366 759 silentio
387 707 674 778 psallendo
700 706 927 760 incurvo
957 708 1122 762 dorso
1152 727 1262 764 non
1285 711 1404 766 sine
1424 713 1626 767 sudore
1657 715 1740 768 la-

122 794 300 864 pides
333 801 394 848 et
430 803 703 850 caementa
729 795 962 850 ferebat.
1005 797 1186 852 Nemo
1209 800 1510 868 aliquando
1531 804 1736 858 ducum

121 883 510 956 aut’militum
537 880 760 938 tantum
779 885 1052 954 gloriatus
1083 893 1168 940 est
1203 887 1258 941 in
1281 890 1545 968 speciosis
1567 893 1740 948 armis

127 977 194 1025 et
222 971 467 1026 fortibus
495 973 672 1042 equis,
703 979 974 1044 quantum
1014 975 1132 1044 ipse
1159 977 1440 1044 gaudebat
1467 977 1738 1034 librorum

124 1059 321 1130 copia,
344 1057 758 1134 immortalibus
789 1068 982 1132 utpote
1011 1062 1212 1117 animae
1233 1047 1739 1137 thesauris.quibus

124 1147 456 1203 scribendis
495 1154 550 1202 et
574 1150 942 1204 emendandis
973 1151 1220 1207 instabat
1263 1153 1550 1209 laboribus
1579 1157 1736 1210 inex-

123 1237 362 1291 haustis
410 1243 466 1292 et
494 1239 753 1292 assiduis.
808 1239 1058 1306 Balneis,
1100 1241 1209 1295 nisi
1257 1237 1736 1314 supe'rfundendo,

125 1342 251 1379 non
283 1333 370 1380 est
397 1328 575 1393 lotus;
609 1343 775 1404 carne
807 1335 861 1381 et
891 1329 1078 1399 adipe,
1109 1347 1270 1404 caseo
1301 1337 1358 1385 et
1384 1333 1498 1386 ovis
1521 1351 1632 1388 non
1653 1341 1740 1388 est

124 1432 298 1480 usus,
331 1415 582 1485 quamvis
601 1415 778 1488 ipsius
807 1417 992 1471 carnis
1018 1419 1265 1473 edulium
1307 1405 1652 1489 concederet,
1685 1431 1742 1478 et

127 1505 384 1580 ipsemet
413 1504 652 1576 propriis
683 1505 941 1560 manibus
971 1515 1332 1578 praepararet,
1377 1516 1432 1564 et
1469 1511 1741 1567 incideret

127 1593 440 1646 debilibus.
466 1593 859 1656 Quotidianam
881 1594 938 1648 in
967 1595 1103 1649 cibis
1136 1597 1514 1667 frugalitatem
1549 1601 1740 1671 hujus-

127 1681 294 1736 modi
345 1681 498 1736 omni
551 1687 802 1754 tempore
833 1682 1221 1754 inconcussam
1253 1692 1443 1740 tenere
1491 1689 1726 1750 studuit,

126 1775 202 1823 ut
230 1768 434 1823 vilibus
462 1776 520 1822 et
563 1771 748 1824 minus
779 1771 1242 1826 esculentioribus
1292 1780 1461 1844 atque
1503 1757 1793 1828 insulsisB

124 1857 274 1911 cibis
307 1857 542 1911 refectus
571 1858 886 1912 satietatem
937 1877 1336 1930 usquequaque
1382 1871 1620 1928 caveret,
1655 1864 1734 1916 vi-

122 1963 272 2001 num
295 1947 439 2000 forte
466 1933 522 2020 et
545 1958 835 2001 austerum
865 1949 1024 2018 quasi
1053 1965 1327 2004 venenum
1359 1949 1594 2020 fugeret.
1631 1953 1736 2006 Be-

123 2035 346 2105 nignus
366 2041 422 2089 et
453 2018 802 2090 humillimus
827 2044 950 2090 erat
977 2037 1214 2092 subditis
1243 2045 1299 2092 et
1328 2018 1732 2106 obed'ientibus,

122 2125 407 2180 terribilis
427 2141 492 2178 ac
519 2125 672 2179 velut
698 2111 886 2196 fulgur
905 2127 1212 2197 apparebat
1232 2128 1488 2200 superbis
1509 2135 1566 2182 et
1593 2131 1734 2184 resi-

125 2213 438 2268 stentibus.

201 2301 295 2357 ‘13.
327 2305 530 2357 Auctor
551 2288 620 2380 ab
651 2321 706 2357 co
738 2291 964 2383 benigne
992 2310 1257 2374 acceptus.
1291 2291 1521 2360 Memini
1560 2314 1728 2372 certe,

125 2405 237 2444 nec
262 2407 512 2462 unquam
529 2393 718 2473 aliqua
739 2394 858 2446 dies
878 2393 1020 2447 hanc
1039 2395 1373 2448 memoriam
1392 2412 1514 2449 meo
1529 2396 1736 2451 eximet

123 2478 344 2545 animo,
386 2467 552 2550 quam
603 2467 879 2551 benignus
932 2483 1190 2536 mihimet
1247 2500 1401 2538 more
1445 2485 1521 2554 pii
1553 2485 1734 2538 Patris

127 2568 383 2622 occurrit
411 2571 709 2650 revertenti
740 2587 804 2624 ac
835 2571 1152 2650 miserrimo
1185 2561 1320 2636 ﬁlio,
1345 2559 1402 2626 et
1432 2589 1520 2626 me
1549 2573 1735 2642 fugiti-

125 2673 262 2710 vum
297 2663 370 2734 _et
407 2641 662 2736 inutilem
705 2677 949 2719 servum.
1003 2641 1410 2731 prodigumque
1457 2661 1630 2714 ﬁlium
1665 2669 1736 2736 et

126 2733 452 2800 famelicum
483 2733 627 2802 stola
675 2739 884 2810 vestiri,
925 2758 1096 2818 atque
1143 2751 1534 2803 calceamentis
1567 2733 1733 2820 pedes

130 2831 344 2887 muniri
363 2836 553 2904 jussit.
584 2835 699 2889 Nec
731 2854 816 2890 me
846 2837 996 2890 inter
1024 2839 1398 2892 mercenaries
1421 2856 1616 2908 passus
1639 2839 1732 2892 ha-

130 2921 274 2987 beri,
317 2923 374 2976 in
405 2939 700 3004 numerum
725 2925 965 2978 ﬁliorum
1011 2927 1106 2997 qui
1137 2943 1322 2980 secum
1365 2943 1588 2998 semper
1609 2922 1728 2981 fue-

129 3019 268 3065 rant
296 3013 548 3081 quamvis
577 3015 944 3080 immeritum,
985 3031 1208 3085 semper
1236 3005 1452 3084 ascivit,
1485 3022 1544 3070 et
1573 3006 1734 3070 vituli

129 3101 379 3170 saginati
401 3103 582 3178 epulis
635 3088 692 3157 et
717 3103 940 3174 gaudiis
967 3121 1077 3157 non
1109 3104 1386 3158 discrevit.
1425 3085 1581 3159 Unde
1618 3122 1730 3159 non

129 3189 419 3244 immerito
449 3179 528 3244 illi
555 3193 753 3261 ingens
773 3209 808 3246 a
828 3209 916 3246 me
937 3192 1173 3247 debetur
1199 3193 1411 3262 gratia;
1447 3200 1504 3247 et
1523 3183 1732 3265 optavi,

129 3295 468 3351 semperque
499 3268 702 3350 Optabo
726 3265 791 3334 ut
813 3283 934 3351 ejus
963 3283 1152 3335 anima
1178 3282 1402 3336 sedibus
1433 3283 1735 3352 sublimata

129 3367 676 3440 aethereisnectarea
706 3357 979 3424 suavitate
1011 3355 1068 3424 et
1095 3363 1253 3440 regni
1278 3365 1525 3442 potiatur
1547 3361 1734 3426 aucto-

131 3456 322 3532 ritate,
347 3448 442 3510 tibi
473 3459 700 3535 mesuis
728 3445 934 3513 sanctis
963 3459 1180 3513 meritis
1210 3459 1476 3530 impetret
1502 3460 1608 3514 sibi
1649 3478 1734 3516 so-

133 3544 276 3624 ciari
305 3547 537 3624 perenni
563 3554 836 3624 tempore.

328 3621 480 3688 Festa
510 3641 570 3688 ut
600 3621 1268 3711 celebrat.Smnnumpost
1293 3629 1595 3692 matutinos
1618 3655 1730 3693 non

130 3709 347 3788 probat".
381 3722 449 3777 In
496 3709 845 3801 celebrandis
892 3743 1020 3779 vero
1053 3711 1522 3798 solemnitatibus,
1559 3745 1727 3798 quam

132 3810 401 3890 festinurq
425 3829 485 3866 se
516 3799 581 3866 ac
609 3799 925 3877 strenuum,
969 3831 1032 3868 ac
1062 3815 1340 3885 spirituali
1370 3801 1576 3884 gaudio
1621 3816 1733 3870 ala-

131 3916 284 3980 crem
315 3889 400 3954 vel
430 3901 666 3980 hilarem
721 3889 1070 3976 ostendebat,
1123 3905 1248 3980 quis
1300 3893 1466 3973 digne
1523 3895 1732 3958 referre

133 3976 414 4070 sufficiat?
435 3974 621 4044 Pridie
637 3974 868 4068 quidem
890 3993 947 4045 in
971 3993 1170 4072 vigiliis
1189 3974 1733 4073 illorumlad‘modum

135 4077 242 4132 sibi
259 4077 319 4132 in
337 4075 459 4132 cib'o
475 4085 535 4150 et
555 4086 691 4151 potu
715 4097 918 4151 parcus
943 4087 1082 4144 erat,
1113 4081 1302 4134 dicens
1337 4081 1582 4152 primum
1609 4099 1736 4138 san-

135 4161 628 4246 ctiszmai'tyribus
676 4185 797 4222 esse
851 4169 1479 4252 compatiendum,‘cum
1533 4159 1735 4241 quibus

136 4257 495 4328 postmodum
529 4257 774 4338 semper
822 4257 897 4311 sit
944 4259 1269 4338 laetandum.
1323 4259 1462 4312 Exin
1515 4259 1734 4338 modico

137 4361 332 4398 somno
379 4333 728 4415 indulgebat,
783 4351 841 4400 et
878 4333 1154 4419 maturius
1199 4348 1413 4419 caeteris
1458 4365 1491 4400 a
1528 4334 1733 4402 lectulo

1825 536 1972 589 diem
2006 552 2182 606 usque
2215 533 2461 588 divinum
2495 549 2632 604 Opus
2659 521 3004 602 procederet,
3031 525 3100 582 ne
3131 522 3266 598 quid
3295 532 3424 598 post

1826 623 2130 679 matutinos
2174 623 2245 676 ad
2284 624 2494 676 lectum
2542 619 2954 674 revertentibus
3001 618 3191 671 invida
3243 617 3423 671 hostis

1823 714 1974 768 fraus
2025 713 2359 783 subriperet,
2413 711 2562 782 quod
2613 709 2889 764 castitatis
2949 707 3207 760 ﬂosculos
3253 720 3423 776 suave

1821 803 2036 857 olentes
2063 803 2357 868 adureret;
2399 809 2456 854 et
2482 799 2563 854 ita
2588 800 2836 852 solemne
2859 796 3130 867 gaudium
3160 793 3418 848 fmdando

1821 909 1854 946 a
1879 908 2037 946 sacra
2066 890 2458 944 communione
2487 888 2845 942 absterreret.

1900 981 1980 1035 l5.
2012 982 2082 1033 Dc
2117 981 2296 1032 missis
2325 983 2372 1030 et
2397 979 2782 1030 communione
2813 975 2948 1044 quid
2977 975 3258 1027 statuerit.
3291 971 3419 1025 Jam

1821 1085 1948 1122 vero
1977 1068 2037 1122 in
2062 1067 2569 1138 capitulo,quaeque
2597 1069 2760 1118 erant
2778 1061 3012 1116 dicenda
3029 1061 3085 1114 in
3107 1055 3420 1114 crastinum

1819 1157 2149 1221 differendo,
2183 1171 2294 1209 non
2327 1153 2686 1228 permittebat
2719 1152 2922 1205 fratres
2952 1165 3148 1204 vacare
3174 1148 3420 1202 multilo-

1821 1245 1980 1313 quio;
2015 1245 2112 1298 sed
2141 1249 2364 1314 peracto
2395 1259 2534 1313 puro
2578 1246 2634 1294 et
2688 1238 2996 1294 hortatorio
3041 1253 3301 1312 sermone
3347 1235 3417 1289 de

1823 1334 2141 1404 Evangelio,
2177 1339 2234 1386 et
2284 1331 2564 1386 mentibus
2591 1329 2912 1382 auditorum
2940 1327 3283 1380 sufﬁcienter
3311 1325 3416 1378 im-

1822 1437 2032 1492 presso,
2057 1420 2318 1474 monebat
2350 1426 2410 1474 ut
2437 1419 2648 1490 pariter
2665 1433 2858 1471 secum
2873 1420 3003 1469 ante
3021 1421 3270 1469 sanctam
3294 1430 3417 1468 cru-

1820 1526 1939 1563 cem
1967 1527 2089 1562 sese
2114 1509 2301 1563 cuncti
2323 1512 2762 1582 prosternerent,
2789 1512 2843 1558 et
2871 1503 3280 1574 indulgentiam
3311 1501 3418 1556 sibi

1823 1597 2138 1651 interventu
2163 1598 2340 1650 sancti
2363 1596 2509 1658 festi,
2543 1595 2688 1666 quod
2712 1593 3002 1663 agebatur,
3025 1609 3060 1644 a
3083 1592 3198 1645 Deo
3229 1596 3414 1644 atten-

1819 1687 1932 1740 tius
1951 1688 2318 1757 postularent.
2346 1685 2502 1750 Quod
2534 1682 2878 1738 unanimiter
2903 1688 2959 1735 et
2987 1697 3112 1734 cum
3145 1681 3417 1750 lacrymo-

1819 1776 1895 1829 sis
1924 1777 2183 1845 snspiriis
2209 1776 2316 1828 illis
2348 1773 2806 1844 adimplentibus,
2835 1771 3052 1842 primus
3086 1769 3206 1840 ipse
3225 1783 3418 1838 surge-

1817 1864 1932 1927 bat,
1959 1873 2012 1918 et
2041 1864 2374 1918 absolvendo
2403 1880 2516 1928 eos,
2551 1869 2823 1934 quantum
2847 1863 3084 1930 poterat,
3107 1863 3171 1912 ut
3189 1857 3260 1911 ad
3291 1857 3421 1910 mis-

1819 1971 1908 2006 sas
1954 1935 2199 2024 agendas
2227 1953 2423 2006 devote
2451 1960 2510 2005 et
2551 1949 2840 2004 humiliter
2862 1953 3333 2018 praapararentur,
3362 1951 3420 2000 et

1819 2048 2186 2096 sacrosanctae
2243 2047 2563 2094 reverenter
2612 2037 2962 2092 eucharistiaa
2994 2035 3418 2106 participarent,

1817 2131 2176 2198 hortabatur;
2210 2129 2562 2183 sacerdotum
2594 2129 2781 2182 autem
2813 2126 3003 2180 nullus
3019 2131 3150 2178 ante
3168 2140 3416 2178 commu—

1816 2237 1944 2274 nem
1983 2207 2344 2282 oblationem,
2403 2203 2468 2272 ut
2512 2217 2786 2288 privatam
2831 2214 3060 2268 missam
3105 2219 3320 2284 ageret,
3381 2227 3418 2266 a

1816 2297 1984 2361 choro
2043 2309 2356 2373 secederet;
2407 2291 2504 2360 sed
2556 2321 2668 2359 uno
2726 2304 3032 2374 eodemque
3071 2307 3326 2372 tempore
3354 2301 3418 2355 in

1817 2403 2174 2466 conspectum
2197 2395 2404 2449 summi
2427 2379 2526 2448 Dei
2549 2380 2791 2448 oblaturi
2823 2393 2881 2446 in
2913 2393 3142 2446 odorem
3163 2391 3413 2445 suavita-

1816 2486 1888 2540 tis
1917 2466 2245 2539 accederent
2283 2483 2735 2554 Eleemosynario
2759 2487 2981 2553 quoque
2999 2496 3270 2552 pauperes
3295 2495 3418 2533 οων-

1818 2592 1916 2629 nes
1949 2565 2005 2628 et
2025 2575 2274 2646 hospites
2299 2573 2512 2643 largius
2541 2573 2705 2626 solito
2745 2589 2811 2626 ea
2842 2572 2930 2625 die
2962 2586 3215 2625 recreare
3236 2569 3414 2640 impe-

1817 2648 1991 2726 rabat,
2027 2681 2154 2718 cum
2185 2647 2425 2734 ipsemet
2467 2663 2833 2716 nihilominus
2865 2661 3012 2714 inter
3050 2661 3172 2730 ipsa
3219 2659 3417 2712 missa-

1815 2771 1939 2807 rum
1973 2753 2245 2806 solemnia
2273 2753 2430 2822 gregi
2464 2769 2768 2823 pauperum
2799 2752 2866 2804 ad
2899 2769 2958 2804 se
2989 2748 3294 2803 conﬂuenti
3323 2765 3416 2820 pe~

1815 2843 1991 2896 cuniee
2021 2843 2324 2911 largiretur
2354 2839 2814 2910 munera.Itaque
2833 2839 3092 2892 omnibus
3113 2837 3411 2892 exstructis

1815 2936 1872 2984 et
1897 2930 2167 2983 ordinatis
2198 2947 2261 2982 ex
2290 2929 2838 3000 sententia,qualiter
2866 2936 2921 2981 et
2961 2921 3128 2998 quam
3156 2942 3410 3000 reveren-

1815 3005 2042 3072 dissilne
2069 3019 2138 3071 ad
2169 3019 2348 3072 sancti
2379 3017 2701 3086 archangeli
2722 3003 3009 3071 Michaelis
3031 3014 3408 3068 venerandum

1814 3093 2012 3176 altare,
2043 3107 2132 3162 cui
2152 3123 2264 3160 non
2297 3113 2430 3178 puto
2455 3107 2512 3160 in
2541 3107 2676 3182 orbe
2715 3104 2951 3180 reperiri
2981 3094 3184 3166 simile,
3217 3119 3406 3174 proce-

1815 3183 1981 3248 debat
2009 3181 2066 3248 et
2109 3195 2332 3247 astabat
2374 3211 2499 3248 cum
2542 3181 2716 3247 electo
2755 3192 3141 3245 ministrorum
3193 3189 3410 3254 ordine,

1814 3285 1974 3354 cujus
2006 3282 2421 3353 quantumlibet
2451 3282 2646 3336 diserti
2676 3266 2996 3351 eloquentia
3028 3273 3209 3332 valeat
3227 3277 3410 3348 expri-

1815 3353 2000 3426 mere?
2037 3353 2153 3442 Ego
2189 3371 2451 3424 nimirum
2485 3371 2670 3435 (liceat
2699 3369 3004 3424 concedere
3030 3369 3200 3429 veris)
3225 3367 3413 3422 obstu-

1801 3447 2066 3532 pefactus
2094 3461 2151 3514 in
2179 3461 2284 3514 hac
2308 3467 2468 3530 parte
2494 3459 2710 3513 delicio.
2746 3443 2853 3512 Sed
2884 3474 2954 3512 ne
2983 3463 3203 3511 reatum
3234 3455 3417 3510 incur-

1815 3565 1958 3611 ram,
1981 3549 2028 3602 si
2059 3549 2128 3602 de
2149 3554 2308 3602 tanta
2331 3565 2390 3602 re
2413 3547 2636 3618 penitus
2659 3547 2888 3609 siluere,
2907 3563 3018 3600 non
3040 3547 3416 3615 totum,prout

1812 3637 1920 3692 vidi
1940 3647 1996 3691 et
2025 3637 2224 3698 sentio,
2257 3637 2353 3690 sed
2387 3643 2668 3706 utcunque
2699 3636 2842 3706 quod
2869 3651 3116 3704 possum,
3154 3634 3406 3704 eloquor.

1813 3727 1953 3782 Cum
1983 3727 2132 3780 enim
2158 3725 2345 3778 «livina
2371 3724 2777 3778 tremebundus
2803 3729 2997 3793 ageret
3027 3722 3318 3793 mysteria,
3353 3727 3410 3776 et

1813 3816 1872 3869 in
1918 3800 2141 3868 modum
2183 3813 2364 3867 crucis
2413 3829 2479 3866 ex
2523 3829 2678 3866 more
2727 3812 2900 3866 tentis
2943 3811 3185 3864 brachiis
3242 3818 3300 3864 et
3352 3811 3412 3864 in

1814 3894 2017 3958 caelum
2051 3892 2244 3957 deﬁxis
2297 3907 2488 3978 staret
2519 3887 2826 3970 obtutibus,
2859 3901 3118 3978 perfusus
3153 3900 3414 3970 Iacrymis

1815 3995 1995 4068 ipsam
2025 3993 2374 4046 divinitatem
2404 3973 2696 4044 videbatur
2723 3975 3088 4068 contemplari
3131 3989 3368 4044 vicinius
3397 4007 3409 4044 :

1819 4063 1875 4134 et
1923 4086 2077 4134 totus
2126 4079 2328 4132 ardens
2387 4095 2596 4142 amore,
2652 4077 2782 4131 imis
2839 4063 3090 4132 funditus
3130 4077 3416 4132 concussis

1817 4168 2142 4235 visceribus,
2167 4169 2316 4221 inter
2346 4167 2576 4238 angelos
2600 4173 2788 4220 mente
2816 4167 3200 4244 translatus,si
3229 4165 3312 4244 fas
3331 4151 3418 4221 est

1817 4255 1948 4323 dici,
1971 4273 2082 4310 non
2107 4259 2226 4328 jam
2247 4257 2416 4313 homo
2443 4247 2592 4309 credi
2621 4261 2859 4326 poterat,
2885 4241 2984 4309 sed
3009 4254 3240 4325 spiritus
3257 4241 3316 4308 et
3335 4262 3417 4320 (ut

1817 4361 1952 4414 pace
1977 4352 2298 4398 sanctorum
2326 4329 2526 4408 dicam)
2549 4343 2960 4415 quodammodo
2989 4343 3134 4397 alter
3158 4344 3412 4416 angelus.

137 4448 392 4513 surgens,
441 4433 499 4486 in
555 4433 809 4513 oratione
863 4417 1283 4515 aliquantisper
1341 4420 1726 4506 pernoctabat.
1747 4427 1796 4484 D
1817 4432 1908 4486 ita
1935 4423 2098 4487 verus
2121 4429 2221 4488 Dei
2243 4433 2500 4515 minister
2514 4432 2878 4504 semetipsum
2905 4439 3085 4513 totum
3116 4449 3218 4513 per
3235 4433 3418 4504 cordis

138 4522 292 4601 Tunc
319 4521 503 4576 denuo
514 4539 638 4601 cum
667 4522 932 4576 fratribus
952 4523 1182 4601 laudum
1203 4524 1386 4578 ofﬁcia
1406 4525 1487 4577 ita
1505 4531 1733 4578 strenue

139 4595 505 4689 persolvebat,
529 4595 593 4689 ut
629 4612 778 4689 inter
807 4595 1036 4689 angelos
1073 4613 1290 4682 positus
1337 4613 1538 4689 divina)
1563 4613 1735 4689 maje-

140 4684 266 4770 stati
299 4684 1080 4772 credereturastare.Videres
1101 4701 1259 4755 illum
1281 4684 1351 4754 ad
1383 4685 1733 4772 psallendum

142 4792 196 4864 et
213 4775 528 4864 canendum
566 4771 668 4841 sua
697 4773 910 4858 liquida
949 4772 1006 4842 et
1043 4790 1194 4843 clara
1227 4807 1354 4844 voce
1378 4791 1622 4862 reliquos
1648 4806 1730 4842 ex-

142 4859 330 4936 citare,
365 4891 436 4928 ne
463 4875 588 4944 quis
614 4865 808 4930 eorum
831 4894 1026 4931 somno
1057 4885 1350 4946 marceret,
1379 4863 1574 4932 sedilia
1607 4895 1735 4932 cum

143 4963 366 5017 lucerna
389 4962 650 5042 circuire;
684 4963 924 5040 delectos
947 4973 1004 5042 et
1025 4965 1266 5046 humiles
1305 4973 1581 5032 cantores,
1617 4967 1736 5037 qui-

145 5053 241 5106 bus
271 5069 371 5106 vox
393 5040 540 5106 esset
560 5051 898 5108 modulatior
925 5040 996 5108 ad
1025 5040 1358 5128 canendum,
1385 5063 1441 5110 et
1460 5040 1529 5110 ad
1550 5057 1734 5126 legen-

145 5131 273 5197 dum
303 5143 580 5196 doctiores
619 5133 960 5225 praeponere,
999 5144 1138 5198 adeo
1182 5151 1246 5198 ut
1274 5147 1477 5200 chorus
1507 5164 1570 5198 eo
1598 5162 1734 5216 prae-

147 5237 298 5303 sente
333 5249 444 5285 non
482 5240 673 5301 egeret
699 5232 806 5286 alio
839 5233 978 5286 duce
999 5250 1095 5286 seu
1130 5242 1487 5304 praecentore.
1505 5235 1736 5304 Egomet

145 5321 290 5374 hisce
329 5308 504 5374 oculis
545 5305 751 5384 notavi,
787 5339 912 5376 cum
945 5329 1210 5393 peracuta
1241 5331 1298 5376 et
1335 5323 1576 5376 altisona
1605 5339 1734 5376 voce

149 5409 200 5463 in
221 5397 664 5490 proclessionibus
693 5399 969 5464 cantando
1012 5392 1302 5482 jubilaret,
1337 5412 1614 5485 lacrymas
1637 5405 1734 5484 per

151 5499 264 5568 ejus
299 5483 406 5580 ora
431 5575 434 5580 _
456 5483 649 5563 iluere,
677 5485 824 5570 quod
855 5500 1064 5578 paucis,
1115 5489 1172 5554 et
1212 5500 1317 5554 nisi
1348 5485 1735 5572 spiritualibus

151 5603 268 5641 reor
294 5604 457 5658 posse
484 5589 826 5656 contingere.
861 5588 1204 5644 Observabat
1241 5597 1430 5644 autem
1470 5589 1737 5644 lectiones

1817 4515 2209 4576 contritionem
2243 4507 2358 4592 Deo
2397 4521 2729 4576 incendebat
2772 4521 2831 4574 in
2851 4507 3264 4584 holocaustum,
3296 4523 3416 4592 ipse

1817 4627 1936 4673 ara,
1993 4591 2115 4689 ipse
2168 4590 2428 4665 sacerdos
2459 4617 2582 4664 erat
2625 4597 2680 4689 et
2707 4609 3063 4664 sacriﬁcium.
3115 4611 3414 4689 Recolebat

1819 4681 2094 4770 siquidem
2121 4716 2504 4769 saepenumero
2519 4683 2666 4770 quod
2695 4699 2775 4753 ait
2804 4700 2999 4754 beatus
3031 4699 3416 4771 Gregoriusde

1819 4789 1923 4842 hoc
1961 4793 2118 4840 tanto
2169 4789 2435 4856 mysterio
2487 4791 2718 4858 (Dialog.
2777 4790 2869 4842 lib.
2915 4803 2988 4853 Iv,
3047 4805 3091 4842 c.
3141 4784 3226 4851 58,
3275 4787 3412 4858 59);

1827 4897 1852 4928 α
1878 4877 2186 4930 Penscmus
2234 4877 2398 4945 quale
2446 4879 2518 4932 sit
2556 4895 2656 4950 pro
2696 4878 2856 4933 nobis
2905 4879 3009 4932 hoc
3051 4877 3411 4954 sacriﬁcium,

1819 4963 1966 5038 quoii
2001 4981 2098 5032 pro
2145 4963 2499 5020 absolutione
2556 4979 2750 5022 nostra
2796 4968 3113 5038 passionem
3137 4966 3412 5037 unigeniti

1815 5049 1939 5137 Filii
1964 5042 2060 5106 Dei
2081 5068 2302 5122 semper
2321 5052 2592 5107 imitatur.
2615 5055 2750 5119 Quis
2770 5056 2921 5137 enim
2944 5055 3191 5137 ﬁdelium
3207 5055 3414 5110 habere

1815 5133 2047 5218 dubium
2066 5143 2243 5213 possit
2263 5143 2317 5195 in
2338 5142 2459 5212 ipsa
2481 5143 2884 5200 immolationis
2906 5133 3043 5200 hora
3059 5133 3128 5201 ad
3158 5146 3410 5200 sacerdo-

1819 5233 1888 5286 tis
1901 5249 2087 5286 vocem
2119 5232 2286 5285 caelos
2308 5231 2532 5302 aperiri,
2549 5232 2604 5284 in
2631 5233 2725 5286 illo
2746 5234 2879 5288 Jcsu
2909 5235 3119 5289 Christi
3143 5235 3407 5306 mysterio

1819 5311 2144 5392 angelorum
2161 5320 2344 5374 choris
2381 5320 2593 5373 adesse.
2619 5323 2855 5376 summis
2875 5323 2989 5376 ima
3001 5319 3222 5388 sociari,
3243 5330 3414 5378 terre-

1817 5428 1890 5464 na
1914 5408 2233 5484 coelestibus
2258 5409 2441 5478 jungi.
2476 5425 2648 5462 unum
2681 5409 2813 5478 quid
2837 5427 2899 5463 ex
2916 5411 3220 5467 visibilibus
3247 5411 3416 5484 atque

1817 5483 2188 5553 invisibilibus
2210 5481 2366 5550 ﬁeri?
2391 5497 2496 5552 Sed
2529 5513 2753 5574 necesse
2785 5505 2870 5551 est
2893 5505 2971 5561 ut,
2994 5517 3121 5554 cum
3153 5502 3271 5556 haec
3299 5499 3420 5574 agi-

1819 5585 1965 5656 mus,
1997 5577 2372 5657 nosmetipsos
2401 5587 2517 5640 Deo
2554 5572 2613 5640 in
2643 5586 2827 5640 cordis
2859 5588 3170 5643 contrition
3191 5608 3222 5644 e
3251 5572 3433 5646 macte
