3934 6362
496 323 624 377 14Τ1

1545 330 1907 383 WILLELMI
1948 330 2316 386 CLUSIENS.
2359 332 2683 387 MONACH.

3627 320 3772 377 1472

495 465 653 516 mus;
688 451 822 520 quia
850 452 944 520 qui
988 455 1261 521 passionis
1292 455 1592 508 Dominica)
1639 456 1906 525 mysteria
1938 456 2233 516 celo-Aac
2275 457 2589 510 circuiendo
2641 455 2896 526 providet
2939 453 3148 516 omnia,
3200 450 3429 520 cupiens
3473 449 3650 509 varia,
3706 453 3775 499 ut

493 536 742 604 bramus,
776 539 1044 594 debemus
1067 542 1274 595 imitari
1317 546 1462 613 quod
1493 545 1729 613 agimus.
1764 546 1919 598 Tunc
1952 563 2083 613 ergo

494 643 624 678 vero
658 645 755 696 pro
785 629 942 680 nobis
978 631 1087 682 Deo
1123 632 1302 684 hostia
1334 635 1458 695 erit,
1512 651 1634 685 cum
1669 650 1768 685 nos
1801 635 1950 702 ipsos
1982 634 2082 684 ho-

497 715 660 768 stiam
693 717 902 769 fecerit.
938 719 1006 770 Et
1036 721 1270 772 ﬁdenter
1298 722 1437 784 dico,
1475 723 1603 792 quia
1634 724 1866 775 salutari
1899 724 2082 775 hostia

495 811 621 873 post
653 817 888 858 mortem
919 824 1028 860 non
1060 809 1450 877 indigebimus,
1481 811 1525 863 si
1576 819 1705 863 ante
1744 813 1856 865 Deo
1901 815 2085 868 hostia

499 892 604 962 ipsi
654 894 944 948 fuerimus.
1007 899 1337 951 Benedictus
1384 917 1515 968 ergo
1560 901 1761 969 quibus
1811 904 2084 957 Dominici

499 983 745 1050 corporis
777 985 1086 1052 portionem
1110 987 1384 1048 tradebat,
1421 990 1604 1042 vultus
1636 1007 1826 1043 eorum
1851 998 1906 1044 et
1927 1010 2085 1046 men-

498 1075 601 1133 tes,
651 1080 817 1137 prout
861 1080 980 1126 erat
1027 1076 1302 1144 possibile,
1351 1078 1728 1147 inspiciebat:
1760 1086 1815 1132 et
1849 1081 1893 1132 si
1948 1100 2084 1151 quos

497 1159 726 1212 minime
757 1171 1118 1232 compunctos
1149 1172 1245 1217 aut
1292 1166 1550 1235 indignos
1581 1169 2078 1235 animadvertebat.

497 1265 530 1300 a
560 1253 894 1304 sacramenti
925 1254 1215 1323 participio
1254 1257 1516 1308 continuo
1560 1261 1798 1310 arcebat.
1826 1260 1959 1322 Quis
1989 1263 2084 1314 de-

499 1339 666 1408 nique
697 1349 912 1410 potens,
945 1350 1038 1396 aut
1071 1347 1351 1398 szecularis
1380 1348 1639 1416 qureliliet
1672 1366 1924 1417 persona,
1947 1352 2085 1405 festo

498 1427 587 1480 die
617 1429 795 1482 virum
830 1432 941 1483 Deo
973 1433 1223 1486 deditum
1272 1442 1327 1487 et
1374 1437 1596 1489 lectioni
1638 1445 1942 1500 vacantem,
1980 1441 2086 1495 nisi

496 1518 710 1584 grande
752 1525 806 1571 et
836 1519 1153 1574 inevitabile
1199 1531 1426 1592 urgeret
1455 1526 1760 1593 negotium,
1795 1531 2086 1582 extrahere

499 1623 530 1658 a
561 1608 817 1662 claustris
849 1614 1104 1679 poterat?
1131 1632 1152 1664 υ

577 1695 658 1750 16.
688 1699 751 1751 In
781 1699 928 1752 hunc
959 1701 1130 1768 igitur
1160 1703 1382 1756 modum
1420 1705 1696 1758 solemnes
1723 1708 1861 1761 dies.
1894 1725 1956 1760 ac
1987 1726 2084 1778 po-

499 1785 778 1839 tissimum
813 1788 986 1857 ipsius
1021 1790 1234 1843 Domini
1290 1799 1345 1845 et
1393 1793 1739 1848 intemeratae
1788 1797 2086 1850 Genitricis

504 1874 623 1942 ejus
643 1875 781 1928 festa
802 1878 1072 1947 colebat,q
1084 1896 1206 1931 uam
1219 1881 1297 1932 vis
1320 1883 1373 1933 in
1395 1883 1649 1951 profestis
1673 1902 1733 1936 ac
1749 1886 2084 1954 quotidianis

499 1962 693 2016 diebus
725 1982 756 2016 a
781 1968 1074 2019 missarum
1102 1969 1470 2022 celebratione
1488 1988 1704 2024 cessare
1729 1974 1961 2027 minime
1984 1993 2084 2027 no-

495 2059 669 2104 verat.
698 2054 996 2109 Dominicaa
1018 2074 1237 2126 quoque
1256 2060 2080 2128 Annuntiatiouis.Nativitatis,

499 2139 969 2211 Circumcisionis,
988 2147 1386 2214 Apparititmis,
1410 2149 1465 2200 in
1495 2151 1762 2218 templum
1786 2152 2088 2205 Praesenta-

499 2229 686 2294 tionis,
723 2234 1048 2301 parentibus
1087 2236 1341 2289 exhibitas
1389 2239 1768 2306 subjectionis,
1802 2240 2082 2309 baptismi,

493 2319 716 2387 jejunii,
755 2330 958 2375 sanctze
983 2325 1326 2380 tentationis.
1363 2334 1416 2378 et
1437 2329 1700 2396 angelicae
1729 2330 2086 2383 ministratio-

498 2407 601 2464 nis,
664 2426 763 2461 nec
812 2428 920 2464 non
980 2420 1036 2464 et
1091 2415 1498 2482 praedicationis
1551 2434 1613 2468 ac
1667 2417 2081 2481 miraculorum,

498 2495 1029 2566 Transﬁgurationis
1049 2501 1262 2560 itidem,
1284 2505 1562 2556 Passionis
1583 2510 1639 2557 et
1666 2507 2084 2564 mortis.Resur-

505 2585 782 2644 rectionis,
833 2590 1202 2644 Ascensionis.
1260 2592 1756 2663 Advocationisque
1786 2603 1838 2648 et
1888 2614 2086 2650 secun-

501 2673 631 2725 dum
658 2684 1000 2746 assumptum
1038 2678 1207 2729 totius
1236 2688 1434 2732 nostra}
1466 2683 1767 2735 salutifera)
1803 2684 2088 2753 dispensa-

500 2762 670 2814 tionis
695 2766 1017 2818 memoriam
1045 2767 1291 2835 quotidie
1314 2786 1450 2838 pura
1472 2771 1762 2822 devotione
1789 2773 2082 2839 recolebat,

501 2857 557 2903 et
585 2853 992 2922 quinquaginta
1023 2857 1264 2924 psalmos
1300 2858 1444 2909 inter
1492 2859 1599 2911 ista
1648 2868 1774 2929 apte
1823 2863 2085 2930 patiendo

501 2955 622 2991 cum
654 2942 975 3010 antiphonis
1005 2945 1266 3013 congruis
1300 2953 1355 2998 et
1402 2947 1645 3000 collectis
1691 2949 2079 3002 intercinebat.

574 3029 654 3081 17.
690 3032 926 3096 Hospites
945 3036 1141 3099 excipit
1166 3039 1222 3085 ul
1255 3037 1561 3089 (ςἸοιηζςΙιιφη.
1596 3035 1673 3088 De
1703 3037 2084 3106 hospitalitate

498 3121 684 3168 autem
737 3118 884 3170 illius
936 3120 1175 3188 plurima
1207 3122 1389 3175 dicere
1422 3141 1890 3192 snpervaraneum
1934 3128 2087 3179 duxi-

500 3221 642 3264 mus,
673 3208 829 3275 cujus
856 3225 914 3260 re
946 3217 1113 3277 atque
1144 3211 1484 3278 experientia
1511 3213 1585 3264 ita
1618 3214 1792 3267 factus
1811 3217 2087 3285 estincly-

498 3299 612 3350 tus.
662 3300 725 3347 ut
763 3298 1104 3362 singularem
1160 3300 1399 3367 palmam
1457 3302 1605 3353 illius
1659 3304 1773 3354 suis
1812 3304 2086 3358 obtineret

498 3385 862 3451 temporibus,
897 3386 1164 3456 ﬁeretque
1196 3405 1294 3457 per
1332 3406 1453 3442 eam
1487 3392 1700 3443 cunctis
1732 3393 1789 3444 in
1839 3394 2086 3446 Romano

498 3470 611 3523 fere
642 3473 772 3524 orbe
804 3475 1135 3543 degentibus
1167 3477 1398 3529 celebris
1441 3496 1504 3530 ac
1543 3481 1881 3534 notissimus.
1918 3484 2078 3542 Nam,

499 3561 760 3629 quoniam
786 3563 1020 3615 hilarem
1044 3567 1288 3617 (latorem
1315 3568 1498 3633 diligit
1523 3570 1888 3636 Deus(llt-'or.
1915 3585 1987 3632 1X,
2010 3570 2080 3636 7),

499 3641 729 3702 mtiltam
752 3652 920 3703 animi
943 3670 1003 3704 ac
1024 3655 1278 3706 vultusin
1311 3656 1549 3709 adventu
1577 3658 1854 3726 hospitum
1881 3661 2082 3712 alacri-

497 3744 668 3790 tatem
700 3741 1026 3808 przeferebat
1052 3761 1062 3806 ;
1085 3750 1140 3794 et
1160 3751 1288 3795 tunc
1317 3746 1654 3812 permaxime
1678 3747 1940 3800 divinitus
1962 3767 2082 3801 sese

500 3827 705 3880 visitari
731 3836 781 3881 et
811 3831 1220 3899 quodammodo
1247 3832 1548 3885 beatiﬁcari
1579 3836 1847 3896 crederet,
1865 3839 2084 3905 quoties

495 3931 603 3967 non
636 3934 779 3969 unus
811 3926 1028 3971 tantum
1065 3921 1283 3989 hospes,
1305 3921 1396 3973 sed
1436 3923 1594 3975 multi
1627 3924 1790 3975 simul
1827 3942 2085 3993 superve-

495 4005 721 4058 nissent.
765 4009 918 4059 llanc
968 4009 1153 4079 itaque
1208 4016 1321 4061 tam
1380 4011 1662 4063 liberalem
1716 4013 2083 4066 humanitatis

493 4095 732 4161 gratiam
783 4113 904 4148 cum
958 4099 1125 4150 nullis
1183 4099 1483 4166 cujuslibet
1511 4101 1731 4167 generis
1766 4103 2081 4155 hominibus

500 4183 804 4251 denegaret
842 4187 1162 4238 domesticis
1187 4189 1308 4239 lidei
1345 4190 2078 4259 praesertimacperegrinis.

493 4272 637 4324 sicut
669 4275 988 4342 praecipitur
1029 4277 1253 4344 speciali
1286 4285 1341 4327 et
1365 4279 1674 4330 humillimo
1696 4281 1915 4333 allectu.
1941 4281 2084 4333 sicut

2168 547 2389 601 dicitur.
2425 545 2649 599 fastidia
2697 545 2915 596 vincere
2946 558 3120 594 coena.
3155 541 3428 593 Procurat
3477 539 3648 591 etiam
3694 552 3774 589 ne

2165 643 2328 706 turpe
2385 636 2547 698 toral,
2604 652 2672 686 ne
2725 633 2946 686 sordida
3003 648 3205 700 mappa
3256 634 3516 696 corruget
3572 643 3768 679 nares.

2169 725 2466 793 Splendeat
2500 731 2560 775 ut
2590 725 2760 780 focus,
2799 721 3156 790 scyphorum,
3190 719 3369 770 lancis
3407 723 3463 770 et
3501 714 3769 768 canthari

2168 815 2377 866 munda
2425 813 2691 882 supellex.
2727 812 3016 863 Postremo
3048 808 3140 877 qui
3193 807 3408 876 pridem
3456 805 3561 858 sibi
3594 819 3770 872 asper

2169 911 2289 955 erat
2319 909 2374 955 et
2403 919 2620 971 parcus,
2650 898 3036 969 participando
3085 913 3288 948 mensae
3334 894 3618 964 hospitum
3663 892 3767 944 be-

2169 992 2336 1061 nigne
2358 991 2601 1044 solvebat
2623 989 2856 1058 hospitis
2881 987 3150 1048 animum,
3167 992 3223 1037 et
3237 990 3505 1054 praesente
3530 998 3771 1050 sponso,

2168 1083 2416 1150 ineptum
2435 1079 2666 1150 putabat
2679 1085 2734 1130 et
2747 1078 2820 1146 inj
2831 1084 3017 1129 ustum
3033 1092 3253 1127 scrvare
3267 1073 3490 1126 solitum
3514 1072 3767 1141 rigorem

2164 1172 2534 1239 jejuniorum;
2559 1175 2684 1238 post
2700 1183 2892 1219 eorum
2917 1167 3220 1218 discessum
3247 1177 3686 1231 recompensans
3705 1159 3766 1211 in

2170 1260 2515 1314 districtione
2571 1256 2947 1318 continentia-3,
2997 1254 3262 1324 quidquid
3341 1251 3526 1304 minus
3592 1249 3766 1301 solito

2168 1351 2416 1419 ipsorum
2455 1364 2623 1401 causa
2675 1347 2857 1399 fuerat
2903 1343 3215 1403 actitatum,
3258 1339 3563 1393 secundum
3608 1337 3766 1406 quod

2169 1439 2437 1507 scriptum
2488 1443 2621 1488 est:
2667 1437 2788 1488 Non
2838 1437 3064 1500 possunt
3104 1435 3366 1497 jejimarc
3418 1431 3524 1495 ﬁlii
3573 1430 3768 1493 sponsi

2169 1529 2421 1596 quondm
2455 1543 2579 1577 cum.
2611 1527 2726 1576 illis
2755 1528 2831 1574 est
2861 1538 3122 1589 sponsus;
3165 1523 3382 1572 rcm'cnt
3415 1522 3597 1570 autem.
3621 1517 3758 1568 (lies.

2171 1618 2390 1684 quando
2419 1617 2708 1680 au/‘crclur
2736 1614 2804 1663 ab
2842 1615 2916 1664 eis
2944 1627 3169 1676 sponsus
3202 1615 3249 1660 et
3273 1605 3764 1674 luncjejunabunt

2176 1709 2361 1760 (Marc.
2389 1720 2450 1765 II,
2483 1703 2588 1766 19).
2623 1705 2776 1757 Inter
2806 1701 2999 1770 epulas
3025 1700 3193 1768 ipsas,
3220 1702 3406 1749 amoto
3429 1695 3622 1764 procul
3645 1709 3767 1745 Otii-

2109 1769 2226 1849 Bni
2259 1796 2516 1864 strepitu,
2547 1801 2642 1846 aut
2675 1792 2837 1844 lectio
2859 1791 2978 1843 sola
3008 1804 3291 1849 resonare,
3323 1792 3440 1844 aut,
3478 1790 3540 1836 ut
3568 1783 3764 1835 laetum

2169 1894 2359 1954 ageret
2407 1885 2710 1938 convivam.
2745 1880 3050 1946 iucundum
3082 1879 3149 1929 de
3178 1876 3343 1928 rebus
3373 1871 3766 1943 spiritualibus

2167 1975 2502 2043 colloquium
2540 1973 2676 2025 ﬁeri.
2705 1971 2849 2033 Quid
2886 1970 3044 2038 plura
3062 1968 3084 2018 L7
3111 1969 3284 2034 Large
3313 1964 3425 2016 illis
3450 1979 3549 2031 per
3569 1959 3770 2012 omnia

2170 2063 2580 2134 suppeditanth
2622 2059 2952 2128 indigentia,
2989 2057 3213 2109 credere
3246 2071 3303 2107 se
3337 2053 3563 2105 reficere
3594 2048 3766 2102 Chri-

2170 2161 2338 2206 stum.
2370 2151 2673 2204 secundum
2731 2147 2866 2199 illud
2918 2145 3303 2215 propheticum
3339 2160 3349 2192 :
3401 2143 3517 2194 [lace
3547 2140 3766 2205 requies

2171 2259 2306 2299 mea,
2336 2243 2536 2305 rcﬁcile
2576 2242 2783 2289 lassum.
2814 2238 3182 2292 tl.vai'.xxv11!,
3223 2231 3320 2294 1‘2).

2237 2327 2306 2383 '18
2359 2328 2649 2380 Enimvero
2676 2325 2930 2376 videntur
2951 2322 3174 2392 quidam
3198 2321 3433 2389 implere
3462 2315 3760 2369 charitatis

2169 2419 2410 2472 ofﬁcium
2444 2415 2732 2469 serviendo
2782 2413 3092 2482 hOSpitilius
3124 2427 3221 2479 per
3259 2409 3486 2460 biduum
3520 2413 3620 2458 aut
3649 2405 3755 2457 tri-

2168 2509 2360 2560 duum.
2426 2504 2756 2558 Benedictus
2803 2518 2927 2554 cum
2989 2517 3082 2552 eos
3140 2514 3324 2550 secum
3367 2495 3604 2548 haberet
3659 2509 3765 2562 per

2169 2597 2383 2665 aliquot
2414 2610 2630 2647 menses
2661 2609 2756 2644 seu
2781 2598 3001 2648 tempus
3031 2605 3260 2641 annum.
3295 2587 3449 2657 quin,
3471 2593 3535 2638 ut
3563 2600 3760 2637 verum

2170 2686 2366 2738 fatear.
2393 2682 2680 2734 biennium
2712 2681 2792 2732 vel
2825 2679 3150 2741 triennium,
3184 2675 3494 2728 exhibendo
3518 2681 3632 2726 tam
3666 2673 3765 2741 ip-

2170 2774 2247 2825 sis
2279 2789 2442 2842 qaam
2474 2771 2630 2840 equis
2661 2786 2851 2821 eorum
2888 2785 2949 2820 ac
2971 2766 3196 2819 famulis
3226 2765 3293 2816 ad
3329 2780 3490 2816 usum
3525 2778 3764 2832 quaeque

2169 2869 2330 2915 erant
2361 2860 2692 2921 necessaria,
2728 2874 2837 2910 non
2872 2856 3196 2908 mutabatur
3239 2870 3340 2906 nec
3391 2851 3760 2904 minuebatur

2169 2968 2300 3016 erga
2331 2967 2424 3002 eos
2456 2950 2606 3019 prior
2643 2947 3064 3009 benevolentia;
3119 2943 3211 2996 sed
3255 2942 3648 2994 inconcussum
3707 2945 3766 2991 et

2171 3040 2430 3093 eumdem
2461 3054 2662 3106 gerens
2713 3037 2983 3089 animum.
3034 3034 3252 3102 qualem
3298 3029 3589 3082 charitatis
3621 3029 3763 3081 affe-

2171 3137 2318 3183 ctum
2347 3131 2752 3180 monstraverat
2770 3125 2824 3176 in
2852 3122 3174 3193 primordio.
3193 3121 3361 3172 talem
3389 3125 3445 3170 et
3464 3117 3764 3171 ferventio-

2171 3235 2286 3270 rem
2318 3215 2549 3284 gerebat
2579 3216 2634 3267 in
2679 3222 2947 3265 extremo.
3007 3212 3074 3264 Et
3118 3227 3187 3263 ne
3223 3216 3443 3261 tantum
3478 3207 3767 3259 videretur

2172 3307 2277 3359 illis
2310 3307 2571 3376 prodesse
2603 3305 2658 3356 in
2687 3301 2988 3359 alimentis,
3025 3299 3293 3369 quosdam
3326 3296 3572 3349 vestibus
3605 3296 3766 3347 valde

2171 3393 2348 3448 bonis.
2381 3392 2538 3462 quasi
2560 3392 2672 3443 suis
2700 3390 2890 3442 usibus
2914 3386 3258 3457 praeparatis.
3286 3383 3488 3436 vestire
3526 3381 3765 3452 quibus-

2167 3482 2292 3534 dam
2317 3498 2487 3550 equos
2509 3481 2737 3540 donare,
2754 3479 2988 3530 aliorum
3009 3475 3221 3528 loculos
3241 3472 3486 3525 nummis
3503 3471 3761 3539 implere;

2169 3571 2450 3622 nonnullis
2477 3585 2622 3628 vero,
2658 3567 2751 3636 qui
2784 3565 3041 3617 omnibus
3079 3565 3162 3616 his
3193 3561 3475 3615 carebant.
3514 3566 3612 3612 aut
3645 3560 3764 3612 suis

2169 3660 2334 3711 rebus
2367 3657 2581 3714 nudati,
2615 3654 3032 3724 depraedatiun
3062 3653 3117 3704 in
3144 3652 3341 3703 itinere
3370 3649 3614 3704 fuerant.
3647 3649 3765 3700 haec

2167 3748 2354 3800 omnia
2375 3746 2536 3799 simul
2562 3744 2920 3813 largiebatur;
2949 3751 3003 3795 et
3033 3742 3108 3794 ita
3138 3741 3319 3793 denuo
3353 3740 3458 3791 laeti
3489 3755 3552 3790 ac
3580 3738 3761 3791 Deum

2166 3837 2555 3888 benedicentes
2587 3842 2754 3902 atque
2787 3835 2908 3901 ejus
2940 3831 3147 3883 famulo
3176 3836 3364 3898 grates
3395 3835 3626 3896 agentes
3659 3827 3763 3878 d0-

2167 3923 2828 3994 mumregrediebantur.
2880 3919 3100 3973 Debiles
3154 3934 3373 3988 quoque
3413 3925 3468 3970 et
3527 3916 3762 3969 diutinis

2167 4032 2266 4082 per
2292 4014 2432 4066 viam
2468 4011 2830 4080 languoribus
2860 4009 3043 4061 :ill'ecti
3076 4007 3448 4067 enitebantur,
3482 4015 3759 4075 quantum

2167 4109 2442 4168 poterant,
2470 4108 2531 4153 ut
2564 4100 2630 4151 ad
2672 4097 3068 4150 monasterium
3106 4096 3485 4164 pertingerent
3517 4106 3760 4162 quanto-

2165 4193 2300 4246 cius.
2318 4191 2460 4261 quiid
2487 4190 2621 4242 certi
2643 4196 2801 4241 erant
2818 4203 2938 4238 esse
2957 4186 3111 4255 quasi
3136 4186 3350 4254 asylum
3377 4200 3436 4235 ac
3461 4200 3760 4236 commune

2165 4281 2574 4350 receptarulum
2605 4277 2852 4329 omnium
2889 4276 3236 4326 miserorum.
3258 4273 3405 4334 Quos
3437 4273 3606 4324 Pater
3637 4290 3761 4326 san-

493 4360 597 4429 ipsi
633 4363 851 4414 (‘hristo
925 4381 1046 4416 cum
1105 4366 1256 4417 omni
1312 4368 1618 4419 reverentia
1679 4369 2026 4421 deserviebat
2066 4390 2074 4422 :
2107 4377 2287 4453 “ctus
2321 4368 2610 4435 benignius
2649 4364 3005 4418 retocillabat.
3043 4380 3353 4432 corpusque
3384 4378 3600 4419 eorum,
3636 4364 3760 4431 plu-

496 4466 730 4518 quorum
783 4453 1106 4520 frequenter
1147 4455 1462 4514 multitudo,
1497 4458 1759 4524 quoniam
1816 4459 1968 4510 locus
2025 4459 2078 4511 in

497 4538 746 4591 Romano
775 4541 973 4593 itinere
1005 4550 1088 4594 est
1129 4544 1358 4612 positus,
1395 4546 1595 4613 oppido
1638 4546 1783 4597 fessa
1822 4557 1877 4597 et
1915 4547 2084 4599 lassa-

497 4626 682 4680 bunda
733 4629 798 4681 ad
850 4648 974 4682 eum
1007 4633 1338 4686 conﬂuebat.
1379 4634 1474 4685 His
1515 4634 1775 4687 nimirum
1812 4642 2082 4704 quotquot

497 4724 657 4769 erant
698 4719 940 4788 episcopi
982 4738 1078 4772 seu
1139 4722 1450 4773 cardinales
1498 4724 1729 4775 ltomani
1757 4764 1768 4782 ,
1830 4726 2082 4777 canonici

497 4822 733 4875 quoque,
762 4809 989 4860 abbates
1005 4816 1060 4861 et
1087 4811 1363 4870 monachi,
1393 4821 1682 4880 postquam
1703 4813 1769 4865 de
1790 4831 1940 4866 more
1958 4832 2082 4866 cum

496 4895 759 4949 fratribus
783 4899 934 4950 omni
961 4899 1142 4950 officio
1175 4898 1462 4950 charitatis
1483 4902 1831 4964 occurrisset,
1868 4919 2083 4972 praepa-

491 4992 615 5038 rata
635 4987 952 5038 habitacula.
972 4995 1028 5038 et
1045 4988 1321 5057 tapetibus
1344 4989 1685 5042 sufficienter
1705 4998 1879 5044 strata
1898 4992 2084 5061 singu-

493 5075 1105 5144 lisaptedistribuebat,
1133 5085 1185 5128 et
1213 5077 1498 5129 ministros
1523 5079 1690 5130 lectos
1713 5097 1775 5131 ac
1801 5088 2078 5143 strenuos,

494 5166 587 5234 qui
619 5166 686 5218 ad
721 5174 918 5218 nutum
948 5183 1170 5234 semper
1204 5168 1437 5219 astando
1461 5170 1750 5234 servirent,
1777 5170 1884 5222 illis
1915 5171 2083 5239 depu-

491 5255 646 5307 tabat
697 5256 819 5323 lpse
853 5271 980 5307 vero
1014 5256 1159 5307 velut
1193 5257 1503 5309 succinctus
1536 5259 1752 5327 hospes,
1781 5260 1886 5310 huc
1928 5259 2083 5312 illuc-

492 5362 598 5414 que
629 5344 972 5407 cursitando,
1004 5351 1255 5413 tempore.
1294 5346 1510 5413 prandii
1544 5346 1790 5398 on'u'iium
1828 5349 2081 5399 mamhus

490 5452 691 5503 aquam
755 5433 1046 5486 infundere
1096 5434 1340 5486 festinat.
1411 5436 1618 5486 Dehinc
1686 5436 2077 5504 pulmentatia,

489 5530 651 5590 prout
672 5525 940 5590 cujusque
962 5524 1303 5592 propositum
1333 5532 1433 5578 est.
1458 5525 1676 5592 copiose
1700 5525 2083 5576 administrari

486 5611 660 5674 jubet.
695 5610 839 5678 Ipse,
871 5628 937 5663 ne
959 5613 1045 5663 cui
1069 5613 1281 5680 aliquid
1313 5614 1474 5673 desit,
1496 5614 1780 5667 ministros
1805 5615 2078 5678 hortatur,

2167 4458 2305 4509 rima
2338 4457 2650 4509 valetudine
2674 4463 3047 4512 attenuatun'u,
3068 4449 3486 4503 delicatioribus
3516 4450 3657 4502 cibis
3679 4457 3759 4502 at-

2167 4564 2273 4616 que
2305 4564 2405 4599 usu
2434 4546 2758 4597 balneorum
2793 4559 2966 4611 usque
2999 4540 3303 4596 recreabat.
3324 4539 3499 4590 donec
3515 4539 3586 4590 ad
3619 4542 3757 4608 pris-

2169 4636 2345 4687 tinum
2372 4633 2770 4686 incolumitatis
2793 4639 3002 4683 statum
3026 4647 3118 4681 eos
3145 4629 3460 4689 reduceret;
3487 4635 3540 4680 et
3563 4628 3640 4680 sic
3664 4647 3756 4682 eos

2167 4742 2266 4776 suo
2294 4723 2491 4775 viatico
2514 4728 2569 4774 et
2596 4720 2979 4773 benedictione
3002 4719 3258 4770 sulfultos
3279 4717 3760 4787 dimitteret,pr:e-

2167 4814 2324 4882 cipue
2358 4813 2539 4872 illos,a
2568 4810 2771 4879 quibus
2804 4807 3092 4877 priesentis
3119 4805 3306 4858 saeculi
3326 4805 3758 4858 retributionem

2169 4903 2377 4954 nullam
2406 4906 2673 4969 speraret.

2245 4991 2320 5044 l‘J.
2359 4991 2608 5042 Praesens
2640 4987 2866 5039 aderam
2914 5001 3037 5036 cum
3071 4984 3244 5035 frater
3300 4983 3548 5053 quidam,
3600 4987 3759 5052 cujus

2166 5097 2367 5133 nomen
2403 5078 2642 5148 prudens
2663 5084 2953 5145 przctereo,
2978 5080 3106 5126 ante
3140 5074 3361 5126 Patrem
3396 5073 3757 5127 Benedictum

2166 5171 2331 5223 venit.
2365 5175 2421 5221 et
2452 5167 2694 5234 maligno
2727 5164 2929 5216 mentis
2960 5181 3072 5216 sua)
3090 5162 3290 5231 spiritu
3325 5162 3558 5214 inﬂatus
3589 5181 3759 5232 super

2166 5259 2446 5327 hospitum
2478 5253 2809 5324 frequentia,
2845 5270 2909 5305 eo
2963 5253 3106 5321 quod
3157 5252 3480 5303 viderentur
3507 5252 3609 5304 sibi
3645 5270 3756 5306 mo-

2165 5345 2392 5398 nasterii
2422 5345 2559 5395 bona
2592 5361 2821 5412 qumque
2850 5343 3162 5401 absumere,
3201 5341 3278 5394 ita
3310 5341 3581 5393 audacter
3607 5342 3753 5410 apud

2169 5453 2293 5487 eum
2329 5440 2661 5502 cunquestus
2693 5441 2836 5483 estza
2873 5432 3014 5493 de
3049 5431 3256 5482 esthoc
3281 5431 3425 5499 quod
3452 5429 3752 5498 vosagitis‘?

2168 5542 2334 5591 quam
2371 5523 2438 5574 ob
2492 5539 2604 5573 rem
2653 5521 2902 5572 omnium
2963 5537 3147 5572 rerum
3184 5529 3503 5571 nostrarum
3537 5520 3750 5588 copiam

2167 5614 2372 5681 ignotis
2396 5619 2450 5664 et
2480 5611 2704 5663 advenis
2731 5619 2845 5661 tam
2868 5610 3164 5662 afﬂuenter
3185 5626 3247 5661 ac
3278 5626 3377 5678 per
3403 5610 3583 5661 multa
3610 5615 3750 5660 tem-
