3934 6356
151 345 294 402 1473

1263 338 1433 393 VITA
1472 335 1853 390 BENEDICTI
1893 337 2052 389 ABB.
2101 335 2302 391 CLUS.
3281 343 3343 399 14

3352 342 3418 400 74

145 487 289 540 pora
317 469 674 539 dilapidando
706 465 1395 537 dispergitisLEquumne
1416 461 1568 512 vobis
1601 460 2101 520 vide-Aseveritas
2143 461 2313 514 animi
2361 462 2416 514 in
2462 463 2584 531 ejus
2639 469 2871 516 venusto
2920 471 2976 517 et
3027 466 3208 534 gratia
3254 471 3418 538 pleno

142 566 244 612 tur
269 567 326 612 et
357 560 634 626 integrum
661 565 721 610 ut
751 557 884 626 ipsis
904 556 1111 624 optime
1129 571 1191 605 ac.
1214 551 1497 621 splendide
1522 551 1754 618 epulan-

143 649 322 706 tibus,
350 666 448 700 nos
472 665 768 718 perrerum
797 645 1129 698 utendarum
1161 642 1404 710 inopiam
1431 640 1751 691 deficientes

141 755 250 790 ceu
313 737 548 790 famelici
599 736 912 788 esuriamus
935 736 957 785 ’ἶ
1016 733 1171 786 Sicut
1224 749 1254 782 a
1303 729 1555 782 veridicis
1602 735 1750 780 certe

140 827 485 895 accepimus.
519 833 571 877 et
618 825 719 894 ipsi
769 823 1147 892 experimento
1209 820 1582 889 probavimus,
1639 834 1748 869 non

140 915 359 967 habent
381 915 614 967 aliorum
634 914 1095 965 monasteriorum
1113 909 1341 962 abbates
1366 906 1747 975 hujuscemodi

140 1020 318 1067 usus;
345 1003 440 1055 sed
473 1003 517 1054 si
548 1001 671 1071 quis
697 1002 761 1053 ad
794 1019 886 1053 eos
919 999 1264 1068 vespertinus
1300 998 1498 1065 hospes
1516 996 1750 1047 advene-

143 1093 240 1154 rit,
272 1100 374 1144 aut
403 1091 637 1144 discedit
672 1091 727 1142 in
757 1090 1084 1148 crastinum,
1113 1094 1228 1144 aut,
1253 1093 1313 1138 ut
1333 1086 1750 1148 multum,forte

144 1189 409 1233 moratur
441 1198 537 1250 per
568 1180 818 1232 biduum.
850 1179 961 1229 Vos
990 1185 1176 1230 autem
1220 1176 1295 1228 nil
1329 1175 1603 1227 credendo
1658 1174 1752 1225 ho-

143 1270 392 1338 spitibus
428 1276 634 1328 actum,
660 1285 786 1320 cum
817 1268 948 1336 quid
977 1266 1220 1335 supersit
1250 1265 1550 1333 agendum,
1586 1262 1748 1331 quid-

142 1359 281 1427 quid
317 1359 684 1426 undecunque
715 1357 1007 1408 corradere
1043 1354 1291 1424 potestis.
1324 1353 1529 1405 eisdem
1586 1351 1750 1403 nimis

142 1464 327 1515 prono
345 1447 528 1499 favore
567 1445 997 1515 sen'iperlargiri
1028 1461 1136 1496 non
1159 1443 1405 1495 cessatis.
1440 1461 1464 1492 »
1498 1442 1748 1508 Cumque

144 1536 285 1588 talia
317 1536 481 1588 verba
529 1535 779 1587 nesciens
817 1553 880 1586 ac
915 1533 1284 1604 pusillanimis
1307 1530 1748 1582 murmuratione

143 1625 413 1694 turgidus
452 1625 1096 1680 difﬁdenterevomeret,
1143 1622 1222 1672 vir
1270 1621 1464 1678 bonus,
1519 1625 1580 1671 ut
1629 1625 1749 1670 erat

144 1715 307 1767 mitis
338 1713 792 1784 atqueplaridus,
818 1712 884 1764 ad
919 1712 1137 1778 singula
1160 1711 1277 1777 ejus
1310 1708 1748 1760 mordariadicta

145 1803 292 1855 nihil
333 1804 482 1856 aliud
501 1819 668 1872 quam
694 1802 842 1853 illam
867 1800 1099 1870 apostoli
1124 1799 1509 1851 auctoritatem
1535 1796 1751 1848 studuit

145 1908 468 1960 opponere:
519 1893 816 1957 llovpitalev
861 1893 1089 1942 inrierm
1141 1891 1258 1939 sine
1305 1889 1748 1938 murmm‘ulionc

148 1984 198 2046 (Ι
237 1986 373 2033 i-‘ctr.
416 1999 482 2034 IV.
511 1981 581 2036 9,4.
607 1980 764 2033 Unde
795 1979 1029 2046 contigit
1059 1984 1119 2030 ut
1154 1984 1267 2029 tam
1300 1975 1476 2028 sancti
1510 1974 1746 2044 apostoli

147 2069 506 2129 auctoritate,
542 2086 707 2138 quam
744 2068 1024 2137 patientiae
1058 2067 1232 2136 ipsius
1293 2065 1520 2117 lenitate
1579 2064 1752 2114 frater

147 2159 420 2218 devictus,
457 2174 738 2227 nunquam
789 2157 1050 2225 deinceps
1095 2155 1405 2226 proriperet
1461 2154 1516 2205 in
1565 2158 1749 2205 tantos

147 2249 475 2301 diffidentiae
508 2249 586 2299 vel
623 2248 985 2316 impatientize
1016 2262 1204 2297 ausus.

226 2340 312 2392 ‘20.
352 2337 690 2406 Pl‘1'OSCI‘lptlS
740 2337 928 2404 itaque
974 2335 1195 2404 pietatis
1245 2340 1300 2386 et
1353 2330 1747 2384 misericordiae

151 2427 436 2498 operibus.
467 2443 702 2496 quorum
763 2426 930 2476 odore
988 2423 1191 2491 ubique
1260 2422 1550 2490 flagrabat,
1606 2420 1749 2472 sicut

151 2535 290 2586 ager
317 2517 511 2586 plenus
537 2514 620 2567 cui
657 2514 935 2566 benedixit
979 2511 1520 2568 Dominus,dilectus
1573 2511 1748 2561 factus

152 2617 239 2659 est
271 2607 384 2659 Deo
417 2613 471 2657 et
519 2603 872 2658 hominibus:
933 2603 1069 2653 adeo
1122 2609 1181 2653 ut
1232 2601 1407 2653 beatre
1467 2599 1748 2651 memoria}

154 2713 298 2766 papa
331 2695 655 2760 Gregorius,
707 2698 1024 2744 sam-torum
1058 2707 1332 2744 canonum
1363 2690 1664 2741 suscitator
1693 2695 1746 2738 et

151 2793 341 2836 custos
368 2783 781 2851 integerrimus,
817 2781 909 2850 qui
942 2798 1039 2849 pro
1069 2780 1205 2845 legis
1239 2779 1333 2830 Dei
1396 2778 1629 2830 veritate
1680 2776 1748 2828 ab

154 2873 396 2925 llem'ico
452 2872 662 2941 perfido
717 2888 844 2936 rege
903 2877 957 2921 et
1008 2868 1342 2920 Simoniaco.
1379 2875 1435 2919 et
1479 2866 1751 2918 Guiberto

153 2961 527 3014 lueresiarcha
568 2960 882 3030 apostolicze
920 2958 1066 3010 sedis
1108 2957 1359 3009 invasere
1425 2956 1748 3007 innurneros

1774 1740 1810 1796 ll

1838 552 2008 610 vultu,
2043 552 2214 619 signis
2238 551 2561 602 decentibus
2611 553 2954 621 erumpendo
3012 557 3331 624 apparebat,
3366 567 3422 612 et

1834 641 2462 709 formoszeegrcgizeque
2510 658 2758 708 persona)
2816 643 3064 710 speciosa
3123 651 3421 712 proceritas

1833 732 2128 800 imperiose
2160 751 2380 801 semper
2409 740 2464 784 et
2495 733 2699 801 ubique
2727 735 3024 797 eminebat,
3059 745 3122 790 ut
3149 741 3423 808 aspicien-

1833 820 1972 872 tium
2006 823 2192 873 oculos
2223 823 2288 872 ad
2319 821 2623 872 honestatis
2654 825 3017 876 reverentiam
3035 833 3087 878 et
3104 828 3423 883 Deicultum

1833 926 1942 961 non
1970 910 2148 961 solum
2183 910 2460 971 invitaret,
2493 911 2585 962 sed
2620 910 2786 962 etiam
2818 914 3082 967 traheret.

1903 998 1989 1052 “2|.
2022 1002 2385 1052 [’rioi'atusut
2445 1003 2648 1051 risital.
2696 1000 2918 1052 Fratres
2974 1012 3160 1057 autem
3220 1009 3313 1078 qui
3367 1009 3424 1064 in

1832 1089 1985 1140 cellis
2020 1089 2340 1140 monasterii
2373 1088 2592 1157 longius
2634 1088 2930 1156 degebant,
2965 1099 3019 1144 et
3060 1112 3298 1163 quorum
3344 1099 3424 1152 illi

1833 1194 1966 1229 cura
1983 1187 2104 1230 erat
2128 1179 2386 1238 maxima,
2414 1181 2754 1240 visitaturus,
2779 1183 2831 1234 in
2853 1182 3044 1251 prin'iis
3065 1203 3420 1256 summopere

1834 1267 2158 1335 providebat
2186 1274 2397 1320 tantam
2432 1271 2699 1326 librorum
2729 1275 2942 1343 c0piam
2972 1293 3156 1328 secum
3182 1277 3420 1338 deferre,

1832 1371 1952 1423 quze
1986 1373 2159 1425 usque
2182 1357 2249 1408 ad
2291 1358 2529 1412 reditum
2563 1363 2816 1416 sufficere
2858 1372 3042 1434 posset
3081 1365 3184 1418 sibi
3214 1368 3426 1421 comiti-

1833 1444 2045 1513 busque
2067 1446 2132 1497 ad
2161 1454 2376 1514 pastum
2409 1449 2626 1503 animae.
2663 1453 2882 1506 Positus
2912 1471 3038 1506 vero
3088 1455 3143 1506 in
3201 1456 3420 1523 itinere,

1834 1550 1932 1602 per
1960 1535 2173 1602 aliquot
2223 1537 2402 1589 horas.
2441 1538 2761 1608 priusquam
2821 1543 2888 1594 ab
2946 1543 3186 1612 hospitio
3226 1546 3418 1607 exiret,

1833 1640 1955 1674 cum
1980 1624 2096 1674 suis
2125 1625 2341 1676 lectioni
2367 1631 2664 1680 vacareAd
2687 1631 2887 1698 quodsi
2913 1631 3052 1684 forte
3073 1635 3422 1688 szeeularium

1831 1713 2108 1764 tumultus
2155 1714 2420 1770 officeret.
2474 1716 2526 1768 in
2576 1719 2838 1786 pomeriis
2868 1720 3066 1772 domus
3107 1739 3202 1774 seu
3253 1723 3426 1776 vineis

1834 1801 2010 1851 locum
2027 1802 2266 1854 amicum
2283 1804 2452 1872 quieti
2470 1807 3178 1876 seligere,prmstolzthtibus
3193 1815 3424 1882 (deteris,

1832 1889 2044 1941 consilii
2069 1892 2267 1958 agendi
2305 1893 2380 1943 vel
2410 1895 2694 1961 cujUslibe:
2747 1897 2822 1948 rei
2859 1899 3164 1951 occasione.
3214 1902 3285 1952 At
3334 1900 3425 1953 ubi

1833 1995 1958 2029 eum
1993 1985 2214 2030 ventum
2242 1983 2451 2032 eratad
2493 1983 2610 2034 loca
2661 2003 2894 2053 quorum
2955 1988 3134 2055 gratia
3193 1990 3420 2056 exierat,

1832 2066 2062 2118 fratrum
2097 2069 2263 2119 vitzun
2318 2076 2374 2120 et
2420 2071 2684 2130 actiones,
2719 2075 3020 2126 secundmn
3072 2078 3419 2146 pr0phetam,

1830 2154 2088 2207 fodiendo
2123 2157 2386 2224 parietem
2416 2159 2697 2228 inquirere
2721 2171 2774 2214 et
2804 2163 3164 2217 subtilissime
3215 2167 3424 2221 exami-

1831 2260 1966 2296 nare
1996 2247 2303 2314 satagebat,
2351 2256 2406 2300 et
2447 2250 2868 2304 instructionem
2909 2255 3423 2326 correctionemque

1833 2336 2203 2387 necessariam
2251 2336 2698 2397 sulmiinistrare.
2739 2343 2995 2396 Claustra
3045 2362 3140 2396 seu
3197 2354 3425 2400 czeteras

1831 2425 2116 2492 regulares
2146 2426 2393 2478 officinas
2425 2427 2602 2481 facere
2629 2448 2722 2482 eos
2767 2433 3151 2500 compellebat,
3198 2436 3424 2504 quibus-

1830 2512 1956 2564 dam
1993 2515 2411 2582 pauperioribus
2437 2517 2502 2569 ad
2539 2518 2637 2570 hoc
2667 2532 3072 2590 opussumths
3104 2524 3418 2592 prtebendo,

1830 2600 2072 2668 seipsum
2108 2619 2414 2671 pauperare
2443 2606 2632 2664 voluit.
2683 2616 2782 2661 aut
2839 2627 2936 2678 per
2987 2627 3044 2662 se
3099 2612 3422 2666 aaliﬁc'ando

1833 2703 2081 2747 moratus
2103 2698 2391 2765 est,quoad
2417 2699 2546 2750 illud
2573 2718 2736 2768 opere
2759 2703 3426 2771 complevit.llortabatur

1835 2799 2169 2852 magnopere
2202 2802 2268 2836 ne
2303 2785 2411 2838 bini
2449 2795 2664 2840 tantum
2699 2798 2795 2841 aut
2823 2792 2983 2842 terni.
3018 2800 3116 2844 aut
3145 2802 3291 2846 certe
3314 2795 3428 2847 sin-

1831 2873 1946 2939 guli
1973 2883 2259 2925 manentes
2283 2892 2432 2927 more
2453 2878 2866 2930 Sarabaitarum
2893 2881 3094 2933 vellent
3113 2881 3309 2947 vivere;
3328 2885 3425 2936 sed

1832 2978 2052 3030 semper
2072 2963 2162 3030 huj
2177 2964 2468 3016 usmodi.si
2486 2967 2601 3017 ﬁeri
2621 2975 2822 3035 posset,
2851 2984 3144 3020 numerum
3161 2973 3427 3024 exceden-

153 3068 450 3121 pel‘pessus
481 3058 564 3102 est
597 3049 1041 3118 persecutionum
1076 3047 1337 3115 impetus.
1369 3045 1483 3097 SUiS
1512 3062 1636 3097 eum
1671 3045 1749 3096 sic
1772 3099 1811 3128 ρ
1831 3056 1931 3106 tes,
1959 3053 2096 3102 etad
2126 3054 2523 3105 monasterium
2548 3073 2641 3107 seu
2668 3056 2734 3107 ad
2753 3057 2988 3110 cellasin
3012 3057 3425 3128 quibusmajori

154 3141 446 3193 attolleret
476 3157 538 3191 ac
566 3141 772 3191 foveret
806 3138 1116 3190 litterarum
1155 3133 1750 3187 consolationibus.“-

153 3247 314 3282 scera
345 3237 662 3281 sanctorum
723 3227 1117 3295 requieverunt
1149 3242 1246 3294 per
1293 3231 1375 3282 te;
1404 3224 1592 3276 frater.
1627 3224 1752 3275 llzee

153 3320 221 3370 de
255 3319 376 3388 ejus
403 3317 782 3386 hospitalitate
815 3317 958 3368 dicta
991 3315 1288 3367 sufliciant.
1324 3315 1482 3365 Nunc
1514 3314 1581 3364 de
1614 3329 1752 3381 pau—

153 3425 350 3478 perum
375 3424 508 3459 cura
531 3414 586 3457 et
612 3405 975 3472 eleemosynis
1007 3405 1123 3471 ejus
1153 3402 1338 3470 paucis
1371 3419 1622 3470 agamus,
1661 3418 1754 3453 cu-

147 3499 244 3565 jus
276 3503 390 3548 tam
425 3496 720 3548 vehemens
751 3494 829 3544 illi
862 3500 981 3544 erat
1011 3493 1278 3545 studium.
1315 3500 1377 3543 ut
1420 3508 1545 3542 cum
1598 3493 1752 3542 nefas

155 3593 401 3656 putaret,
437 3585 480 3636 si
513 3602 679 3654 penes
703 3602 760 3635 se
792 3583 1021 3635 alterius
1056 3582 1300 3651 pecuniae
1339 3581 1544 3648 aliquid
1581 3581 1634 3632 in
1671 3580 1751 3632 lo-

154 3677 295 3728 culis
325 3675 558 3727 haberet
590 3673 956 3727 reconditum.
995 3672 1206 3723 ferebat
1239 3678 1426 3722 tamen
1467 3687 1636 3738 super
1693 3686 1750 3720 se

156 3782 382 3834 seraper
409 3765 776 3833 eleemosyizze
806 3779 1053 3818 censum,
1093 3778 1158 3813 ne
1190 3761 1411 3830 quando
1445 3776 1649 3813 vacuus
1684 3757 1752 3809 ab

157 3874 222 3907 eo
255 3854 438 3907 redire
473 3861 655 3922 posset
685 3852 887 3921 aliquis
939 3867 1266 3920 pauperum.
1317 3851 1379 3901 lit
1425 3848 1675 3916 quamvis
1724 3864 1756 3898 a

156 3960 258 3997 suo
284 3942 645 4002 monasterio,
683 3949 743 3994 ut
774 3942 916 3992 alter
955 3939 1246 4000 Martinus,
1281 3937 1439 3992 facile
1469 3937 1588 3989 erui
1645 3953 1755 3988 non

159 4041 378 4104 posset;
414 4032 458 4083 si
477 4040 663 4084 tamen
697 4029 1059 4082 existentibus
1090 4028 1270 4080 causis
1298 4027 1365 4079 de
1413 4033 1601 4078 monte
1659 4025 1756 4077 de-

158 4122 467 4180 scenderet,
494 4121 866 4189 eleemosyna,
903 4118 1043 4169 sicut
1071 4117 1337 4184 scriptum
1371 4123 1473 4177 est,
1512 4131 1754 4184 quocun-

159 4229 265 4282 que
295 4210 409 4262 ibat
436 4211 490 4262 in
519 4226 685 4261 manu
707 4208 856 4260 illius
878 4207 1150 4269 sudabat;
1187 4213 1460 4274 quatenus
1478 4205 1598 4273 ejus
1621 4204 1755 4256 assi-

159 4303 266 4354 dua
304 4299 600 4367 largitione
624 4297 978 4367 quotidianos
1013 4295 1308 4347 mandaret
1336 4311 1624 4359 excessus;
1661 4294 1755 4362 qui

159 4392 480 4460 frequenter
501 4388 680 4440 solent
709 4386 952 4454 irrepere
975 4385 1121 4437 curis
1152 4384 1438 4435 familiaris
1463 4383 1538 4435 rei
1571 4400 1633 4435 ac
1665 4400 1756 4435 ne-

158 4479 325 4548 gotiis
369 4475 742 4534 saecularibus.
783 4476 906 4527 Jam
960 4491 1084 4525 vero
1143 4479 1296 4525 extra
1354 4472 1752 4524 monasterium

163 4568 393 4637 positus,
433 4566 664 4618 tutelam
699 4570 755 4616 et
797 4580 987 4615 curam
1037 4562 1350 4625 viduarum,
1386 4561 1756 4631 pupillorum-

163 4675 266 4726 que
291 4662 348 4709 et
369 4655 768 4724 orpl'ianorum.
804 4652 898 4721 qui
931 4669 1043 4704 sua:
1076 4652 1321 4703 ecclesia)
1374 4650 1518 4719 juris
1575 4655 1754 4713 erant,

162 4747 229 4799 ad
251 4763 308 4798 se
340 4743 692 4814 potissimum
729 4742 1008 4810 pertinere
1039 4741 1258 4805 aiebat;
1295 4746 1348 4792 et
1405 4757 1473 4792 ne
1517 4740 1754 4807 alicujus

163 4834 422 4888 violentia
478 4832 953 4902 opprimerentur.
1015 4829 1176 4882 anxie
1226 4830 1565 4898 providebat.
1600 4829 1754 4882 Vidi-

164 4940 286 4976 mus
342 4939 487 4992 Stepe
536 4938 661 4973 cum
713 4921 858 4972 inter
901 4919 1118 4988 judices
1182 4920 1610 4988 compelleretur
1675 4937 1756 4971 se-

163 5013 310 5076 dere,
379 5009 594 5080 ipsique
653 5009 914 5061 causidici
961 5009 1177 5075 linguas
1237 5016 1502 5060 acuerent
1541 5008 1749 5071 litibus,

164 5101 393 5153 tacitum
454 5100 620 5150 finem
683 5097 760 5150 rei
812 5103 1253 5166 exspectantem,
1289 5102 1344 5147 et
1392 5096 1612 5155 librum,
1647 5114 1754 5166 quo

164 5206 350 5242 carere
377 5205 486 5240 non
520 5194 755 5256 poterat,
784 5204 892 5256 prie
915 5186 1168 5238 manibus
1197 5185 1512 5254 habentem,
1532 5187 1753 5238 lectioni

165 5278 340 5347 magis
371 5293 596 5346 Operam
621 5275 773 5336 dare,
800 5275 973 5326 donec
997 5274 1048 5325 in
1068 5273 1251 5342 placiti
1271 5273 1418 5325 exitu
1443 5275 1754 5327 necessario

165 5366 371 5437 aliquid
414 5365 739 5417 decerneret
778 5367 876 5415 aut
905 5361 1325 5415 determinaret.
1363 5362 1496 5423 Quis
1547 5370 1754 5415 morta-

164 5457 294 5510 lium
322 5457 377 5508 in
410 5456 534 5524 ejus
567 5452 859 5524 przesentia
904 5451 1122 5520 nugari,
1172 5459 1269 5504 aut
1324 5452 1510 5520 inepte
1568 5453 1758 5505 ludere

166 5546 466 5600 discinctus
496 5550 558 5595 ut
591 5559 761 5612 nepos
793 5547 1174 5611 praisumeret,
1203 5557 1428 5593 excusso
1451 5541 1566 5592 risu
1587 5541 1758 5594 disso-

166 5638 316 5690 lutus
363 5637 463 5688 aut
500 5632 653 5702 turpi
706 5629 1082 5683 scurrilitate?
1135 5630 1288 5682 Adeo
1348 5629 1642 5698 integritas
1703 5636 1760 5683 et

1834 3140 1969 3191 ordo
2000 3141 2325 3194 servabatur
2354 3143 2659 3211 diligentia.
2695 3145 2888 3198 crebro
2923 3154 3268 3200 recurrentes
3301 3149 3425 3201 ani-

1837 3245 2052 3280 marum
2087 3247 2313 3282 suarum
2340 3232 2503 3283 saluti
2525 3233 2756 3286 sollicite
2777 3235 3130 3288 consulerent
3175 3237 3430 3291 Obtesta-

1837 3316 2001 3369 batur
2028 3335 2128 3387 per
2158 3320 2460 3383 Christum,
2490 3338 2557 3374 ne
2593 3323 2902 3375 Simoniaca
2932 3325 3285 3394 aliquatenus
3316 3328 3428 3380 ha:-

1837 3406 1944 3458 resi
2031 3408 2434 3476 polluerentur,
2505 3428 2834 3482 sunnnaque
2889 3414 3257 3468 detestatione
3334 3434 3428 3469 eos

1835 3494 2189 3556 abhorrebat,
2228 3497 2317 3565 qui
2352 3515 2449 3565 pro
2479 3499 2726 3558 decimis,
2755 3501 2836 3552 vel
2864 3502 3430 3572 ecclesiisadipiscen-

1835 3581 1939 3638 dis.
1965 3583 2110 3635 sicut
2133 3585 2300 3635 moris
2332 3603 2449 3636 esse
2475 3587 2688 3639 solebat
2718 3588 3051 3656 quibusdam
3114 3592 3422 3656 monachis,

1835 3670 1918 3721 vel
1944 3671 2106 3724 unius
2138 3672 2278 3724 oboli
2304 3673 2542 3741 pretium
2573 3675 2890 3742 largiretur.

1908 3759 1995 3816 “3'3.
2030 3765 2227 3814 .lbscn.v
2249 3780 2280 3814 (1
2312 3765 2426 3813 suis
2458 3765 2819 3816 (icxz'tlerufm'.
2858 3767 2994 3818 Cum
3027 3772 3213 3819 autem
3247 3769 3427 3822 causis

1839 3851 2139 3920 aliquando
2170 3851 2604 3917 emergentibus,
2666 3853 2814 3904 ultra
2877 3855 3208 3923 promissum
3257 3863 3432 3911 statu-

1837 3947 2068 4009 tumque
2095 3941 2361 4010 temporis
2389 3941 2689 3993 terminum
2715 3951 3047 4000 moraretur.
3074 3945 3152 3997 sic
3181 3963 3305 3998 eum
3325 3947 3433 4000 fra-

1840 4036 1988 4082 trum
2023 4029 2277 4081 lidelibus
2325 4030 2468 4082 citus
2514 4031 2804 4082 desideriis
2853 4049 2917 4084 ae
2960 4034 3099 4086 votis
3139 4035 3432 4089 revocabat

1839 4125 2143 4170 conventus
2170 4137 2179 4169 :
2221 4137 2242 4167 α
2270 4119 2313 4171 Ο
2346 4119 2432 4189 pie
2465 4126 2655 4187 pastor
2675 4127 2730 4172 et
2763 4121 2988 4173 Patrum
3022 4123 3280 4186 maxime,
3307 4125 3424 4193 jam

1837 4207 2070 4260 nimium
2105 4207 2252 4268 abes,
2292 4215 2572 4259 maturum
2608 4208 2846 4261 reditum
2881 4211 3172 4279 pollicitus,
3203 4213 3319 4281 jam
3353 4213 3430 4266 ni-

1841 4296 1943 4349 mis
1960 4298 2176 4365 ingrata
2195 4304 2300 4349 tuae
2323 4297 2634 4349 sanctitatis
2654 4297 2901 4350 absentia
2927 4307 3114 4353 nostra
3136 4302 3297 4370 plena
3321 4310 3428 4357 tua:

1838 4385 2148 4438 dilectioms
2172 4386 2432 4438 sollicitat
2465 4393 2703 4455 pectora.
2734 4408 2756 4437 ›)
2796 4388 2944 4450 Quos
3005 4389 3121 4458 ipse
3177 4393 3430 4460 Apostoli

1839 4475 1983 4526 dicto
2015 4476 2300 4540 tP/u'lz'ph)
2330 4492 2406 4526 SIC
2439 4481 2667 4527 noverat
2692 4476 2933 4529 refovere
2953 4492 2995 4526 :«
3021 4478 3077 4530 Si
3108 4496 3219 4548 qua
3239 4498 3430 4534 conso-

1841 4563 1975 4614 latio
1999 4563 2051 4614 in
2077 4563 2369 4618 Christo.si
2387 4565 2531 4633 quod
2552 4565 2811 4617 solatium
2829 4566 3190 4620 charitatis.si
3214 4587 3322 4639 qua
3345 4586 3429 4622 so-

1841 4653 2012 4704 cietas
2044 4651 2290 4720 spiritus,
2326 4653 2368 4704 si
2400 4671 2509 4722 qua
2538 4654 2746 4706 viscera
2776 4654 3165 4712 miserationis.
3204 4658 3430 4727 implete

1836 4739 2096 4808 gaudium
2113 4746 2387 4803 meum,ut
2401 4740 2543 4792 idem
2567 4741 3076 4810 sapiatis.eamdem
3096 4745 3429 4798 charitatem

1841 4827 2698 4900 habentes,unanimes,idipsum
2718 4831 3039 4884 sentientes.
3067 4834 3278 4903 Itaque.
3297 4835 3428 4888 cha-

1838 4917 2041 4969 rissimi
2078 4919 2203 4973 mei,
2241 4917 2384 4969 sicut
2416 4935 2636 4988 semper
2668 4919 2923 4974 obeditis.
2952 4939 3060 4974 non
3093 4928 3155 4974 ut
3182 4922 3237 4975 in
3290 4940 3430 4992 prte-

1838 5007 2016 5059 sentia
2042 5006 2504 5066 meitantum,sed
2531 5009 2705 5060 multo
2733 5011 2908 5079 magis
2933 5028 3077 5064 nunc
3101 5011 3153 5064 in
3177 5011 3430 5066 absentia

1840 5114 1982 5157 mea,
2003 5113 2128 5147 cum
2154 5103 2303 5147 metu
2325 5103 2379 5147 et
2396 5102 2637 5148 tremore
2660 5106 2896 5151 vestram
2923 5101 3168 5170 ipsorum
3192 5103 3428 5156 salutem

1839 5185 2164 5256 operamini.
2197 5205 2217 5233 ι)
2245 5185 2364 5236 Jam
2391 5202 2519 5237 vero
2543 5185 2595 5237 in
2619 5187 2820 5252 reditu,
2847 5206 2971 5240 cum
2995 5190 3265 5243 adventus
3286 5192 3435 5245 illius

1838 5277 1985 5328 fama
2014 5275 2246 5326 fratrum
2279 5290 2441 5325 aures
2474 5275 2815 5343 pereelleret.
2846 5285 3055 5345 quanto
3084 5281 3290 5346 gaudio
3320 5299 3434 5334 om-

1838 5363 1992 5415 nium
2021 5362 2186 5414 corda
2204 5361 2990 5426 hilarescebant,testabantur
3021 5367 3279 5438 lacrymaa
3301 5370 3434 5424 fusae

1843 5469 1953 5521 prze
1986 5451 2160 5503 nimia
2193 5451 2579 5503 exsultatione.

1912 5541 1997 5596 ‘23.
2037 5544 2165 5594 Item,
2200 5559 2232 5592 a
2262 5544 2612 5608 pauperibus.
2635 5542 2810 5594 Taceo
2835 5541 2901 5594 de
2921 5546 3274 5611 pauperibus,
3303 5565 3434 5618 quo-

1841 5647 1967 5684 rum
1996 5631 2360 5685 multitudine
2383 5631 2521 5685 adeo
2546 5637 2680 5684 tunc
2709 5631 3093 5685 densabantur
3112 5637 3318 5690 montis
3340 5655 3436 5692 an-
