3934 6362
501 357 635 413 1475

1546 345 1640 398 Wi
1651 343 1913 396 LLE-LMI
1955 343 2322 400 CLUSIENS.
2365 345 2690 400 MONACH.

3635 349 3652 403 'l
3677 347 3707 402 {"1
3718 346 3790 402 76

494 482 724 538 fractus.
757 484 821 531 ut
848 479 932 529 vix
991 492 1090 546 per
1143 492 1236 526 eos
1292 475 1453 524 ﬁeret
1496 469 1787 521 transitus.
1819 467 1890 518 'Hi
1941 484 2092 535 ergo,
2114 471 2158 526 Α
2185 487 2305 522 rum
2326 471 2520 534 (Marc.
2542 485 2613 532 τι,
2640 471 2692 526 5.
2715 471 2789 534 6).
2815 473 2878 523 Et
2894 472 3086 524 beatus
3109 489 3251 542 papa
3272 474 3580 542 Gregorius
3603 473 3659 525 in
3678 490 3789 526 suo

497 571 688 622 audito
720 568 945 620 nomine
973 567 1113 632 ejus.
1149 561 1358 628 ingenti
1378 559 1622 628 tripudio
1653 557 1974 624 hujus-modi
2003 556 2095 607 da-

496 658 634 711 bant
663 674 823 708 voces
854 655 920 706 ad
955 653 1157 703 ear-lum
1191 665 1317 700 cum
1350 647 1610 715 lacrymis
1668 649 1723 696 et
1766 643 2089 712 plausibus:

499 766 524 796 ε(
559 745 801 799 Advenis
844 743 1070 795 tandem
1099 781 1110 801 ,
1168 739 1330 790 Pater
1359 734 1744 786 desiderabilis
1767 773 1779 795 ,
1831 732 2084 786 advenis.

493 836 616 889 Iam
651 835 834 888 reddis
856 833 1033 884 lucem
1069 827 1280 897 patriae,
1300 825 1524 878 unicum
1553 823 1799 874 solamen
1823 821 2094 889 dulceque,

495 922 838 994 praesidium.
882 928 937 972 et
966 934 1092 987 spes
1122 915 1232 974 tuis
1264 912 1552 982 orphanis.
1575 910 1881 962 contractis
1924 916 2093 976 atque

497 1012 742 1065 viduis.»
794 1009 902 1062 A-li-i
956 1023 1175 1076 quoque
1232 1001 1634 1071 applaudentes
1691 998 2085 1051 succinebant:

497 1102 583 1155 ιΟ
601 1099 838 1152 utinam!
867 1098 1029 1149 Pater
1045 1093 1270 1152 optime,
1283 1099 1338 1142 et
1350 1107 1472 1141 reru
1485 1106 1532 1140 m
1554 1088 1731 1140 tutela
1744 1093 2084 1149 nostrarum,

493 1189 593 1242 tibi
620 1190 872 1256 longaeva
899 1185 1008 1236 vita
1027 1183 1270 1236 donetur
1298 1178 1700 1246 divinitus,quo
1731 1175 1842 1227 tuis
1873 1175 2092 1226 ala-mur

496 1276 862 1346 eleemosynis
894 1273 1085 1325 multis
1131 1267 1478 1337 tempm-ibus
1513 1266 1522 1316 l
1562 1284 1586 1316 io
1635 1265 1790 1317 'il‘unc
1845 1263 1940 1315 illo
1993 1277 2092 1330 per

498 1369 703 1420 amntis
733 1364 900 1417 clivos
929 1359 1283 1424 ascei'idente,
1335 1356 1429 1407 alii
1479 1354 1816 1423 prodeuntes
1853 1351 1921 1402 de
1973 1349 2088 1402 suis

495 1456 736 1526 tuguriis
759 1470 823 1505 ac
856 1449 1185 1518 mapalibus,
1213 1446 1304 1498 alii
1335 1443 1542 1496 inﬁrmi
1583 1442 1696 1493 suis
1747 1442 1986 1492 latentes
2031 1439 2088 1489 in

495 1545 674 1600 antris
705 1559 802 1595 seu
825 1538 1116 1599 cubilibus,
1153 1533 1405 1596 nonnulli
1435 1531 1668 1600 orphani
1725 1529 1838 1580 sive
1898 1526 2092 1596 pupilli

2179 559 2440 628 Dialogo:
2477 581 2499 610 (ι
2535 560 3190 628 Plerique.inquit,hodie
3219 562 3378 630 signa
3410 581 3519 615 non
3536 563 3784 622 faciunt,

2178 661 2233 698 et
2259 653 2444 700 tamen
2465 648 2623 715 signa
2641 649 2973 700 facientibus
2995 650 3246 716 dispares
3270 668 3379 702 non
3413 659 3561 703 sunt.
3583 671 3605 697 ι)
3627 649 3783 702 Item

2179 735 2297 804 ipse
2341 737 2394 787 in
2430 737 2668 804 quadam
2703 737 2927 789 humilia
2967 756 2977 788 :
3027 757 3046 786 (ι
3088 739 3256 807 Signa
3290 740 3406 790 haec
3444 738 3499 791 in
3543 739 3783 790 exordio

2174 823 2434 877 Ecclesiae
2468 826 2781 877 necessaria
2811 827 3054 878 fuerunt.
3094 828 3165 879 Ut
3196 828 3341 879 enim
3377 828 3513 879 ﬁdes
3543 827 3785 878 creden—

2176 913 2316 964 tium
2342 921 2632 978 cresceret,
2661 915 2836 982 signis
2865 927 2920 967 et
2946 915 3239 967 virtutibus
3278 916 3385 968 fuit
3432 915 3775 968 nutrienda:

2177 1003 2306 1072 quia
2335 1019 2432 1054 nos
2464 1020 2588 1055 cum
2622 1003 2847 1056 arbusta
2883 1005 3218 1072 plantamus,
3238 1005 3432 1057 tandiu
3452 1005 3531 1057 eis
3561 1021 3776 1074 aquam

2174 1092 2482 1146 fundimus.
2507 1109 2796 1160 quousque
2827 1109 2889 1144 ea
2921 1092 2975 1145 in
3006 1099 3160 1145 terra
3201 1094 3548 1145 convaluisse
3583 1094 3781 1146 videa-

2177 1197 2329 1233 mus:
2362 1187 2420 1232 at
2458 1181 2504 1233 si
2541 1182 2712 1233 semel
2745 1182 2986 1233 radicem
3017 1182 3257 1242 ﬁxerint,
3289 1182 3542 1251 irrigatio
3582 1199 3780 1234 cessa-

2175 1270 2274 1322 bit.
2308 1288 2333 1320 ι)
2369 1271 2480 1322 Nos
2513 1287 2644 1338 ergo
2677 1276 2986 1323 metuentes
3013 1271 3147 1323 illud
3163 1271 3308 1323 unde
3326 1287 3503 1340 praeco
3519 1271 3782 1324 veritatis

2172 1359 2398 1420 Paulus,
2435 1359 2487 1410 in
2518 1375 2626 1428 quo
2655 1359 2910 1411 Christus
2942 1360 3205 1428 loqmtur,
3227 1359 3543 1412 Judaeorum
3598 1361 3777 1429 perﬁ-

2172 1447 2323 1499 diam
2354 1454 2641 1500 causatur:
2678 1449 2952 1510 Quoniam
2989 1449 3161 1501 Judaei
3193 1448 3352 1514 signa
3377 1455 3590 1517 petunt,
3613 1456 3668 1500 et
3701 1449 3776 1501 si-

2172 1552 2283 1603 gna
2307 1553 2412 1588 non
2428 1544 2558 1588 sunt
2579 1537 2707 1588 data
2725 1538 3100 1598 ﬁdelibus,serl
3124 1537 3438 1590 inﬁdelibus
3453 1539 3507 1604 (Ι
3526 1540 3773 1594 t"or.xnv.

495 1639 808 1705 praeeuntes
842 1645 903 1680 ac
931 1626 1352 1693 subsequentes.
1384 1622 1532 1672 velut
1554 1619 1696 1671 all-ter
1724 1616 1928 1669 Christi
1944 1632 2087 1668 exer-

2176 1625 2262 1687 Ι21)
2292 1643 2302 1688 ;
2327 1625 2394 1676 ad
2418 1627 2810 1694 perfectionem
2844 1627 3108 1683 feramur.
3127 1627 3254 1678 etin
3277 1627 3381 1678 isto
3425 1627 3520 1679 Dei
3554 1627 3778 1679 famulo

672 1736 771 1771 SUO
793 1715 938 1777 dUCi,
974 1731 1167 1766 omnes
1193 1709 1522 1778 triumphali
1549 1724 1676 1759 γυοθ
1704 1704 2086 1757 concinebant:
2115 1779 2150 1784 _
2177 1729 2288 1764 non
2318 1714 2602 1781 signal-[nn
2636 1716 2936 1767 efﬁcacian]
2971 1732 3302 1784 (ιυὶρι-ἶῃῃυε.
3328 1715 3422 1767 Sed
3447 1715 3618 1767 robur
3646 1715 3780 1767 ani-

500 1831 523 1866 ι
557 1808 894 1863 Benedictus
928 1804 1021 1873 qui
1054 1801 1204 1854 venit
1233 1801 1401 1852 Pater
1435 1796 1786 1849 Benedictus.
1828 1812 1852 1845 ι)
1900 1795 1972 1845 At
2001 1793 2092 1844 ille
2115 1779 2158 1836 Β
2183 1803 2276 1860 mi,
2303 1819 2552 1872 veraeque
2575 1803 2885 1856 dilectionis
2909 1803 3002 1855 Dei
3032 1821 3095 1856 ac
3118 1803 3372 1873 proximi,
3409 1821 3516 1872 qua
3547 1804 3780 1873 egregie

496 1899 739 1970 psallens
760 1902 816 1948 et
834 1892 1096 1946 incedens
1120 1903 1520 1956 nonnunquam
1550 1883 1780 1954 pedibus
1801 1882 2095 1935 discalcea—
2177 1890 2480 1956 insignitus
2501 1899 2667 1946 estet
2693 1910 2790 1961 per
2811 1909 2976 1961 quam
2997 1900 3110 1945 tota
3131 1894 3213 1944 lex
3236 1893 3780 1962 adimpletumdecus

495 1990 583 2051 tis,
621 2004 719 2040 ceu
743 1985 920 2036 bonus
953 1980 1119 2050 opilio
1185 1978 1489 2047 prudenter
1517 1975 1840 2026 discernens
1880 1972 2091 2022 vultum
2177 1987 2231 2031 et
2254 1981 2623 2033 constantiam
2649 1982 3023 2033 admiremur:
3060 1981 3310 2052 quamvis
3354 1987 3410 2034 et
3456 1999 3554 2035 nos
3603 1999 3778 2052 para-

497 2076 706 2148 proprii
735 2073 941 2143 gregis,
986 2086 1083 2139 per
1133 2068 1376 2136 seipsum
1429 2063 1651 2132 largiori
1705 2077 1872 2113 manu
1926 2059 2095 2111 dabat
2178 2085 2301 2120 mus
2335 2071 2597 2139 pleraque
2630 2071 2696 2122 de
2731 2088 2793 2123 eo
2818 2070 3077 2133 scribere,
3102 2087 3222 2141 quae
3243 2087 3777 2141 nonusquequaquc

494 2165 708 2220 cunctis
736 2158 1205 2232 egenis,.maxime
1235 2171 1425 2208 curam
1465 2169 1665 2221 gerens
1697 2167 1867 2218 super
1905 2149 2082 2206 Caecis,

493 2255 792 2317 debilibus,
813 2258 982 2319 atque
1002 2245 1472 2303 contractisliaec,
1497 2241 1713 2311 quoties
1733 2238 2085 2302 ascendebat,

494 2341 715 2413 Operari
747 2356 856 2392 non
887 2335 1224 2404 negligebat,
1253 2344 1316 2386 ut
1357 2331 1600 2383 maculas
1621 2346 1767 2381 curm
1799 2326 2090 2379 familiaris

493 2433 736 2486 dilueret
762 2426 980 2482 Domini
1007 2430 1278 2494 praecepto
1325 2420 1589 2473 dicentis:
1631 2420 1766 2470 Date
1809 2421 2090 2481 01(‘(?1)1..').vy-

496 2538 650 2582 nam,
685 2525 730 2570 et
754 2535 862 2570 ecce
883 2519 1068 2568 omnia
1103 2514 1310 2564 munda
1338 2514 1464 2561 sunt
1494 2510 1636 2560 rubis
1683 2508 1829 2570 (Luc.
1862 2522 1932 2564 x1,
1967 2505 2080 2568 ιι),

565 2608 654 2664 24.
686 2608 848 2660 Forte
879 2603 1080 2673 aliquis
1110 2601 1242 2653 mihi
1287 2605 1628 2656 succenseat,
1685 2601 1740 2647 et
1795 2595 1896 2646 hoc
1945 2594 2089 2662 quod

494 2704 620 2754 texo
649 2714 806 2766 opus.
836 2693 993 2763 quasi
1017 2692 1119 2744 vile
1150 2707 1212 2742 ac
1234 2688 1423 2750 sterile
1447 2685 1768 2753 nulliusque
1799 2681 2087 2740 momenti,

495 2805 560 2841 eo
593 2787 738 2856 quod
764 2785 927 2853 signa
955 2790 1123 2850 atque
1172 2777 1444 2832 miracula
1472 2775 1626 2827 nulla
1665 2774 2087 2841 complectatur,

495 2875 1002 2948 pronuntietanon
1023 2868 1350 2935 intelligens
1410 2862 1714 2934 quemlibet
1773 2866 2091 2913 sanctorum

495 2965 676 3034 magis
705 2979 834 3016 vera
862 2961 1065 3014 virtute
1097 2958 1290 3019 animi,
1325 2960 1381 3006 et
1411 2951 1634 3022 optimis
1675 2949 1924 3002 monibus
1969 2966 2091 3001 me-

495 3055 767 3119 tiendum.
805 3067 972 3120 quam
1006 3045 1308 3101 miraculis.
1340 3060 1461 3112 quae
1511 3040 1678 3093 bonis
1715 3045 1883 3107 atque.
1932 3037 2092 3090 malis

496 3141 815 3197 communia
839 3155 959 3192 esse
991 3140 1241 3206 possunt.
1275 3129 1708 3202 praedicandum.
1743 3128 1850 3179 Sed
1892 3126 2092 3178 imme-

492 3233 619 3287 rito.
656 3233 784 3284 Haec
813 3229 960 3282 enim
993 3243 1116 3295 quae
1147 3225 1216 3275 de
1247 3221 1344 3276 Dei
1373 3219 1580 3272 famulo
1617 3217 1928 3271 retulimus,
1963 3232 2092 3267 san-

494 3321 744 3375 ctitatem
769 3317 1035 3376 efﬁciunt,
1070 3313 1164 3365 illa
1194 3316 1414 3365 tantum
1473 3309 1802 3375 loquuntur:
1865 3305 1970 3356 ista
2009 3305 2091 3356 ,le-

499 3409 765 3480 gentibus
787 3403 1231 3462 aediﬁcationem,
1266 3401 1361 3453 illa
1387 3398 1714 3468 plerumque
1728 3395 1902 3448 solam
1919 3393 2091 3445 admi-

493 3490 1162 3562 rationemredduntﬁst
1187 3505 1408 3559 quoque
1437 3485 1613 3537 satius
1640 3499 1966 3552 magnaeque
1991 3483 2089 3533 vir-

493 3587 633 3642 tutis
661 3587 1058 3639 documentum
1095 3577 1469 3649 praestantius.
1491 3575 1622 3627 vitia
1652 3582 1707 3625 et
1737 3589 1914 3642 pravae
1933 3572 2089 3623 dele-

492 3674 752 3731 ctationis
782 3675 1028 3726 fomenta
1061 3684 1338 3738 quemque
1369 3665 1437 3718 ab
1463 3664 1648 3716 animo
1669 3662 1903 3732 pellere;
1943 3669 1998 3713 et
2013 3660 2089 3711 sic

493 3764 793 3836 bajulando
832 3759 1080 3830 quotidie
1111 3773 1350 3815 erucem,
1406 3751 1815 3822 (piodammodttr
1869 3766 2090 3817 semper

493 3860 797 3922 martyrem
817 3867 955 3910 esse,
978 3862 1144 3916 quam
1166 3842 1583 3896 immundorum
1601 3838 1898 3907 spirituum
1916 3843 2090 3890 cater-

495 3961 588 3997 vas
622 3943 690 3995 ab
711 3937 1039 3993 hominibus
1056 3931 1436 4003 ejicere,quod
1462 3929 1858 3982 etiammultos
1880 3926 2089 3995 pseudo

492 4050 604 4087 non
626 4033 959 4100 ignoramus
991 4031 1435 4094 possepatrare:
1496 4024 1552 4070 et
1600 4017 1655 4068 in
1695 4016 1879 4069 aliena
1925 4032 2089 4067 carne

494 4121 718 4180 morbos
743 4114 1058 4182 diversique
1086 4108 1309 4179 generis
1339 4106 1576 4159 febrium
1604 4105 1857 4157 cohortes
1889 4103 2087 4156 exstin-

493 4227 688 4279 gnere,
716 4205 862 4277 quod
897 4218 994 4272 per
1018 4199 1316 4252 herbarum
1351 4194 1517 4250 etiam
1559 4193 1699 4246 vires
1721 4191 2087 4246 etmedicinae

494 4295 888 4355 antidotaﬁeri
917 4293 1102 4361 liquet
1151 4304 1270 4340 esse
1318 4283 1596 4355 possibile.
1628 4283 1848 4335 Timeat
1899 4287 2086 4336 autem

495 4379 1195 4450 miraculorumappetitor
1216 4383 1272 4429 et
1291 4371 1680 4441 amator,qu0d
1713 4371 1766 4423 in
1791 4370 2086 4438 Evangelio

495 4478 611 4532 suis
633 4469 1129 4530 calumniatoribus
1156 4462 1452 4534 exprobrat
1483 4462 1734 4513 Salvator
1761 4477 1770 4512 :
1805 4460 2087 4515 Generum?”

496 4571 647 4621 mala
670 4571 715 4618 et
737 4565 991 4616 mlultcra
1009 4561 1230 4623 sigmun
1255 4554 1448 4619 quaerit
1466 4549 2086 4610 (illa-till..xn,39)Jac“)-

496 4674 603 4729 que
632 4649 917 4722 discipulis
945 4663 1114 4715 super
1135 4641 1541 4696 miraculorum
1576 4639 1773 4691 elfectu
1799 4639 2088 4706 glorianti-

492 4748 596 4801 bus
608 4739 999 4798 aedicentibus
1017 4754 1028 4787 :
1047 4730 1754 4788 Dommcwliamdamzom‘a
1775 4729 2083 4794 subjiciun-

497 4841 591 4888 tur
617 4834 769 4887 nobis
799 4832 862 4881 in
894 4827 1115 4878 nomine
1150 4826 1240 4872 tuo
1273 4821 1412 4880 (Luc.
1464 4833 1512 4876 Χ,
1563 4814 1661 4877 17],
1716 4815 1794 4868 ait
1824 4834 1834 4868 :
1897 4815 2084 4869 Nolite

491 4921 723 4994 gloriari
753 4918 882 4989 quia
914 4911 1186 4967 damionia
1214 4906 1364 4958 vobis
1393 4905 1799 4973 subjiciuntur;
1825 4906 1918 4958 sed
1941 4923 2084 4973 gum

493 4993 620 5068 date
649 5009 834 5082 potius
863 5011 920 5058 et
947 5000 1240 5059 exsultate,
1265 4994 1395 5064 quia
1422 4993 1646 5047 nomina
1667 5000 1849 5047 vestra
1880 4995 2086 5064 scripta

493 5106 618 5156 sunt
649 5101 706 5152 in
735 5096 890 5151 caelis
922 5091 1100 5148 ΗΜΛ,
1138 5084 1439 5151 20).;Ωυο(ἰ
1471 5090 1657 5136 autem
1689 5084 1876 5135 divina
1915 5085 2082 5137 mira-

491 5192 618 5245 cula
672 5200 892 5241 cessare
946 5174 1315 5248 quorumdam
1373 5171 1673 5240 aliquando
1737 5179 2083 5241 peccatorum

492 5271 1008 5337 enormitasfaciat,
1034 5264 1229 5321 exinde
1274 5259 1858 5330 .perpemlimusquod
1891 5263 2083 5315 eadem

494 5369 731 5426 Domino
763 5369 973 5418 nostro,
1009 5372 1134 5411 cum
1165 5353 1237 5406 sit
1264 5368 1322 5402 re
1356 5365 1484 5402 vera
1514 5347 1886 5416 omnipotens.
1915 5350 2087 5420 impo-

493 5460 673 5515 tentia
694 5453 944 5526 quaedam
970 5444 1433 5499 ascribaturmum
1468 5438 1535 5490 de
1558 5453 1621 5489 eo
1648 5436 1716 5489 ab
1748 5441 2087 5507 evangelista

495 5549 701 5602 dicitur
736 5562 745 5595 τ
783 5543 849 5594 Et
875 5554 983 5592 non
1014 5536 1234 5605 poterat
1281 5528 1376 5591 ibi,
1412 5527 1466 5578 id
1527 5531 1611 5578 est
1668 5527 2081 5595 Capharnaum,

497 5622 1424 5704 aliquanfaceremiracula,propter
1447 5615 1910 5674 incredulitatem
1968 5619 2087 5671 1110-

2173 2156 2402 2225 indigna
2435 2159 2688 2210 ferantur
2715 2159 3104 2212 admiratione.

2242 2245 2329 2300 ‘25.
2365 2249 2854 2315 Chunibertirpz’sr.
2881 2252 2990 2300 τίθη.
3001 2251 3140 2315 putﬂ
3151 2265 3219 2300 ur
3235 2250 3777 2319 Bcnrclz'ctus.0perae

2177 2336 2415 2403 pretium
2445 2343 2528 2388 est
2548 2337 2664 2404 jam
2700 2353 2845 2388 nunc
2877 2337 3238 2390 adversitates
3265 2339 3387 2391 illas
3436 2338 3776 2408 multiplices

2177 2440 2315 2491 quas
2345 2441 2377 2475 a
2421 2423 2752 2477 Simoniacis
2796 2431 2852 2478 et
2900 2426 3287 2487 schismaticis,
3333 2427 3688 2496 maximeque
3741 2444 3775 2478 a

2177 2512 2516 2565 Chuniberto
2545 2513 2899 2576 Taurinensi.
2948 2532 3244 2584 perpessus
3275 2523 3375 2580 est,
3407 2516 3677 2568 inserere.
3713 2523 3778 2568 ut

2179 2601 2440 2669 quoniam
2473 2603 2736 2672 scriptum
2771 2610 2880 2656 est:
2913 2605 3212 2670 l'asa/igu/i
3233 2607 3422 2671 probat
3449 2607 3677 2671 fornae.
3727 2612 3774 2657 ct

2177 2691 2421 2742 homines
2442 2695 2620 2758 justus
2645 2696 2870 2745 Ιίτηίαιίο
2894 2695 3272 2745 Irilmlati'mn's
3290 2695 3473 2754 (Ere/1'.
3499 2693 3738 2756 xxvndil
3761 2713 3773 2758 ;

2175 2779 2278 2830 iste
2323 2795 2543 2847 quoque
2591 2780 2822 2832 diversis
2874 2782 3146 2833 malorum
3197 2781 3472 2849 angustiis
3520 2798 3772 2850 pressus,

2178 2868 2356 2919 instar
2386 2868 2506 2919 auri
2542 2868 2759 2937 probati
2784 2886 2847 2920 ac
2873 2869 3075 2938 lapidis
3121 2869 3371 2938 pretiosi,
3405 2869 3473 2921 ad
3505 2885 3775 2921 coronam

2177 2957 2368 3009 arterni
2403 2957 2571 3026 Regis
2592 2963 2755 3026 aptus
2774 2965 3072 3027 appareat;
3098 2966 3152 3010 et
3172 2976 3366 3027 passus
3396 2961 3461 3010 ad
3487 2959 3773 3012 modicum

2177 3061 2301 3097 cum
2333 3047 2558 3108 sanctis,
2596 3048 2826 3116 perenni
2858 3065 2982 3100 cum
3008 3049 3088 3101 eis
3120 3049 3240 3100 luce
3275 3048 3647 3117 splendescat.
3681 3049 3771 3101 Ab

2175 3151 2239 3185 eo
2270 3151 2511 3203 namque
2542 3143 2791 3205 tempore
2825 3137 3108 3205 quo,sicut
3140 3137 3298 3189 initio
3329 3137 3592 3207 praefatus
3623 3155 3772 3197 sum,
3811 3205 3820 3212 ι

2174 3223 2321 3274 idem
2343 3223 2728 3277 Chunibertus
2760 3225 2828 3277 ab
2856 3226 3168 3278 Alexandro
3203 3243 3342 3296 papa
3390 3227 3446 3278 in
3489 3227 3776 3280 mandatis

2176 3312 2389 3381 accepit
2421 3320 2715 3382 quatenus,
2737 3315 2779 3365 si
2804 3315 3070 3367 Romanae
3091 3315 3237 3368 sedis
3272 3316 3574 3368 amicitiam
3601 3317 3773 3369 vellet

2174 3402 2373 3454 colere.
2407 3403 2634 3455 Clusino
2667 3405 3004 3456 monasterio
3029 3404 3201 3456 solius
3230 3405 3377 3456 beati
3402 3405 3549 3457 Petri
3583 3412 3780 3474 patro-

2175 3491 2318 3542 cinio
2349 3491 2478 3543 olim
2504 3493 2819 3554 commisso,
2857 3500 3025 3563 atque
3044 3493 3221 3545 eidem
3253 3494 3438 3546 abbati
3472 3495 3775 3548 Benedicto

2172 3579 2401 3632 minime
2432 3582 2666 3633 infestus
2697 3588 2841 3634 esset
2868 3601 2879 3647 ;
2915 3583 3118 3651 iniquae
3150 3583 3350 3636 mentis
3381 3583 3579 3635 lividus
3608 3584 3775 3636 dissi-

2174 3670 2414 3720 mulator
2440 3670 2594 3722 curia
2624 3671 2924 3738 digressus,
2959 3672 3115 3723 dolos
3146 3690 3284 3740 quos
3307 3672 3643 3725 ruminabat.
3671 3690 3774 3742 per

2172 3775 2356 3810 rerum
2395 3761 2724 3812 monstravit
2756 3762 2951 3812 exitus.
2983 3761 3164 3829 (έαψίι
3194 3762 3397 3830 quippe
3416 3762 3602 3813 multis
3619 3763 3772 3814 oblo-

2173 3847 2507 3904 eutionibus.
2545 3855 2596 3899 et
2627 3848 2867 3900 abusivis
2898 3850 3230 3918 injustisque
3261 3850 3640 3902 exactionibus
3667 3851 3770 3903 ab-

2173 3935 2356 3987 batem
2392 3937 2637 3989 vexando
2671 3938 2972 3990 lacessere:
3004 3938 3288 3991 interdum
3323 3946 3529 3997 tamen,
3555 3956 3626 3991 ne
3653 3940 3768 3993 Ro-

2174 4025 2324 4076 mani
2355 4026 2632 4094 pontiﬁcis
2671 4027 2969 4095 imperium
3036 4027 3358 4088 offenderet,
3413 4027 3482 4080 ab
3541 4029 3767 4096 injuriis

2171 4118 2502 4182 temperare.
2529 4119 2599 4166 At
2622 4132 2748 4167 vero
2781 4116 3040 4184 praedicto
3075 4134 3215 4186 papa
3247 4117 3559 4169 Alexandro
3582 4134 3643 4169 ex
3662 4119 3768 4170 hac

2171 4203 2292 4255 luce
2319 4202 2622 4262 subtracto,
2649 4203 2986 4273 etGregorio
3009 4207 3396 4258 archidiacono
3418 4206 3766 4274 apostolatus

2172 4292 2387 4346 culmen
2423 4292 2642 4361 adepto,
2677 4310 2800 4346 cum
2827 4295 2968 4346 inter
3003 4312 3128 4347 eum
3154 4301 3208 4347 et
3229 4312 3414 4363 regem
3436 4295 3763 4356 Henricum,

2105 4387 2400 4470 Dpropter
2452 4381 2820 4434 Siriioniacaiu
2879 4383 3130 4436 haeresim
3201 4383 3760 4438 excommunicatum.

2174 4486 2438 4537 magnum
2461 4472 2628 4522 ﬁeret
2658 4471 2952 4524 discidium
2979 4480 3145 4530 :tunc
3170 4478 3225 4525 et
3245 4471 3622 4525 Chunibertus
3639 4489 3762 4525 cum

2173 4559 2294 4610 aliis
2337 4559 2614 4629 plerisque
2646 4561 2818 4614 Italiae
2859 4561 3230 4630 pontiﬁcibus,
3284 4561 3572 4614 occasione
3625 4563 3765 4614 schi-

2172 4649 2367 4700 smatis
2433 4655 2672 4717 reperta,
2734 4667 2921 4719 regem
2954 4667 3117 4702 suum
3144 4657 3385 4704 secutus.
3419 4656 3474 4703 et
3511 4667 3639 4704 cum
3697 4669 3762 4704 eo

2172 4737 2382 4805 pariter
2412 4739 2786 4791 anathematis
2819 4739 3033 4792 vinculo
3074 4740 3393 4798 innodatus,
3426 4757 3457 4792 a
3498 4740 3762 4794 Romanae

2173 4825 2425 4879 Ecclesia
2474 4829 2868 4881 communione
2925 4829 3160 4880 stolidus
3226 4829 3526 4882 dissilivit:
3588 4840 3645 4882 et
3685 4829 3762 4882 sic

2170 4914 2394 4967 demum
2410 4916 2806 4979 ell'renatus,ad
2828 4918 3270 4987 persequendam
3287 4918 3570 4970 Clusinam
3596 4919 3762 4971 eccle-

2170 5005 2308 5056 siam
2342 5011 2398 5057 et
2427 5005 2701 5062 abbatem.
2737 5026 2836 5077 pro
2876 5008 3086 5060 viribus
3120 5007 3368 5060 animum
3392 5007 3652 5060 intendit.

2241 5093 2325 5145 9.26.
2367 5095 2429 5145 Et
2460 5095 2611 5163 prius
2634 5097 2856 5165 quidem
2872 5099 3108 5148 fratrum
3139 5096 3357 5148 animos
3387 5096 3621 5147 diversis
3644 5098 3761 5165 pol-

2171 5181 2570 5238 licitationibus
2601 5203 2662 5237 ac
2690 5185 3084 5237 blandimentis
3121 5184 3386 5237 suasoriis
3416 5190 3601 5237 tentat
3646 5202 3761 5238 cor-

2171 5285 2448 5337 rumpere.
2485 5271 2527 5324 si
2558 5273 2701 5324 forte
2732 5289 2824 5325 eos
2857 5273 2925 5325 ab
2956 5273 3175 5325 abbatis
3197 5273 3282 5325 sui
3308 5271 3624 5324 obedientia
3649 5273 3757 5325 sive

2171 5358 2515 5427 subjectione
2545 5363 3027 5415 circurm'eniendo
3050 5362 3406 5430 aliquatenus
3429 5369 3615 5429 posset
3637 5360 3760 5414 sub~

2170 5457 2406 5502 vertere.
2443 5452 2599 5513 Quod
2630 5470 2753 5504 cum
2788 5453 3015 5505 minime
3042 5452 3183 5504 dolis
3216 5451 3480 5520 procedit,
3517 5451 3627 5502 alia
3677 5451 3756 5502 via

2170 5539 2495 5606 aggreditur
2515 5558 2608 5593 eos
2640 5558 2978 5611 expugnare,
3023 5548 3078 5593 et
3108 5541 3255 5593 mala
3289 5557 3409 5609 quae
3431 5545 3651 5609 poterat
3681 5539 3756 5591 in-

2167 5624 2416 5695 ferendo,
2449 5645 2514 5682 ac
2539 5646 2747 5683 messes
2772 5647 2964 5684 eorum
2988 5649 3046 5684 se
3075 5630 3391 5683 ablaturum
3423 5629 3752 5690 minitando,
