3934 6428
150 381 286 444 HW

1263 385 1432 438 VIT-A
1471 382 1858 437 BENEDIGI‘I
1893 384 2054 436 A—BB.
2092 384 2298 437 Cri/US.

3272 382 3436 438 1478

131 505 321 564 effecit
349 511 414 562 ut
433 506 666 576 quidam
697 523 727 559 e
755 507 1041 570 fratribus,
1080 509 1251 565 Patre
1279 510 1583 562 Benedicto
1627 525 1736 561 non
1755 513 1800 566 Α
1819 508 2008 561 locum
2040 525 2202 561 suum
2227 509 2495 567 deseruit,
2525 509 2896 560 circumactus
2922 507 3178 560 similiter
3195 508 3416 560 insidiis

142 595 509 665 approbante,
543 597 613 649 ad
657 614 788 649 eum
829 597 1100 656 venirent,
1146 599 1196 650 si
1245 599 1386 650 forte
1427 599 1736 650 ‘liornarum

143 686 369 754 frugum
406 685 566 738 abeo
593 702 755 738 usum
788 687 1173 756 impetrarent.
1201 689 1349 749 Quos
1373 687 1465 739 ubi
1497 687 1632 738 vidit
1661 687 1743 738 vir

143 782 425 836 ventosus,
451 781 514 827 ut
546 783 663 826 erat
697 775 900 827 mirum
937 775 989 827 in
1021 776 1243 828 modum
1279 777 1535 828 humanae
1561 776 1740 826 laudis

143 879 364 924 avarus,
395 863 681 931 signorum
714 865 892 916 classe
923 864 1039 933 ipse
1067 864 1352 916 eharitatis
1377 882 1570 933 expers
1595 881 1742 932 cym-

139 952 332 1008 balum
360 951 622 1006 hinniens.
655 970 778 1004 mox
809 953 1002 1004 urbem
1025 960 1208 1005 totam
1243 959 1571 1008 conm‘mvet.
1606 970 1744 1004 cun-

137 1047 264 1094 .ctos
295 1040 440 1092 cives
470 1046 526 1092 et
557 1041 853 1109 populares
881 1058 1011 1093 suos
1032 1048 1298 1094 convocat
1319 1058 1486 1109 super
1505 1041 1741 1093 fratrum

141 1129 368 1184 illorum
397 1129 752 1199 .pmnitentia,
789 1146 853 1182 eo
883 1131 1030 1198 quod
1067 1131 1360 1182 Benedicto
1407 1131 1563 1199 quasi
1612 1146 1645 1181 a
1689 1145 1747 1182 se.

143 1218 624 1274 excommunicato
654 1219 1224 1276 communicaverint,
1273 1219 1381 1270 illis
1425 1217 1748 1272 nolentibus

145 1307 219 1360 ad
251 1307 517 1376 populum
541 1307 922 1359 concinnatur.
952 1307 1202 1376 Denique
1227 1307 1363 1359 facit
1391 1307 1554 1360 verba
1587 1307 1748 1376 plena

146 1396 236 1450 sui
282 1397 447 1448 laude
483 1403 550 1449 et
592 1397 882 1448 Benedicti
929 1397 1263 1464 abjectione,
1297 1396 1595 1464 subjicicns
1648 1413 1747 1448 ca-

143 1485 338 1541 nendo
375 1503 385 1536 :
416 1505 449 1535 .«
484 1485 698 1547 Veni-te,
732 1485 853 1548 filii,
893 1486 1082 1538 audite
1127 1502 1236 1537 me.
1273 1508 1297 1534 υ
1333 1492 1402 1540 At
1433 1485 1510 1537 illi
1551 1485 1750 1536 fratres

147 1574 348 1629 taliter
363 1574 532 1637 illusi,
551 1575 618 1626 ad
649 1575 1048 1626 monasterium
1073 1580 1205 1626 sunt
1226 1575 1484 1642 regressi,
1503 1591 1614 1626 non
1631 1574 1752 1626 sine

151 1663 520 1733 pmnitudine,
551 1663 706 1730 .quod
750 1664 868 1728 ejus
899 1663 1190 1731 participio
1222 1663 1299 1714 sic
1334 1663 1555 1715 fuerant
1584 1662 1753 1714 tami-

147 1754 290 1805 nati.
315 1753 471 1805 Tunc
487 1751 900 1812 :Chuniber‘tus,
924 1752 1066 1803 alter
1087 1751 1357 1814 Herodes,
1390 1752 1581 1803 videns
1606 1749 1748 1820 quod

1823 597 2112 664 cujusdam
2146 597 2450 649 sacerdotis
2494 597 2667 666 impii.
2703 597 2907 650 Mansit
2942 613 3071 664 ergo
3113 614 3321 666 pauper
3360 603 3417 648 et

1823 687 1975 738 exsul
2003 686 2348 754 aliquantmn
2377 686 2646 755 temporis
2669 695 2823 738 extra
2855 685 3259 754 possessionem
3294 702 3417 737 nio-

1827 775 2072 834 uasterii,
2120 775 2174 826 in
2227 775 2340 827 vico
2389 775 2480 844 qui
2533 775 2734 827 dicitur
2778 775 2966 828 Sancti
3010 775 3313 827 Antonini:
3349 774 3417 826 ad

1826 881 1990 931 quem
2011 870 2197 914 tamen
2219 863 2391 915 totius
2407 863 2853 932 congregationis
2872 863 3235 916 intendebant
3254 861 3417 924 oculi,

1829 961 1884 1004 et
1912 952 1980 1003 de
2015 951 2160 1003 illius
2192 960 2329 1004 nutu
2363 969 2458 1004 seu
2483 953 2844 1021 dispositione
2871 953 3206 1022 pendebant,
3232 969 3425 1021 quam-

1829 1040 1907 1090 vis
1938 1040 2086 1092 illius
2131 1041 2348 1093 scelesti
2381 1048 2435 1092 et
2466 1042 2719 1110 sacrilegi
2748 1042 3004 1094 custodes
3033 1059 3096 1094 ac
3131 1042 3324 1094 famuli
3366 1042 3422 1094 in

1831 1136 2018 1181 mente
2034 1129 2364 1190 residentes,
2387 1130 2530 1182 sacri
2552 1130 2746 1183 altaris
2767 1130 3138 1183 oblationibus
3159 1131 3424 1202 diripien-

1827 1217 1915 1268 dis
1943 1216 2222 1269 inhianter
2251 1217 2589 1270 insisterent.

1904 1304 1990 1359 ‘29.
2019 1308 2343 1358 Cassianum
2366 1309 2440 1358 ad
2456 1309 2665 1372 lirgulzr
2689 1310 3110 1372 intr/ligni(iam.
3132 1326 3235 1360 ("ssc
3257 1327 3426 1364 ncces-

1833 1395 2050 1444 sariunt
2083 1395 2258 1445 discit.
2301 1395 2418 1446 Sub
2449 1395 2643 1447 eodem
2673 1401 2944 1465 tempore,
2979 1413 3105 1448 cum
3156 1399 3426 1450 mundani

1835 1481 2104 1549 strepitus
2143 1498 2310 1549 quam
2354 1483 2594 1535 maxime
2643 1501 2873 1536 securus
2915 1485 3106 1538 amicae
3155 1486 3327 1554 quieti
3371 1493 3427 1539 et

1835 1570 2090 1623 lectionis
2136 1571 2322 1622 studio
2367 1588 2594 1640 operam
2625 1573 2798 1635 daret,
2833 1579 2889 1624 et
2923 1575 2991 1626 ad
3039 1575 3427 1644 intelligendas

1833 1659 2062 1727 Regulae
2103 1660 2370 1728 quasdam
2400 1661 2725 1725 sententias,
2759 1679 2994 1731 quarum
3027 1665 3288 1733 scrupulo
3318 1682 3429 1717 non

1839 1764 2034 1816 parum
2069 1747 2411 1809 movebatur,
2455 1751 2522 1802 ad
2571 1750 2773 1802 ostium
2808 1752 2971 1803 amici
3010 1753 3274 1821 pulsaret.
3307 1771 3431 1805 san-

148 1840 227 1897 ab
256 1840 366 1893 illis
387 1839 637 1893 ludibrio
667 1839 1009 1902 sithabitus,
1043 1840 1241 1907 majori
1274 1840 1677 1908 indignationis
1700 1845 1815 1915 etB
1833 1842 1957 1888 ctus
1999 1837 2328 1889 Benedictus
2361 1840 2758 1891 monachorum
2794 1840 3080 1907 legislator
3119 1848 3175 1894 et
3203 1842 3434 1910 signifer

149 1930 396 1984 irae-face
426 1946 743 1990 succensus,
779 1945 908 1981 suas
943 1929 1083 1981 vires
1108 1929 1328 1988 exserit,
1363 1930 1549 1982 hostili
1585 1946 1754 1981 manu

151 2018 485 2075 monasterii
506 2035 680 2085 agros
712 2019 1028 2087 populatur,
1068 2018 1223 2069 villas
1255 2025 1310 2069 et
1351 2018 1608 2070 ecclesias
1639 2017 1754 2086 igni

156 2113 498 2168 concremet,
523 2107 786 2176 factaque
820 2107 996 2160 multa
1037 2107 1242 2176 praeda,
1273 2107 1372 2158 sed
1405 2124 1514 2158 non
1547 2106 1754 2175 absque

157 2213 386 2252 suorum
413 2195 612 2265 grandi
638 2197 877 2264 jactura,
903 2195 1063 2257 redit,
1095 2195 1335 2248 militum
1366 2195 1588 2264 agmine
1616 2195 1757 2247 lace-

158 2290 301 2346 rato,
324 2285 404 2338 .ad
427 2284 680 2353 propria.

233 2371 317 2428 ‘27.
370 2373 477 2426 Sed
533 2373 827 2425 Benedicto
867 2373 985 2425 haec
1025 2373 1299 2442 intrepide
1343 2372 1662 2441 aspiciente.
1706 2380 1760 2424 et

159 2479 330 2532 super
365 2463 487 2530 ejus
510 2461 765 2513 vecordia
794 2463 970 2529 magis
991 2464 1168 2513 ﬂente
1201 2469 1258 2513 et
1298 2469 1513 2522 orante,
1559 2460 1762 2512 Chuni-

165 2552 357 2605 bertus
407 2551 774 2604 nihilominus
806 2567 929 2602 eum
964 2551 1480 2607 Petromarchione
1509 2551 1767 2618 conjurat

168 2646 416 2708 ut,-saepe
435 2639 583 2692 dicto
604 2639 1205 2696 abbatea-monasterio
1229 2640 1425 2707 ejecto.
1448 2640 1616 2691 alium
1639 2639 1762 2698 sibi,

131 2761 142 2768 -
166 2728 312 2797 .proh
329 2729 528 2781 nefas!
563 2727 764 2780 ibidem
799 2745 1121 2796 preeponere
1151 2727 1332 2780 liceat.
1367 2729 1480 2781 Nec
1513 2745 1686 2781 mora.
1713 2734 1766 2780 et

173 2834 299 2870 ecce
324 2825 559 2885 uterque
577 2818 754 2869 multo
780 2817 953 2869 milite
973 2817 1214 2886 stipatus
1229 2817 1297 2869 ad
1311 2823 1563 2869 sanctum
1584 2817 1765 2868 locum

163 2912 457 2976 properat,
479 2911 659 2974 portae
683 2906 1072 2974 ell‘ringuntur,
1099 2906 1305 2958 famulo
1324 2906 1422 2957 Dei
1446 2906 1763 2966 Benedicto,

167 3002 236 3049 ut
264 3011 428 3064 quam
452 2994 571 3046 cito
611 3000 798 3057 exeat,
852 2995 1181 3063 imperatur.
1219 2995 1325 3047 Sed
1374 2994 1551 3046 adfuit
1601 2995 1763 3063 plane

167 3082 579 3138 .virt-usdivina.
619 3084 792 3135 Nocte
818 3083 964 3135 enim
994 3085 1114 3151 jam
1145 3083 1494 3143 imminente,
1529 3084 1659 3134 dum
1694 3083 1775 3134 vir

1839 1926 1895 1977 in
1924 1927 2134 1978 somnis
2167 1927 2243 1978 illi
2292 1927 2570 1995 apparuit.
2614 1929 2914 1982 Videbatur
2943 1936 3130 1982 autem
3164 1931 3240 1983 illi
3284 1933 3432 2001 quod

1839 2015 1907 2067 ad
1935 2033 2182 2068 mensam
2223 2022 2415 2068 tantus
2457 2016 2624 2069 Pater
2643 2019 2880 2077 sederet,
2911 2019 3126 2088 sibique
3148 2021 3432 2073 assistenti

1837 2119 1902 2156 ac
1936 2103 2277 2155 ministranti
2305 2104 2415 2156 vini
2446 2106 2644 2172 poeula
2664 2106 2732 2157 ad
2767 2105 3066 2159 bibendum
3101 2109 3430 2179 porrigeret.

1837 2193 2051 2245 Deinde
2091 2191 2160 2245 ab
2200 2193 2293 2244 illa
2333 2209 2526 2245 mensa
2563 2211 2796 2262 surgens
2829 2195 3053 2248 dicebat.
3091 2197 3171 2249 illi
3214 2216 3223 2248 :
3273 2219 3297 2248 «
3331 2198 3435 2250 Fili

1843 2281 1936 2336 mi.
1970 2298 2204 2349 sequere
2236 2298 2344 2333 me.
2375 2301 2397 2330 θ
2430 2283 2682 2352 Cumque
2708 2285 2898 2350 jussus
2932 2285 3270 2354 pedetentim
3302 2303 3437 2356 prte-

1844 2370 2030 2422 euntis
2061 2370 2291 2438 vestigia
2324 2380 2655 2440 sequeretur
2685 2390 2694 2423 :
2731 2391 2755 2421 «
2791 2373 2862 2425 Mi
2896 2381 3071 2442 pater,
3098 2375 3305 2442 aiebat,
3337 2376 3439 2428 uti-

1845 2476 1971 2511 nam
2004 2476 2173 2528 super
2197 2460 2489 2512 sententiis
2514 2459 2844 2528 quibusdam
2879 2462 2930 2514 in
2955 2464 3149 2532 regula
3172 2472 3268 2517 tua
3299 2466 3439 2535 posi-

1847 2548 1937 2608 tis,
1973 2565 2109 2616 quas
2156 2549 2338 2600 minus
2369 2549 2654 2601 evidenter
2691 2550 2961 2619 intelligo,
3008 2569 3094 2605 me
3133 2555 3441 2618 certiﬁcare

1849 2637 2112 2706 digneris.
2152 2657 2175 2687 ›)
2216 2638 2294 2689 Ad
2326 2654 2490 2713 quem
2543 2640 2722 2706 major
2763 2641 3094 2694 Benedictus
3129 2661 3138 2693 :
3176 2662 3198 2693 (‹
3242 2643 3298 2695 Si
3339 2644 3437 2709 vis,

1853 2728 2048 2796 inquit.
2082 2727 2424 2787 charissime,
2451 2728 2517 2778 de
2549 2728 2750 2796 quibus
2774 2729 3013 2797 ambigis
3036 2732 3254 2799 plenius
3276 2732 3444 2784 infor-

1852 2816 2012 2869 mari.
2043 2823 2100 2868 et
2144 2817 2435 2868 monastici
2483 2817 2695 2869 ordinis
2729 2818 3123 2886 perfectionem
3161 2820 3443 2873 desideras

1849 2905 2100 2974 adipisci,
2149 2922 2335 2973 qua-ire
2389 2904 2487 2958 tibi
2529 2905 2731 2958 librum
2770 2907 2996 2958 Joannis
3037 2909 3304 2972 Cassiani,
3349 2910 3444 2979 qui

1853 2995 2083 3048 Rati-um
2117 2993 2379 3046 Instituta
2425 3010 2487 3050 ac
2534 2994 2856 3047 collationes
2903 2997 3047 3064 style
3091 2999 3448 3068 prosequitur

1856 3083 2058 3136 latiori.
2081 3103 2100 3130 ι
2128 3084 2242 3134 Hac
2266 3082 2440 3150 igitur
2462 3082 2671 3134 visione
2693 3085 2920 3153 potitus,
2939 3091 2995 3138 et
3014 3087 3150 3138 satis
3169 3104 3447 3158 superque

167 3171 401 3230 Domini
432 3172 744 3240 impavidus
773 3172 829 3223 in
861 3172 1113 3224 oratione
1146 3179 1202 3224 et
1239 3173 1336 3224 Dei
1368 3172 1626 3225 laudibus
1656 3188 1776 3240 per-
1792 3166 1837 3226 C
1856 3171 2600 3240 gavisus,quamvehemens
2614 3172 2858 3225 studium
2876 3180 3067 3242 postea
3085 3175 3445 3230 habuitillum

167 3266 385 3320 eiectat,
414 3260 525 3330 ipsi
561 3261 692 3329 ejus
725 3262 924 3314 :hostes
964 3279 1074 3330 ,per
1111 3267 1290 3314 totum
1323 3262 1502 3313 noctis
1532 3260 1772 3330 spatium

173 3351 468 3419 epulantes
501 3349 623 3419 plus
644 3350 827 3402 .nimio
855 3367 978 3402 sese
1005 3367 1168 3402 mero
1201 3350 1571 3420 ingurgitent.
1607 3349 1774 3403 Mane

169 3444 368 3496 autem
411 3438 576 3501 facto,
625 3437 868 3507 impulsi,
920 3439 1104 3502 credo,
1143 3440 1357 3491 virtute
1401 3439 1670 3508 angelica.
1707 3439 1775 3491 ob

173 3545 345 3599 quam
377 3544 495 3581 rem
532 3533 798 3580 venerant
829 3527 1004 3586 obliti,
1041 3528 1209 3580 citato
1238 3545 1436 3596 gressu
1466 3535 1687 3588 exeunt,
1722 3533 1777 3580 et

169 3616 382 3670 infecto
421 3615 654 3683 snegotio
705 3615 914 3667 nemini
953 3615 1260 3683 quidquam
1301 3616 1590 3684 loquentes
1633 3615 1778 3667 dila—

168 3705 408 3763 buntur.

247 3793 341 3852 535.
364 3795 608 3860 Eiicitur
632 3795 961 3846 Benedictus.
993 3795 1107 3846 Nec
1131 3795 1304 3845 multo
1331 3798 1455 3861 post
1478 3793 1781 3847 Chuniber-

179 3884 393 3941 tusille
419 3883 581 3937 .adse
614 3900 884 3943 reversus,
917 3884 1012 3934 sed
1042 3883 1226 3934 divino
1261 3883 1528 3934 miraculo
1554 3882 1780 3934 minime

182 3989 501 4036 con-versus,
529 3973 903 4026 marcliionem
929 3973 1062 4033 adit,
1092 3988 1331 4041 eumque
1351 3970 1526 4040 pactis
1549 3972 1782 4023 funestis

183 4061 706 4131 impetendo,.quod
740 4061 1097 4113 Benedictum
1130 4078 1162 4113 a
1183 4061 1311 4112 loco
1342 4078 1452 4112 non
1485 4061 1780 4129 pepulerit,

176 4149 651 4222 ,perjuriiarguit.
670 4150 748 4202 Ad
780 4167 942 4218 quem
971 4151 1068 4203 ille
1094 4168 1151 4201 τα
1177 4151 1318 4212 Quid
1345 4157 1445 4204 est.
1471 4151 1780 4212 cerebrose,

189 4241 339 4310 quod
363 4238 648 4308 loqueris?
699 4239 919 4292 Satisne
949 4255 1113 4292 same
1144 4240 1347 4291 mentis
1391 4240 1491 4292 es?
1521 4240 1782 4309 Nunquid

183 4331 374 4384 locum
407 4327 752 4385 -et;ubbatem
784 4335 894 4380 tute
933 4330 1213 4397 potestati,
1249 4333 1415 4397 prout
1439 4329 1644 4398 pepigi,
1677 4346 1787 4382 non

191 4421 532 4480 deliberavi?
551 4422 648 4474 Nil
677 4422 790 4488 jam
811 4439 948 4473 mea
973 4422 1227 4474 interest.
1252 4424 1474 4481 Actum,
1506 4421 1784 4491 inquiunt,

1859 3259 2059 3312 librum
2092 3258 2328 3327 legendi.
2365 3259 2538 3311 nostri
2567 3260 2941 3313 testiﬁcantur
2971 3263 3136 3316 oculi.
3177 3265 3449 3334 Aliquan-

1857 3349 2235 3405 tumﬂuxerat
2265 3348 2551 3416 temporis,
2576 3355 2633 3400 et
2657 3365 2780 3402 cum
2808 3351 2970 3418 hujus
2999 3353 3226 3406 visionis
3247 3355 3450 3407 seriem

1860 3436 2080 3503 ilugoni
2106 3436 2406 3488 venerabili
2427 3436 2616 3489 abbati
2640 3438 2994 3492 Cluniacensi
3014 3443 3313 3506 retulisset,
3336 3445 3452 3498 haec

1857 3525 1927 3578 ab
1959 3542 2022 3576 eo
2052 3525 2299 3578 audivit:
2336 3543 2358 3574 (ι
2390 3526 2659 3583 Poculum
2683 3543 2715 3578 a
2737 3527 2900 3581 Patre
2931 3538 3140 3589 nostro,
3172 3533 3263 3585 cui
3294 3533 3453 3586 mini-

1858 3613 2078 3668 strabas
2110 3615 2287 3676 illum,
2318 3615 2507 3667 statim
2540 3623 2833 3669 secuturus
2861 3620 3123 3688 accepisti
3155 3640 3166 3673 :
3201 3623 3331 3691 quia
3362 3640 3455 3676 ne-

1862 3720 2013 3762 cesse
2044 3709 2128 3756 est
2169 3710 2242 3760 te,
2284 3703 2475 3757 frater.
2510 3703 2694 3760 calicis
2727 3711 2782 3757 et
2829 3708 3102 3775 passionis
3132 3718 3450 3765 sanctorum

1864 3792 2252 3860 compaticndo
2284 3792 2610 3860 participem
2646 3794 2784 3845 fieri.
2823 3814 2841 3842 ι
2877 3796 3034 3858 Quod
3067 3798 3146 3850 ita
3174 3800 3454 3868 signiﬁca-

1864 3887 2004 3938 tum,
2040 3881 2184 3934 sicut
2223 3887 2424 3933 tantus
2465 3882 2740 3949 interpres
2785 3884 2940 3946 dixit,
2984 3902 3170 3939 rerum
3203 3889 3458 3958 probavit

1866 3970 2063 4024 exitus.
2091 3969 2194 4021 Sed
2231 3968 2383 4037 prius
2419 3969 2716 4022 dicendum
2744 3977 2830 4023 est
2859 3973 3099 4040 qualiter
3124 3975 3333 4046 absque
3359 3978 3457 4031 hu-

1868 4074 2032 4114 mano
2055 4057 2396 4110 adminiculo
2415 4057 2564 4110 idem
2591 4066 3336 4128 pastornostermonasterio
3359 4085 3460 4138 per

1869 4147 1968 4199 Dei
1996 4146 2334 4202 voluntatem
2367 4145 2440 4198 sit
2469 4148 2778 4202 restitutus.
3345 4144 3348 4146 ’

1942 4234 2024 4289 3η).
2053 4237 2376 4290 Adversarii
2403 4240 2519 4301 ejus
2547 4239 2682 4289 dum.
2711 4243 3188 4304 pmms;Quadam
3221 4263 3463 4319 namque

1872 4323 1959 4376 die
2001 4325 2234 4382 fratrum
2269 4323 2498 4378 diutinis
2529 4325 2790 4395 lacrymis
2818 4329 3158 4398 admonitus,
3193 4336 3325 4389 solis
3344 4338 3462 4406 jam

1873 4411 2113 4469 abeunte
2151 4429 2339 4475 curru,
2370 4414 2589 4466 .montis
2627 4418 2885 4469 verticem
2913 4421 3117 4488 .paucis
3165 4425 3464 4480 comitatus

193 4527 510 4579 neﬂgnsu»
545 4509 925 4578 Qui(1_p|um?
961 4510 1146 4564 senex
1183 4508 1524 4561 inveteratus
1556 4507 1789 4578 impellit
1814 4486 2062 4560 Dsubiit.
2100 4502 2270 4568 Cujus
2326 4517 2451 4556 mox
2486 4502 2690 4555 audito
2739 4504 2957 4559 famoso
2997 4512 3241 4577 nomine,
3285 4517 3467 4576 omnis

187 4603 454 4669 juvenem
483 4598 842 4652 circumflecti
869 4597 1692 4656 multis.circumventionibus,
1737 4604 1794 4650 et

194 4687 698 4758 smperinsibilando
720 4701 990 4740 venenata
1010 4687 1258 4750 consilia,
1276 4689 1396 4756 ejus
1421 4689 1625 4756 patulis
1648 4689 1794 4740 auri-

199 4779 302 4832 bus
325 4763 490 4845 urget
517 4777 584 4830 ad
613 4777 972 4846 filCil]lJS,-p0l‘
997 4778 1278 4847 quodnon
1302 4776 1648 4829 dimidiando
1677 4776 1795 4827 dies

197 4885 332 4924 suos
384 4866 666 4936 periturus
724 4872 846 4918 erat
898 4867 1013 4936 ipse
1064 4868 1356 4920 maturius.
1393 4866 1627 4918 Venitur
1667 4881 1798 4933 ergo

199 4953 538 5025 quantocius
559 4953 628 5007 ad
653 4955 1056 5006 monasterium
1088 4973 1098 5006 :
1125 4953 1542 5022 pellitur'Pater
1575 4951 1802 5005 Benedi-

199 5051 346 5110 ctus,
373 5043 756 5112 complurimis
785 5060 1013 5096 suorum
1045 5044 1355 5112 lacrymoso
1377 5041 1617 5112 suspirio
1638 5041 1805 5094 comi-

201 5133 312 5194 tari
349 5131 505 5184 illum
539 5131 910 5199 cupientibus.
946 5131 1013 5182 Et
1048 5131 1302 5200 quamvis
1333 5137 1514 5199 posset
1551 5128 1806 5181 hostibus

202 5221 369 5274 facile
401 5219 689 5278 resistere,
726 5220 1072 5290 Pyrchiriani
1104 5221 1310 5277 montis
1341 5221 1519 5272 tutela
1548 5219 1682 5271 satis
1716 5234 1808 5269 na-

203 5316 339 5363 tura
360 5309 649 5362 munitiet
682 5317 831 5370 arte;
867 5309 1064 5362 maluit
1088 5308 1596 5361 tamenliumiliter
1620 5307 1809 5359 adver-

207 5399 360 5452 sario
382 5399 598 5456 cedere,
635 5405 908 5468 praicepto
935 5399 1152 5450 Domini
1183 5398 1417 5450 dicentis
1445 5416 1454 5448 :
1479 5397 1539 5449 Si
1574 5414 1666 5448 vos
1691 5413 1810 5466 per-

209 5489 390 5542 secuti
415 5488 624 5543 fuerint
643 5489 697 5540 in
723 5505 834 5540 una
863 5488 1102 5549 civitate,
1125 5487 1297 5556 fugite
1322 5487 1378 5538 in
1403 5486 1569 5538 aliam
1591 5505 1602 5551 ;
1621 5485 1814 5537 simul-

213 5595 324 5648 que
342 5577 494 5629 dedit
527 5577 707 5631 locum
735 5578 849 5639 irzn,
873 5576 1127 5630 imitatus
1152 5575 1381 5645 vestigia
1397 5574 1604 5628 summi
1633 5573 1814 5626 Patris

215 5665 529 5729 Benedicti,
566 5668 962 5720 monachorum
998 5666 1247 5719 omnium
1276 5663 1431 5718 ducis
1474 5663 1683 5732 eximii,
1720 5662 1814 5732 qui

1875 4590 1970 4650 illa
1985 4589 2263 4658 sacrilega
2289 4606 2511 4655 manus,
2532 4609 2652 4660 quae
2674 4609 2772 4645 sua
2792 4594 3025 4665 indigna
3046 4601 3284 4657 statione
3309 4611 3464 4667 etra-

1876 4681 2007 4750 pina
2031 4681 2211 4736 locum
2230 4679 2532 4748 polluebat,
2550 4680 2762 4749 ingenti
2786 4683 3014 4739 horrore
3038 4705 3302 4757 percussa
3323 4695 3469 4748 illico

1880 4769 2146 4839 fugiendo
2161 4769 2408 4822 defluxit.
2428 4769 2626 4822 Petrus
2641 4776 2828 4824 autem
2845 4777 3110 4841 marchio,
3127 4798 3227 4849 pro
3243 4799 3307 4834 eo
3323 4785 3470 4853 quod

1882 4865 2137 4918 sanctum
2173 4859 2355 4911 locum
2387 4857 2626 4918 violavit,
2663 4876 2879 4914 necnon
2910 4869 2964 4916 et
3004 4866 3182 4920 virum
3217 4871 3331 4924 Deo
3361 4874 3474 4942 ple-

1887 4966 2018 5010 num
2033 4964 2134 5001 sua
2153 4947 2466 5005 temeritate
2485 4949 2854 5006 contristavit.
2871 4956 3179 5021 post-trium
3197 4961 3473 5015 mensium

1885 5038 2149 5108 spatium,
2179 5037 2446 5106 angelica,
2470 5042 2544 5100 ,ut
2575 5039 2875 5104 credimus,
2918 5043 3130 5096 ultione
3157 5064 3472 5117 percussus,

1890 5129 2056 5198 vitam
2098 5127 2240 5180 male
2275 5125 2453 5179 finivit
2518 5127 3145 5202 Chunibertusquoqme
3175 5154 3342 5207 super
3379 5156 3478 5194 ne—

1891 5215 2080 5283 quitiae
2111 5231 2222 5267 sua:
2252 5214 2479 5267 ausibus
2512 5231 2618 5268 non
2651 5215 3047 5285 diugloriatus
3076 5230 3177 5278 est.
3212 5226 3354 5278 Nam
3385 5229 3483 5297 qui

1890 5303 2275 5376 priuspollere
2297 5302 2589 5356 videbatur
2609 5303 2882 5372 sapientia
2905 5313 2959 5359 et
2983 5309 3484 5384 episcopalidigni-

1892 5399 2025 5448 tate,
2050 5392 2330 5444 involutus
2361 5393 2585 5445 tandem
2614 5395 2829 5447 llenrici
2853 5397 3077 5465 superbi
3103 5402 3250 5470 regis
3272 5421 3480 5470 errore,

1896 5498 1959 5533 ac
1988 5498 2085 5550 per
2114 5481 2216 5533 hoc
2241 5480 2310 5532 ab
2338 5483 2638 5550 apostolica
2665 5483 2963 5538 damnatus
2990 5489 3138 5547 sede,
3176 5494 3397 5560 quando
3418 5496 3486 5548 de

1897 5570 2320 5638 celsiorigradu
2343 5571 2597 5638 proruit,
2631 5579 2786 5626 tanto
2822 5575 2978 5642 gravi
3024 5594 3154 5631 casu
3185 5580 3352 5646 elisus
3381 5593 3483 5638 est.

1897 5662 2072 5713 Porro
2096 5657 2360 5728 quoniam
2388 5659 2445 5710 in
2465 5661 2764 5730 reprobum
2787 5679 3013 5719 sensum
3035 5667 3249 5722 meritis
3272 5672 3492 5742 exigen-
