3934 6358
495 320 636 376 1479

1527 320 1892 374 VVILLELMI
1934 312 2304 370 CLUSIENS.
2349 307 2680 363 MONACH.

3645 303 3785 361 1480

495 450 646 502 tibus
671 447 933 508 traditus,
963 446 1143 498 locum
1169 461 1332 513 quem
1366 445 1622 514 princeps
1648 447 1973 513 angelorum
1997 435 2373 497 Mi-AViSllm
2426 442 2511 486 est
2560 448 2692 500 8νὲζο
2732 431 2846 500 regi
2899 431 3045 499 (ιιιοά
3079 429 3307 499 Petebat
3353 429 3598 493 durum;
3643 428 3790 482 hanc

496 538 651 591 chael
674 535 947 606 superbiai
974 535 1122 585 ultor
1144 534 1595 603 pronqnissimus
1617 534 1801 601 elegit.
1825 534 1941 601 ipse
1962 533 2095 584 irre-

495 633 755 679 verenter
785 624 1096 686 temeravit,
1143 625 1418 692 extemplo
1461 623 1566 674 vita
1608 624 1873 692 privatus,
1911 640 2009 673 nec
2036 622 2095 672 in

499 714 672 783 SOPUit
694 712 767 763 ris
803 719 1020 780 patrum
1073 728 1320 770 suorum,
1369 713 1467 762 hoc
1510 719 1591 762 est
1623 712 1676 762 in
1710 712 1839 762 sede
1871 728 1971 762 sua.
2003 717 2091 761 ut-

499 810 623 872 pote
653 800 1182 860 excommunicatus,
1217 801 1564 868 sepulturam
1599 801 1923 868 prmneruit.

570 891 655 946 3i.
682 892 917 943 llr/Miro
945 892 1073 954 imp.
1101 906 1291 939 exosus
1319 892 1645 940 I'):xm‘o'ir£u.s.
1677 891 1753 942 Αἰ)
1775 908 1828 940 ιη
1859 906 2094 953 com/Arc-

500 979 1039 1045 Iiemlitur.Longum
1061 983 1437 1039 estcnarrare,
1455 985 1509 1029 et
1531 978 1781 1029 lectionis
1807 977 2094 1046 prolixitas

497 1069 730 1120 forsitan
774 1084 937 1119 aures
974 1067 1156 1118 rninus
1189 1073 1452 1135 purgatas
1483 1073 1694 1124 oneret,
1731 1067 1776 1118 si
1809 1067 1965 1118 velim
2000 1084 2092 1117 ex-

497 1157 700 1228 plicare
732 1173 828 1224 per
857 1156 1097 1224 singula,
1147 1165 1281 1224 quot
1313 1164 1365 1207 et
1397 1162 1605 1224 quanta
1637 1156 1865 1225 pertulit
1896 1155 2095 1207 acerba

497 1246 675 1298 bonus
705 1246 897 1297 doctor
927 1253 1114 1295 noster
1145 1244 1213 1294 ab
1248 1245 1484 1296 Henrico
1515 1262 1642 1313 rege
1677 1246 1907 1314 ejusque
1939 1261 2091 1296 com-

497 1334 732 1404 plicibus
775 1333 1120 1386 Simoniacis.
1155 1349 1252 1400 pro
1281 1333 1528 1384 veritatis
1557 1350 1621 1385 ac
1649 1334 1929 1401 religionis
1960 1351 2092 1386 con-

500 1424 726 1476 stantia.
764 1422 890 1482 Sed,
926 1428 988 1472 ut
1020 1437 1207 1472 verum
1243 1421 1432 1490 paucis
1462 1422 1764 1484 absolvam,
1799 1424 1930 1491 quia
1977 1424 2093 1492 ipse

500 1513 831 1565 catl'iolicai'n
852 1510 1142 1561 veritatem
1167 1511 1418 1578 apprime
1443 1511 1652 1563 colebat
1677 1519 1732 1564 et
1754 1512 1913 1564 beato
1937 1530 2091 1582 papa:

502 1600 771 1668 Gregorio
808 1600 1036 1666 ejusque
1077 1598 1406 1666 sequacibus
1440 1599 1674 1662 favebat,
1709 1607 1764 1652 et
1805 1603 2092 1654 cliaritatis

503 1689 976 1757 largitionunique
1007 1685 1181 1755 copia,
1215 1694 1271 1738 ut
1297 1687 1632 1756 jamprnlem
1666 1690 1924 1748 diximus,
1950 1709 2095 1742 com-

2177 531 2363 576 tamen
2398 523 2677 575 oll'endere
2722 529 2877 573 ratus
2918 537 3027 572 non
3065 537 3186 571 esse
3227 518 3329 571 sibi
3371 519 3681 586 integrum,
3726 535 3790 570 eo

2180 614 2322 682 quod
2368 613 2522 678 regni
2584 610 2996 679 quodammodo
3037 610 3216 660 claves
3276 617 3328 661 et
3384 607 3794 676 Longobari‘lial

2180 710 2399 754 teneret
2428 703 2664 754 aditum.
2701 698 2952 767 quamvis
2985 699 3214 749 invitum
3247 698 3602 765 multumque
3637 696 3794 748 reni-

2176 799 2318 848 tens,
2342 793 2560 842 Patrem
2583 789 2764 840 reddit
2783 787 3164 840 Benedictum.
3185 788 3419 854 Ereths
3441 786 3636 852 itaque
3650 785 3799 837 sicut

2177 880 2291 932 ovis
2323 898 2352 931 a
2387 881 2641 947 luporum
2676 877 2831 929 saevis
2879 876 3153 933 taucibus.
3189 883 3243 927 et
3275 876 3342 926 ad
3376 875 3788 926 monasterium

2179 986 2485 1036 regressus.
2511 975 2668 1018 tanto
2693 965 2744 1017 in
2787 965 3018 1033 jejuniis
3046 972 3100 1015 et
3131 964 3501 1032 eleeinOsynis
3525 983 3584 1015 se
3607 964 3664 1015 in
3693 963 3793 1015 Dei

2179 1057 2342 1108 rebus
2367 1055 2643 1112 astrinxit,
2677 1060 2885 1122 quanto
2907 1061 3061 1104 extra
3084 1053 3280 1104 eellam
3308 1063 3574 1120 evagatus
3598 1050 3790 1102 siceuli

2177 1147 2346 1197 rebus
2363 1153 2530 1212 atque
2553 1142 2837 1194 sceleratis
2856 1142 3128 1192 admistus
3148 1141 3360 1194 exstitit
3398 1144 3504 1206 Qui
3521 1143 3670 1206 tetigi
3691 1143 3787 1201 ril,

2176 1233 2452 1302 inquiens,
2480 1236 2652 1298 picem
2686 1232 3145 1296 coinqui/iabuur
3165 1241 3232 1280 αἱ)
3253 1245 3312 1280 ra
3338 1248 3350 1290 ;
3386 1237 3458 1286 et,
3488 1231 3662 1281 Nemo
3687 1232 3789 1279 mi-

2177 1326 2346 1374 litans
2378 1323 2476 1372 [leo
2507 1323 2754 1385 imp/[col-
2785 1336 2836 1369 se
2869 1322 3097 1384 negotiis
3119 1321 3490 1370 s.'ccular£bu.s'.

2249 1411 2333 1465 33.
2384 1412 2620 1462 ll’ilri'mi
2640 1412 2798 1474 cpixc.
2822 1411 2986 1475 prati
3020 1423 3208 1458 mores.
3238 1408 3455 1458 Mortuo
3483 1414 3698 1469 autem,
3725 1415 3788 1459 ut

2177 1499 2435 1568 superius
2466 1498 2676 1550 dictum
2728 1504 2829 1556 est,
2875 1495 3207 1548 Taurinensi
3251 1495 3615 1554 Chuniberto,
3656 1512 3786 1547 suc-

2179 1587 2342 1640 cessit
2362 1588 2409 1639 ei
2436 1587 2659 1655 quidam
2685 1587 2756 1652 (5)
2782 1585 3100 1644 \Vitelmus,
3121 1584 3235 1652 qui,
3257 1585 3504 1652 quamvis
3529 1583 3785 1636 omnium

2181 1694 2319 1744 quos
2347 1683 2495 1728 terra
2536 1675 2776 1727 sustinet
2810 1674 3056 1725 moribus
3088 1679 3235 1726 esset
3265 1673 3650 1741 turpissimus,
3688 1689 3787 1741 po-

503 1776 793 1846 placebat:
832 1783 1125 1843 propterea
1151 1775 1356 1841 regiam
1392 1777 1575 1827 aulam
1611 1777 1908 1830 S‘iinoniaci
1933 1797 2096 1831 canes

2188 1766 2292 1817 tuit
2321 1773 2507 1816 tamen
2534 1764 2784 1816 obtinere
2807 1763 2874 1814 ab
2908 1762 3142 1813 llenriro
3169 1778 3296 1829 rege
3322 1768 3581 1830 protervo
3628 1761 3791 1830 copia.

502 1868 762 1919 videlicet
796 1868 1062 1938 paulatim
1101 1869 1199 1919 hac
1231 1870 1371 1919 fama
1407 1876 1574 1938 atque
1608 1869 1901 1921 latratibus
1947 1887 2100 1922 com-

505 1958 807 2027 pleverant,
855 1958 1030 2010 solum
1083 1974 1203 2009 esse
1253 1959 1628 2015 Benedictum.
1666 1960 1757 2028 qui
1804 1961 2008 2012 faceret
2040 1967 2101 2013 ut

506 2063 669 2100 suum
702 2046 816 2114 regi
848 2046 1240 2098 detraheretur
1268 2047 1544 2109 diadema,
1588 2055 1643 2100 et
1674 2049 1725 2100 in
1762 2050 2098 2102 monasterio

508 2136 695 2187 Sancti
739 2134 1037 2194 Michaelis,
1076 2151 1184 2203 quo
1231 2143 1386 2204 parte
1435 2136 1545 2188 vita
1587 2144 1643 2189 et
1688 2155 1860 2204 regno
1895 2139 2102 2206 pariter

503 2225 836 2295 privaretur,
885 2223 1077 2275 crebra
1122 2225 1243 2275 ﬁeri
1283 2225 1670 2277 conciliabula.
1719 2227 1876 2279 Unde
1927 2228 2095 2294 regali

505 2332 616 2367 non
667 2332 860 2384 parum
915 2313 1164 2365 inlensus
1217 2314 1404 2377 curiae,
1459 2332 1581 2367 cum
1643 2333 1672 2367 a
1713 2316 1917 2368 domno
1959 2334 2100 2385 papa

508 2403 798 2472 Gregorio,
835 2403 922 2454 cui
960 2402 1028 2454 ob
1061 2403 1255 2454 merita
1287 2420 1386 2455 sua
1419 2410 1535 2455 erat
1569 2405 1952 2464 charissimus,
1992 2407 2100 2458 Ro-

509 2510 657 2544 mam
704 2492 942 2561 quodam
992 2498 1242 2561 tempore
1290 2494 1484 2544 luisset
1531 2494 1816 2556 invitatus,
1869 2496 2098 2564 ejusque

509 2584 782 2651 colloquio
814 2583 1016 2635 fruitus
1047 2583 1113 2634 ad
1156 2583 1418 2634 Casinum
1465 2591 1707 2634 montem
1752 2593 2095 2653 propemret,

508 2672 674 2742 idque
698 2673 812 2741 regi
843 2680 965 2741 post
993 2672 1219 2724 biduum
1241 2678 1587 2740 compertum
1615 2675 1777 2725 foret:
1809 2681 1965 2726 tanto
1989 2684 2100 2727 stu-

509 2762 599 2814 dio
625 2762 793 2829 jussit
821 2762 974 2814 illum
1000 2760 1277 2830 persequi.
1309 2772 1368 2813 ut
1392 2762 1513 2828 ejus
1542 2761 1739 2830 impias
1765 2780 1960 2815 manus
1984 2765 2101 2816 nul-

508 2851 724 2903 latenus
751 2858 932 2920 posset
961 2851 1223 2918 effugere.
1248 2850 1419 2900 Multo
1445 2850 1648 2918 quipp:-
1675 2852 1910 2904 militum
1937 2870 2101 2922 equo-

509 2955 704 2991 rumve
750 2941 973 2997 sudore,
1027 2947 1327 3004 antequam
1374 2938 1469 2990 illo
1510 2941 1823 3007 perveniret
1861 2944 2096 3011 capitur,

508 3029 768 3090 trahitur,
807 3046 903 3080 nee
935 3028 1053 3080 sine
1085 3027 1362 3079 calumnia
1394 3027 1460 3079 ad
1496 3045 1680 3096 regem
1716 3031 2000 3083 reducitur
2053 3034 2097 3085 Ο
2122 3076 2159 3096 μ

2150 3111 2160 3127 ¹
2188 3114 2309 3148 rum
2333 3098 2644 3165 sacrilegio,
2672 3103 2726 3147 ct
2749 3104 2908 3165 raptu
2933 3096 3232 3156 farciendo,
3262 3096 3488 3147 tandem
3515 3096 3583 3147 ad
3615 3097 3792 3148 instar

510 3119 602 3186 qui
644 3124 777 3169 tunc
811 3118 1057 3186 plausus.
1088 3124 1142 3167 et
1168 3117 1370 3184 gaudia
1403 3128 1613 3185 quanta
1645 3119 1798 3171 fuere
1825 3122 1833 3172 !
1880 3119 2102 3189 Iniquo-

506 3223 632 3258 rum
672 3223 872 3274 nempe
912 3205 1264 3257 sacerdotum
1301 3222 1406 3257 non
1459 3207 1714 3264 cirlestis.
1765 3209 1856 3261 sed
1894 3212 2101 3263 terreni

508 3295 656 3362 regis
706 3295 910 3363 palatio
954 3293 1366 3354 excubantium,
1401 3295 1492 3346 alii
1525 3313 1686 3348 cruce
1718 3297 1970 3364 dignum.
2007 3300 2101 3352 alii

510 3382 800 3435 ultricibus
827 3383 1068 3434 ﬂammis
1095 3385 1583 3450 concrcmandum,
1613 3389 1865 3440 nonnulli
1898 3389 2105 3442 terven-

510 3472 789 3524 tissimum
825 3472 1029 3523 ferrum
1066 3489 1161 3540 per
1193 3473 1309 3538 ejus
1338 3480 1590 3542 tempora
1626 3478 1968 3544 penetrando
1993 3479 2107 3530 adi-

507 3560 774 3630 gendum,
811 3561 1059 3629 plerique
1089 3560 1262 3613 oculis
1293 3570 1556 3614 caecatum
1603 3564 1658 3616 in
1703 3565 1929 3632 longum
1963 3567 2104 3619 exsi-

509 3648 645 3700 lium
671 3649 1171 3702 detrudendum.ut
1196 3667 1427 3718 regnum
1453 3659 1606 3704 tanta
1630 3655 1791 3707 sorde
1815 3663 2100 3725 purgetur,

510 3739 851 3808 adjudicant.
897 3741 983 3793 Fit
1039 3757 1267 3810 prorsus
1319 3741 1478 3809 quasi
1536 3741 1754 3811 insigne
1811 3752 2103 3815 tropzeum,

507 3846 860 3882 communem
912 3831 1126 3882 hostem
1181 3847 1301 3883 esse
1336 3837 1580 3900 captum,
1619 3841 1927 3886 monstrum
1983 3853 2103 3888 ma-

505 3935 790 3987 gnumque
816 3935 1030 3970 osorem
1064 3919 1234 3985 regia:
1265 3920 1461 3971 salutis
1492 3927 1547 3972 et
1576 3938 1802 3975 suorum
1829 3926 2099 3979 omnium.

579 4007 664 4060 3T2.
691 4009 962 4060 Atlclaidw
983 4009 1169 4073 farorc
1194 4011 1452 4074 eripitur.
1479 4009 1591 4061 Has
1623 4011 1792 4079 igitur
1812 4014 2104 4068 verborum

507 4114 719 4158 cruces,
745 4102 802 4149 et
829 4096 1100 4166 plurimas
1132 4096 1184 4148 id
1215 4097 1438 4164 generis
1459 4101 1826 4153 conturuelias
1849 4103 1983 4156 dirae
2017 4123 2107 4158 cu-

507 4186 700 4238 StOditB
731 4185 1100 4254 mancipatus,
1144 4185 1371 4254 suisque
1412 4187 1577 4240 rebus
1621 4191 1959 4259 exspoliatus
1987 4195 2102 4262 jam

509 4275 718 4327 dudum
770 4280 1061 4326 mansuete
1111 4275 1403 4337 tolerabat,
1452 4277 1700 4347 nihilque
1744 4280 1893 4332 aliud
1936 4300 2101 4351 quam

508 4379 771 4432 suprema
806 4364 999 4415 mortis
1051 4363 1295 4431 pericula
1341 4383 1406 4417 ac
1444 4368 1690 4436 corporis
1740 4369 1824 4422 sui
1863 4371 2104 4425 ludibria

2183 1855 2323 1912 auri,
2360 1859 2421 1905 ut
2451 1853 2780 1922 possideret,
2815 1851 2926 1902 imo
2970 1851 3242 1919 pollueret
3281 1867 3483 1901 nomen
3517 1850 3783 1919 episcopi.

2183 1943 2460 2012 Usurpata
2493 1959 2619 1993 vero
2651 1941 2892 2010 episcopi
2926 1939 3196 2006 dignitate
3231 1939 3347 2008 ipsa
3377 1939 3474 1991 fzex
3507 1946 3697 1997 terrze,
3732 1945 3787 1991 et

2183 2032 2368 2099 fruges
2411 2047 2738 2082 consumere
2772 2038 2954 2092 natus,
2989 2027 3078 2096 qui
3131 2027 3284 2096 prius
3324 2027 3506 2080 fuerat
3537 2028 3781 2086 Stoicus,

2182 2121 2314 2172 sive.
2351 2129 2413 2172 ut
2458 2122 2635 2173 aiunt.
2686 2117 2997 2174 Paterinus.
3043 2116 3295 2186 gaudens
3344 2131 3492 2168 sorte
3543 2123 3783 2182 mutata,

2184 2209 2452 2278 quidquid
2490 2209 2856 2276 undecunque
2887 2206 3188 2274 Compilare
3222 2213 3436 2275 poterat.
3470 2207 3651 2258 ventri
3686 2207 3784 2258 do-

2184 2298 2353 2349 nabat
2397 2315 2588 2352 avaro.
2641 2297 2844 2348 Verum
2898 2296 2974 2347 nil
3031 2294 3166 2346 satis
3197 2302 3316 2347 erat
3358 2309 3368 2342 ε
3418 2295 3625 2364 quippe
3657 2313 3785 2347 cum

2185 2397 2384 2455 quater
2432 2387 2484 2438 in
2518 2395 2698 2449 nocte,
2732 2387 2776 2436 si
2815 2385 2951 2436 bene
3002 2383 3252 2438 memini.
3299 2385 3577 2454 toties-que
3611 2386 3663 2437 in
3699 2386 3786 2437 die

2183 2473 2509 2526 blateranth
2544 2484 2760 2543 pastum
2797 2480 3006 2542 peteret
3052 2471 3230 2524 tli'ms
3272 2473 3416 2525 ursis
3448 2475 3595 2542 quod
3647 2475 3787 2526 satis

2185 2572 2348 2620 esset.
2372 2565 2422 2616 is
2447 2564 2538 2615 ubi
2570 2563 2712 2614 bona
2734 2563 3085 2631 ClliSC')I)atUS
3109 2561 3160 2612 in
3189 2561 3402 2614 fumum
3426 2564 3785 2632 cineremque

2183 2661 2443 2712 verterat,
2481 2668 2784 2720 pauperum
2820 2657 3136 2702 nostrorum
3166 2651 3374 2718 rapinis
3405 2652 3539 2719 gula.
3573 2651 3785 2720 harpiis

2183 2741 2351 2809 digna
2402 2742 2691 2808 rapacibus
2740 2739 3097 2792 exzestuabat.
3131 2739 3279 2790 Talis
3327 2756 3457 2806 ergo
3510 2741 3787 2809 pernicies

2185 2842 2235 2882 et
2278 2837 2578 2899 tempestas
2619 2830 3018 2898 baratrumque
3063 2829 3274 2880 macelli
3324 2829 3486 2880 annis
3527 2830 3790 2898 plurimis

2185 2927 2436 2970 sanctum
2474 2920 2566 2971 Dei
2603 2919 2798 2974 virum.
2847 2929 3215 2987 nostrumque
3248 2919 3654 2970 monasterium
3689 2918 3790 2969 ad-

2187 3008 2411 3060 modum
2444 3007 2680 3070 vexavit,
2719 3008 3035 3076 ventrisque
3065 3024 3316 3058 omasum
3356 3014 3680 3058 nostrarum
3713 3024 3792 3058 re-

2185 3186 2326 3238 utris
2360 3187 2607 3238 tumidus
2641 3187 2856 3238 medius
2882 3187 3114 3255 crepuit,
3143 3193 3311 3253 atque
3339 3184 3412 3237 ita
3445 3184 3500 3236 in
3533 3202 3639 3238 sua
3663 3185 3790 3238 faece

2186 3282 2241 3327 et
2271 3275 2525 3327 sordibus
2557 3292 2826 3343 snpernas
2859 3275 3213 3344 inferni—isque
3245 3291 3411 3326 auras
3442 3274 3674 3342 polluit.

2261 3362 2343 3417 3i.
2372 3365 2617 3430 Episcopi
2641 3367 2769 3415 item
2805 3366 3160 3416 l'rrcellr'nsis.
3189 3363 3471 3415 Venerant
3500 3364 3568 3414 ad
3603 3380 3793 3416 mona-

2189 3452 2418 3503 sterium
2451 3458 2506 3503 et
2539 3451 2906 3517 Vercellensis
2937 3452 3244 3521 cpiscopus,
3282 3468 3437 3520 asque
3467 3451 3588 3521 ipse
3623 3453 3792 3522 pestis

2191 3558 2254 3592 ac
2285 3541 2632 3593 Simoniacus
2686 3559 2695 3591 :
2739 3543 2969 3610 jamque
3002 3541 3290 3610 presbyter
3320 3540 3469 3592 illius
3501 3558 3674 3610 super
3705 3557 3793 3593 ve-

2191 3630 2499 3682 neramlum
2548 3630 2724 3682 sancti
2775 3631 3061 3684 Michaelis
3107 3631 3283 3682 altare
3334 3630 3534 3682 missas
3565 3636 3794 3682 acturus

2191 3719 2416 3771 calicem
2447 3725 2728 3788 posuerat,
2751 3736 2874 3771 cum
2898 3721 3059 3788 jussu
3083 3718 3258 3788 patris
3285 3719 3568 3771 Benedicti
3593 3725 3795 3772 tratres

2194 3809 2651 3878 supi'u'v'enientes
2683 3808 2907 3860 calicem
2943 3809 3009 3860 ad
3038 3815 3242 3860 terram
3274 3807 3552 3876 rejieiunt,
3581 3809 3796 3877 episco-

2189 3915 2320 3967 pum
2356 3914 2467 3950 una
2497 3915 2621 3949 cum
2658 3898 2982 3966 presbytero
3013 3915 3114 3950 suo
3147 3898 3216 3949 ab
3264 3897 3426 3949 altari
3472 3898 3792 3961 retrahunt,

2191 3993 2246 4039 et
2273 3987 2343 4038 ab
2375 3986 2605 4038 ecclesia
2635 4003 2745 4038 non
2779 3986 2988 4055 absque
3021 3986 3222 4054 injuria
3252 3986 3564 4039 eliminant.
3614 3989 3790 4050 Quam

2189 4075 2399 4129 rabidis
2427 4083 2557 4128 tunc
2583 4075 2674 4127 ille
2708 4084 2903 4144 potens
2930 4076 3094 4127 minis
3119 4076 3284 4127 simul
3313 4092 3434 4128 cum
3468 4077 3792 4146 marchisia,

2189 4165 2257 4217 ad
2281 4166 2438 4233 cujus
2464 4168 2674 4217 curiam
2700 4179 2945 4223 venerat.
2974 4165 3248 4230 intonuit;
3280 4182 3400 4234 qua)
3424 4182 3610 4218 rerum
3637 4167 3790 4219 dam-

2189 4271 2278 4316 na,
2318 4256 2402 4306 vel
2436 4254 2670 4321 injurias
2701 4254 2768 4306 ab
2796 4255 2905 4306 illis
2937 4254 3004 4306 ob
3029 4255 3172 4306 hanc
3203 4271 3426 4307 causam
3459 4272 3569 4307 non
3603 4265 3789 4325 pertu-

2189 4343 2354 4395 limus
2376 4343 2398 4395 Υ
2433 4344 2557 4395 llaec
2598 4343 2720 4395 ideo
2751 4344 2880 4402 dixi,
2915 4351 2977 4396 ut
3010 4344 3380 4407 ostenderem,
3415 4353 3630 4413 quanta.
3655 4363 3786 4398 con-

509 4452 773 4504 manch
803 4463 814 4496 ε
859 4451 953 4504 sed
995 4453 1088 4504 Dei
1124 4460 1263 4505 nutu
1298 4460 1352 4506 et
1382 4432 1700 4524 arma—“ge”
1733 4461 2099 4527 providentia,
2122 4432 2167 4488 D
2188 4432 2395 4508 stantia
2426 4432 2510 4484 vir
2530 4432 2750 4484 Domini
2771 4440 2939 4500 atque
2971 4433 3088 4499 ejus
3119 4432 3329 4485 alumni
3354 4450 3577 4502 semper
3609 4434 3782 4487 Simo-

509 4540 686 4593 adluit
725 4539 800 4591 illi
842 4539 1096 4609 praesidio
1133 4541 1416 4594 Adaleidis
1457 4545 1772 4608 marchisia,
1809 4549 2009 4601 mulier
2049 4552 2102 4604 in

510 4630 611 4683 Dei
653 4628 817 4682 rebus
856 4636 988 4681 tunc
1027 4629 1165 4681 bene.
1205 4631 1421 4694 devota,
1465 4639 1521 4685 et
1560 4634 1615 4686 in
1650 4652 1834 4689 rerum
1869 4639 2106 4694 admini-

507 4719 777 4772 stratione
819 4719 1290 4782 constantissime,
1344 4721 1412 4772 de
1463 4724 1623 4791 cujus
1681 4733 1857 4779 morte
1912 4731 2102 4784 multis

509 4808 655 4859 facta
686 4807 872 4877 prieda
895 4815 1082 4859 nostra
1111 4825 1287 4876 usque
1309 4809 1470 4862 hodie
1494 4814 1709 4879 gemuit
1736 4818 1934 4884 patria.
1970 4819 2103 4873 lIzec

507 4905 716 4974 itaque,
744 4904 1007 4973 quoniam
1032 4905 1180 4973 apud
1203 4922 1389 4974 regem
1415 4915 1545 4962 tunc
1576 4915 1839 4982 temporis
1863 4918 2098 4970 multum

508 5007 745 5072 poterat,
783 5008 1104 5054 constanter
1133 5003 1198 5054 ad
1233 5021 1358 5056 eum
1391 5006 1582 5068 intrat,
1618 5015 1671 5062 et.
1701 5020 1763 5063 ut
1793 5014 1968 5066 ullum
2001 5016 2100 5068 Dei

507 5100 801 5163 famulum,
837 5099 932 5166 qui
976 5099 1144 5152 etiam
1195 5118 1382 5154 secum
1427 5112 1672 5167 venerat,
1711 5108 1812 5160 sibi
1859 5129 1958 5180 pro
2000 5131 2101 5167 sua

505 5197 702 5250 reddat
733 5196 1029 5248 clementia.
1059 5197 1661 5271 humilitersujqilicat.
1692 5205 1849 5257 IIunc
1875 5225 1988 5261 sure
2011 5211 2102 5263 de-

507 5313 603 5348 cus
635 5295 847 5364 patrizc.
882 5297 1196 5348 columnam
1229 5305 1283 5349 et
1312 5300 1469 5366 quasi
1502 5303 1673 5354 solem
1706 5304 1949 5358 affirmat
1980 5326 2099 5361 esse

505 5393 685 5447 Italia:
723 5410 892 5461 seque
942 5395 1162 5460 reverti,
1207 5397 1314 5448 nisi
1362 5415 1424 5450 c0
1458 5407 1698 5469 recepto,
1732 5402 2094 5472 impossibile.

2186 4521 2470 4573 niacorum
2519 4521 2766 4589 fugerint
2814 4521 3111 4585 consortia,
3161 4528 3215 4574 et
3244 4522 3539 4574 vitaverint
3567 4524 3781 4576 cautius

2188 4610 2459 4678 sanguine
2491 4609 2757 4678 viperino,
2783 4610 3006 4662 tametsi
3036 4611 3212 4663 multa
3239 4612 3450 4664 ferrent
3475 4612 3778 4665 incommo-

2187 4699 2256 4751 da
2287 4701 2388 4751 hoc
2417 4715 2605 4751 amore
2637 4700 2883 4753 veritatis
2913 4706 2968 4752 et
2995 4700 3129 4752 zelo.

2254 4787 2341 4841 35.
2399 4789 2693 4840 Monac/ius
2734 4793 2872 4840 mire
2922 4792 3261 4841 convalescit.
3295 4790 3490 4843 Frater
3530 4791 3773 4860 quidam,

2186 4895 2348 4946 quem
2383 4879 2547 4931 hodie
2586 4896 2711 4931 reor
2758 4879 3135 4948 superstitem,
3175 4880 3421 4948 plurima
3455 4881 3777 4933 inﬁrmitate

2184 4966 2462 5027 laborans,
2495 4967 2551 5018 in
2584 4971 2845 5019 extremis
2878 4966 3089 5036 positus
3120 4968 3324 5036 linguae
3365 4969 3606 5020 ofﬁcium
3639 4970 3776 5021 ami-

2184 5062 2371 5107 serat:
2407 5056 2503 5107 sed
2544 5056 2658 5108 viro
2707 5056 2807 5108 Dei
2843 5057 3139 5109 Benedicto
3185 5058 3296 5109 cito
3343 5057 3690 5120 adveniente,
3725 5066 3776 5111 et

2183 5143 2340 5195 illum
2377 5161 2475 5196 suo
2507 5145 2730 5196 nomine
2775 5152 3007 5214 paterno
3062 5147 3260 5198 affectu
3315 5146 3607 5202 vocitante.
3653 5165 3769 5200 cum

2184 5233 2413 5285 minime
2465 5233 2882 5302 respondisset:
2923 5256 2942 5284 α
2984 5235 3266 5303 Principio,
3299 5236 3500 5303 inquit.
3537 5235 3635 5288 tibi
3680 5255 3772 5306 per

2183 5321 2576 5385 obedientiam,
2609 5324 2682 5375 lili
2718 5323 2878 5375 Petre
2910 5325 3036 5393 (hoc
3059 5325 3203 5375 enim
3229 5333 3349 5376 erat
3378 5327 3500 5392 ejus
3525 5332 3764 5390 noun-nl,

2183 5417 2244 5462 ut
2268 5411 2400 5463 mihi
2435 5412 2695 5480 loquaris.
2731 5429 2755 5462 >>
2782 5413 2865 5465 Ad
2897 5414 3038 5464 hanc
3065 5430 3250 5465 vocem
3275 5415 3461 5466 oculos
3492 5432 3618 5466 mox
3649 5432 3768 5484 ape-

781 5520 1337 5609 taineirFranciscus
1383 5525 1732 5593 Augustinus
1773 5528 2114 5586 Chuniberto
2163 5534 2451 5589 substituit
2493 5538 2829 5604 Wibertum,
2865 5539 3117 5592 Wiberto
3167 5539 3558 5609 ll'laynardum,
3622 5542 3768 5594 nulla

502 5586 756 5639 VVitelmi
781 5588 925 5642 facta
950 5593 1252 5646 mentione.
