3934 6358
147 319 282 377 1481

1254 317 1429 386 ¹ἯΤΑ
1465 313 1849 370 BENEDICTI
1887 314 2045 366 ABB.
2092 312 2295 373 CLUS.

3276 317 3418 376 1482

141 445 299 498 riens
347 443 676 495 delictorum
726 438 1125 493 confessionem
1167 440 1300 509 egit.
1355 440 1736 509 susceptisque
1759 439 1808 496 Α
1833 453 2002 505 puero
2037 453 2136 488 suo
2166 437 2234 490 de
2262 442 2449 490 monte
2479 437 2857 500 descenderet,
2899 439 3063 508 cmpit
3097 439 3245 492 idem
3277 456 3420 509 puer

142 535 348 586 divinis
379 531 764 593 sacramentis.
802 538 999 582 orante
1031 537 1186 582 tanto
1220 531 1402 592 Patre,
1438 530 1592 582 orius
1617 545 1742 581 con-

143 622 341 674 valuit.

219 708 306 763 36.
345 711 470 761 Itcm
505 709 670 759 alius.
700 705 963 758 Novimus
996 706 1164 759 alium
1196 706 1301 758 mei
1352 706 1595 759 nominis
1632 706 1747 758 fra-

142 804 316 853 trem.
345 796 433 864 qui
459 795 590 847 dum
622 794 787 846 nimis
822 795 1076 848 incautus
1100 813 1269 864 super
1296 796 1561 847 solarium
1589 797 1743 847 mirae

144 884 466 938 altitudinis
495 885 828 936 temerarius
849 885 1150 938 incederet.
1173 886 1359 953 lapsus
1381 893 1481 936 est.
1504 891 1557 936 et
1589 890 1746 936 tanto

143 990 282 1028 casu
313 972 573 1025 omnibus
605 989 743 1041 pene
773 973 982 1024 attritis
1007 972 1242 1024 ossibus.
1270 975 1322 1024 in
1346 973 1570 1025 domum
1596 973 1747 1024 infir-

147 1079 372 1114 morum
405 1061 643 1122 delatus.
681 1061 870 1113 multis
902 1061 1152 1130 quamvis
1174 1061 1499 1113 balneorum
1533 1061 1742 1118 usibus.

146 1168 252 1204 seu
285 1150 705 1218 epitliimiorum
741 1150 888 1202 t'otus
923 1150 1359 1206 i'nedicamentis.
1397 1149 1620 1216 jacebat
1649 1150 1748 1201 de.-

148 1245 431 1307 speratus.
472 1237 611 1289 Huic
644 1237 854 1306 jaceuti
897 1237 1053 1306 quasi
1097 1238 1336 1290 exanimi
1380 1246 1435 1289 et
1480 1238 1748 1291 dissiduto

150 1344 322 1378 senex
356 1326 559 1379 canitie
604 1333 661 1378 et
697 1326 836 1379 albis
873 1327 1114 1380 vestibus
1154 1327 1389 1380 decorus
1434 1327 1488 1381 in
1540 1325 1749 1379 somnis

150 1415 308 1468 visus
337 1425 439 1468 est.
475 1415 662 1468 dicens
687 1414 764 1467 illi
791 1435 833 1466 :a
863 1416 1109 1483 Surgens
1128 1432 1360 1485 sequere
1394 1432 1498 1467 me.
1528 1435 1550 1465 υ
1586 1414 1751 1468 Cum-

150 1520 264 1573 (μιν
297 1503 470 1555 frater
501 1511 726 1571 propter
763 1502 1037 1556 defectum
1072 1521 1255 1565 suum.
1297 1505 1456 1570 cujus
1495 1510 1615 1556 erat
1646 1504 1749 1556 sibi

147 1591 428 1651 conscius.
477 1592 781 1646 haesitando
812 1610 1021 1644 moram
1055 1594 1278 1652 faceret.
1313 1609 1532 1645 rursum
1567 1594 1754 1645 senior

147 1681 511 1749 ingeminans
544 1699 554 1731 :
589 1705 606 1723 -
656 1682 852 1749 Surge.
886 1680 1087 1736 aiebat.
1123 1698 1324 1749 surge;
1370 1689 1425 1733 et
1466 1683 1612 1735 hunc
1645 1698 1752 1751 quo

1825 525 1979 593 gravi
2014 527 2200 578 dolore
2231 526 2378 578 illius
2419 544 2636 585 manus,
2675 545 2794 596 quae
2846 527 2978 579 furti
3025 529 3240 581 conscia
3273 533 3415 593 erat,

1828 623 2072 673 vexatus.
2108 622 2259 667 totus
2289 621 2548 676 tremere.
2607 625 2936 686 patiemque
2968 616 3054 668 his
3085 617 3304 669 vocibus
3331 617 3420 669 in-

1828 704 2127 772 terpellare

1832 793 2055 852 morior.
2092 791 2193 843 nisi
2226 792 2484 845 subvenis
2520 794 2851 862 quantocius
2920 814 2942 843 »
2973 796 3226 864 Cumque
3256 795 3421 846 homo

1830 880 1922 932 ille
1941 897 2163 932 manum
2191 881 2308 940 ﬁlii.
2340 884 2769 951 utrumquejam
2794 883 3081 935 brachium
3109 883 3425 935 valdeintu-

1833 985 2074 1021 mesccre
2104 977 2376 1032 cerneret,
2411 970 2583 1022 nimia
2602 971 2809 1023 doloris
2839 973 3120 1024 anxietate
3140 972 3420 1038 turbatus,

1830 1058 1930 1110 hos
1965 1059 2029 1110 ad
2066 1059 2262 1110 coelum
2299 1058 2557 1128 displosis
2589 1061 2842 1113 manibus
2880 1061 3095 1113 ferebat
3131 1062 3376 1127 ejulatus
3408 1078 3420 1112 :

2179 722 2247 756 τα
2290 705 2551 764 Accurre,
2617 713 2792 774 pater,
2852 721 3077 758 accurre
3135 705 3296 758 citus.
3353 721 3422 758 en

1835 1168 1853 1194 ει
1902 1148 1987 1199 Me
2020 1147 2284 1198 miserum
2353 1148 2484 1217 quid
2531 1148 2742 1217 agam?
2784 1150 2984 1203 Sancte
3029 1151 3245 1214 angele.
3289 1149 3426 1220 quid

1833 1236 2015 1289 facere
2034 1236 2275 1294 voluisti.
2308 1244 2364 1288 ut
2388 1236 2613 1289 unicum
2641 1254 2845 1293 meum.
2868 1254 3030 1307 quem
3054 1239 3153 1290 tibi
3179 1254 3426 1307 praesen-

1833 1330 2101 1378 taveram.
2143 1324 2221 1376 sic
2251 1325 2475 1378 tolleres
2507 1324 2683 1378 mihi?
2715 1345 2737 1376 »
2765 1327 3005 1396 Recepto
3044 1335 3233 1379 tamen
3257 1342 3426 1379 sensu

1835 1421 1888 1464 et
1918 1413 2124 1466 sedatis
2155 1413 2432 1482 lacrymis.
2467 1413 2784 1468 sciscitatur
2808 1432 3038 1484 puerum
3075 1414 3427 1468 sermonibus

1837 1500 2052 1552 blandis
2087 1519 2097 1551 :
2138 1522 2157 1549 ι
2206 1501 2384 1552 Charc
2416 1502 2602 1558 filiole.
2640 1503 2768 1571 quid
2805 1503 3013 1555 fecisti?
3037 1503 3181 1557 Num
3209 1503 3264 1556 in
3296 1519 3428 1556 san-

1836 1588 2066 1641 ctuariis
2097 1588 2307 1658 aliquid
2333 1590 2565 1658 tetigisti
2599 1592 2747 1643 unde
2778 1591 2954 1643 sancti
2981 1591 3301 1660 archangeli
3323 1592 3429 1644 cel-

1839 1678 2138 1731 sitmlinem
2175 1678 2314 1730 forte
2343 1679 2696 1732 offenderes?
2741 1699 2762 1730 n
2796 1681 2934 1734 Tum
2971 1681 3062 1733 ille
3094 1698 3104 1732 :
3144 1700 3168 1730 (ι
3209 1681 3295 1733 Ita
3323 1683 3427 1746 est,

152 1769 409 1823 membra
440 1769 646 1821 debilia
676 1778 957 1822 sustentes
980 1769 1166 1839 accipe
1211 1771 1486 1822 baculum.
1538 1792 1556 1816 ι
1593 1751 2036 1835 ManeBinquit.
2069 1767 2137 1818 de
2180 1774 2371 1820 sancto
2425 1769 2547 1837 ejus
2594 1785 2751 1821 cereo
2809 1769 3113 1838 particulas
3157 1769 3432 1839 quasdam

150 1860 334 1928 igitur
383 1859 545 1921 facto.
580 1876 703 1911 cum
753 1859 897 1911 idem
949 1876 1097 1928 aeger
1147 1860 1286 1928 patri
1327 1859 1619 1912 Benedicto
1651 1859 1754 1912 sibi

152 1947 429 2001 assidenti
462 1946 684 2000 visionis
715 1947 885 2014 hujus
916 1949 1165 2000 ordinem
1200 1949 1487 2017 panderet.
1523 1949 1756 2017 contigit

152 2044 223 2089 ut
269 2035 445 2089 bonus
487 2037 826 2088 'I‘eutonicus
867 2036 1120 2088 baculum
1161 2037 1521 2089 fabrefactum
1567 2037 1754 2090 abbati

155 2126 404 2179 offerret.
447 2125 620 2188 Quem
651 2125 794 2176 idem
831 2126 996 2177 Pater
1025 2126 1244 2177 infirmo
1274 2125 1563 2193 bajulans:
1594 2149 1616 2171 τι
1661 2126 1758 2178 llic

159 2223 268 2267 est.
307 2215 507 2282 inqvit.
543 2215 770 2266 baculus
801 2213 919 2270 tibi.
956 2215 1028 2266 fili
1072 2214 1417 2268 cliarissinie.
1452 2215 1506 2266 in
1549 2215 1758 2267 Somnis

157 2302 425 2360 traditus.
451 2302 655 2370 accipe.
687 2303 822 2354 nihil
853 2303 1165 2360 addubites.
1218 2321 1402 2371 surge.
1459 2326 1478 2350 ››
1515 2304 1616 2364 Qui
1651 2313 1760 2354 sta-

155 2392 285 2444 tim.
313 2391 562 2443 mirabile
595 2392 745 2443 dictu
776 2392 786 2442 !
818 2392 889 2443 ita
925 2402 1142 2443 erectus
1171 2399 1272 2444 est.
1308 2401 1364 2443 ut
1402 2392 1566 2460 pedes
1599 2398 1761 2443 carte-

157 2481 323 2551 rique
355 2489 511 2533 artus
539 2497 639 2532 sua
663 2481 923 2549 deinreps
953 2482 1131 2532 officia
1163 2489 1389 2532 strenue
1420 2481 1686 2534 ﬁicerent.

234 2568 322 2625 37.
351 2570 624 2635 Tempore
654 2570 893 2637 quodam
926 2569 1205 2621 communi
1255 2570 1494 2622 utilitate
1522 2569 1756 2622 fratrum

160 2659 488 2712 admonitus
520 2659 572 2710 in
611 2657 1050 2727 Longobai'diam
1085 2659 1298 2711 exierat
1331 2660 1458 2712 :sed
1495 2659 1756 2727 quoniam

160 2746 353 2816 gregis
387 2746 490 2798 sibi
532 2746 813 2798 commissi
864 2747 1063 2798 absens
1110 2747 1274 2798 etiam
1326 2746 1756 2798 sollicitudinem

162 2834 417 2905 gerebat,
446 2851 568 2887 cum
609 2852 761 2886 more
787 2835 950 2887 solito
978 2842 1099 2902 post
1116 2837 1267 2900 Uom‘
1300 2835 1552 2886 letorium
1583 2835 1730 2902 lacry

168 2941 356 2975 musas
401 2941 588 2992 preces
633 2924 787 2992 quasi
846 2940 940 2992 pro
985 2923 1111 2974 filiis
1161 2923 1481 2974 holocausta
1530 2923 1764 2974 Domino

1840 1857 1974 1908 mihi
2008 1857 2280 1926 subripui.
2332 1878 2351 1905 ιι
2399 1858 2480 1910 Ad
2517 1857 2630 1910 haec
2664 1858 2805 1911 hanc
2844 1875 3067 1911 causam
3114 1858 3434 1927 intelligens

1841 1945 2038 1997 morbi.
2073 1946 2138 1997 ad
2181 1952 2370 1998 sancta
2407 1963 2707 2014 regressus.
2763 1948 3001 2016 petendo
3053 1947 3267 2000 veniam
3316 1946 3434 2000 nati

1840 2035 2106 2086 reatibus.
2165 2035 2487 2104 lacrymosis
2532 2035 2846 2105 complebat
2877 2036 3276 2088 monasterium
3319 2037 3434 2088 cla-

1842 2123 2103 2175 moribus.
2149 2124 2362 2185 Quibus
2407 2124 2618 2176 excitus
2651 2124 2952 2176 adveniens
2995 2142 3120 2177 cum
3168 2125 3435 2177 fratribus

1841 2228 1924 2262 Vll‘
1951 2211 2190 2268 Domini.
2227 2213 2885 2265 vehementercondoluit
2931 2213 3132 2265 misero
3173 2213 3383 2265 homini
3420 2231 3433 2266 :

1845 2309 1901 2353 et
1931 2302 2071 2352 facta
2107 2301 2378 2361 oratione.
2399 2319 2558 2369 aqua.
2589 2320 2753 2370 quam
2781 2320 2902 2355 mox
2931 2303 3230 2362 benedixit.
3259 2319 3435 2355 mem-

1848 2390 1943 2441 bra
1980 2391 2132 2458 pueri
2166 2391 2413 2442 dolentia
2443 2409 2504 2442 ac
2528 2391 2740 2443 tumida
2769 2392 3053 2461 aspergit:
3091 2398 3145 2443 et
3190 2392 3261 2444 ita
3295 2389 3438 2459 patri

1845 2495 2041 2530 sanum
2071 2486 2122 2530 et
2156 2477 2296 2531 bene
2328 2497 2385 2532 se
2421 2479 2624 2532 habere
2665 2480 2998 2532 clamantem
3051 2480 3224 2532 filium
3275 2478 3438 2532 resti-

1842 2567 1967 2620 tuit.
2005 2567 2223 2629 Quanto
2257 2568 2345 2620 ille
2379 2567 2554 2620 bonus
2575 2570 2655 2619 vir
2672 2569 2880 2636 gaudio
2906 2568 3441 2638 descendenstripu-

1843 2656 2016 2708 diavit
2046 2673 2108 2708 ex
2148 2657 2308 2708 laude
2335 2658 2651 2725 archangeli
2693 2667 2862 2727 atque
2885 2658 3004 2724 ejus
3037 2657 3228 2710 famuli
3264 2658 3439 2712 Bene-

1846 2746 1995 2801 dicti.
2029 2753 2083 2798 et
2105 2754 2293 2809 cantu,
2341 2763 2450 2816 quo
2473 2752 2651 2798 totum
2685 2763 2883 2799 nemus
2916 2747 3228 2809 resonabat.
3270 2746 3440 2800 intel-

1849 2835 1940 2903 ligi
1976 2836 2173 2902 potuit.

1918 2923 2002 2978 39.
2040 2928 2179 2976 l’ucr
2209 2942 2275 2976 er
2297 2927 2451 2977 Iavsu
2478 2928 2697 2978 t'l'arvus.
2733 2927 2926 2996 Neque
2950 2927 3080 2980 illud
3109 2927 3440 2981 miraculum

164 3013 480 3067 obtulisset.
528 3011 738 3082 positus
789 3011 840 3063 in
884 3011 1070 3068 cubili.
1116 3015 1280 3081 cmplt
1316 3019 1546 3062 tratrum
1584 3029 1765 3063 mores
1791 3070 1825 3084 μ
1851 3012 2214 3065 reticendum.
2245 3014 2390 3082 qu--d
2426 3014 2580 3065 multi
2616 3015 2706 3082 qui
2743 3015 2943 3068 vidi-re.
2987 3033 3186 3084 magno
3215 3029 3445 3084 stupore

165 3119 230 3154 ac
262 3101 428 3153 vitam
464 3101 650 3153 animo
680 3118 866 3152 secum
907 3101 1199 3152 revolvere.
1245 3101 1364 3153 Tali
1419 3101 1586 3169 igztur
1612 3117 1763 3156 cura.

168 3198 232 3243 ut
280 3191 501 3242 assolet.
554 3191 877 3242 exaestuanti
923 3207 1151 3240 somnus;
1204 3189 1469 3257 obrepsit.
1525 3189 1767 3256 viditque

165 3281 431 3344 angelmn
464 3279 617 3346 quasi
644 3281 983 3331 succinctum
1012 3287 1067 3330 et
1095 3279 1160 3328 ad
1199 3278 1302 3329 iter
1330 3278 1604 3342 agendum
1635 3294 1766 3345 prte-

167 3380 462 3440 patratum;
502 3386 662 3437 quem
699 3369 1091 3434 interrogans:
1131 3390 1148 3414 ει
1198 3368 1317 3430 Quo
1367 3378 1444 3419 tu.
1500 3367 1700 3436 inquit.
1734 3387 1764 3418 o

1617 3477 1635 3504 α
1683 3456 1764 3508 Ad

167 3548 573 3600 monasterium
606 3547 762 3600 vado.
790 3549 950 3614 jussu
971 3546 1187 3598 Domini
1209 3557 1762 3615 correpturosquein-

165 3637 296 3689 dam
329 3636 551 3688 lintrem
587 3636 1050 3705 impirnitentem.
1070 3646 1123 3688 et
1148 3636 1528 3688 immemorem
1556 3635 1762 3686 factum

167 3725 255 3779 sui
288 3725 494 3778 delicti.
544 3745 564 3773 ιι
603 3726 888 3792 Simulque
925 3726 1183 3789 designat
1214 3725 1290 3776 illi
1322 3733 1378 3776 et
1417 3741 1617 3776 nomen
1653 3726 1762 3775 t'ra-

166 3814 290 3867 tris.
327 3823 382 3866 et
412 3814 518 3866 acti
560 3812 837 3865 facinoris.
873 3816 985 3866 Nec
1018 3815 1191 3866 multo
1237 3822 1356 3882 post
1403 3821 1653 3882 tempore
1688 3812 1767 3864 vir

173 3903 269 3957 Dei
303 3904 368 3955 ad
399 3911 641 3955 montem
673 3921 978 3972 [‘t'gl'BS‘US.
1011 3903 1219 3955 invenit
1245 3904 1573 3954 monachum
1612 3902 1763 3953 illum

169 3991 421 4061 angelica
451 3991 656 4043 visione
690 4001 962 4044 notatum.
984 3992 1122 4043 lecto
1151 3991 1302 4059 graxi
1324 3991 1766 4060 a-gritudinede-

170 4081 490 4134 cubantem.
517 4079 608 4148 qui
648 4097 768 4132 mox
801 4080 1039 4132 adventu
1072 4081 1211 4147 ejus.
1245 4097 1408 4148 quem
1443 4081 1638 4132 anxius
1669 4097 1766 4150 0p-

172 4169 513 4241 periebatur.
540 4170 844 4226 exsultans.
865 4177 922 4220 ut
945 4187 1002 4220 se
1035 4170 1282 4220 visitaret
1313 4168 1522 4223 oravit:
1559 4177 1614 4220 et
1635 4185 1767 4221 con-

171 4261 353 4311 fessus
377 4275 441 4328 pe
476 4267 660 4310 CatUm
697 4257 853 4314 illud.
889 4275 987 4327 pro
1025 4275 1132 4326 qui)
1162 4258 1346 4309 divino
1373 4259 1590 4325 ﬂagello
1625 4258 1766 4309 mul-

169 3459 349 3514 beate.
398 3461 477 3510 sic
519 3459 756 3509 intendis
791 3457 1063 3526 pergere?
1107 3478 1130 3504 ι)
1158 3457 1257 3508 Cui
1298 3457 1531 3522 angelus
1565 3476 1574 3506 :

1850 3106 2003 3153 atton
2033 3101 2069 3152 ti
2117 3103 2299 3153 solent
2345 3119 2625 3155 enarrare.
2673 3104 2908 3166 Quidam
2949 3106 3440 3159 (‘ismontanorum

1850 3189 2142 3248 nobilium.
2211 3191 2341 3242 dum
2410 3192 2579 3243 cellas
2650 3193 2790 3244 ultra
2860 3203 3075 3246 montes
3139 3194 3441 3264 aliquando

1851 3280 2132 3334 reviseret.
2171 3282 2343 3333 lilium
2390 3299 2550 3335 suum
2590 3286 2900 3352 parvulum.
2936 3287 3026 3354 qui
3061 3285 3242 3355 Guigo
3283 3304 3444 3340 voca-

1853 3369 2034 3431 batur.
2069 3378 2221 3422 tanto
2255 3372 2393 3439 pa‘ri
2427 3373 2494 3424 ad
2531 3373 2896 3426 monasticam
2930 3375 3180 3428 ordinem
3206 3375 3444 3430 educan-

1849 3459 1980 3511 dum
2029 3460 2355 3512 tradiderat.
2410 3461 2584 3523 Quem
2641 3463 2772 3514 dum
2827 3463 2880 3514 in
2935 3479 3077 3532 equo
3122 3465 3444 3518 ell‘renando

1850 3548 2016 3600 nimis
2048 3565 2111 3600 ac
2142 3549 2307 3600 feroci
2349 3566 2377 3601 a
2423 3551 2596 3602 fratre
2635 3551 2736 3603 sibi
2775 3551 2905 3604 dato
2953 3569 3138 3606 secum
3191 3553 3442 3619 duceret.

1849 3652 1992 3688 unus
2047 3654 2110 3689 ex
2163 3638 2433 3706 promptis
2490 3639 2714 3692 famulis
2759 3640 3092 3694 Morestinus
3134 3648 3318 3696 (notus
3361 3649 3448 3697 est

1849 3725 2052 3786 homci.
2084 3726 2275 3779 videns
2309 3728 2600 3796 puerulum
2633 3727 2756 3797 equi
2790 3728 3136 3798 impatientis
3167 3723 3447 3786 instabili-

1848 3818 1963 3866 tate
1987 3816 2260 3882 jactatum
2307 3816 2581 3876 laborare.
2617 3817 2882 3885 imposuit
2909 3819 3060 3871 illum
3092 3819 3146 3872 in
3181 3822 3348 3882 mula.
3382 3827 3448 3876 ut

1802 3903 2246 3986 .mansuetioris
2305 3905 2564 3957 animalis
2621 3906 2784 3958 dorso
2842 3907 3064 3960 suavius
3111 3897 3445 3976 jaiitai'etur.

1851 3991 2090 4043 Ventum
2121 3999 2239 4044 erat
2270 3992 2339 4043 ad
2372 3993 2547 4044 locum
2580 3993 2869 4061 cujusdam
2891 4012 3102 4064 magna:
3132 3999 3286 4051 vallis
3318 4016 3443 4070 quia

1857 4079 2146 4132 Grininisia
2173 4081 2394 4137 dicitur.
2426 4081 2518 4133 ubi
2558 4083 2690 4134 [ieza
2724 4084 2998 4136 violentus
3033 4086 3234 4147 amnis,
3268 4089 3444 4143 exesis

1852 4169 2114 4237 utrinque
2145 4169 2262 4219 suis
2313 4169 2463 4238 ripis.
2514 4170 2655 4222 viam
2706 4171 2811 4224 iter
2851 4173 3143 4242 agentibus
3187 4177 3346 4244 juxta
3386 4195 3447 4232 se

1853 4257 2054 4309 habere
2087 4274 2192 4310 non
2229 4258 2455 4327 patitur.
2487 4260 2601 4311 Hac
2638 4261 2806 4328 igitur
2835 4272 3067 4330 cogente
3093 4263 3442 4334 necessitate,

170 4346 420 4405 tabatur.
457 4347 674 4399 indicta;
707 4345 1452 4415 puniitctitiamtorationum
1477 4349 1598 4414 ejus
1625 4346 2280 4440 salu-Descendo-litibus
2345 4346 2451 4398 illis
2510 4365 2607 4416 per
2659 4362 2869 4402 arctam
2929 4352 3184 4406 semitam
3242 4358 3446 4410 montis

175 4435 281 4489 tari
316 4435 588 4489 antidoto.
619 4453 725 4487 non
759 4436 938 4487 solum
968 4436 1299 4497 animus.st
1326 4436 1492 4488 etiam
1522 4436 1768 4506 corporis

171 4524 284 4577 cito
317 4525 554 4576 salu.em
591 4523 914 4593 promeruit.

248 4612 333 4668 38.
373 4615 646 4664 Pas-cliuli;
679 4629 878 4665 cerrus.
925 4612 1323 4682 Longobardus
1356 4613 1581 4682 quidam
1605 4629 1772 4666 causa

173 4717 272 4754 ora
303 4699 446 4753 ionis
486 4702 551 4752 ad
590 4702 854 4752 Sanctum
894 4701 962 4753 Mi
1002 4703 1213 4754 liaclem
1249 4720 1292 4753 vi
1316 4715 1471 4753 uerat
1501 4719 1623 4754 rum
1656 4720 1776 4770 pro-

175 4790 298 4858 prio
332 4789 462 4840 lilio.
491 4789 745 4850 Quidum
781 4791 1050 4842 attentius
1072 4809 1242 4859 agens
1270 4809 1455 4843 curam
1484 4791 1768 4842 orationis.

173 4886 372 4930 cuncta
415 4877 656 4929 ()ratorii
689 4878 944 4930 circuiret
979 4879 1195 4931 altaria.
1245 4880 1446 4931 tll’ttitlll.
1480 4881 1650 4932 lilium
1706 4881 1769 4931 li-

175 4968 394 5022 centius
434 4966 617 5034 vagari
666 4967 838 5035 patris
887 4968 1130 5020 solutuiu
1177 4969 1446 5020 cnstodia.
1492 4969 1595 5031 Qui
1651 4969 1774 5021 licet

180 5056 374 5126 puerni
435 5071 616 5105 rerum
671 5055 843 5107 victus
892 5057 1357 5125 concupiscmnia.
1404 5055 1471 5107 de
1530 5057 1768 5124 paschali

177 5162 337 5197 cerea
369 5151 499 5196 a..te
531 5152 784 5196 sanctum
818 5145 1014 5200 altare.
1053 5159 1108 5197 ut
1159 5164 1326 5196 moris
1367 5157 1467 5202 est.
1502 5157 1628 5197 sito.
1665 5147 1773 5198 l'ur-

179 5235 278 5286 tim
316 5234 694 5302 portiuni-ulas
737 5253 875 5294 rom,
907 5235 1081 5296 Il.|\it.
1126 5237 1278 5296 Qiiod
1335 5236 1556 5286 tametsi
1603 5235 1771 5286 vidi-ri

182 5331 400 5392 poterat
441 5340 543 5374 non
566 5323 779 5391 grande
807 5322 1024 5388 piarqu
1133 5325 1305 5376 virms
1339 5336 1522 5375 tamen
1548 5342 1621 5375 ari
1647 5326 1775 5377 lian-

179 5413 288 5480 geli
325 5412 466 5463 Istud
515 5429 620 5464 lion
669 5411 882 5464 dimisit
934 5411 1172 5465 inultun.
1231 5433 1238 5463 :
1287 5423 1347 5465 ut
1397 5415 1768 5482 po.~tnioiluiii.

179 5501 365 5556 credo.
391 5501 1022 5555 evidenterclaresceret
1052 5503 1179 5572 quid
1208 5503 1414 5554 faui—aret
1437 5521 1531 5570 per
1557 5504 1770 5556 fidi-lem

179 5607 346 5644 suum
381 5590 758 5644 Benedictum.
783 5591 926 5644 Nam
947 5609 1074 5645 cuiu
1103 5592 1268 5662 paulo
1290 5602 1416 5662 pOst
1440 5593 1519 5645 vir
1538 5594 1630 5646 ille
1649 5609 1776 5648 cum

420 5688 683 5753 Ρλτιιοι.
729 5691 844 5752 ω..

1851 4451 2008 4486 sectis
2037 4435 2219 4504 positi.
2257 4435 2400 4487 unde
2448 4439 2859 4490 transcuntimn
2908 4459 3005 4509 per
3050 4444 3226 4497 ardua
3259 4448 3448 4502 Oculos

1855 4523 2012 4575 hians
2043 4524 2275 4592 abyssus
2305 4539 2404 4575 sua
2431 4524 2726 4578 altitudine
2759 4538 2939 4597 potest
2970 4532 3269 4590 offendere.
3300 4539 3447 4592 arci-

1854 4613 1936 4665 dit
1969 4623 2028 4665 ut
2059 4614 2237 4666 infans
2270 4614 2361 4666 ille
2385 4615 2584 4668 timore
2599 4617 2724 4687 equi
2751 4623 3048 4686 przeeuntis
3074 4633 3130 4677 et
3157 4627 3261 4680 huc
3278 4635 3447 4698 atque

1858 4700 1989 4754 illac
2023 4710 2176 4771 terga
2212 4703 2502 4765 versantis.
2554 4705 2773 4758 frenum
2815 4709 2981 4763 nimis
3029 4715 3276 4776 trahens.
3319 4733 3446 4772 cum

1857 4791 2048 4842 eadem
2087 4792 2231 4843 mula
2263 4793 2349 4844 cui
2386 4792 2660 4845 insidebat.
2689 4795 2740 4846 in
2777 4814 3016 4865 princeps
3067 4811 3270 4855 rueret.
3311 4807 3449 4858 mul-

1857 4888 2022 4948 taque
2049 4898 2215 4933 arena
2250 4889 2417 4951 atque
2449 4882 2724 4952 lapidibus
2751 4885 2803 4936 in
2831 4887 2996 4939 dorso
3030 4891 3232 4943 montis
3259 4893 3447 4960 jacen-

1857 4971 2002 5020 tibus
2053 4988 2239 5022 serum
2284 4972 2572 5025 devolutis.
2622 4973 2687 5024 ad
2740 4974 2849 5026 ima
2889 4977 3259 5033 delaberetur.
3294 4984 3450 5038 'l‘unc

1860 5065 2013 5125 patre
2052 5060 2368 5112 UPllcdiCtU.
2407 5061 2497 5130 (ι.λί
2542 5078 2646 5113 non
2683 5063 2843 5132 longe
2872 5066 3318 5137 subsequebatur
3371 5076 3448 5128 si-

1853 5165 2024 5213 gnum
2059 5167 2165 5200 cru-
2193 5151 2235 5201 is
2266 5167 2434 5218 sopor
2462 5151 2749 5203 cadentmn
2781 5159 3101 5223 trequienter
3134 5161 3366 5214 faciente
3393 5172 3450 5219 et

1858 5247 2072 5288 oiaute.
2136 5237 2265 5289 illuc
2317 5239 2544 5290 aliunde
2603 5241 2884 5298 curritur:
2928 5253 2982 5297 et
3038 5264 3174 5314 puer
3221 5251 3445 5319 quid-1n

1862 5327 2010 5376 Inula
2051 5327 2275 5378 aliunde
2322 5345 2603 5391 excussus,
2655 5334 2904 5400 (lUdJIViS
2974 5336 3114 5388 [utile
3176 5347 3337 5395 ειη-,περ
3385 5361 3449 5396 ac

1855 5432 2111 5467 saxulum
2143 5415 2376 5469 obrutus
2407 5432 2458 5470 et
2491 5421 2742 5488 sepultus
2800 5423 2950 5476 nulla
2991 5435 3175 5479 tamen
3209 5430 3448 5499 alicujus

1860 5503 2098 5555 Ia-siunis
2129 5506 2286 5569 signa
2318 5507 2528 5559 habens
2560 5511 2856 5566 invenitur.
2881 5530 3004 5566 cuzn
3043 5515 3094 5568 in
3127 5517 3260 5570 sella
3287 5523 3450 5575 mulas

1858 5600 1976 5647 toto
2005 5610 2237 5665 corpore
2281 5594 2596 5652 dilucet-aue
2640 5615 2708 5654 ne
2758 5618 2869 5657 una
2910 5604 3185 5674 particula
3228 5606 3451 5680 integra

3131 5703 3208 5766 47
