3934 6358
537 310 690 396 ίίίϊες

1598 311 1963 393 witth
1990 321 2369 393 'CLU’SIENS.
2400 313 2740 395 tironesea.

3670 319 3817 399 ‘1'484

531 444 992 547 -mp'erireturfhl
998 439 1130 522 uitis
1146 457 1347 536 itaque
1376 451 1489 534 prae
1517 463 1722 532 gaudio
1745 439 2029 523 iflent'ibus,
2050 481 2140 516 so-
2161 455 2207 522 Ἀ
2229 463 2425 516 fratres
2453 459 2705 516 infirmos
2737 454 2867 516 ante
2887 461 3164 516 'om‘nia‘et
3194 456 3362 532 Super
3393 459 3608 524 omnia.
3639 459 3695 519 id
3737 459 3823 523 est

549 553 677 637 spes
707 561 934 616 omnino
976 567 1032 610 et
1070 549 1360 608 incolumis
1405 553 1588 604 abbati
1643 553 1912 605 redditur.
1964 553 2139 616 Quem

548 657 906 720 interrogans
943 667 954 701 :
992 666 1015 695 (ι
1061 645 1136 708 Si,
1185 644 1382 712 inquit,
1433 642 1527 700 fili,
1573 641 1782 710 aliquid
1830 643 2037 694 dulm‘is
2086 643 2143 694 in

553 745 741 813 aliquo
775 727 1148 806 i'i'ienibrorum
1181 730 1372 790 sentis,
1407 732 1593 783 dicito.
1617 733 1900 790 conﬁtere,
1924 733 2041 782 vide.
2075 749 2142 784 ne

551 833 690 888 mihi
719 818 882 883 ('eles.
939 847 957 873 ι
989 823 1091 877 Cui
1115 835 1288 891 puer:
1327 841 1348 869 (ι
1388 815 1507 888 ‘Ego
1540 819 1743 888 quippe
1777 819 1850 871 nil
1887 821 2012 871 mali
2045 838 2141 891 pa-

541 908 664 977 tior
690 938 701 972 :
737 917 886 990 quia,
916 931 1039 966 cum
1072 907 1348 965 caderem,
1378 907 1668 959 videbatur
1696 908 1827 959 mihi
1856 909 1996 977 quod
2035 925 2140 960 me.

550 995 738 1073 Pater,
762 993 961 1074 tuipse
984 1018 1082 1076 per
1104 1015 1345 1069 pannum
1370 1013 1516 1064 capte
1552 1014 1687 1049 mea:
1725 1003 1962 1056 teneres,
1998 1003 2053 1048 et
2085 1006 2142 1049 ut

551 1088 910 1156 consisterem
943 1083 1293 1144 admoneres.
1344 1106 1363 1133 ιι
1399 1085 1626 1138 Talibus
1661 1086 1924 1138 nimirum
1965 1086 2142 1138 verbis

543 1187 766 1267 pueruli
815 1176 1138 1242 innocentis
1197 1175 1331 1227 satis
1385 1180 1730 1241 compertum
1795 1181 1879 1225 est
1929 1174 2142 1226 meritis

550 1261 694 1334 tanti
724 1261 904 1328 Patris
950 1275 1006 1321 et
1036 1279 1144 1321 'cru
1180 1265 1227 1316 is
1275 1264 1433 1333 signo
1480 1262 1768 1314 salutifero
1811 1261 1964 1315 illum
2008 1269 2142 1315 tunc

550 1368 724 1422 fuisse
754 1363 1049 1415 salvatum.
1075 1349 1237 1408 'Is’tud
1263 1349 1463 1422 itaque
1493 1353 1733 1418 ingentis
1774 1350 1942 1422 fuisse
1972 1353 2140 1404 mira-

551 1441 680 1519 culi,
713 1441 758 1508 ei
790 1456 1126 1521 prteruptan'i
1163 1441 1308 1494 illam
1351 1440 1612 1510 abyssum
1660 1457 1935 1498 cerneres.
1975 1443 2138 1494 fidem

547 1529 784 1612 tibi'ipsi
813 1539 893 1614 tui
927 1537 1173 1598 facerent
1197 1530 1360 1582 oculi.
1590 1609 1595 1618 '
1871 1611 1873 1614 ι

620 1631 708 1687 40.
743 1628 913 1682 Venit
933 1617 1242 1692 aliquando
1274 1619 1339 1671 ad
1367 1617 1779 1690 converSionem
1826 1617 1983 1670 miles
2026 1619 2143 1687 qui-

551 1725 680 1778 dam
701 1705 984 1779 Allobrox,
1001 1701 1320 1764 ‘Willelmus
1335 1708 1580 1766 nomine.
1600 1707 1845 1761 moribus
1867 1716 1921 1759 et
1939 1724 2144 1777 genere

2226 569 2388 604 mane
2421 564 2473 605 et
2504 570 2648 614 sero,
2681 567 2870 604 curam
2903 547 3092 604 eorum
3127 567 3298 621 agens
3323 549 3543 607 visitare
3573 602 3577 608 .
3609 564 3664 609 e’t
3686 557 3823 609 a‘llo-

2227 658 2401 710 quens
2445 643 2705 709 juvenem
2745 659 2755 692 :
2797 664 2815 689 ε
2865 642 2960 693 Fili
2999 641 3092 698 mi.
3128 642 3324 709 inquit,
3363 645 3606 697 moriens
3647 660 3822 714 quare

2229 723 2361 781 mihi
2417 730 2552 782 nihil
2595 730 2771 782 dicis?
2825 755 2846 775 υ
2887 729 3042 783 Tunc
3088 731 3408 784 adwlescens
3460 734 3650 786 oculos
3702 736 3820 801 jam

2229 819 2406 870 morte
2434 828 2692 887 gravatos
2737 819 2990 888 aperiens
3029 839 3039 870 :
3076 843 3098 862 ισ
3144 815 3284 882 Quid
3338 823 3435 881 vis,
3481 817 3577 884 ait,
3633 823 3818 888 Pater,

2226 898 2404 958 dicam
2429 909 2453 958 ’ἶ
2485 909 2690 960 Morior
2719 901 3000 976 equidem.
3026 909 3117 961 sed
3146 909 3346 961 mirum
3381 905 3536 963 valde
3573 929 3682 965 non
3715 907 3818 975 est,

2227 996 2353 1064 quia
2378 1013 2542 1048 senex
2577 991 2667 1048 ille.
2696 997 2786 1066 qui
2819 995 2930 1048 illic
2961 997 3134 1054 sedet.
3175 1005 3296 1064 post
3325 999 3570 1054 triduum
3609 1019 3697 1054 me
3732 1021 3820 1055 se-

2225 1097 2446 1154 quetur.
2482 1080 2690 1140 v'l'lixit.
2717 1093 2772 1137 et
2794 1086 3210 1138 claUsis-ocellis
3240 1102 3434 1139 somno
3484 1088 3585 1158 piae
3625 1092 3823 1167 mortis

2225 1170 2842 1225 resolutus'est.'Sene‘x
2891 1186 3017 1223 Vero
3048 1173 3154 1230 ille,
3185 1175 3345 1241 cujus
3384 1176 3548 1227 ﬁnem
3584 1179 3824 1248 prophe-

2225 1260 2314 1312 tiae
2341 1255 2538 1329 spiritu
2570 1261 2840 1330 przedixit.
2878 1263 3180 1314 secundum
3210 1280 3430 1316 carnei'n
3457 1272 3616 1334 pater
3646 1263 3823 1336 ipsius

2219 1337 2507 1402 Beln'dicti
2533 1350 2749 1402 abbatis
2772 1353 2910 1404 era‘t.
2937 1363 3126 1402 sancta
3155 1357 3570 1407 conversatione
3589 1365 3648 1408 et
3676 1357 3822 1410 inira

2214 1427 2582 1507 Isinqilicitate
2614 1439 2887 1507 egregius,
2909 1440 3000 1508 qui
3024 1440 3078 1492 in
3106 1442 3409 1494 crastinum
3429 1460 3550 1496 cum
3585 1447 3821 1516 reliquis

2226 1527 2293 1579 ad
2325 1527 2578 1580 monachi
2612 1528 2761 1580 illitis
2791 1529 3082 1597 eXSequias
3109 1545 3170 1580 ac
3203 1533 3545 1598 sepulturam
3600 1536 3823 1604 proces-

2226 1617 2294 1669 sit
2321 1618 2614 1670 incolumis
2647 1635 2657 1668 :
2693 1612 2791 1670 sed
2825 1627 2948 1669 mox
2996 1617 3177 1670 valida
3214 1618 3366 1672 febre
3409 1627 3699 1691 correptus
3763 1624 3820 1676 in

2227 1705 2317 1757 die
2347 1707 2511 1758 tertio
2533 1706 2795 1774 juvenem
2837 1723 2948 1759 suae
2993 1707 3376 1761 dissolutionis
3414 1728 3723 1779 praxconem
3750 1715 3818 1766 ad

544 1815 697 1872 haud
736 1807 1029 1880 ignobilis:
1058 1819 1222 1873 quem
1261 1806 1556 1869 gratanter
1583 1817 1683 1851 suo
1718 1816 1869 1851 more
1900 1799 2140 1868 suscepit
2162 1791 2443 1879 B‘beatam
2473 1796 2740 1865 requiem,
2779 1803 2839 1847 ut
2864 1795 3128 1854 creditur.
3161 1805 3485 1866 preseeutns
3517 1807 3600 1852 est
3655 1801 3822 1856 Patri

535 1908 716 1962 Pater
746 1896 1004 1966 insignis,
1036 1890 1399 1945 reminiscens
1428 1905 1623 1958 nempe
1655 1881 1816 1940 illius
1869 1888 2136 1941 Dominiui

547 1971 679 2050 dicti
713 2017 722 2051 ;
757 1990 946 2044 Omnis
972 1986 1070 2052 qui
1095 1984 1240 2033 rrm’t
1271 1982 1340 2031 ait
1374 1996 1473 2037 me,
1507 1995 1615 2030 non,
1653 1981 1867 2044 cjirz'am
1902 1995 2020 2034 cuin
2064 1980 2140 2042 f0-

547 2099 640 2138 ras
666 2084 848 2143 (Joan.
887 2090 958 2134 vl,
990 2064 1100 2133 37),
1130 2068 1388 2123 omnibus
1418 2069 1676 2120 saeculum
1711 2068 2138 2138 fugerec-Upien-

544 2172 694 2227 tibus
721 2171 880 2223 hctus
911 2159 1254 2216 occurrebat.
1304 2165 1359 2210 et
1405 2158 1614 2226 absque
1659 2157 1976 2209 divitiarum
2015 2175 2138 2225 per-

545 2272 878 2316 sonarumve
911 2241 1246 2323 przejudicio,
1291 2245 1505 2299 cunctis
1559 2241 1950 2299 miseriem‘diie
1981 2246 2137 2299 sinus

543 2330 842 2422 pandebat.
878 2331 1070 2396 Frater
1102 2339 1270 2407 igitur
1301 2335 1392 2388 ille
1419 2335 1991 2388 conversusinstituta
2013 2353 2135 2387 san-

526 2447 644 2492 'ctze
673 2431 980 2500 disciplina:
1026 2425 1308 2481 sitibundo
1339 2424 1523 2476 hausit
1566 2431 1809 2506 pectore,
1854 2433 1905 2474 et
1949 2423 2134 2476 εἴρουιὶ

542 2540 772 2598 prorsus
802 2520 1060 2586 despecta
1095 2513 1355 2565 vanitate.
1403 2528 1468 2562 ac
1513 2511 1710 2580 spiritu
1743 2508 1984 2563 Domino
2013 2529 2135 2574 sec,

542 2615 717 2676 viens,
759 2606 1086 2662 infirmitate
1130 2607 1418 2670 correptus
1463 2601 1529 2652 ad
1575 2609 1823 2651 extrema
1862 2599 2134 2652 deductus

541 2710 646 2768 est,
691 2698 888 2770 quiab
927 2683 1120 2748 eodem
1151 2692 1337 2752 Patre,
1380 2706 1591 2741 necnon
1615 2695 1670 2740 et
1694 2687 2034 2741 Ilerimanno
2066 2688 2131 2754 .6)

539 2789 828 2849 cardinali,
853 2784 1026 2838 sancti
1047 2779 1304 2852 preeconii
1329 2778 1444 2830 viro
1462 2785 1512 2829 et
1537 2775 1932 2832 eruditissimo.
1953 2778 2134 2830 visita-

538 2889 649 2944 tus,
687 2885 811 2950 post
839 2889 1052 2928 sacram
1090 2869 1408 2923 unctionem
1433 2863 2130 2935 sanctaaque'Eucharistize

528 2954 970 3042 perceptionem.
988 2977 1111 3014 cum
1137 2965 1283 3011 esset
1303 2957 1476 3009 laicus
1494 2963 1549 3007 et
1569 2957 1880 3008 litterarum
1910 2956 2128 3025 penitus

533 3038 785 3130 ignarus,
835 3053 1000 3122 coepit
1042 3056 1230 3101 tamen
1273 3063 1396 3098 cum
1434 3038 1558 3097 illis
1607 3043 1685 3098 ita
1732 3062 1897 3113 agere
1949 3038 2134 3098 verbis,

525 3129 766 3206 Latinis,
802 3160 866 3196 ac
897 3141 942 3194 si
974 3140 1170 3191 doctus
1190 3136 1387 3188 fuisset
1411 3135 1556 3186 inter
1575 3134 1971 3203 grammaticos
1990 3141 2128 3186 tem-

518 3229 946 3310 .pore‘ineuntis
977 3226 1174 3280 artatis.
1209 3224 1408 3294 Sicque
1443 3217 1644 3275 mirum
1688 3223 1744 3274 in
1781 3221 2008 3275 modum
2058 3217 2127 3275 de

513 3308 920 3396 spiritualibus
950 3311 1308 3386 diSputando,
1340 3320 1396 3365 et
1424 3311 1724 3364 multorum
1750 3308 2006 3370 fratrum.
2031 3313 2125 3400 qui

533 3415 728 3470 eodem
762 3426 907 3464 anno
939 3404 1191 3458 morituri
1216 3409 1393 3462 erant,
1418 3402 1584 3453 finem
1619 3400 1826 3452 instare
1853 3399 2123 3470 praedixit,

535 3509 592 3557 et
613 3485 869 3554 asserens
896 3513 953 3547 se
981 3505 1228 3546 sanctam
1256 3487 1587 3543 Trinitatem
1617 3507 1645 3540 e
1665 3488 1843 3540 vicino
1874 3494 2126 3541 contem-

533 3588 838 3672 plari,felix
872 3585 964 3638 illa
997 3583 1184 3636 anima
1206 3575 1740 3632 feliciterhominem
1765 3595 1924 3630 suum
1954 3579 2120 3631 exuit.

536 3666 661 3760 Qpa,
687 3679 754 3730 de
784 3694 843 3728 re
874 3675 1036 3727 Pater
1063 3678 1288 3724 sanctus
1309 3666 1783 3738 quamplurimum
1815 3667 1990 3721 lzetus.
2018 3684 2127 3720 non

537 3751 543 3760 Δ
615 3741 677 3760 I..v
705 3756 711 3760 .
1042 3755 1044 3758 μ
1601 3755 1611 3760 -
2111 3758 2120 3760 -

820 3771 1009 3834 grates
1040 3755 1151 3814 Deo
1193 3775 1372 3827 agere.
1426 3755 1768 3826 praemittens
1812 3762 1941 3807 ante
1972 3773 2029 3808 se
2057 3758 2125 3809 ad

523 3826 833 3914 Dominum
872 3853 1011 3906 tales
1055 3843 1368 3903 animarum
1398 3845 1611 3898 fructus
1659 3850 1714 3896 et
1761 3843 2034 3913 primitias
2065 3862 2127 3898 ex

534 3919 649 4001 suol
665 3921 880 3999 labore.

606 4035 694 4090 41.
729 4033 1064 4086 Adolescens
1089 4042 1310 4097 quoque
1337 4023 1440 4076 fuit
1465 4023 1586 4091 ejus
1608 4021 2129 4082 alumnus,nomine

536 4124 863 4180 Lantelmus
889 4125 1037 4176 (nota
1060 4134 1147 4168 res
1167 4123 1287 4174 est",
1314 4113 1406 4182 qui
1427 4113 1492 4164 ad
1515 4109 1841 4164 diaconatus
1875 4111 2126 4164 ordinem

536 4229 717 4280 nuper
756 4212 1066 4279 promotus,
1101 4201 1475 4272 simplicitatis
1511 4208 1566 4252 et
1605 4200 1898 4252 castitatis.
1927 4199 2128 4253 virtute

519 4289 887 4373 'pollebatfls
911 4295 1078 4348 etiam
1123 4291 1280 4360 gravi
1319 4289 1662 4342 inﬁrmitatis
1706 4287 1961 4340 molestia
2007 4305 2129 4341 cor-

540 4396 733 4460 reptus
764 4385 959 4437 mortis
991 4376 1199 4441 vicime,
1232 4379 1437 4448 linguae
1483 4378 1664 4430 officio
1704 4377 1951 4446 privatus
1981 4378 2130 4447 jam-

2225 1884 2486 1936 nimirum
2520 1893 2711 1936 sancto
2758 1884 3078 1936 intermisso
3113 1886 3265 1954 pauci
3312 1888 3577 1958 temporis
3609 1891 3814 1962 spa'tio,

2210 1981 2361 2042 'puer
2401 1972 2491 2026 ille
2527 1973 2820 2026 defunctus
2848 1974 3080 2026 candida
3120 1975 3358 2049 ainiettis
3391 1978 3692 2033 da'ln‘iatira
3719 2000 3821 2052 ap-

2223 2063 2428 2132 paruit,
2472 2063 2687 2131 sibique
2729 2063 2870 2116 bene
2919 2081 3038 2116 esse
3083 2064 3221 2118 dixit
3275 2067 3400 2118 Ilzec
3447 2085 3554 2120 non
3607 2069 3709 2122 abs
3761 2089 3818 2124 re

2222 2153 2559 2221 scriptaesse
2585 2152 2869 2220 intelligit.
2890 2149 3145 2224 quisquis
3163 2151 3558 2225 disCipulorum
3588 2158 3816 2213 laudem

2223 2241 2289 2292 ad
2325 2242 2653 2309 magistrum
2690 2241 3036 2293 referendam
3059 2241 3550 2304 censi-ns,illorum
3574 2245 3814 2301 Fratrum

2221 2331 2421 2381 merita
2457 2331 2596 2396 patri
2627 2346 2819 2382 eorum
2849 2324 3017 2382 etiam
3042 2339 3097 2384 et
3123 2333 3334 2385 doctori
3357 2331 3668 2389 Benedicto
3703 2355 3814 2392 non

2218 2417 2495 2471 immerito
2524 2419 2797 2488 ascripsit.

2289 2509 2371 2564 4'2.
2399 2510 2712 2562 Benedictus
2733 2512 2969 2561 trirnm‘s
2991 2511 3296 2576 baptizatus
3331 2511 3694 2585 Loquebatur
3709 2519 3813 2571 ali-

2219 2597 2440 2666 quando
2465 2598 2607 2650 idem
2630 2597 2808 2649 ‘Pater
2829 2615 2972 2667 saepe
2995 2599 3316 2653 nominatus
3341 2607 3534 2656 mutuo
3557 2622 3622 2656 ac
3644 2603 3812 2659 fami-

2216 2681 2735 2743 liarit.er.utass01et
2749 2687 2863 2738 fieri
2877 2705 3019 2749 ,curn
3037 2683 3363 2758 quibusdam
3382 2690 3815 2764 fratribus.quo-

2216 2791 2339 2826 rum
2367 2792 2509 2826 unus
2533 2773 2799 2826 alacrior:
2832 2771 3116 2828 «'Domine
3143 2775 3480 2846 inquit,‘jam
3517 2781 3813 2838 inalbescit

2215 2871 2380 2931 caput
2403 2867 2644 2915 vestrum
2684 2863 2855 2915 canis.
2905 2884 2925 2912 ρ
2949 2858 3051 2917 Cui
3089 2867 3250 2917 Pater
3273 2865 3614 2923 'lienedictus
3649 2872 3812 2927 :Deo

2209 2952 2439 3021 gratias.
2476 2949 2540 3004 ΞΕ
2565 2969 2714 3020 μιυιη
2749 2952 2918 3020 igitur
2948 2959 3049 3005 est.
3075 2961 3148 3006 'ut
3198 2954 3433 3009 Domino
3481 2961 3808 3027 miserante,

2197 3027 2441 3093 floribus
2470 3037 2892 3109 erumpentibus
2922 3042 3007 3094 sui
3041 3043 3255 3096 fructus
3285 3048 3589 3102 succedant
3624 3058 3810 3104 matu-

2213 3148 2345 3183 l‘lUS.
2383 3131 2486 3182 Sed
2531 3129 2744 3198 quidni.
2786 3129 2978 3194 frater,
3017 3131 3219 3183 fieret?
3251 3134 3372 3185 Jam
3398 3135 3656 3208 equidem
3683 3158 3810 3194 sum

2212 3237 2312 3287 ego
2366 3219 2540 3271 ferme
2579 3218 3015 3286 sexagenarius.
3062 3220 3260 3273 Verum
3305 3239 3476 3276 unum
3524 3235 3609 3280 est
3660 3232 3810 3298 quod

2212 3301 2412 3366 recolo,
2450 3325 2547 3377 per
2576 3308 2722 3376 quod
2759 3305 2849 3359 Dei
2887 3308 3320 3362 misericordiam
3358 3329 3444 3366 me
3473 3321 3812 3372 consecutu-

2212 3415 2332 3450 rum
2371 3415 2551 3467 spero.
2588 3395 2778 3450 Trium
2805 3412 3046 3468 naque
3077 3415 3226 3451 eram
3262 3415 3558 3465 annorum,
3579 3407 3810 3474 quando

2210 3486 2469 3556 baptismi
2502 3487 2742 3555 gratiam
2779 3487 2996 3556 percepi
3030 3505 3040 3538 :
3073 3495 3128 3540 et
3157 3505 3278 3541 cum
3313 3489 3368 3542 in
3392 3492 3620 3545 salutari
3642 3491 3811 3549 'lava-

2211 3593 2302 3629 cro
2337 3593 2636 3645 mergrwer.
2671 3575 2843 3628 visum
2877 3583 2961 3628 est
2993 3576 3122 3628 mihi
3163 3593 3271 3630 non
3316 3579 3545 3633 inferius
3573 3581 3671 3640 ire.
3709 3586 3809 3638 sed

2212 3665 2456 3734 quandiu
2490 3665 2540 3716 in
2576 3665 2694 3734 ipso
2726 3682 2881 3716 sacro
2901 3666 3169 3719 ~fonte/fui
3202 3666 3254 3718 in
3287 3661 3400 3720 alto
3421 3671 3624 3724 mentis
3652 3679 3810 3728 statu

2212 3751 2548 3815 censtitisse,
2586 3754 2729 3805 unde
2769 3750 3035 3806 mundum
3071 3761 3249 3808 totum
3284 3756 3426 3809 infra
3458 3758 3626 3812 situm
3660 3769 3812 3816 esset

2213 3841 2462 3912 aspicere
2534 3864 2552 3890 ι
2596 3843 2725 3895 H-(ec
2772 3845 2938 3895 verba
2981 3843 3174 3897 habuit
3220 3862 3327 3898 non
3381 3845 3556 3900 multo
3603 3858 3733 3918 post
3781 3869 3810 3905 e

2214 3933 2413 3985 saeculo
2466 3931 2829 4000 migraturus,
2873 3932 3073 4001 quibus
3122 3933 3263 3986 forte.
3311 3936 3475 3989 ﬁnem
3523 3936 3648 3992 vitae
3700 3937 3808 3994 Sibi

2212 4022 2583 4090 jiii'opinquum
2612 4022 2732 4090 ejus
2754 4021 3164 4090 quodmniminlo
3197 4024 3522 4091 conjiciebat
3550 4029 3804 4097 spiiitus,

2213 4111 2368 4178 cujus
2399 4107 2725 4178 qualitatem
2763 4116 2952 4162 noster
2991 4110 3106 4178 jam
3160 4113 3499 4182 perstringat
3529 4117 3800 4172 calamus.

2280 4191 2367 4251 "’13.
2402 4200 2604 4251 Carnes
2635 4199 2785 4250 cdere
2833 4200 3094 4264 inﬁrm-us
3141 4207 3372 4271 recusat.
3406 4206 3552 4256 Ante
3599 4206 3814 4260 exitum

2212 4285 2335 4337 vitio
2367 4302 2478 4337 sum
2504 4293 2620 4337 toto
2651 4286 2765 4338 fere
2796 4302 2941 4338 anno
2969 4283 3121 4355 graVi
3154 4305 3218 4340 ac
3247 4287 3410 4342 dubia
3448 4293 3700 4360 pulsatus
3730 4302 3815 4349 est

2215 4373 2557 4426 inﬁrn'iitate.
2586 4374 2686 4426 Cui
2719 4392 2842 4427 cum
2879 4375 3217 4429 medicorum
3242 4375 3334 4430 alii
3359 4379 3523 4432 aliter
3553 4385 3813 4437 consule-

539 4455 750 4533 dlidum
783 4475 1000 4527 fuerat:
1034 4477 1089 4524 et
1122 4487 1244 4522 ecce
1275 4467 1458 4520 subito
1504 4466 1772 4535 quosdam
1819 4465 2019 4518 fratres
2063 4467 2130 4518 ad
2152 4455 2196 4511 Ῐ)
2219 4469 2360 4526 rent,
2391 4461 2680 4514 obediebat
2714 4464 3074 4532 quidem'illis
3105 4459 3470 4535 przesentibus
3497 4488 3507 4534 ;
3540 4477 3595 4522 at
3624 4472 3719 4525 ubi
3754 4491 3812 4527 se

539 4565 850 4621 custodiam
891 4561 993 4614 sibi
1027 4561 1323 4628 deputatus
1353 4573 1452 4608 suo
1481 4555 1662 4607 indice
1693 4554 1759 4606 ad
1786 4572 1843 4607 se
1874 4556 2132 4607 accedere

538 4652 886 4728 significavit.
930 4649 1142 4712 Quibus
1189 4644 1690 4715 propinquantibus
1735 4644 1815 4696 ait
1862 4663 1871 4696 :
1916 4665 1936 4694 α
2017 4645 2131 4698 Vox

519 4741 760 4801 'Domini
788 4736 1172 4792 intercidentis
1205 4733 1483 4787 ﬂammam
1526 4733 1688 4802 ignis.
1726 4755 1746 4783 »
1783 4732 2131 4786 Instantibus

537 4853 666 4888 vero
706 4831 814 4884 illis
856 4843 1028 4897 quare
1081 4826 1196 4877 hinc
1224 4822 1445 4882 dixerit.
1493 4832 1555 4875 ut
1603 4821 1864 4890 aperiret,
1904 4824 2130 4874 omnino

537 4920 821 4980 conticuit.
858 4913 1179 4970 Transactis
1209 4919 1394 4965 autem
1439 4911 1628 4980 paucis
1659 4912 1826 4970 horis,
1866 4929 1990 4963 cum
2049 4909 2127 4964 illi

537 5005 695 5087 quaSi
728 5005 983 5063 dissoluti
1008 5005 1189 5057 nescio
1221 5003 1352 5072 quid
1407 5001 1722 5071 garrirent;
1762 5001 1928 5054 simili
1971 5001 2128 5069 signo

536 5105 616 5158 eis
646 5103 906 5157 innuens,
932 5093 1072 5146 dixit
1099 5112 1108 5145 :
1135 5113 1154 5141 ι
1191 5091 1235 5145 Ο
1260 5108 1354 5143 vos
1398 5091 1714 5142 sacerdotes
1737 5090 2128 5148 Domini.faci-

533 5193 643 5247 lius
661 5186 897 5262 possetis
920 5182 1143 5245 salvari,
1169 5180 1212 5233 si
1239 5195 1460 5249 semper
1491 5179 1792 5230 cerneretis
1814 5195 1939 5230 eum
1960 5195 2125 5246 quem

533 5284 866 5355 praesentem
905 5271 1136 5326 habetis.
1165 5291 1188 5321 »
1219 5265 1313 5322 His
1342 5268 1504 5321 dictis
1537 5268 1728 5318 eodem
1765 5268 1928 5319 modo
1953 5267 2123 5320 siluit.

530 5374 634 5430 Die
660 5376 847 5424 autem
888 5365 1003 5433 jam
1051 5361 1566 5429 advesperascente,
1608 5356 1932 5408 Benedictus
1965 5357 2128 5410 Pater

531 5466 711 5518 visere
738 5472 862 5511 cum
895 5451 1124 5522 cupiens
1157 5447 1414 5502 accurrit.
1450 5445 1624 5498 Moris
1655 5443 1802 5497 enim
1834 5445 1912 5497 illi
1943 5446 2126 5498 fuerat

602 5607 916 5709 (6jlgn0tus
929 5604 1030 5686 fuit
1042 5621 1277 5686 Onufrio
1296 5625 1670 5680 Herimannus
1686 5623 1790 5678 iste
1802 5617 2115 5679 cardinalis.

2216 4551 2627 4613 submoveri-int,
2655 4569 2763 4620 prie
2779 4552 3010 4621 spiritus
3041 4553 3253 4607 fervore
3272 4557 3810 4628 quietisimpatiens,

2217 4648 2271 4693 et
2301 4641 2366 4692 ad
2402 4641 2624 4692 soliturn
2659 4641 2961 4711 disciplima
2984 4650 3150 4713 atque
3181 4645 3532 4701 abstinentia}
3565 4649 3810 4718 rigorem

2214 4747 2529 4791 recurrens,
2572 4747 2850 4800 corporeae
2889 4731 3202 4786 necessitati
3240 4735 3469 4788 minime
3517 4737 3812 4808 indulgere

2214 4828 2462 4881 noverat,
2498 4836 2559 4871 ca
2594 4838 2690 4888 per
2723 4821 2823 4871 hoc
2853 4820 3145 4874 recidivam
3182 4822 3495 4877 molestiam
3529 4811 3692 4880 facile
3724 4829 3812 4882 in—

2214 4908 2488 4961 currebat.
2515 4907 2718 4961 Etcum
2751 4911 2916 4978 paulo
2937 4916 3059 4980 post
3088 4911 3411 4965 meliuscule
3442 4914 3656 4969 habens
3688 4918 3817 4970 sub-

2194 4991 2508 5054 Ἰι-ινῖινυῐυγ,
2527 5016 2638 5051 suae
2668 4999 2797 5050 item
2832 4999 3136 5052 debilitatis
3164 5001 3460 5054 immemor
3489 5020 3554 5057 ac
3581 5023 3812 5061 securus

2211 5087 2280 5139 ad
2311 5088 2610 5139 nocturnas
2649 5095 2953 5141 conventus
3001 5088 3218 5158 vigilias
3265 5091 3574 5145 conabatur
3619 5093 3811 5148 ascen-

2213 5176 2360 5238 dere,
2391 5175 2659 5229 subnixus
2684 5178 2854 5229 trium
2884 5177 3117 5230 fratrum
3144 5179 3368 5239 auxilio,
3397 5198 3429 5232 a
3451 5177 3617 5235 dorso
3658 5184 3809 5236 vide-

2213 5264 2342 5316 licet
2371 5271 2426 5316 et
2457 5272 2694 5334 utroque
2736 5265 2910 5318 latere
2963 5267 3277 5321 Nm'issime
3312 5286 3442 5321 vero
3486 5287 3613 5324 cum
3657 5273 3808 5342 regio

2211 5353 2403 5405 inorbo
2433 5354 2658 5421 gravius
2683 5353 3018 5408 afficeretur.
3055 5357 3196 5426 quod
3243 5374 3306 5409 ex
3351 5353 3615 5412 hicterico
3646 5369 3696 5414 et
3729 5363 3807 5414 ci-

2208 5443 2356 5497 trino
2387 5442 2570 5496 colore
2615 5444 2800 5514 palam
2851 5439 3036 5507 ﬁebat,
3068 5462 3101 5498 a
3130 5453 3398 5500 consueta
3426 5448 3606 5503 victus
3631 5450 3807 5521 parci-
