3934 6354
187 373 330 446 1485

1287 389 1464 446 ’νΙΤΑ
1503 390 1885 447 BENEDICTI
1923 385 2083 448 ABB.
2130 392 2332 449 CLUS.

3305 391 3450 452 1486

180 519 301 569 tate.
323 520 382 569 et
407 515 677 586 qualitate
716 516 1046 584 corpusculo
1071 515 1366 586 ignorabat
1406 533 1650 586 parcere.
1683 524 1772 571 ta-
1797 515 2102 576 A'Iebratas
2147 533 2456 572 convenere
2487 519 2813 590 frequentes
2837 519 3082 590 episcopi
3111 523 3169 574 et
3194 519 3445 589 abbates,

181 605 350 657 metsi
386 604 611 658 morbus
643 605 733 658 ille
757 606 826 655 ob
849 605 972 658 hoc.
1008 613 1070 657 ut
1098 605 1324 658 aiebant
1348 605 1473 666 sibi,
1500 606 1779 660 diceretur

179 691 390 760 regius.
427 693 570 762 quod
603 693 882 762 regalibus
907 691 1043 746 cibis
1074 700 1130 746 et
1157 693 1407 746 delicatis
1439 693 1662 746 ferculis
1687 710 1778 747 as-

181 787 410 832 seratur
447 781 726 834 curabilis.
783 779 971 835 Multis
999 787 1186 834 autem
1216 781 1295 834 illi
1325 782 1779 836 succensentibus

181 875 244 921 et
270 868 605 931 dicentibus,
638 870 821 923 adhuc
845 869 1000 923 illum
1033 869 1215 924 carnis
1236 870 1421 926 edulio
1453 887 1611 942 posse
1642 871 1780 924 rela-

180 957 322 1012 xari.
360 958 441 1012 sic
471 960 792 1030 reSpondit:
833 981 854 1010 ε
893 959 972 1014 En
1013 977 1115 1031 ego
1154 961 1382 1026 morior,
1415 967 1471 1014 et
1489 961 1776 1014 comedam

184 1047 430 1101 carnes?
463 1068 485 1098 ι

260 1135 350 1192 4i.
382 1139 572 1192 Mortis
599 1141 874 1206 pra’srt’us,
907 1154 1276 1192 successorum
1302 1155 1477 1192 mores
1501 1139 1776 1205 praevidet.

184 1225 384 1280 Voluit
425 1234 611 1281 autem
664 1229 929 1282 Dominus
967 1245 1186 1282 servum
1234 1245 1396 1282 suum
1443 1227 1586 1280 circa
1615 1227 1780 1280 ﬁnem

184 1315 320 1369 vitae
343 1317 465 1386 jugi
505 1324 562 1371 et
595 1317 813 1371 diutina
841 1317 1128 1371 debilitate
1157 1317 1476 1382 tabescere;
1510 1324 1573 1369 ut
1595 1316 1640 1368 si
1675 1331 1785 1386 qua

185 1403 338 1458 forte
365 1405 446 1458 vel
479 1405 702 1459 levioris
743 1407 920 1476 culpae
970 1407 1200 1459 vulnera
1246 1405 1301 1458 in
1351 1405 1442 1458 illo
1481 1404 1784 1458 manebant

185 1491 470 1554 incurata.
495 1495 634 1548 duro
676 1503 845 1565 atque
880 1512 1073 1548 amaro
1105 1494 1343 1548 transitu
1373 1495 1573 1547 ﬁerent
1605 1491 1782 1544 medi-

182 1593 316 1635 cata
340 1592 510 1652 atque
542 1589 765 1638 sanata.
807 1583 921 1636 Hoc
963 1599 1207 1654 namque
1245 1583 1440 1636 beatus
1477 1581 1782 1651 Gregorius

183 1671 518 1742 comprobat
568 1672 688 1725 ﬁeri
732 1671 979 1726 historiae
1022 1671 1236 1742 Regum
1283 1671 1637 1730 auctoritate,
1687 1669 1781 1723 ubi

182 1761 274 1814 leo
320 1762 646 1832 prophetam
697 1760 1040 1814 interfecisse
1092 1760 1298 1815 dicitur
1341 1768 1568 1831 peccato
1597 1760 1784 1813 inobe-

1860 607 2022 660 vicini
2069 607 2188 660 fere
2237 623 2430 662 omnes
2483 609 2670 663 clerici
2701 627 2769 664 ac
2811 608 3090 666 monachi.
3123 612 3450 667 catervatim

1861 713 2080 766 quoque
2109 703 2450 750 concurrunt
2474 698 2623 756 laici.
2659 699 2900 752 militum
2932 705 3102 768 atque
3126 699 3454 770 pageneium

1861 787 2152 856 utriusque
2183 801 2345 839 sexus
2376 787 2537 840 cunei
2571 805 2582 838 :
2612 787 2706 840 alii
2743 787 2899 840 fama
2927 788 3240 842 sanctitatis
3265 789 3451 855 acciti,

1862 874 2114 945 plerique
2153 875 2444 928 charitatis
2476 877 2598 944 ejus
2637 877 2848 930 viscera
2891 882 2950 930 et
2973 877 3328 932 dulcedinem
3367 895 3457 932 ex-

1861 962 2021 1033 perti.
2055 963 2244 1016 Fletus
2288 963 2346 1016 in
2395 979 2728 1028 commune;
2767 964 3047 1036 praecipue
3094 964 3214 1033 ejus
3242 964 3457 1020 alumni

1862 1050 2048 1119 rigant
2075 1050 2254 1103 solum
2277 1050 2556 1122 lacrymis.
2590 1051 2763 1120 Cujus
2795 1053 2875 1105 vel
2898 1067 3066 1106 saxea
3087 1057 3320 1122 pectora
3341 1070 3456 1109 non

1863 1149 2152 1194 moverent
2177 1141 2244 1193 ad
2286 1141 2550 1210 pietatem
2618 1139 2909 1195 viduarum
2935 1148 3328 1212 etpau'perum
3372 1142 3456 1196 la-

1865 1246 2087 1299 crymae.
2122 1245 2261 1296 quos
2311 1228 2428 1298 ipse
2468 1228 2714 1298 benigne
2759 1229 2972 1282 solebat
3008 1230 3210 1283 alere?
3241 1231 3456 1286 Tantus

1866 1317 2072 1387 quippe
2097 1324 2325 1386 tamque
2357 1315 2670 1370 uberrimus
2698 1317 2800 1370 fuit
2829 1319 3078 1371 omnium
3112 1319 3315 1385 luctus,
3343 1335 3458 1372 map

1864 1406 2121 1475 ximeque
2148 1405 2682 1469 sanctimonialium,
2707 1405 2782 1458 de
2808 1415 3004 1460 morte
3021 1407 3108 1460 sui
3128 1406 3359 1477 patroni
3377 1407 3460 1461 in-

1865 1493 2174 1547 solabiliter
2203 1493 2578 1548 merentium.
2598 1509 2736 1562 (pas
2771 1493 2918 1546 idem
2937 1495 3112 1548 Pater
3129 1511 3230 1565 pro
3246 1495 3456 1550 Christi

1867 1599 2056 1635 amore
2086 1587 2540 1651 congregaverat,
2577 1589 2644 1634 ut
2669 1582 2752 1634 vix
2789 1582 2850 1636 in
2895 1583 2989 1636 illa
3026 1583 3116 1636 die
3147 1583 3311 1638 funus
3351 1599 3452 1654 pro

1863 1671 2139 1724 densitate
2168 1671 2312 1740 vulgi
2345 1671 2550 1734 ﬂentis,
2577 1677 2635 1724 et
2662 1687 2782 1724 sese.
2809 1671 3288 1742 superingerentis
3309 1690 3460 1728 com-

1866 1759 2002 1828 pleri
2033 1758 2296 1829 potuerit.
2331 1759 2650 1812 Obiit-anno
2671 1759 2816 1813 vitae
2835 1776 2960 1814 sua:
2990 1761 3456 1832 quinquagesimo

182 1848 434 1904 dientize.
468 1849 564 1904 sed
609 1850 837 1904 minime
877 1861 1134 1919 gustasse
1173 1850 1241 1902 de
1271 1859 1462 1902 sancto
1491 1849 1778 1902 cadavere.
1807 1855 2074 1930 Boctavo,
2109 1848 2405 1918 pastoralis
2437 1863 2586 1901 curae
2612 1848 2874 1901 vicesimo
2898 1848 3118 1918 quinto,
3159 1849 3230 1903 ab
3269 1849 3455 1905 Incar-

181 1939 268 1992 De
301 1940 542 1994 termino
589 1948 776 1995 autem
827 1942 950 1994 vitae
987 1959 1120 2002 suae,
1152 1941 1234 1994 sic
1263 1957 1358 2011 per
1398 1940 1574 1994 visum
1617 1940 1781 2008 longe

183 2035 322 2082 ante
367 2029 735 2083 certilicatum
767 2047 875 2084 acc-
905 2031 1104 2100 pimus.
1139 2029 1447 2083 Videbatur
1475 2030 1658 2082 videre
1687 2046 1780 2081 se-

182 2115 372 2186 ipsum
398 2119 665 2172 nudatum
684 2135 781 2188 per
810 2135 962 2172 mare
989 2119 1170 2172 nando
1193 2118 1261 2172 ad
1297 2119 1452 2172 littus
1477 2118 1779 2188 pervenire.

182 2205 380 2275 ibique
409 2207 648 2262 inventis
675 2209 1004 2278 quibusdam
1033 2209 1222 2278 paucis
1249 2207 1510 2261 arborum
1543 2206 1782 2260 surculis

185 2297 327 2350 satis
356 2296 575 2350 infirme
606 2297 868 2350 radicatis
901 2306 1181 2366 utcunque
1217 2297 1324 2349 illis
1348 2295 1780 2358 hazsisse.Quam

189 2385 462 2438 visionem
514 2385 646 2438 mihi
690 2387 883 2440 sedulo
929 2386 1005 2438 illi
1054 2385 1351 2439 excubanti
1395 2402 1492 2454 per
1535 2383 1782 2452 seipsum

169 2475 774 2544 -ἰηδειιιββθιαηεὼκίιε
813 2502 828 2519 -
860 2476 978 2528 Per
1007 2492 1170 2528 mare
1200 2475 1380 2542 hujus
1417 2473 1604 2528 saeculi
1638 2471 1786 2526 labo-

187 2563 362 2627 riosa,
397 2569 459 2616 ut
497 2563 698 2625 cernis,
741 2563 914 2616 frater
950 2563 1280 2616 inﬁrmitate
1328 2561 1571 2615 natando
1601 2559 1786 2613 nudus

189 2657 249 2705 et
272 2667 484 2722 pauper
515 2652 581 2704 ad
616 2653 780 2704 ﬁnem
813 2652 936 2705 vitae
969 2651 1290 2718 pertrahor;
1319 2650 1672 2703 surculorum
1695 2665 1787 2704 ne,

187 2754 275 2798 ro,
302 2737 504 2807 quibus
535 2739 618 2792 vix
649 2738 948 2799 innitebnr.
975 2738 1129 2791 radix
1163 2738 1404 2797 inﬁrma,
1429 2737 1484 2789 in
1507 2753 1788 2789 successo-

188 2825 348 2880 ribus
373 2827 514 2881 meis
541 2827 883 2882 debilitatem
917 2835 972 2881 et
1004 2827 1438 2882 inconstantiam
1465 2825 1790 2898 torepimsi-

187 2922 331 2987 gnat
386 2937 411 2970 »
445 2915 608 2970 Hanc
637 2917 832 2987 utique
864 2917 1258 2970 revelationem
1284 2930 1456 2969 suum
1487 2919 1786 2968 auctorem

191 3013 250 3059 et
274 3007 634 3076 interpretem
659 3022 1010 3076 nequaquam
1036 3005 1296 3058 fefellisse
1309 3021 1409 3057 nos
1431 3009 1786 3064 attestamur,

190 3095 515 3166 quicunque
537 3095 657 3164 ejus
689 3101 944 3156 mortem,
973 3095 1077 3147 heu
1103 3095 1114 3146 !
1151 3111 1258 3146 non
1292 3093 1430 3146 bene
1460 3091 1789 3162 superstites

190 3182 532 3252 aspeximus.
567 3190 624 3236 et
651 3199 847 3236 navem
874 3182 1121 3236 ecclesiae
1153 3188 1515 3250 nestrzepene
1543 3177 1786 3232 dissolu—

187 3276 310 3324 tam
342 3269 706 3324 instabilitate
747 3287 813 3324 ac
847 3270 1305 3341 pusillanimitate
1341 3267 1781 3330 succedentium,

189 3377 297 3416 ceu
324 3366 615 3414 ventorum
637 3360 880 3424 turbine,
909 3376 1019 3412 non
1052 3360 1393 3428 ignoramus.
1615 3344 1620 3349 ’

127 3433 138 3445 ’
262 3449 352 3506 45.
395 3451 454 3504 Ut
497 3450 572 3502 ad
598 3465 716 3502 eam
759 3465 810 3502 sc
838 3450 1106 3516 dieponit.
1151 3449 1360 3502 'Unclus
1388 3448 1660 3500 atmiatq'co
1697 3461 1786 3498 re-

189 3541 384 3606 ﬁcitur
449 3537 545 3590 His
575 3537 747 3607 igitur
779 3545 834 3590 et
864 3537 988 3590 aliis
1021 3533 1403 3604 hujuscemodi
1431 3533 1788 3587 revelationi-

188 3626 297 3680 bus
309 3625 556 3680 edoctus.
569 3625 869 3696 posttrium
885 3624 1360 3678 hebdomadarum
1379 3623 1620 3693 spatium
1633 3623 1790 3684 ,hora

189 3715 303 3769 diei
333 3719 490 3768 sexta
517 3712 940 3766 dissolutionem
973 3711 1220 3784 corporis
1247 3711 1330 3764 sui
1358 3709 1608 3780 praedixit
1627 3709 1787 3763 adfu-

189 3809 398 3856 turam.
431 3803 612 3872 Super
642 3819 752 3872 qua
777 3803 895 3872 jam
923 3817 1034 3855 non
1066 3801 1330 3855 incertus.
1364 3799 1684 3869 postpositis
1723 3815 1787 3852 ex

190 3897 329 3946 tunc
380 3890 607 3944 omnino
656 3891 839 3944 carnis
873 3908 986 3944 suae
1027 3889 1472 3944 necessitatibus.
1508 3895 1688 3942 totum
1725 3903 1787 3941 se

191 3979 364 4050 erigit
391 3987 448 4033 et
477 3979 687 4049 obligat
707 3979 908 4034 studiis
937 3977 1344 4050 spiritualibus.
1367 3975 1793 4046 Manantquoti-

189 4067 286 4121 die
315 4083 377 4120 ex
413 4067 536 4136 ejus
583 4067 775 4120 ocellis
815 4067 1192 4134 lat-rymarum
1227 4065 1400 4118 .riuuli
1435 4083 1446 4116 :
1490 4068 1790 4118 conﬁtetur

189 4153 502 4210 Aurasiaco
521 4155 780 4226 episcopo
805 4159 1012 4222 leaeque
1032 4155 1348 4220 d‘Orange),
1373 4153 1464 4223 qui
1485 4161 1620 4206 tunc
1647 4159 1789 4210 nutu

183 4243 296 4298 'Dei
344 4243 555 4306 aderat,
591 4249 648 4298 et
689 4243 958 4297 fratribus
1002 4260 1106 4298 sua
1131 4242 1354 4297 delicta.
1377 4243 1556 4297 ’Fiunt
1583 4241 1789 4297 crebra!

191 4333 543 4386 visitationes
571 4349 637 4386 ac
659 4333 954 4386 missarum
989 4349 1087 4404 pro
1109 4350 1174 4385 eo
1196 4333 1465 4399 actiones,
1491 4347 1701 4385 necnon
1733 4336 1790 4385 et

192 4422 674 4493 eleemosynarum
722 4422 1060 4492 quotidiana:
1093 4421 1416 4490 largitiones
1478 4420 1788 4474 Personam

1863 1936 2089 1990 natione
2119 1936 2335 1990 Domini
2371 1936 2666 1990 millesimo
2686 1937 3048 2006 nonagesimo
3067 1939 3277 2007 primo.

1936 2022 2020 2078 47.
2048 2026 2194 2078 Mira
2214 2027 2286 2078 ad
2313 2028 2745 2088 eiustunmtwm.
2766 2025 2938 2079 Beata
2968 2027 3150 2096 plane,
3189 2027 3352 2082 beata
3366 2047 3445 2096 es,

1867 2113 2092 2167 Clusina
2127 2113 2360 2166 fratrum
2389 2115 2912 2184 concio.quaetanto
2935 2116 3187 2170 meruisti
3201 2117 3455 2174 decorari

1865 2213 2118 2273 patrono.
2139 2203 2316 2256 Habes
2348 2203 2554 2274 quippe
2577 2221 2688 2273 prae
2708 2205 2904 2265 oculis.
2937 2207 3098 2275 cujus
3131 2207 3256 2261 ﬁdei
3284 2209 3459 2262 since-

1867 2292 2089 2344 ritatem
2118 2298 2176 2344 et
2205 2290 2405 2361 probos
2440 2309 2618 2346 mores
2649 2295 2695 2347 si
2717 2293 2885 2364 digne
2906 2295 3231 2355 excolueris,
3256 2293 3456 2368 peren-

1868 2381 1954 2435 nis
1985 2381 2108 2448 ejus
2135 2381 2326 2448 gaudii
2353 2398 2580 2436 consors
2609 2399 2734 2436 esse
2763 2384 2974 2454 poteris
3027 2385 3110 2439 Ad
3137 2387 3461 2456 sepulcrum

1867 2486 1995 2523 vero
2023 2469 2170 2523 illius
2199 2470 2407 2541 quique
2438 2471 2768 2542 languentes
2797 2473 3124 2545 frequenter
3145 2475 3462 2545 sanctitatis

1867 2557 1987 2624 eius
2016 2557 2380 2626 experiuntur
2419 2557 2680 2628 insignia.
2723 2559 2771 2613 si
2815 2543 3002 2614 mente
3032 2561 3180 2615 ﬁdeli
3215 2578 3313 2630 per
3341 2543 3462 2633 ejus

1871 2645 2125 2704 meritas
2149 2646 2370 2700 Christo
2392 2646 2694 2716 implorent
2724 2647 2829 2701 sibi
2859 2649 3127 2718 sutl'ragia
3177 2650 3350 2718 Cujus
3379 2649 3462 2705 rei

1869 2740 2039 2788 testes
2075 2735 2321 2788 existunt
2355 2736 2657 2790 numerosi.
2689 2753 2787 2806 per
2813 2754 2938 2790 eum
2974 2739 3027 2790 in
3050 2738 3166 2792 suis
3196 2738 3464 2792 valetudi-

1861 2822 2332 2880 nibusmedelam
2359 2825 2644 2878 consecuti
2671 2843 2681 2876 :
2716 2841 2856 2896 quos
2879 2832 3030 2879 certe
3052 2843 3268 2896 possem
3288 2827 3462 2882 intro-

1870 2910 2095 2970 ducene,
2141 2909 2248 2966 nisi
2277 2911 2463 2966 debito
2509 2913 2616 2965 ﬁne
2646 2930 2785 2982 opus
2818 2914 3010 2966 vellem
3041 2913 3321 2968 claudere.
3353 2914 3464 2986 0p-

1871 2999 2165 3068 portuuius
2196 2999 2402 3070 quippe
2418 3007 2522 3060 est,
2555 3009 2619 3054 ut
2645 3007 2815 3056 tantae
2844 3002 3090 3057 materiae
3123 3003 3324 3056 molem
3342 3004 3464 3074 ple-

1871 3087 1999 3141 nius
2039 3089 2287 3142 insinuet
2319 3099 2434 3142 .uta
2452 3090 2829 3153 taciturnitas,
2861 3107 3028 3160 quam
3062 3091 3281 3162 pinguis
3302 3091 3464 3164 inge-

1873 3176 1950 3231 nii
1981 3185 2208 3235 atterat
2227 3179 2690 3249 iatqueiextettuet
2718 3191 2919 3248 puocax
2950 3179 3282 3251 loquacitas.

2239 3267 2426 3320 Versus
2465 3281 2630 3335 super
2660 3273 2943 3322 tumulum
2972 3273 3108 3338 ejus.

1866 3354 2132 3425 Quisquis
2168 3355 2239 3408 ad
2271 3356 2374 3408 hoc
2408 3363 2664 3410 nostrum
2695 3364 2748 3410 te
2776 3359 2945 3411 vertis
2971 3358 3462 3431 forte-sepulcrum

1937 3443 2074 3507 Quis
2101 3444 2263 3497 modo
2281 3445 2622 3504 simwtnacta.
2653 3446 2780 3516 quis
2817 3446 3131 3519 fuerimque
3156 3455 3315 3508 nota.

1827 3587 1834 3592 _
1871 3531 2006 3586 Sum
2040 3531 2236 3602 pulvis,
2259 3531 2448 3586 factus
2462 3533 2691 3587 ‘fueram
2723 3533 2817 3605 qui
2851 3535 3077 3590 nomine
3099 3553 3355 3609 magnus,

1939 3621 2022 3674 Tu
2058 3622 2153 3674 ﬁes
2179 3621 2398 3682 similis,
2430 3623 2508 3674 sis
2535 3622 2664 3676 licet
2691 3639 2760 3676 en
2791 3623 3000 3678 viiidis.

1871 3709 2130 3762 Conditio
2161 3710 2345 3762 carnis
2377 3711 2704 3765 mortalibus
2732 3719 2819 3765 est
2853 3711 2986 3766 data
3014 3713 3144 3767 talis

1940 3798 3460 3868 Provetitopomo...................

1859 3887 2512 3955 ‘Underoga‘Dominum
2557 3929 2569 3942 .
2611 3931 2622 3943 .
2673 3929 2685 3942 .
2734 3931 2746 3942 .
2792 3931 2805 3944 .
2851 3932 2863 3943 .
2914 3935 2925 3945 .
2972 3932 2984 3944 .
3029 3932 3044 3947 .
3091 3932 3104 3945 .
3149 3930 3164 3946 .
3207 3930 3224 3948 .
3269 3930 3284 3944 .
3447 3935 3460 3949 .

1943 3975 2018 4030 Ut
2053 3975 2560 4046 mihisitrequies.
2605 4017 2618 4030 .
2672 4018 2684 4030 .
2729 4019 2742 4032 .
2790 4018 2802 4030 .
2848 4017 2862 4032 .
2909 4019 2922 4033 .
3084 4017 3100 4034 .
3145 4019 3159 4034 .
3206 4017 3282 4042 ...
3329 4020 3343 4034 .
3389 4021 3401 4034 .
3447 4026 3462 4040 .

2561 4065 2764 4128 Aliud,

1871 4151 2163 4206 Clauderis
2197 4168 2268 4208 en
2315 4153 2567 4222 pulchro.
2613 4195 2625 4208 .
2671 4197 2684 4209 .
2733 4193 2747 4208 .
2793 4194 2806 4208 .
2842 4155 3164 4222 Benedicta,
3191 4156 3462 4239 βορωωιο

1939 4241 1967 4294 J
1974 4247 2174 4294 unctus
2200 4258 2298 4311 pro
2331 4242 2546 4296 meritis
2571 4243 2783 4299 civibus
2807 4245 3094 4316 angelicis,

1873 4328 2246 4400 lilysterioque
2265 4331 2445 4384 crucis
2470 4338 2530 4386 te
2563 4334 2762 4388 munit.
2808 4377 2821 4390 .
2867 4375 2880 4388 .
2929 4374 2940 4385 .
2985 4375 2997 4388 .
3030 4335 3179 4390 ensis

1939 4415 2060 4480 Quo
2081 4417 2298 4482 spernis
2329 4425 2558 4473 cunctas
2589 4421 2860 4476 rlzemonis
2888 4421 3121 4476 insidias

193 4517 327 4564 ante
357 4527 486 4563 eum
517 4517 678 4564 nocte
703 4511 904 4580 dieque
934 4509 1132 4580 psalmi
1156 4527 1254 4564 seu
1280 4509 1478 4563 divinae
1497 4509 1781 4563 lectiones.
1809 4580 1837 4582 ῃ
1860 4503 2155 4558 Fratribus
2175 4505 2264 4559 hic
2295 4507 2486 4563 multis
2519 4508 2600 4562 bis
2629 4509 2788 4564 denis
2820 4511 3041 4582 praefuit
3065 4510 3247 4578 annis,

193 4597 322 4670 Ipse
343 4615 584 4668 quoque,
621 4600 874 4670 quamvis
921 4616 1150 4669 corpore
1171 4599 1288 4668 jam
1323 4607 1679 4669 prtemortuo,
1715 4615 1786 4676 ac
1809 4580 1851 4636 D
1934 4593 2208 4647 .Firmavit
2229 4595 2472 4659 monitis,
2499 4597 2714 4651 artibus
2739 4580 2908 4669 atque
2930 4599 3058 4670 piis.

195 4687 405 4741 viribus
432 4689 648 4742 cunctis
677 4689 858 4752 ell‘eto,
895 4689 1135 4758 psalmos
1164 4687 1256 4757 qui
1287 4687 1503 4741 dicendi
1539 4693 1672 4741 sunt
1707 4688 1787 4740 in-

195 4776 348 4847 cipit,
381 4782 438 4829 et
465 4793 610 4846 saepe
637 4777 946 4830 associatur
975 4775 1358 4845 psallentibus.
1383 4776 1672 4829 Postremo
1690 4791 1786 4844 pe-

196 4872 353 4920 racta
391 4866 652 4920 unctione
707 4883 883 4928 sacra,
943 4874 1000 4919 et
1055 4865 1340 4918 Dominica
1406 4863 1786 4920 communitus

199 4955 566 5016 Eucharisba,
602 4960 691 5008 ter
735 4955 888 5008 illam
941 4952 1092 5006 beati
1139 4953 1376 5006 Andreae
1419 4951 1786 5022 antiphonam

195 5045 356 5114 largo
386 5044 520 5097 fletu
551 5061 648 5096 ora
676 5043 888 5113 rigatus
919 5047 1078 5112 prout
1100 5041 1282 5112 potuit
1299 5039 1544 5094 cantavit
1574 5057 1586 5092 :
1620 5059 1649 5090 (ι
1677 5039 1786 5092 Do-

193 5132 348 5187 mine
374 5132 506 5186 Jesu
530 5132 768 5194 Christe,
803 5131 1070 5202 magister
1099 5131 1260 5196 bone,
1287 5131 1506 5200 suscipe
1525 5129 1786 5198 Spiritum

177 5235 387 5274 'meum
413 5219 466 5272 in
489 5235 654 5290 ,pace,
688 5221 832 5290 quia.
841 5220 959 5290 jam
987 5225 1213 5290 tempus
1241 5229 1328 5274 est
1346 5225 1410 5273 ut
1441 5217 1788 5274 veniens-de-

179 5307 438 5362 siderem
460 5314 524 5362 tte
556 5309 760 5363 videre.
794 5327 819 5361 ι

265 5394 338 5452 46
395 5397 510 5452 Οὺίι
541 5399 796 5452 omnibus
820 5399 1177 5452 desideratus.
1201 5399 1300 5452 His
1321 5404 1377 5452 et
1391 5397 1664 5452 similibus
1681 5397 1788 5468 piis

199 5487 535 5543 exercitatus
565 5487 826 5559 operibus
854 5495 1046 5558 pastor
1069 5501 1259 5542 noster
1303 5488 1577 5558 egregius.
1609 5486 1665 5540 in
1708 5485 1787 5538 vi-

175 5577 334 5648 gilia
355 5584 561 5632 sanctae
595 5579 946 5633 Pentecostes
971 5578 1216 5633 tradidit
1237 5578 1481 5634 Domino
1505 5576 1786 5646 spiritum.

197 5667 475 5738 Ad‘cdjus
495 5667 1195 5741 exsequiarpertnduum
1209 5668 1334 5724 .rite
1361 5665 1664 5722 aedsvote
1686 5681 1792 5720 tce-

1863 4681 2101 4734 ‘Postet‘a
2121 4683 2211 4736 lux
2242 4681 2356 4736 Mai
2386 4692 2576 4738 nostro
2605 4685 2712 4739 fuit
2740 4687 2942 4740 ultima
2966 4688 3140 4755 Patri,

1936 4770 2098 4824 Hanc
2123 4771 2226 4823 sibi
2255 4771 2503 4841 praevidit
2534 4778 2690 4826 tutus
2719 4781 2775 4826 et
2807 4774 2911 4826 hac
2939 4774 3095 4830 obiit.

1864 4859 2020 4916 Felix
2050 4869 2107 4915 et
2137 4860 2303 4914 lactus
2329 4861 2387 4916 in
2409 4879 2544 4932 pace
2572 4863 2804 4933 quietat,
2835 4863 3073 4934 adeptus

1935 4950 2100 5004 Lucis
2119 4951 2388 5011 solamen,
2419 4951 2651 5008 succine
2690 4952 2879 5006 lector.
2904 4954 3104 5008 Amen.

2273 5043 2403 5095 Item
2432 5057 2618 5095 versus
2646 5043 2709 5095 de
2749 5043 2900 5096 obitu
2931 5045 3068 5110 ejus.

1866 5129 2150 5186 Montibus
2178 5129 2234 5186 in
2266 5129 2500 5187 summis
2527 5130 2698 5188 nituit
2727 5147 2886 5184 mons
2913 5129 3112 5184 celsior
3131 5131 3287 5203 ipsis,

1870 5219 2027 5274 Mons
2043 5218 2222 5276 nimis
2247 5225 2484 5282 erectus,
2501 5219 2687 5278 nimia
2717 5219 2973 5278 bonitate
2984 5220 3242 5286 refertus,

1868 5308 1952 5361 Ad
1981 5308 2178 5362 caelum
2205 5309 2606 5370 tendens,.coeli
2638 5309 2706 5364 de
2725 5309 3318 5380 ,lumine.splendens,g

1871 5396 2158 5451 Excellens
2195 5405 2430 5455 montes.
2463 5398 2720 5452 emittens
2751 5399 3000 5470 undique
3028 5399 3230 5464 fontes,

1870 5486 1945 5540 Ut
1971 5486 2150 5540 dicam
2175 5503 2384 5546 verum,
2415 5488 2676 5558 gestabat
2697 5488 2941 5543 culmine
2963 5487 3218 5552 cedrum;

1849 5575 2032 5629 Hanc
2059 5575 2170 5630 vidi
2192 5575 2420 5632 cedrum
2454 5582 2841 5647 penetrantem
2874 5577 3076 5635 vertice
3107 5577 3308 5640 caelum
3341 5596 3353 5632 :

1863 5666 2087 5722 εἰει-ηοω
2095 5663 2640 5738 ιρωοὼητιοηιωιοβ,
2649 5666 2929 5728 .etmdme
2941 5666 3224 5741 implebat.
