3934 6362
504 309 638 367 1491-

1033 305 1409 366 HEMMINGI
1448 301 1778 362 MONACH.
1823 302 2156 360 WIGORN.
2195 299 2414 356 LIBER,
2445 297 2547 352 DE
2578 295 2866 355 ECCLES.
2905 295 3231 352 WIGORN.

3636 291 3781 352 14.92

499 434 814 506 gemiensis
870 432 1138 488 Ecclesia;-
1183 431 1606 500 dispensatione
1651 428 1841 482 divina
1869 430 2153 485 coactusA
2174 425 2268 480 Dei
2301 423 2631 477 Wulstanus
2665 422 2722 475 in
2773 423 2875 474 hac
2905 437 3016 491 qua
3045 436 3336 475 manemus
3366 435 3559 474 eremo
3587 419 3785 472 adhuc

501 532 585 579 est
616 525 916 593 suscipere.
950 523 1107 586 Quod
1141 528 1328 573 tamen
1360 521 1545 590 potius
1567 536 1731 572 causa
1766 518 2093 571 obedientia:

502 630 668 684 quam
691 611 1057 682 adipiscendae
1079 610 1321 678 SUscepit
1333 609 1542 678 gloriae.
1555 607 1902 660 Venerabilis
1918 607 2093 658 inter-

505 719 571 755 ea
599 702 884 754 comitissa
916 699 1182 767 Godgiva.
1217 698 1365 750 fama
1416 695 1681 749 bonitatis
1729 697 1850 763 ejus
1880 694 2088 753 audita,

503 791 637 844 totis
676 791 832 842 illum
865 789 1031 858 οωιιίι
1058 787 1291 856 diligere
1323 785 1639 840 visceribus.
1672 791 1728 836 et
1759 784 1811 835 in
1864 782 2094 834 diversis

505 880 683 948 hujus
703 878 894 932 muli.
926 877 1221 931 subvenire
1727 873 1904 941 (iuius
1929 871 2097 940 siqui-

506 969 633 1022 dem
686 967 939 1037 precibus
998 983 1182 1018 comes
1240 965 1542 1022 Leofricus,
1587 963 1784 1029 conjux
1843 960 2096 1012 videlicet

503 1074 658 1119 suus,
692 1057 829 1110 duas
855 1063 1054 1114 terras.
1089 1055 1415 1107 Blacawella
1444 1061 1501 1105 et
1531 1049 1898 1105 Wulf‘ordilea
1932 1064 2094 1100 voca-

504 1145 968 1204 tas.illidonavit,
999 1160 1137 1214 quas
1160 1151 1327 1196 antea
1368 1142 1506 1195 Dani
1539 1139 1834 1208 caeterique
1869 1137 1962 1190 Dei
1993 1137 2093 1188 ad-

500 1233 732 1287 versarii
763 1234 810 1307 vi
839 1233 1204 1290 abstulerant,
1230 1239 1285 1283 et
1327 1230 1395 1283 ab
1454 1231 1571 1300 ipsa
1601 1225 1977 1296 Wigorniensi
2003 1225 2095 1278 Ec-

504 1324 671 1377 clesia
697 1323 916 1392 penitus
938 1322 1338 1374 alienaverant.
1360 1321 1604 1371 Alteram
1625 1333 1846 1386 quoque
1864 1323 2092 1377 terram,

2179 530 2427 574 manens,
2466 511 2724 564 omnibus
2753 511 2940 564 omnia
2993 509 3182 576 ﬁebat,
3214 517 3276 562 ut
3321 526 3519 562 omnes
3552 508 3785 562 Christo

2179 603 2380 655 lucrari
2416 608 2621 670 posset.
2673 603 2714 653 Α
2767 600 3049 652 Willelmo
3107 615 3327 668 quoque
3386 615 3518 667 rege
3557 597 3785 650 caeteris

2180 691 2419 760 amplius
2439 690 2751 748 amabatur,
2774 688 2988 741 caeteris
3009 689 3249 757 amplius
3271 688 3501 756 majoris
3519 687 3788 740 minoris-

2177 797 2284 848 que.
2313 780 2501 848 gloriae
2531 779 2659 831 viris
2684 794 2781 847 pro
2815 777 2936 830 vitae
2966 794 3079 829 suae
3123 778 3320 829 merito
3365 776 3778 828 honorabatur.

2178 870 2280 926 Cui
2302 869 2549 940 poscenti
2580 867 2737 921 dedit
2760 874 2968 920 terram
2999 867 3238 920 duorum
3270 874 3791 935 cessatorumaua:

2178 959 2437 1011 Cullaclis
2482 957 2705 1016 dicitur,
2752 963 2804 1008 et
2845 957 3078 1007 alteram
3133 953 3200 1008 15
3238 963 3609 1010 cassatorum.
3657 972 3786 1024 quae

2176 1049 2467 1101 [Ellestum
2520 1045 2859 1100 nominatur.
2896 1046 3008 1096 llas
3058 1044 3285 1112 insuper
3321 1050 3521 1104 terras,
3568 1044 3786 1097 Mittun

2177 1137 2386 1188 scilicet
2418 1137 2469 1186 in
2506 1137 2732 1196 Easton,
2766 1140 2822 1186 et
2849 1133 2988 1185 duas
3018 1133 3444 1203 Lynderycgeas
3465 1138 3529 1184 et
3562 1133 3785 1202 Penhyl

2175 1225 2611 1278 etGriu-izmleah
2642 1223 2745 1274 sibi
2777 1223 3176 1284 reddiditQuie
3207 1222 3298 1274 ille
3323 1221 3510 1274 omnia
3548 1222 3786 1274 Thomas

2182 1313 2476 1365 venerabili
2516 1312 2704 1381 priori,
2759 1311 2853 1380 qui
2910 1311 3218 1380 prioratum
3281 1317 3402 1378 post
3437 1310 3785 1362 .Ell'stanum

505 1412 885 1482 quamincolze
907 1411 1055 1463 illius
1079 1408 1343 1462 lkacumb
1361 1405 1860 1477 nuncupant,li‘.lius
1885 1402 2099 1473 praefati
2181 1402 2440 1464 obtinuit,
2465 1401 2742 1454 commisit
2792 1400 3168 1454 Molendinum
3203 1415 3423 1468 quoque
3452 1398 3599 1468 apud
3637 1399 3791 1450 Nor-

504 1500 723 1554 comitis
743 1500 1022 1568 Aillt'garus
1051 1498 1279 1550 nomine
1310 1515 1341 1548 a
1369 1496 1698 1566 quibusdam
1741 1492 2000 1544 obtinuit.
2044 1497 2099 1542 et
2181 1492 2421 1543 thwican
2455 1496 2510 1542 et
2540 1496 2796 1558 quartam
2830 1497 3043 1557 partem
3085 1495 3249 1540 terra;
3278 1488 3344 1539 ad
3373 1504 3506 1540 usus
3539 1488 3788 1540 fratrum

505 1606 607 1659 pro
629 1606 742 1642 suae
763 1587 1006 1640 remedio
1031 1587 1229 1639 animae
1247 1585 1493 1655 prmdicti
1534 1583 1633 1634 viri
1667 1584 1758 1634 Dei
1777 1581 1891 1649 juri
1922 1578 2099 1631 tradi-
2119 1580 2411 1679 Bdonavit
2465 1580 2528 1631 Et
2561 1577 2985 1639 monasterium,
3018 1577 3160 1645 quod
3189 1575 3245 1628 in
3277 1577 3583 1629 Westbirie
3612 1578 3789 1629 situm

508 1678 611 1732 dit.
642 1679 888 1730 Cernens
916 1683 1102 1728 autem
1139 1675 1485 1727 venerandus
1535 1671 1985 1740 archiepiscopus
2013 1667 2103 1720 Al-

508 1766 716 1819 dredus
746 1767 892 1818 hunc
923 1781 1142 1816 servum
1183 1764 1281 1816 Dei
1313 1762 1474 1814 bonis
1507 1760 1765 1830 operibus
1817 1757 2098 1818 insudare,

507 1854 736 1908 nihilde
757 1853 995 1906 terrenis
1033 1869 1248 1915 curare,
1284 1851 1636 1904 solummodo
1676 1845 1990 1900 coelestibus
2025 1844 2105 1896 in-

506 1943 681 2004 hiare,
710 1942 762 1995 in
791 1943 1169 2012 episcopatum
1189 1940 1597 2010 VVigorniensis
1629 1936 1880 1990 Ecclesiae
1911 1935 2104 1986 decre-

503 2031 584 2086 vit
604 2047 730 2085 eum
745 2030 1051 2084 sublevare.
1088 2031 1243 2094 Quod
1268 2031 1412 2082 sicut
1433 2027 1708 2098 disposuit
1739 2032 1941 2078 mente.
1980 2023 2106 2074 licet

503 2121 746 2178 multum
780 2120 1118 2172 retineretur
1138 2119 1248 2178 ille,
1286 2134 1396 2171 non
1457 2118 1634 2170 multo
1689 2122 1811 2184 post
1855 2111 2105 2181 implevit

503 2223 688 2280 opere.
723 2207 995 2278 Suscepto
1017 2209 1208 2277 itaque
1234 2207 1375 2260 tanti
1405 2205 1630 2259 honoris
1661 2203 1928 2257 culmine.
1963 2217 2102 2269 qua-

502 2298 634 2352 liter
661 2297 797 2350 illud
834 2298 942 2350 Deo
976 2313 1035 2349 se
1063 2303 1389 2366 protegente
1421 2295 1862 2359 teuuerit,quam
1897 2288 2103 2341 sanctis

506 2387 769 2456 operibus
799 2385 1366 2439 decoraverit.nul|us
1391 2385 1606 2437 edicere
1644 2381 1865 2451 poterit.
1903 2379 2107 2432 Mansit

506 2483 694 2527 autem
719 2474 774 2527 in
798 2475 1119 2543 episcOpatu
1145 2474 1208 2529 3T3
1227 2475 1406 2530 annis.
1436 2472 1719 2528 mensibus
1760 2469 1857 2526 3st
1885 2475 1906 2522 ι
1941 2466 2106 2536 septi-

505 2565 709 2618 manis.
739 2565 1050 2619 Prioratum
1073 2581 1200 2617 vero
1224 2563 1628 2632 Wigorniensis
1647 2559 1897 2614 l‘lcclesiaa
1927 2573 2108 2611 susce-

508 2654 591 2726 pit
613 2671 711 2724 pro
772 2654 893 2724 ipso
941 2657 1113 2707 frater
1166 2653 1315 2706 illius
1363 2654 1665 2706 [Eltstanus
1723 2649 1966 2705 nomine.
2012 2645 2105 2714 qui

505 2749 689 2797 terras
710 2748 844 2802 tres,
881 2743 1032 2796 Lena
1053 2743 1326 2804 videlicet,
1355 2750 1410 2794 et
1450 2735 1866 2794 Dunhamstede
1891 2743 1948 2787 et
1983 2734 2106 2787 Peco

508 2833 688 2887 ceslea
707 2849 812 2886 sua
841 2832 1135 2903 acquisivit
1165 2831 1518 2886 strenuitate.
1555 2832 1680 2902 Ipse
1716 2830 1886 2884 etiam
1914 2837 2110 2883 servus

2187 1676 2291 1723 est.
2323 1668 2572 1736 ejusdem
2599 1667 2801 1736 prioris
2829 1666 3056 1718 Thema:
3112 1665 3373 1718 custodia:
3419 1666 3783 1734 mancipavit.

2187 1758 2342 1820 Quod
2361 1755 3038 1808 videlicetmonasterium
3080 1753 3272 1806 beatus
3297 1754 3589 1807 Oswaldus
3631 1755 3790 1824 prius

2188 1845 2476 1902 exstruxit,
2505 1845 2794 1898 monachis
2823 1843 3107 1898 stabilivit.
3156 1850 3212 1894 et
3235 1843 3398 1895 terris
3430 1843 3789 1896 hominibus-

2189 1952 2294 2005 que
2327 1935 2448 1986 illas
2473 1933 2849 1986 excolentibus
2885 1933 3097 1984 ditavit.
3134 1932 3337 1984 Verum
3389 1939 3512 1999 post
3545 1939 3788 1985 mortem

2189 2024 2339 2076 illius
2371 2023 2450 2075 sic
2481 2040 2510 2074 a
2537 2022 2808 2088 perversis
2838 2021 3045 2073 diaboli
3078 2021 3224 2080 ﬁliis,
3262 2021 3472 2074 scilicet
3501 2038 3533 2073 a
3568 2022 3788 2090 piratis,

2186 2119 2460 2165 vastatum
2488 2119 2589 2170 est,
2627 2117 2691 2163 ut
2721 2127 2827 2163 non
2883 2118 3200 2162 remaneret
3230 2110 3336 2161 nisi
3393 2127 3537 2162 unus
3572 2111 3790 2164 solum-

2187 2202 2350 2254 modo
2383 2202 2691 2270 presbyter,
2725 2201 2817 2270 qui
2850 2200 3050 2254 divin-te
3080 2198 3360 2252 servitutis
3389 2199 3638 2252 otticium
3663 2216 3789 2252 raro

2188 2289 2442 2358 explevit.
2478 2292 2550 2341 At
2593 2288 2944 2340 rei-ordandae
2987 2289 3266 2342 memorizc
3300 2287 3637 2344 Wulstanus
3667 2296 3790 2357 post

2189 2388 2508 2447 susceptum
2539 2378 2888 2446 episcopatus
2921 2377 3185 2428 honorem
3219 2376 3353 2428 illud
3389 2376 3747 2430 retedificavit
3776 2397 3786 2440 ;

2187 2467 2373 2528 terris,
2408 2465 2724 2517 hominibus
2756 2474 2812 2516 et
2848 2465 3190 2528 vestimentis
3236 2465 3304 2516 ad
3339 2465 3436 2517 Dei
3495 2465 3787 2518 servitium

2191 2555 2601 2625 pertinentibus
2633 2553 2961 2608 nobilitavit.
2990 2554 3308 2623 ibidemque
3339 2556 3647 2607 secundum
3686 2556 3789 2608 loci

2191 2645 2521 2714 positionem
2553 2643 2855 2696 monachos
2909 2643 3260 2706 coadunavit,
3295 2649 3352 2695 ct
3381 2645 3787 2697 monasterium

2190 2747 2314 2786 cum
2347 2732 2607 2788 omnibus
2637 2749 2757 2802 quae
2796 2733 2872 2785 ibi
2913 2741 3075 2785 erant
3115 2732 3367 2785 Ecclesiae
3413 2733 3790 2801 Wigormensi

2191 2821 2532 2891 subjugavit.

1276 3161 2300 3327 HEMMINGI
2425 3161 3023 3324 LIBER

1055 3431 1183 3504 DE
1251 3431 1743 3506 ECCLESLZE
1805 3431 2527 3506 WIGORNIENSIS
2599 3431 3252 3506 INCREMENTIS

1673 3609 2065 3689 (Monastz'con
2106 3608 2375 3688 Anglia,
2424 3610 2448 3672 1
2500 3609 2656 3689 134).
3266 3575 3276 3583 ’

595 3907 758 3962 Hunc
784 3905 1036 3962 libellum
1068 3909 1138 3962 de
1168 3907 1614 3979 possessionibus
1630 3908 1801 3978 hujus
1815 3906 1990 3962 nostri
2010 3923 2125 3961 mo-
2141 3914 2182 3970 C
2204 3909 2428 3979 quando
2453 3908 2545 3962 Dei
2579 3908 2764 3978 gratia
2788 3910 3123 3964 concedente
3144 3926 3240 3963 cor
3265 3909 3413 3979 regis
3432 3908 3656 3979 justitia
3688 3924 3792 3978 qua

523 3997 778 4058 nasterii.
809 4013 912 4067 ego
971 3998 1342 4068 llemmingus
1392 3997 1698 4050 monachus
1751 4007 1808 4050 et
1863 3998 2121 4051 sacerdos

527 4085 783 4157 quamvis
803 4085 1068 4157 indignus
1099 4093 1155 4140 et
1185 4103 1482 4140 conservus
1514 4103 1796 4139 servorum
1837 4087 1926 4140 [)ei
1965 4087 2120 4138 habi-

525 4176 767 4229 tantium
797 4178 852 4229 in
884 4177 1221 4231 monasterio
1252 4194 1455 4231 sancta:
1487 4177 1583 4230 Dei
1608 4176 1905 4229 Genitriris
1935 4176 2123 4229 Mariae

526 4264 633 4318 sito
656 4268 710 4317 in
737 4265 870 4318 urbe
891 4282 1012 4333 quae
1031 4265 1260 4333 Anglice
1280 4266 1760 4331 Wigornacealter
1781 4266 2119 4320 nominatur.

529 4355 836 4407 multorum
865 4355 1222 4423 antiquorum
1256 4354 1545 4407 hominum
1577 4361 1634 4406 et
1662 4354 2124 4406 niaximedomini

531 4444 813 4496 Wulstani
847 4445 1087 4513 episeopi
1123 4444 1355 4513 piissimi
1384 4445 1557 4513 patris
1579 4445 1750 4496 nostri
1777 4445 2004 4496 edoctus
2037 4462 2123 4495 re-

532 4533 742 4586 latione
773 4544 820 4584 et
857 4533 1246 4586 corroboratus
1279 4533 1631 4590 auctoritate,
1666 4533 1918 4601 quaedam
1954 4534 2122 4586 etiam

534 4638 596 4675 ex
630 4630 820 4674 nostra
854 4623 1122 4675 memoria
1155 4623 1392 4692 ipsemet
1423 4623 1623 4690 quibus
1649 4630 1752 4674 aut
1775 4623 2000 4675 interfui
2029 4629 2129 4674 aut

534 4727 656 4781 quae
677 4720 864 4764 nostra
907 4720 1069 4765 aetate
1108 4713 1246 4764 facta
1272 4721 1403 4763 sunt
1428 4711 1793 4766 illtCl'nllSt'UI.
1829 4721 2020 4781 utpote
2052 4713 2120 4763 de.

534 4801 698 4856 terris
719 4819 856 4871 quas
876 4801 1199 4870 Francigeni
1227 4801 1571 4855 invaserunt.
1597 4819 1720 4868 quae
1751 4803 1936 4853 omnia
1971 4809 2125 4853 tanto

535 4889 741 4942 certius
761 4891 883 4944 uico
906 4895 1115 4961 quanto
1131 4907 1190 4941 ea
1211 4901 1398 4944 nostra
1421 4889 1691 4941 memoria
1714 4890 1906 4942 recolit
1960 4889 2121 4946 facta.

535 4994 600 5032 ea
621 4978 859 5032 maxime
890 4979 1200 5031 intentione
1222 4979 1528 5046 composui,
1565 4987 1624 5031 ut
1657 4979 1890 5048 posteris
1925 4979 2128 5032 nostris

533 5069 865 5122 claresceret
896 5086 1017 5138 quae
1050 5075 1106 5120 et
1155 5077 1378 5137 quantae
1429 5070 1804 5137 possessiones
1849 5078 2128 5123 terrarum

535 5157 733 5211 ditioni
754 5159 921 5226 hujus
954 5157 1276 5210 monasterii
1309 5158 1563 5225 adjacere
1593 5159 1660 5210 ad
1692 5159 1892 5211 victum
1927 5161 2128 5212 dunta-

534 5254 932 5300 xatservorum
960 5247 1077 5302 Dei.
1104 5248 1500 5299 monachorum
1539 5247 1934 5316 videlieetjure,
1963 5248 2130 5301 debe-

534 5344 968 5406 rent.quamque
985 5336 1189 5405 injuste
1211 5336 1258 5388 vi
1278 5344 1330 5388 et
1346 5337 1487 5388 dolis
1510 5337 1729 5405 spoliati
1755 5337 1838 5389 his
1857 5355 2131 5390 caremus.

538 5425 683 5489 Quid
715 5443 841 5477 vero
866 5425 1126 5478 utilitatis
1149 5425 1250 5477 hoc
1283 5443 1404 5477 meo
1438 5425 1625 5477 labore
1657 5434 2000 5489 exerceat-ur,
2041 5427 2133 5479 Dei

539 5515 718 5582 pietas
751 5513 949 5566 melius
979 5516 1148 5568 novit.
1185 5515 1270 5568 cui
1299 5521 1478 5566 totum
1505 5514 1810 5566 committo.
1850 5515 2129 5576 Quantum

540 5606 731 5653 tamen
749 5602 818 5653 ad
830 5617 1011 5654 meam
1034 5602 1235 5658 attinet
1256 5603 1677 5678 dispositionem
1702 5603 1817 5655 haec
1846 5610 1962 5669 est;
1997 5613 2061 5656 ut
2089 5606 2133 5656 si

2205 4015 2353 4053 nunc
2385 3999 2676 4051 marcescit.
2721 4000 3118 4064 consolidetur,
3151 4000 3349 4069 lexque
3381 4015 3502 4068 quae
3535 4014 3683 4052 nunc
3711 3999 3791 4052 in-

2199 4088 2368 4156 juslis
2399 4087 2743 4158 principibus
2770 4094 2993 4141 contusa
3027 4097 3112 4142 est
3136 4089 3354 4156 jUstitia
3383 4088 3648 4140 fulciente
3677 4095 3790 4140 sta—

2208 4177 2450 4232 bilietur.
2513 4178 2651 4230 sciat
2714 4179 2828 4232 sive
2885 4179 3194 4250 episcopus.
3237 4178 3350 4230 sive
3405 4178 3672 4234 decanus.
3714 4177 3791 4230 vel

2207 4267 2409 4335 aliquis
2460 4267 2720 4336 piazlatus
2774 4269 2936 4335 hujus
2997 4268 3337 4322 monasterii.
3393 4269 3525 4320 dum
3577 4275 3791 4336 tempus

2207 4372 2396 4425 apium
2433 4355 2720 4414 invenerit.
2744 4358 3019 4425 quomodo
3045 4374 3138 4409 eas
3171 4358 3494 4425 proclamat.
3519 4356 3791 4425 quomodo

2209 4463 2302 4498 eas
2326 4453 2565 4514 expetat,
2582 4463 2662 4515 ne
2682 4448 3010 4514 ignorantim
3035 4447 3248 4499 nebulis
3267 4447 3548 4500 absconsze
3580 4447 3792 4514 penitus

2209 4551 2271 4587 ex
2305 4534 2573 4588 memoria
2603 4535 2898 4588 deleantur
2951 4537 3201 4604 Cognitis
3251 4535 3398 4587 enim
3432 4534 3632 4594 causis,
3679 4550 3790 4604 per-

2209 4624 2361 4676 sonis
2383 4634 2429 4675 et
2457 4623 3014 4694 temporibusquibus
3034 4632 3132 4676 aut
3154 4641 3252 4693 per
3273 4642 3411 4693 quos
3441 4641 3616 4693 quove
3636 4623 3790 4676 modo

2175 4713 2342 4800 ‘ipste
2364 4721 2526 4766 terra:
2560 4707 2640 4764 vel
2671 4715 3046 4782 possessiones
3100 4731 3130 4766 a
3191 4715 3511 4766 monasterii
3543 4713 3790 4765 domina-

2211 4803 2360 4854 tione
2377 4804 2573 4855 ablatae
2595 4802 2635 4855 si
2649 4812 2723 4855 nt.
2749 4805 2883 4855 satis
2903 4804 3099 4856 melius
3138 4811 3194 4856 et
3240 4803 3658 4856 convenientius
3681 4803 3792 4872 qui-

2211 4891 2344 4944 libet
2373 4909 2562 4944 earum
2599 4893 2972 4960 proclamator
3009 4902 3064 4945 et
3109 4893 3175 4945 ad
3203 4894 3296 4960 jus
3330 4893 3650 4945 monasterii
3691 4909 3792 4961 quo

2205 4981 2355 5050 jUste
2376 4991 2670 5051 suppetere
2700 4982 2966 5034 deberent
2995 4989 3257 5035 strenuus
3274 4991 3325 5034 et
3344 4983 3532 5050 justus
3561 4988 3794 5042 exat-tor,

2213 5089 2370 5125 suam
2404 5079 2701 5140 componet
2731 5072 3039 5124 orationem
3097 5079 3151 5124 et
3207 5074 3570 5140 compositam
3609 5071 3795 5140 n'iajori

2213 5162 2544 5214 auctoritate
2575 5161 2940 5223 diligenteret
2972 5161 3298 5213 nominatim
3331 5159 3565 5226 singulis
3586 5176 3799 5229 expres-

2216 5251 2290 5303 sis
2321 5251 2526 5306 CHUSlS.
2568 5251 2837 5319 personis,
2889 5250 3254 5318 temporibus,
3319 5249 3512 5301 fulcire
3555 5251 3798 5318 praevalet

2220 5339 2710 5406 proclamationem
2759 5338 3184 5391 Noveritautem
3223 5337 3689 5390 studiosuslector
3720 5353 3798 5389 me

2219 5428 2319 5478 hoc
2351 5446 2488 5497 opus
2521 5445 2628 5480 non
2668 5443 2790 5479 mea.
2823 5428 3275 5496 praesumptione,
3308 5427 3403 5478 sed
3437 5427 3794 5495 plurimorum

2217 5527 2434 5586 rogatu.
2475 5519 2708 5569 maxime
2741 5527 2925 5568 tamen
2963 5516 3136 5585 ipsius
3167 5517 3611 5568 reverendissimi
3639 5528 3798 5585 pairs

2221 5606 2396 5659 nostri
2418 5607 2536 5676 jam
2565 5606 2697 5658 dicti
2733 5615 2785 5658 et
2805 5622 2949 5674 saepe
2992 5604 3338 5667 nominandi,
3375 5605 3588 5658 domini
3619 5604 3799 5658 videli-
