3934 6386
193 354 323 420 15ὖὲ

1491 362 1660 421 ἩΤΑ
1697 363 1757 420 8.-
1795 362 2144 420 “EDA-RDL

3306 360 3457 421 τω

188 481 443 559 parentes
463 499 626 544 meo-s-
645 491 934 562 saperhoc
957 505 1045 545 me
1061 490 1272 545 habeas
1289 498 1546 546 excusat-ti
1558 505 1618 544 m-
1664 490 1772 545 .Ea
1790 493 1837 549 Α
1854 495 1943 543 ter
1972 491 2100 544 ﬁeri.
2119 491 2358 555 videtur,
2383 491 2630 561 jugiset'
2653 491 2872 546 inﬁnita
2894 490 3241 562 disceptatio.
3276 489 3446 544 Rixa-

185 577 250 630 de
267 591 435 631 causa
459 578 713 631 ﬁirtassis
733 581 995 632 remorari
1020 579 1300 648 cupiebat,
1334 597 1442 649 quo
1458 582 1573 647 jam
1597 579 1780 632 dictus

184 683 350 736 eques
391 667 448 718 in
489 668 589 720 hac
634 668 1009 720 remoratione
1051 669 1275 736 longius
1311 670 1659 729 eveheretur.
1707 683 1782 721 ne-

182 755 322 808 fbrte
352 755 422 808 ab
451 756 658 825 aliquo,
692 756 738 809 si
778 774 903 810 eum
945 758 1162 826 insequi
1196 758 1376 818 vellet.
1411 757 1772 810 inveniretur.

182 841 454 896 Reversus
506 844 694 914 itaque
736 847 986 900 servulus
1021 845 1344 916 parentibus
1391 846 1491 902 ﬁlii
1545 846 1780 915 replicat

180 933 622 998 excusationem;
671 941 726 986 et
773 951 882 987 non
931 936 1050 988 sine
1114 935 1288 988 multo
1345 935 1767 1004 stupefactione,

179 1021 378 1089 aquilae
400 1037 568 1090 super
599 1038 831 1091 puerum
863 1038 927 1075 ex
946 1023 1142 1076 ordine
1166 1023 1356 1092 pandit
1390 1022 1771 1075 obumbratio—

179 1124 326 1166 nem.
376 1108 662 1170 Parentes,
695 1126 819 1163 cum
854 1111 1008 1163 omni
1053 1110 1266 1163 far-uilia
1311 1125 1481 1180 super
1527 1111 1610 1162 his
1655 1128 1774 1178 qum

179 1197 480 1250 audierant
509 1207 943 1254 murmurantes.
967 1199 1198 1252 invicem
1228 1200 1524 1263 laetantur;
1559 1209 1618 1252 ut
1651 1217 1786 1250 vero.

179 1286 444 1339 certiores
479 1288 632 1352 ﬁant,
659 1290 729 1340 ad
753 1289 1048 1342 videndum
1071 1296 1291 1341 tantum
1322 1290 1422 1341 hoc
1447 1289 1773 1342 miraculum

181 1381 440 1432 hilariter
486 1397 607 1433 sese
655 1383 1038 1434 cohortantur.
1070 1382 1284 1434 Relicto
1332 1382 1579 1434 convivio
1621 1388 1780 1451 pater

181 1485 307 1522 cum
335 1470 487 1522 omni
523 1470 635 1522 ruit
668 1471 898 1528 familia.
943 1477 1124 1523 mater
1165 1487 1293 1523 cum
1333 1471 1610 1522 ancillulis
1660 1471 1777 1538 ejus

179 1558 454 1612 currendo
483 1575 621 1628 pene
647 1561 840 1612 atterit
868 1560 1126 1628 vestigia;
1170 1576 1350 1613 unum
1376 1560 1636 1612 omnibus
1685 1575 1782 1610 vo-

178 1654 322 1709 tum,
371 1648 418 1699 si
465 1648 608 1700 forte
657 1665 776 1717 quae
813 1649 1006 1702 auditu
1051 1649 1382 1715 didicerant,
1432 1649 1552 1701 visu
1605 1648 1774 1701 etiam

180 1735 416 1805 probare.
465 1744 708 1804 p03sent.
757 1735 861 1789 Ubi
905 1753 1030 1788 vero
1077 1736 1172 1788 illo
1210 1744 1435 1789 ventum
1480 1742 1584 1792 est.
1632 1735 1778 1788 inve-

1861 581 2066 634 bantur
2087 580 2373 634 multoties
2396 596 2432 632 a.
2456 596 2620 632 mane
2643 597 2819 649 usque
2847 580 2916 633 ad
2947 596 3252 650 vesperam.
3282 585 3338 634 et
3368 580 3456 647 (ut

1859 669 2178 737 hujusmodi
2225 670 2454 722 rusticis
2499 669 2670 722 moris
2709 676 2814 722 est)
2857 685 2996 738 pene
3037 671 3153 738 jam
3194 669 3264 722 ad
3294 683 3456 721 arma.

1860 775 2046 827 usque.
2103 757 2338 810 invicem.
2383 758 2770 827 exprobrando
2817 764 3218 828 processerant
3264 757 3458 809 Genus

1859 847 2018 900 enim.
2039 847 2142 899 hoc
2171 855 2392 915 agreste
2422 848 2735 911 hominum,
2769 847 2814 900 si
2847 848 2986 918 quid.
3026 849 3172 900 inter
3213 845 3451 900 suadis-

1858 936 2132 988 sensionis
2164 943 2414 988 exortum
2447 936 2634 996 fuerit.
2659 938 2762 990 nisi
2795 954 2917 989 cum
2953 937 3125 989 multa
3150 934 3466 1005 ignominia.

1860 1026 2162 1078 terminare
2208 1027 2484 1079 nesciunt.
2542 1027 2687 1080 Cum
2729 1041 2860 1079 vero
2900 1026 3146 1088 tandem,
3197 1040 3260 1077 ex
3309 1038 3457 1077 com-

1860 1115 2011 1167 muni
2039 1131 2332 1172 consensu.
2365 1115 2434 1167 ad
2464 1115 2776 1168 dirimenda
2799 1115 3157 1183 agriculturae
3186 1130 3300 1167 sum
3332 1129 3464 1183 pro-.

1858 1204 2156 1257 cessissent
2209 1203 2468 1262 conﬁnia.
2516 1203 2754 1272 contigit
2797 1221 2922 1256 cum
2982 1203 3063 1258 eis
3107 1202 3352 1256 adfuisse
3397 1206 3464 1254 et

1860 1296 2006 1348 hunc
2049 1294 2416 1347 venerabilem
2467 1310 2723 1363 puerum.
2771 1293 2881 1346 Ubi.
2925 1309 3055 1344 vero
3097 1298 3322 1345 ventum
3369 1293 3457 1343 est.

1860 1385 1929 1437 ad
1964 1386 2166 1449 locum,
2187 1400 2312 1436 cuni
2345 1383 2548 1436 diversi
2566 1383 2792 1435 diversa.
2818 1381 3112 1433 sentirent.
3147 1378 3288 1431 vidit
3315 1393 3460 1447 puer

1861 1473 2101 1543 lapidem
2145 1480 2308 1525 terra;
2342 1474 2530 1527 ﬁxum.
2565 1481 2627 1524 ut
2657 1472 2986 1541 plerumque
3024 1469 3197 1521 videri
3228 1467 3378 1520 solet.
3395 1467 3462 1519 in.

1860 1562 2118 1614 terminis
2153 1577 2414 1629 agrorum
2446 1578 2456 1612 :
2501 1577 2678 1629 super.
2707 1576 2871 1628 quem
2918 1558 3118 1627 pedem.
3159 1555 3449 1624 injiciens;

1867 1671 1887 1700 ι
1935 1651 2034 1702 Hic
2066 1657 2168 1711 est,
2201 1650 2401 1718 inquit.
2443 1650 2720 1702 terminus
2766 1653 2824 1700 et
2872 1648 3038 1715 hujus
3081 1643 3462 1698 contentionis

1862 1739 2024 1792 limes
2051 1739 2416 1792 certissimus.
2465 1757 2484 1788 ι
2532 1739 2621 1790 Ad
2673 1739 2832 1806 cujus
2873 1734 3211 1798 levissimum
3243 1738 3455 1785 tactum

179 1826 336 1878 nitur
373 1825 714 1894 diligentius.
732 1832 788 1877 et
821 1827 967 1894 quod
992 1826 1167 1878 relatu
1192 1826 1480 1882 didicerat.
1505 1826 1625 1894 ipso
1653 1841 1780 1877 suo-
1802 1845 1840 1900 p,
1864 1829 2003 1898 lapis
2033 1829 2124 1881 ille
2154 1829 2233 1880 ita
2260 1827 2518 1890 subsidit,
2559 1827 2734 1880 veluti,
2770 1841 2898 1879 cera
2926 1841 2959 1877 ει
2987 1823 3130 1876 facie
3166 1820 3469 1875 candentis.

180 1930 307 1967 rum
369 1914 654 1966 oculorum
719 1914 1042 1967 testimonio
1097 1915 1369 1966 veraciter
1419 1915 1773 1966 conﬁtentur.

180 2003 356 2056 Pater
392 2008 448 2054 et
473 2008 654 2056 mater
681 2019 852 2072 super
881 2003 992 2055 ﬁlio
1024 2019 1189 2072 quam
1219 2003 1572 2056 familiariter
1602 2004 1778 2072 lacry-

181 2098 421 2144 mentes.
475 2091 586 2144 Deo
635 2107 868 2161 puerum
913 2092 1328 2158 commendant,
1383 2107 1446 2144 ac
1492 2107 1602 2144 non
1656 2092 1776 2142 sine

180 2181 358 2233 multa
389 2180 700 2234 devotione.
733 2180 1075 2232 charissimze
1111 2197 1224 2233 suae
1269 2179 1473 2232 sobolis
1515 2180 1777 2232 innocen-

176 2271 316 2322 tiam
348 2275 676 2322 retractant.

252 2359 306 2412 6.
331 2359 483 2411 Int-er
518 2359 630 2410 haec
672 2358 896 2420 milites,
937 2373 1172 2428 quorum
1208 2373 1380 2427 equos
1411 2357 1770 2419 custodierat.

179 2448 342 2517 equis
389 2447 693 2505 recensitis.
727 2463 896 2499 unum
929 2448 1121 2499 deesse
1153 2447 1460 2515 reperiunt.
1496 2463 1660 2515 quem
1695 2450 1778 2508 (ut

182 2535 505 2604 hujusmodi
540 2552 657 2587 mos
695 2545 779 2588 est
810 2536 1154 2602 hominibus)
1184 2553 1214 2589 a
1244 2552 1412 2604 puero
1444 2535 1656 2587 intente
1690 2551 1775 2586 re-

184 2626 437 2696 quirunt.
467 2625 673 2676 Blande
703 2641 766 2676 ac
792 2624 982 2676 leviter
1010 2641 1242 2693 puerum
1270 2624 1604 2677 demulceut.
1641 2624 1780 2676 insi-

183 2721 400 2768 stenter
429 2713 496 2764 ab
528 2729 590 2765 eo
619 2714 966 2782 requirentes
995 2713 1040 2766 si
1074 2730 1239 2782 quam
1290 2730 1388 2781 per
1430 2729 1554 2765 eum
1589 2712 1779 2765 damni

184 2804 359 2873 hujus
391 2802 717 2856 aii-invenire
747 2809 973 2871 possent
994 2803 1472 2871 recuperationem
1507 2817 1518 2847 :
1553 2809 1673 2853 erat
1702 2802 1780 2853 si-

184 2893 410 2963 quidem
445 2892 793 2962 aliquantula
821 2909 990 2961 super
1016 2891 1220 2945 talibus
1263 2892 1333 2943 de
1378 2891 1472 2944 illo
1517 2891 1775 2961 suspicio,

183 2982 282 3052 qui
321 2997 448 3035 eum
483 2997 613 3051 erga
647 2997 919 3051 pauperes
953 2997 1060 3034 non
1095 2980 1413 3033 nesciebant
1443 2997 1562 3032 esse
1594 2981 1778 3032 muni-

181 3071 373 3133 ficum,
403 3087 467 3123 ac
498 3069 763 3139 quidquid
790 3071 1004 3139 uspiam
1036 3071 1280 3140 reperire
1311 3075 1544 3138 poterat.
1569 3070 1624 3121 in
1649 3086 1781 3122 usus

183 3176 315 3214 eum
362 3160 660 3212 audierant
700 3161 1014 3228 expen-lere
1059 3162 1409 3212 miserorum.
1461 3159 1712 3228 Cumque
1751 3175 1782 3210 a

1861 1918 1993 1970 ferri
2023 1917 2293 1987 liquescit.
2325 1919 2572 1986 Apparet
2600 1915 2862 1984 equidem
2883 1915 3066 1982 ﬁgura
3087 1913 3291 1981 plantas
3311 1911 3455 1978 ejus,

1860 2007 1916 2059 in
1948 2006 2140 2059 eadem
2181 2013 2343 2059 caute
2381 2006 2522 2058 adeo
2555 2004 2832 2058 subtiliter
2852 2018 3131 2072 expressa,
3158 2007 3219 2053 ut
3247 2015 3280 2051 a
3302 1997 3458 2050 nullo

1860 2096 2138 2148 artiﬁcum
2178 2095 2494 2163 expressius
2539 2093 2782 2162 exsculpi
2833 2098 2932 2144 aut
2988 2089 3198 2159 signari
3244 2091 3449 2158 posset.

1860 2183 1948 2236 Ita
1969 2185 2326 2236 contentione
2353 2184 2568 2247 sedata,
2605 2182 2923 2242 Dominum,
2959 2180 3050 2248 qui
3086 2192 3294 2246 magna.
3321 2191 3458 2244 ope-

1860 2281 2019 2325 ratur
2058 2274 2114 2325 in
2161 2272 2421 2329 minimis.
2467 2270 2864 2340 gloriﬁcantes,
2909 2268 3198 2326 redierunt
3235 2265 3294 2317 in
3329 2280 3452 2329 sua.

1862 2366 2052 2418 EXst‘dt
2080 2381 2262 2432 usque
2296 2363 2352 2415 in
2386 2362 2722 2418 hodiernum
2769 2360 2922 2412 diem
2969 2373 3140 2426 penes
3171 2371 3280 2408 nos
3304 2353 3458 2406 idem

1858 2455 2020 2523 lapis.
2041 2469 2366 2522 magnaeque
2397 2452 2544 2520 apud
2575 2467 2667 2502 eos
2691 2449 2894 2518 qui-bus
2929 2453 3013 2500 est.
3045 2447 3329 2514 cognitum
3362 2444 3459 2495 ha-

1861 2544 2024 2596 betur
2052 2542 2447 2596 venerationis.
2497 2541 2624 2592 Haec
2656 2539 2784 2592 duo.
2821 2554 2942 2606 quae
2980 2537 3038 2588 in
3072 2533 3310 2604 pueritia
3339 2533 3469 2600 ejus;

1861 2641 1987 2685 acta
2027 2631 2403 2699 cognovimus.
2446 2629 2649 2680 dixisse
2700 2626 2942 2679 sufﬁciat
2978 2645 2988 2676 :
3040 2623 3242 2676 amodo
3270 2628 3459 2673 autem

1863 2723 1932 2774 ad
1963 2739 2158 2790 eaquae
2185 2721 2240 2772 in
2261 2718 2550 2771 n'iaturiori
2580 2718 2700 2785 ejus
2734 2724 2896 2768 aetate
2931 2731 3028 2784 per
3047 2729 3170 2766 eum
3192 2710 3461 2764 Dominus

1862 2817 2125 2880 Oper-atus
2147 2817 2248 2862 est.
2280 2809 2390 2860 Deo
2426 2807 2544 2876 ipso
2573 2812 2877 2868 annuente,
2902 2811 3022 2855 tota
3053 2801 3252 2854 mentis
3282 2799 3463 2851 inten-

1860 2899 1938 2952 tio
1969 2906 2053 2952 est
2081 2896 2394 2964 dirigenda.

1932 2989 1982 3041 8.
2019 2985 2395 3055 Respicientes
2423 2989 2611 3037 autem
2651 2982 2781 3035 boni
2811 2985 3071 3051 parentes
3101 2979 3258 3031 bonae
3287 2974 3462 3029 sobo-

1862 3077 1930 3130 lis
1961 3092 2074 3129 suae
2101 3073 2397 3126 benevolen
2430 3075 2560 3130 iam.
2579 3079 2636 3124 et
2656 3071 2713 3124 in
2743 3069 2969 3124 servitio
3005 3067 3102 3121 Dei-
3131 3069 3252 3137 ejus
3281 3072 3465 3118 atten-

1866 3167 2062 3219 dentes
2091 3163 2444 3218 industriam.
2479 3163 2739 3230 episcopo
2781 3177 2905 3213 eum
2950 3157 3045 3229 qui
3088 3163 3221 3210 tunc
3249 3163 3463 3224 tempo-

180 3249 410 3302 famulis
460 3265 526 3300 ea
581 3249 650 3301 de
699 3265 868 3302 causa
917 3255 973 3301 et
1019 3247 1276 3318 Pi'i‘"dtim
1327 3255 1379 3301 et
1433 3249 1647 3317 Ρυδίπευ
1692 3235 1941 3309 ar-Cris
1992 3251 2412 3307 Viromandensi
2459 3255 2695 3322 prmerat
2739 3248 2991 3301 Ecclesiae
3045 3243 3464 3300 commendave-

179 3343 470 3408 gueretur,
504 3337 842 3407 appropians
883 3337 1027 3406 patri
1073 3354 1190 3390 rem
1222 3337 1416 3389 ordine
1450 3336 1658 3406 pandit.
1683 3335 1785 3389 Mi.-

182 3435 347 3480 ratur
383 3433 544 3496 pater
581 3426 1072 3478 clementissimum
1124 3425 1611 3494 compunctionem
1647 3423 1778 3490 ﬁlii;

183 3524 243 3569 et
268 3516 398 3569 licet
426 3515 614 3568 damni
647 3515 1056 3584 aliquantulum
1106 3514 1210 3567 sibi
1249 3531 1358 3567 non
1412 3515 1649 3567 nesciret
1677 3514 1780 3565 im-

184 3605 418 3663 minere,
453 3605 754 3657 admodum
786 3613 976 3656 tamen
1010 3619 1182 3672 super
1222 3603 1467 3656 benevoli
1500 3604 1652 3673 pueri
1687 3603 1784 3656 be-

183 3693 384 3748 nevola
440 3694 862 3762 congratulatus
931 3701 1014 3745 est
1077 3695 1478 3761 compassione.
1542 3693 1784 3745 Tantum

185 3783 358 3851 hujus
395 3782 556 3852 pueri
597 3781 866 3835 Dominus
894 3781 950 3833 in
983 3797 1082 3834 sua
1125 3781 1468 3850 prOSpiciens
1502 3780 1788 3833 voluntate

184 3871 543 3930 famulatum.
581 3870 699 3940 ipso
748 3870 940 3923 eodem
993 3878 1275 3923 momento
1309 3887 1570 3939 maguum
1604 3871 1787 3922 subito

186 3960 454 4030 dignatus
483 3966 566 4012 est
587 3959 879 4012 ostendere
907 3959 1256 4011 miraculum.
1283 3961 1420 4011 Nam
1447 3976 1570 4011 cum
1605 3959 1792 4011 denuo

187 4065 460 4119 equorum
507 4065 735 4101 suorum
785 4049 1019 4100 sollicite
1070 4055 1423 4101 recenserent
1466 4064 1782 4111 numerum,

188 4139 376 4191 divina
416 4136 494 4189 sic
539 4145 808 4205 operante
841 4136 1147 4204 majestate.
1183 4144 1356 4188 totam
1403 4153 1594 4189 eorum
1641 4137 1786 4189 inte-

187 4228 457 4299 gritatem
496 4242 557 4276 ex
610 4225 906 4294 improviso
948 4225 1250 4294 reperiunt.
1304 4226 1577 4278 Mirantur
1606 4233 1790 4278 astan-

189 4315 520 4370 tes.familia
547 4327 741 4366 cuncta
778 4315 1013 4367 laetatur.
1052 4316 1214 4366 Pater
1242 4332 1367 4366 cum
1406 4323 1582 4367 matre
1614 4315 1787 4367 ﬁlium

195 4423 362 4476 quam
420 4403 775 4456 familiariter
821 4404 1230 4472 amplexantur.
1276 4415 1330 4456 et
1362 4410 1424 4456 ut
1469 4404 1538 4456 ad
1590 4405 1788 4456 altiora

1869 3351 2018 3404 runt,
2051 3349 2275 3395 orantes
2315 3339 2673 3393 devotissime
2713 3344 2989 3408 quatenus
3035 3334 3332 3406 episcopali
3375 3333 3462 3386 be-

1867 3433 2179 3485 nedictione
2233 3431 2303 3483 ad
2360 3427 2658 3482 clericatus
2719 3433 3140 3498 promoveretur
3199 3423 3462 3477 ofﬁcium.

1868 3521 2330 3575 Commendatum
2359 3520 2545 3588 itaque
2567 3517 2670 3570 sibi
2698 3513 2936 3584 benigne
2968 3516 3170 3586 praesul
3201 3514 3461 3585 snscepit,

1869 3609 2133 3663 benevole
2193 3611 2543 3677 amplexatus
2592 3613 2696 3672 est,
2739 3615 2794 3659 et
2843 3606 3140 3673 diligenter
3177 3605 3461 3668 enutrivit,

1870 3708 1926 3752 et
1957 3706 2224 3767 tanquam
2268 3700 2491 3750 unicum
2530 3703 2584 3748 et
2626 3696 2906 3748 uterinum
2950 3695 3146 3757 ﬁlium,
3184 3693 3239 3758 in
3277 3690 3384 3746 fide
3412 3699 3468 3756 et

1869 3788 2125 3840 doctrina
2148 3786 2518 3838 ecclesiastica
2540 3785 2779 3837 educare
2806 3782 3462 3836 liberaliterelaborabat.

1870 3874 2104 3938 Quantae
2134 3874 2253 3943 ipse
2280 3873 2650 3931 liberalitatis,
2686 3881 2908 3941 quantae
2945 3871 3327 3924 sanctimoniae
3368 3887 3467 3925 seu

1871 3963 2213 4016 castimoniae
2243 3979 2302 4015 se
2340 3978 2372 4014 a
2403 3978 2575 4031 puero
2621 3960 2951 4014 exhibuerit.
2998 3967 3208 4030 quanta
3239 3959 3467 4012 lmmili-

1872 4060 1984 4106 tate
2007 4070 2104 4105 seu
2133 4051 2443 4105 reverentia
2467 4058 2522 4104 et
2551 4049 2698 4120 apud
2736 4051 2904 4104 Deum
2957 4057 3013 4102 et
3056 4049 3209 4102 urbis
3243 4049 3469 4118 pontiﬁ-

1871 4160 1988 4195 cem
2040 4141 2323 4200 claruerit.
2372 4158 2468 4210 pro
2515 4148 2668 4192 certo
2715 4140 2932 4192 edicere
2973 4155 3080 4191 non
3129 4148 3216 4191 est
3268 4147 3472 4190 nostrae

1876 4231 2276 4303 possibilitatis.
2305 4231 2434 4282 Erat
2454 4228 2678 4298 quidem
2711 4227 3102 4298 magnanimus
3123 4228 3178 4280 in
3201 4221 3467 4288 adversis.

1876 4320 2026 4373 mitis
2057 4320 2111 4371 in
2141 4318 2434 4388 pms'peri-s.
2478 4327 2708 4371 cunctos
2757 4318 2861 4370 sibi
2907 4313 3236 4370 obedientize
3268 4316 3473 4370 seduli-

1876 4417 1989 4462 tate
2021 4409 2336 4477 praeferens,
2373 4424 2586 4460 murum
2636 4407 2889 4459 claritate
2932 4401 3270 4476 praecellens.
3310 4415 3474 4472 egen-

195 4512 256 4548 se
322 4493 575 4561 subligat
642 4493 1077 4561 Iacrymabiliter
1139 4495 1524 4546 cohortantur.
1571 4514 1590 4543 α
1665 4472 2025 4553 Fili,Dtihus
2058 4499 2208 4566 larga
2248 4496 2606 4548 miseratione
2637 4511 2984 4548 succurrens.
3015 4497 3218 4564 Sicque
3244 4493 3476 4547 viriliter

199 4587 378 4637 aiunt.
423 4582 608 4635 omnia
657 4589 846 4633 nostra
893 4588 1025 4633 sunt
1053 4591 1169 4640 tua.
1206 4591 1362 4634 utere
1398 4581 1599 4634 nostris
1639 4590 1700 4634 ut
1729 4581 1794 4633 li-

199 4674 337 4726 bet:
375 4679 491 4726 tuo.
542 4672 718 4735 aiunt,
763 4678 820 4723 et
868 4680 1073 4724 nostro.
1121 4680 1180 4724 ut
1231 4673 1326 4725 tibi
1371 4673 1546 4725 visum
1601 4672 1787 4726 fuerit.

200 4763 258 4818 in
319 4762 415 4815 Dei
469 4762 652 4830 gratia
724 4771 881 4815 utere
936 4763 1291 4832 patrimonio.
1342 4772 1402 4816 ut
1461 4781 1561 4815 nos
1611 4770 1791 4815 tecum

199 4858 488 4904 consortes
533 4851 792 4919 perennis
822 4851 943 4904 vitae
977 4851 1180 4903 habeas
1226 4853 1279 4904 in
1316 4852 1557 4921 praemio.
1607 4877 1627 4900 ιι
1677 4851 1795 4903 Non

201 4940 530 4994 diffidebant
588 4940 737 4991 enim
783 4941 904 5007 ejus
949 4958 1006 4992 se
1053 4941 1304 4993 oratione
1361 4943 1580 5001 salvari,
1633 4959 1796 5011 quem

195 5031 314 5098 jam
375 5029 548 5081 tantis
588 5045 621 5081 a
667 5030 779 5081 Deo
835 5030 1094 5082 videbant
1154 5031 1448 5083 virtutibus
1504 5031 1788 5083 illustrari.

205 5119 272 5170 Et
306 5117 418 5169 haec
449 5117 712 5172 dicentes.
749 5135 936 5170 secum
970 5119 1258 5170 adducunt
1304 5137 1567 5188 puerum:
1601 5120 1798 5172 multo-

205 5223 314 5275 que
346 5223 470 5258 cum
502 5207 729 5275 gaudio.
760 5207 815 5258 in
853 5207 936 5259 his
978 5215 1033 5260 et
1074 5208 1197 5259 aliis
1238 5207 1392 5260 home
1436 5225 1548 5261 suae
1593 5208 1797 5260 sobolis

202 5294 438 5352 actibus.
479 5295 587 5348 Deo
612 5296 824 5364 gratias
856 5296 1179 5358 referentes,
1210 5306 1502 5366 gratanter
1535 5315 1654 5349 sese
1678 5300 1800 5350 reli-

203 5382 379 5435 ciunt.

276 5473 327 5524 7.
367 5471 585 5524 Aecidit
617 5473 992 5540 postmodum,
1037 5473 1168 5526 dum
1211 5473 1358 5526 domi
1403 5477 1667 5544 puerulus
1700 5477 1798 5530 ha-

207 5559 453 5621 beretur,
489 5561 636 5612 inter
678 5561 970 5630 indigenas
1019 5579 1127 5615 non
1169 5565 1378 5615 modica
1415 5565 1667 5634 quaedam
1715 5567 1795 5617 al-

197 5648 456 5713 tercatio,
485 5650 553 5702 de
584 5650 837 5702 terminis
870 5650 1121 5706 videlicet
1147 5663 1512 5722 agrorum,ut
1540 5655 1798 5723 frequen-

1878 4587 2072 4639 fomite
2113 4586 2436 4638 Conculcato
2483 4586 2765 4645 vitiorum.
2801 4581 3181 4654 angustiorem
3206 4593 3473 4638 conscen-

1876 4678 2012 4729 dens
2051 4677 2254 4728 scalam
2318 4682 2603 4729 Virtutum.
2646 4673 2916 4743 quidquid
2974 4679 3082 4727 lleo
3128 4673 3474 4735 Contrarium

1878 4764 2173 4822 sentiebat.
2208 4763 2550 4821 declinabat;
2586 4763 2852 4832 quidquid
2899 4780 3026 4816 vero
3067 4763 3326 4826 placitum
3373 4777 3475 4814 no-

1883 4863 2054 4918 verat,
2088 4854 2236 4905 omni
2279 4853 2402 4905 nisu
2451 4853 2875 4922 exsequebatur.
2924 4853 3054 4905 Erat
3095 4853 3368 4921 siquidem
3417 4850 3476 4903 in

1882 4942 2427 4995 orationeassiduus.
2451 4942 2684 5010 jejuniis
2728 4949 2784 4994 et
2823 4941 3025 5009 vigiliis
3056 4941 3320 4998 intentus.
3344 4940 3477 4993 alio-

1881 5049 2002 5085 rum
2035 5031 2493 5084 tribulationibus
2517 5041 2782 5100 tanquam
2807 5031 2922 5082 suis
2946 5031 3116 5095 ipsius
3148 5029 3478 5100 lacrymabi-

1880 5122 2009 5174 litor
2038 5121 2421 5190 compatiens;
2457 5119 2716 5172 omnibus
2762 5119 2951 5171 omnia
3000 5118 3182 5172 factus
3231 5126 3370 5178 erat.
3415 5127 3478 5172 ut

1882 5228 2074 5263 omnes
2101 5210 2166 5263 all
2200 5217 2465 5262 aiternam
2487 5211 2825 5261 confortaret
2854 5208 3310 5268 consolationem.
3333 5207 3478 5271 Quid

1883 5298 2089 5369 plura?
2125 5299 2310 5352 Multis
2346 5297 2740 5350 attestantibus
2786 5298 3112 5367 peregrinus
3146 5305 3267 5350 erat
3297 5298 3350 5350 in
3382 5315 3479 5353 sae-

1884 5390 2026 5448 culo.
2057 5395 2112 5441 et
2136 5390 2252 5457 jam
2287 5405 2383 5457 pro
2415 5395 2566 5440 certo
2620 5386 3030 5439 mansionarius
3060 5387 3392 5441 credebatur
3421 5387 3478 5440 in

1883 5479 2058 5540 coelo;
2093 5479 2259 5530 facies
2288 5479 2408 5545 ejus
2435 5475 2703 5546 jucunda.
2739 5476 2931 5546 lingua
2961 5478 3084 5546 ejus
3126 5475 3384 5530 facunda.
3419 5493 3482 5530 os

1882 5570 2003 5635 ejus
2036 5568 2088 5618 in
2134 5567 2352 5619 laudem
2402 5567 2493 5618 Dei
2541 5583 2760 5637 semper
2801 5573 2923 5618 erat
2962 5572 3238 5638 apertum.
3285 5561 3484 5621 Carnis

1884 5656 2266 5724 voluptatibus
2293 5655 2596 5720 reluctans,
2620 5655 3008 5728 perfectiorem
3035 5655 3342 5728 Spiritualis
3357 5655 3484 5708 vita;
