  <div class='ocr_page' id='page_1' title='image "/cluster/home/n/w/nwhite01/storage/ocr_20150623/150/umn.31951002477443u/845.png"; bbox 0 0 3934 6354; ppageno 0'>
   <div class='ocr_carea' id='block_1_1' title="bbox 461 346 596 404">
    <p class='ocr_par' dir='ltr' id='par_1_1' title="bbox 461 346 596 404">
     <span class='ocr_line' id='line_1_1' title="bbox 461 346 596 404; baseline 0 0"><span class='ocrx_word' id='word_1_1' title='bbox 461 346 596 404; x_wconf 64' lang='grc'><strong>1503</strong></span> 
     </span>
    </p>
   </div>
   <div class='ocr_carea' id='block_1_2' title="bbox 1482 325 2710 396">
    <p class='ocr_par' dir='ltr' id='par_1_2' title="bbox 1482 325 2710 396">
     <span class='ocr_line' id='line_1_2' title="bbox 1482 325 2710 396; baseline -0.015 1"><span class='ocrx_word' id='word_1_2' title='bbox 1482 339 1804 396; x_wconf 77' lang='lat' dir='ltr'><strong>RADBODI</strong></span> <span class='ocrx_word' id='word_1_3' title='bbox 1841 330 2338 394; x_wconf 70' lang='lat' dir='ltr'><strong>NOVIOMENSIS</strong></span> <span class='ocrx_word' id='word_1_4' title='bbox 2375 325 2710 384; x_wconf 83' lang='lat' dir='ltr'><strong>EPISCOPI</strong></span> 
     </span>
    </p>
   </div>
   <div class='ocr_carea' id='block_1_3' title="bbox 3597 312 3736 370">
    <p class='ocr_par' dir='ltr' id='par_1_3' title="bbox 3597 312 3736 370">
     <span class='ocr_line' id='line_1_3' title="bbox 3597 312 3736 370; baseline -0.022 0"><span class='ocrx_word' id='word_1_5' title='bbox 3597 312 3736 370; x_wconf 66' lang='lat'><strong>1-504</strong></span> 
     </span>
    </p>
   </div>
   <div class='ocr_carea' id='block_1_4' title="bbox 454 440 3740 537">
    <p class='ocr_par' dir='ltr' id='par_1_4' title="bbox 454 440 3740 537">
     <span class='ocr_line' id='line_1_4' title="bbox 454 440 3740 537; baseline -0.005 -9"><span class='ocrx_word' id='word_1_6' title='bbox 454 470 662 528; x_wconf 86' lang='lat' dir='ltr'><strong>lineam</strong></span> <span class='ocrx_word' id='word_1_7' title='bbox 715 473 834 523; x_wconf 78' lang='lat' dir='ltr'><strong>toto</strong></span> <span class='ocrx_word' id='word_1_8' title='bbox 880 468 1004 521; x_wconf 88' lang='lat' dir='ltr'><strong>nisu</strong></span> <span class='ocrx_word' id='word_1_9' title='bbox 1067 467 1506 537; x_wconf 66' lang='lat' dir='ltr'><strong>exsequebatur:</strong></span> <span class='ocrx_word' id='word_1_10' title='bbox 1561 464 1890 518; x_wconf 66' lang='lat' dir='ltr'><strong>obedientiie</strong></span> <span class='ocrx_word' id='word_1_11' title='bbox 1948 463 2113 519; x_wconf 80' lang='lat' dir='ltr'><strong>vir-A</strong></span> <span class='ocrx_word' id='word_1_12' title='bbox 2141 455 2365 528; x_wconf 86' lang='lat' dir='ltr'><strong>patebat</strong></span> <span class='ocrx_word' id='word_1_13' title='bbox 2403 453 2695 517; x_wconf 64' lang='lat' dir='ltr'><strong>amigium-</strong></span> <span class='ocrx_word' id='word_1_14' title='bbox 2734 448 2844 501; x_wconf 79' lang='grc' dir='ltr'><strong>Ῐιηο</strong></span> <span class='ocrx_word' id='word_1_15' title='bbox 2895 447 2950 500; x_wconf 67' lang='lat' dir='ltr'><strong>in</strong></span> <span class='ocrx_word' id='word_1_16' title='bbox 2996 445 3256 498; x_wconf 64' lang='lat' dir='ltr'><strong>&quot;‘9&quot;th</strong></span> <span class='ocrx_word' id='word_1_17' title='bbox 3299 459 3463 498; x_wconf 65' lang='lat' dir='ltr'><strong>suum</strong></span> <span class='ocrx_word' id='word_1_18' title='bbox 3506 441 3631 513; x_wconf 72' lang='grc' dir='ltr'><strong>ἱιιεθ</strong></span> <span class='ocrx_word' id='word_1_19' title='bbox 3678 440 3740 493; x_wconf 67' lang='lat' dir='ltr'><strong>in</strong></span> 
     </span>
    </p>
   </div>
   <div class='ocr_carea' id='block_1_5' title="bbox 457 554 2052 623">
    <p class='ocr_par' dir='ltr' id='par_1_5' title="bbox 457 554 2052 623">
     <span class='ocr_line' id='line_1_5' title="bbox 457 554 2052 623; baseline -0.008 -7"><span class='ocrx_word' id='word_1_20' title='bbox 457 570 580 616; x_wconf 85' lang='lat' dir='ltr'><strong>tute.</strong></span> <span class='ocrx_word' id='word_1_21' title='bbox 611 559 870 613; x_wconf 84' lang='lat' dir='ltr'><strong>omnibus</strong></span> <span class='ocrx_word' id='word_1_22' title='bbox 909 577 968 610; x_wconf 91' lang='lat' dir='ltr'><strong>se</strong></span> <span class='ocrx_word' id='word_1_23' title='bbox 997 557 1341 614; x_wconf 67' lang='lat' dir='ltr'><strong>illlliillilltﬂll,</strong></span> <span class='ocrx_word' id='word_1_24' title='bbox 1368 556 1688 623; x_wconf 78' lang='lat' dir='ltr'><strong>frugalitate</strong></span> <span class='ocrx_word' id='word_1_25' title='bbox 1719 554 2052 607; x_wconf 71' lang='lat' dir='ltr'><strong>laudabilem</strong></span> 
     </span>
    </p>
   </div>
   <div class='ocr_carea' id='block_1_6' title="bbox 461 644 2051 716">
    <p class='ocr_par' dir='ltr' id='par_1_6' title="bbox 461 644 2051 716">
     <span class='ocr_line' id='line_1_6' title="bbox 461 644 2051 716; baseline -0.008 -10"><span class='ocrx_word' id='word_1_26' title='bbox 461 662 520 706; x_wconf 89' lang='lat' dir='ltr'><strong>et</strong></span> <span class='ocrx_word' id='word_1_27' title='bbox 565 653 818 704; x_wconf 90' lang='lat' dir='ltr'><strong>universa</strong></span> <span class='ocrx_word' id='word_1_28' title='bbox 859 665 1073 701; x_wconf 87' lang='lat' dir='ltr'><strong>morum</strong></span> <span class='ocrx_word' id='word_1_29' title='bbox 1118 647 1392 716; x_wconf 87' lang='lat' dir='ltr'><strong>probitate</strong></span> <span class='ocrx_word' id='word_1_30' title='bbox 1435 644 1710 716; x_wconf 73' lang='lat' dir='ltr'><strong>pnebebat</strong></span> <span class='ocrx_word' id='word_1_31' title='bbox 1755 644 2051 708; x_wconf 77' lang='lat' dir='ltr'><strong>insignem.</strong></span> 
     </span>
    </p>
   </div>
   <div class='ocr_carea' id='block_1_7' title="bbox 463 733 2057 796">
    <p class='ocr_par' dir='ltr' id='par_1_7' title="bbox 463 733 2057 796">
     <span class='ocr_line' id='line_1_7' title="bbox 463 733 2057 796; baseline -0.005 -6"><span class='ocrx_word' id='word_1_32' title='bbox 463 743 541 796; x_wconf 87' lang='lat' dir='ltr'><strong>De.</strong></span> <span class='ocrx_word' id='word_1_33' title='bbox 569 741 770 793; x_wconf 79' lang='lat' dir='ltr'><strong>virtute</strong></span> <span class='ocrx_word' id='word_1_34' title='bbox 793 739 846 790; x_wconf 90' lang='lat' dir='ltr'><strong>in</strong></span> <span class='ocrx_word' id='word_1_35' title='bbox 879 738 1135 790; x_wconf 84' lang='lat' dir='ltr'><strong>virtutem</strong></span> <span class='ocrx_word' id='word_1_36' title='bbox 1159 736 1462 788; x_wconf 87' lang='lat' dir='ltr'><strong>secundum</strong></span> <span class='ocrx_word' id='word_1_37' title='bbox 1503 733 1848 786; x_wconf 75' lang='lat' dir='ltr'><strong>l’saliiiistaui</strong></span> <span class='ocrx_word' id='word_1_38' title='bbox 1880 743 2057 783; x_wconf 88' lang='lat' dir='ltr'><strong>trans-</strong></span> 
     </span>
    </p>
   </div>
   <div class='ocr_carea' id='block_1_8' title="bbox 463 818 2054 895">
    <p class='ocr_par' dir='ltr' id='par_1_8' title="bbox 463 818 2054 895">
     <span class='ocr_line' id='line_1_8' title="bbox 463 818 2054 895; baseline -0.007 -13"><span class='ocrx_word' id='word_1_39' title='bbox 463 828 766 895; x_wconf 86' lang='lat' dir='ltr'><strong>migrabat.</strong></span> <span class='ocrx_word' id='word_1_40' title='bbox 801 835 862 879; x_wconf 89' lang='lat' dir='ltr'><strong>ut</strong></span> <span class='ocrx_word' id='word_1_41' title='bbox 895 827 1064 878; x_wconf 73' lang='lat' dir='ltr'><strong>lleuni</strong></span> <span class='ocrx_word' id='word_1_42' title='bbox 1094 825 1325 877; x_wconf 87' lang='lat' dir='ltr'><strong>deorum</strong></span> <span class='ocrx_word' id='word_1_43' title='bbox 1351 823 1534 876; x_wconf 88' lang='lat' dir='ltr'><strong>videre</strong></span> <span class='ocrx_word' id='word_1_44' title='bbox 1559 826 1973 892; x_wconf 88' lang='lat' dir='ltr'><strong>promereretur</strong></span> <span class='ocrx_word' id='word_1_45' title='bbox 2001 818 2054 872; x_wconf 91' lang='lat' dir='ltr'><strong>in</strong></span> 
     </span>
    </p>
   </div>
   <div class='ocr_carea' id='block_1_9' title="bbox 461 919 615 972">
    <p class='ocr_par' dir='ltr' id='par_1_9' title="bbox 461 919 615 972">
     <span class='ocr_line' id='line_1_9' title="bbox 461 919 615 972; baseline -0.026 0"><span class='ocrx_word' id='word_1_46' title='bbox 461 919 615 972; x_wconf 90' lang='lat' dir='ltr'><strong>Sion.</strong></span> 
     </span>
    </p>
   </div>
   <div class='ocr_carea' id='block_1_10' title="bbox 533 998 2057 1072">
    <p class='ocr_par' dir='ltr' id='par_1_10' title="bbox 533 998 2057 1072">
     <span class='ocr_line' id='line_1_10' title="bbox 533 998 2057 1072; baseline -0.007 -14"><span class='ocrx_word' id='word_1_47' title='bbox 533 1004 585 1058; x_wconf 90' lang='lat'><strong>9.</strong></span> <span class='ocrx_word' id='word_1_48' title='bbox 627 1003 880 1058; x_wconf 82' lang='lat' dir='ltr'><strong>Decursis</strong></span> <span class='ocrx_word' id='word_1_49' title='bbox 910 1003 1098 1072; x_wconf 88' lang='lat' dir='ltr'><strong>itaque</strong></span> <span class='ocrx_word' id='word_1_50' title='bbox 1128 1018 1252 1056; x_wconf 85' lang='lat' dir='ltr'><strong>rum</strong></span> <span class='ocrx_word' id='word_1_51' title='bbox 1287 1001 1462 1055; x_wconf 89' lang='lat' dir='ltr'><strong>multa</strong></span> <span class='ocrx_word' id='word_1_52' title='bbox 1508 1000 1800 1053; x_wconf 77' lang='lat' dir='ltr'><strong>honestate</strong></span> <span class='ocrx_word' id='word_1_53' title='bbox 1829 998 2057 1052; x_wconf 60' lang='lat' dir='ltr'><strong>inferio-</strong></span> 
     </span>
    </p>
   </div>
   <div class='ocr_carea' id='block_1_11' title="bbox 461 1087 2057 1161">
    <p class='ocr_par' dir='ltr' id='par_1_11' title="bbox 461 1087 2057 1161">
     <span class='ocr_line' id='line_1_11' title="bbox 461 1087 2057 1161; baseline -0.007 -12"><span class='ocrx_word' id='word_1_54' title='bbox 461 1112 584 1150; x_wconf 90' lang='lat' dir='ltr'><strong>rum</strong></span> <span class='ocrx_word' id='word_1_55' title='bbox 617 1094 904 1148; x_wconf 75' lang='lat' dir='ltr'><strong>Ordinibus</strong></span> <span class='ocrx_word' id='word_1_56' title='bbox 931 1094 1231 1160; x_wconf 80' lang='lat' dir='ltr'><strong>gradatim.</strong></span> <span class='ocrx_word' id='word_1_57' title='bbox 1265 1099 1384 1161; x_wconf 69' lang='lat' dir='ltr'><strong>pisi</strong></span> <span class='ocrx_word' id='word_1_58' title='bbox 1422 1090 1620 1143; x_wconf 88' lang='lat' dir='ltr'><strong>bonam</strong></span> <span class='ocrx_word' id='word_1_59' title='bbox 1653 1106 1844 1141; x_wconf 89' lang='lat' dir='ltr'><strong>eorum</strong></span> <span class='ocrx_word' id='word_1_60' title='bbox 1877 1087 2057 1141; x_wconf 89' lang='lat' dir='ltr'><strong>admi-</strong></span> 
     </span>
    </p>
   </div>
   <div class='ocr_carea' id='block_1_12' title="bbox 460 1177 2060 1251">
    <p class='ocr_par' dir='ltr' id='par_1_12' title="bbox 460 1177 2060 1251">
     <span class='ocr_line' id='line_1_12' title="bbox 460 1177 2060 1251; baseline -0.006 -13"><span class='ocrx_word' id='word_1_61' title='bbox 460 1183 682 1238; x_wconf 71' lang='lat' dir='ltr'><strong>nistreti</strong></span> <span class='ocrx_word' id='word_1_62' title='bbox 714 1199 876 1246; x_wconf 76' lang='lat' dir='ltr'><strong>mem,</strong></span> <span class='ocrx_word' id='word_1_63' title='bbox 909 1181 1097 1235; x_wconf 84' lang='lat' dir='ltr'><strong>divina</strong></span> <span class='ocrx_word' id='word_1_64' title='bbox 1118 1181 1218 1234; x_wconf 93' lang='lat' dir='ltr'><strong>sibi</strong></span> <span class='ocrx_word' id='word_1_65' title='bbox 1247 1181 1533 1251; x_wconf 86' lang='lat' dir='ltr'><strong>aspirante</strong></span> <span class='ocrx_word' id='word_1_66' title='bbox 1561 1179 1761 1247; x_wconf 86' lang='lat' dir='ltr'><strong>gratia.</strong></span> <span class='ocrx_word' id='word_1_67' title='bbox 1787 1177 1890 1230; x_wconf 90' lang='lat' dir='ltr'><strong>sub</strong></span> <span class='ocrx_word' id='word_1_68' title='bbox 1922 1177 2060 1228; x_wconf 92' lang='lat' dir='ltr'><strong>inul-</strong></span> 
     </span>
    </p>
   </div>
   <div class='ocr_carea' id='block_1_13' title="bbox 459 1267 2062 1340">
    <p class='ocr_par' dir='ltr' id='par_1_13' title="bbox 459 1267 2062 1340">
     <span class='ocr_line' id='line_1_13' title="bbox 459 1267 2062 1340; baseline -0.004 -16"><span class='ocrx_word' id='word_1_69' title='bbox 459 1273 672 1324; x_wconf 86' lang='lat' dir='ltr'><strong>timodo</strong></span> <span class='ocrx_word' id='word_1_70' title='bbox 703 1275 996 1340; x_wconf 70' lang='lat' dir='ltr'><strong>utriusque</strong></span> <span class='ocrx_word' id='word_1_71' title='bbox 1018 1287 1180 1323; x_wconf 73' lang='lat' dir='ltr'><strong>seXUs</strong></span> <span class='ocrx_word' id='word_1_72' title='bbox 1203 1269 1540 1322; x_wconf 85' lang='lat' dir='ltr'><strong>testimonio.</strong></span> <span class='ocrx_word' id='word_1_73' title='bbox 1568 1267 1760 1320; x_wconf 85' lang='lat' dir='ltr'><strong>sacerd</strong></span> <span class='ocrx_word' id='word_1_74' title='bbox 1785 1267 1911 1319; x_wconf 73' lang='lat' dir='ltr'><strong>itale</strong></span> <span class='ocrx_word' id='word_1_75' title='bbox 1937 1283 2062 1333; x_wconf 86' lang='lat' dir='ltr'><strong>pro-</strong></span> 
     </span>
    </p>
   </div>
   <div class='ocr_carea' id='block_1_14' title="bbox 462 1355 2056 1414">
    <p class='ocr_par' dir='ltr' id='par_1_14' title="bbox 462 1355 2056 1414">
     <span class='ocr_line' id='line_1_14' title="bbox 462 1355 2056 1414; baseline -0.004 -1"><span class='ocrx_word' id='word_1_76' title='bbox 462 1369 647 1413; x_wconf 89' lang='lat' dir='ltr'><strong>motus</strong></span> <span class='ocrx_word' id='word_1_77' title='bbox 677 1367 762 1414; x_wconf 88' lang='lat' dir='ltr'><strong>est</strong></span> <span class='ocrx_word' id='word_1_78' title='bbox 789 1360 856 1412; x_wconf 84' lang='lat' dir='ltr'><strong>ad</strong></span> <span class='ocrx_word' id='word_1_79' title='bbox 888 1360 1146 1411; x_wconf 71' lang='lat' dir='ltr'><strong>ofﬁcium.</strong></span> <span class='ocrx_word' id='word_1_80' title='bbox 1187 1359 1362 1412; x_wconf 88' lang='lat' dir='ltr'><strong>Simul</strong></span> <span class='ocrx_word' id='word_1_81' title='bbox 1409 1374 1536 1411; x_wconf 89' lang='lat' dir='ltr'><strong>vero</strong></span> <span class='ocrx_word' id='word_1_82' title='bbox 1578 1364 1639 1410; x_wconf 91' lang='lat' dir='ltr'><strong>ut</strong></span> <span class='ocrx_word' id='word_1_83' title='bbox 1674 1365 1788 1409; x_wconf 89' lang='lat' dir='ltr'><strong>tam</strong></span> <span class='ocrx_word' id='word_1_84' title='bbox 1831 1355 2056 1408; x_wconf 89' lang='lat' dir='ltr'><strong>sublimi</strong></span> 
     </span>
    </p>
   </div>
   <div class='ocr_carea' id='block_1_15' title="bbox 461 1447 2060 1520">
    <p class='ocr_par' dir='ltr' id='par_1_15' title="bbox 461 1447 2060 1520">
     <span class='ocr_line' id='line_1_15' title="bbox 461 1447 2060 1520; baseline -0.004 -18"><span class='ocrx_word' id='word_1_85' title='bbox 461 1460 752 1520; x_wconf 87' lang='lat' dir='ltr'><strong>promotus</strong></span> <span class='ocrx_word' id='word_1_86' title='bbox 787 1457 872 1501; x_wconf 89' lang='lat' dir='ltr'><strong>est</strong></span> <span class='ocrx_word' id='word_1_87' title='bbox 909 1448 1040 1518; x_wconf 85' lang='lat' dir='ltr'><strong>dign</strong></span> <span class='ocrx_word' id='word_1_88' title='bbox 1066 1447 1187 1504; x_wconf 86' lang='lat' dir='ltr'><strong>tati.</strong></span> <span class='ocrx_word' id='word_1_89' title='bbox 1233 1455 1440 1517; x_wconf 87' lang='lat' dir='ltr'><strong>quanta</strong></span> <span class='ocrx_word' id='word_1_90' title='bbox 1488 1463 1690 1516; x_wconf 88' lang='lat' dir='ltr'><strong>corpus</strong></span> <span class='ocrx_word' id='word_1_91' title='bbox 1733 1461 1894 1497; x_wconf 90' lang='lat' dir='ltr'><strong>suum</strong></span> <span class='ocrx_word' id='word_1_92' title='bbox 1937 1460 2060 1512; x_wconf 85' lang='lat' dir='ltr'><strong>par-</strong></span> 
     </span>
    </p>
   </div>
   <div class='ocr_carea' id='block_1_16' title="bbox 461 1535 2061 1605">
    <p class='ocr_par' dir='ltr' id='par_1_16' title="bbox 461 1535 2061 1605">
     <span class='ocr_line' id='line_1_16' title="bbox 461 1535 2061 1605; baseline -0.003 -15"><span class='ocrx_word' id='word_1_93' title='bbox 461 1537 700 1591; x_wconf 89' lang='lat' dir='ltr'><strong>cimonia</strong></span> <span class='ocrx_word' id='word_1_94' title='bbox 735 1537 1121 1595; x_wconf 85' lang='lat' dir='ltr'><strong>maceraverit.</strong></span> <span class='ocrx_word' id='word_1_95' title='bbox 1172 1536 1295 1605; x_wconf 93' lang='lat' dir='ltr'><strong>quis</strong></span> <span class='ocrx_word' id='word_1_96' title='bbox 1343 1542 1529 1605; x_wconf 85' lang='lat' dir='ltr'><strong>posset</strong></span> <span class='ocrx_word' id='word_1_97' title='bbox 1571 1535 1869 1603; x_wconf 56' lang='lat' dir='ltr'><strong>exgilanare</strong></span> <span class='ocrx_word' id='word_1_98' title='bbox 1938 1535 2061 1602; x_wconf 91' lang='lat' dir='ltr'><strong>lpse</strong></span> 
     </span>
    </p>
   </div>
   <div class='ocr_carea' id='block_1_17' title="bbox 465 1622 2061 1694">
    <p class='ocr_par' dir='ltr' id='par_1_17' title="bbox 465 1622 2061 1694">
     <span class='ocr_line' id='line_1_17' title="bbox 465 1622 2061 1694; baseline -0.001 -18"><span class='ocrx_word' id='word_1_99' title='bbox 465 1625 690 1694; x_wconf 82' lang='lat' dir='ltr'><strong>quidem</strong></span> <span class='ocrx_word' id='word_1_100' title='bbox 739 1627 916 1677; x_wconf 85' lang='lat' dir='ltr'><strong>multa</strong></span> <span class='ocrx_word' id='word_1_101' title='bbox 942 1641 1001 1677; x_wconf 90' lang='lat' dir='ltr'><strong>se</strong></span> <span class='ocrx_word' id='word_1_102' title='bbox 1046 1624 1306 1692; x_wconf 81' lang='lat' dir='ltr'><strong>afﬂigens</strong></span> <span class='ocrx_word' id='word_1_103' title='bbox 1345 1623 1705 1682; x_wconf 84' lang='lat' dir='ltr'><strong>abstinentia.</strong></span> <span class='ocrx_word' id='word_1_104' title='bbox 1748 1622 2061 1675; x_wconf 71' lang='lat' dir='ltr'><strong>esurientes</strong></span> 
     </span>
    </p>
   </div>
   <div class='ocr_carea' id='block_1_18' title="bbox 462 1711 2056 1782">
    <p class='ocr_par' dir='ltr' id='par_1_18' title="bbox 462 1711 2056 1782">
     <span class='ocr_line' id='line_1_18' title="bbox 462 1711 2056 1782; baseline -0.003 -16"><span class='ocrx_word' id='word_1_105' title='bbox 462 1713 777 1778; x_wconf 77' lang='lat' dir='ltr'><strong>reficiebat;</strong></span> <span class='ocrx_word' id='word_1_106' title='bbox 804 1713 1152 1782; x_wconf 86' lang='lat' dir='ltr'><strong>sitiensipse.</strong></span> <span class='ocrx_word' id='word_1_107' title='bbox 1179 1713 1435 1765; x_wconf 87' lang='lat' dir='ltr'><strong>sitientes</strong></span> <span class='ocrx_word' id='word_1_108' title='bbox 1455 1711 1824 1768; x_wconf 79' lang='lat' dir='ltr'><strong>refocillabat;</strong></span> <span class='ocrx_word' id='word_1_109' title='bbox 1861 1711 2056 1769; x_wconf 91' lang='lat' dir='ltr'><strong>nudos.</strong></span> 
     </span>
    </p>
   </div>
   <div class='ocr_carea' id='block_1_19' title="bbox 2142 535 3743 617">
    <p class='ocr_par' dir='ltr' id='par_1_19' title="bbox 2142 535 3743 617">
     <span class='ocr_line' id='line_1_19' title="bbox 2142 535 3743 617; baseline -0.009 -21"><span class='ocrx_word' id='word_1_110' title='bbox 2142 548 2320 617; x_wconf 89' lang='lat' dir='ltr'><strong>palam</strong></span> <span class='ocrx_word' id='word_1_111' title='bbox 2370 541 2691 613; x_wconf 67' lang='lat' dir='ltr'><strong>praeferebat</strong></span> <span class='ocrx_word' id='word_1_112' title='bbox 2735 539 2856 606; x_wconf 89' lang='lat' dir='ltr'><strong>jiidi</strong></span> <span class='ocrx_word' id='word_1_113' title='bbox 2898 537 3032 589; x_wconf 90' lang='lat' dir='ltr'><strong>ium.</strong></span> <span class='ocrx_word' id='word_1_114' title='bbox 3075 536 3403 589; x_wconf 79' lang='lat' dir='ltr'><strong>Abstractus</strong></span> <span class='ocrx_word' id='word_1_115' title='bbox 3443 535 3677 587; x_wconf 85' lang='lat' dir='ltr'><strong>demum</strong></span> <span class='ocrx_word' id='word_1_116' title='bbox 3707 546 3743 581; x_wconf 85' lang='lat' dir='ltr'><strong>a</strong></span> 
     </span>
    </p>
   </div>
   <div class='ocr_carea' id='block_1_20' title="bbox 2141 624 3746 694">
    <p class='ocr_par' dir='ltr' id='par_1_20' title="bbox 2141 624 3746 694">
     <span class='ocr_line' id='line_1_20' title="bbox 2141 624 3746 694; baseline -0.01 -7"><span class='ocrx_word' id='word_1_117' title='bbox 2141 635 2388 688; x_wconf 88' lang='lat' dir='ltr'><strong>latibulo.</strong></span> <span class='ocrx_word' id='word_1_118' title='bbox 2425 628 2765 683; x_wconf 86' lang='lat' dir='ltr'><strong>coiil&#39;usioiiis</strong></span> <span class='ocrx_word' id='word_1_119' title='bbox 2795 644 2908 679; x_wconf 69' lang='lat' dir='ltr'><strong>suae</strong></span> <span class='ocrx_word' id='word_1_120' title='bbox 2949 624 3309 694; x_wconf 83' lang='lat' dir='ltr'><strong>ignominiam</strong></span> <span class='ocrx_word' id='word_1_121' title='bbox 3342 627 3632 674; x_wconf 79' lang='lat' dir='ltr'><strong>I&#39;OIilessus</strong></span> <span class='ocrx_word' id='word_1_122' title='bbox 3658 625 3746 671; x_wconf 85' lang='lat' dir='ltr'><strong>est</strong></span> 
     </span>
    </p>
   </div>
   <div class='ocr_carea' id='block_1_21' title="bbox 2141 709 3743 792">
    <p class='ocr_par' dir='ltr' id='par_1_21' title="bbox 2141 709 3743 792">
     <span class='ocr_line' id='line_1_21' title="bbox 2141 709 3743 792; baseline -0.01 -15"><span class='ocrx_word' id='word_1_123' title='bbox 2141 725 2194 777; x_wconf 88' lang='lat' dir='ltr'><strong>in</strong></span> <span class='ocrx_word' id='word_1_124' title='bbox 2223 722 2456 792; x_wconf 80' lang='lat' dir='ltr'><strong>publico.</strong></span> <span class='ocrx_word' id='word_1_125' title='bbox 2495 719 2789 773; x_wconf 82' lang='lat' dir='ltr'><strong>Confessus</strong></span> <span class='ocrx_word' id='word_1_126' title='bbox 2821 726 2906 770; x_wconf 89' lang='lat' dir='ltr'><strong>est</strong></span> <span class='ocrx_word' id='word_1_127' title='bbox 2946 731 3004 767; x_wconf 87' lang='lat' dir='ltr'><strong>se</strong></span> <span class='ocrx_word' id='word_1_128' title='bbox 3037 713 3287 782; x_wconf 89' lang='lat' dir='ltr'><strong>rapiendi</strong></span> <span class='ocrx_word' id='word_1_129' title='bbox 3329 729 3496 765; x_wconf 78' lang='lat' dir='ltr'><strong>causa</strong></span> <span class='ocrx_word' id='word_1_130' title='bbox 3547 709 3743 763; x_wconf 76' lang='lat' dir='ltr'><strong>furtim</strong></span> 
     </span>
    </p>
   </div>
   <div class='ocr_carea' id='block_1_22' title="bbox 2143 797 3744 878">
    <p class='ocr_par' dir='ltr' id='par_1_22' title="bbox 2143 797 3744 878">
     <span class='ocr_line' id='line_1_22' title="bbox 2143 797 3744 878; baseline -0.009 -15"><span class='ocrx_word' id='word_1_131' title='bbox 2143 813 2357 866; x_wconf 82' lang='lat' dir='ltr'><strong>vineam</strong></span> <span class='ocrx_word' id='word_1_132' title='bbox 2387 809 2682 878; x_wconf 84' lang='lat' dir='ltr'><strong>irrupisse:</strong></span> <span class='ocrx_word' id='word_1_133' title='bbox 2718 815 2774 858; x_wconf 82' lang='lat' dir='ltr'><strong>et</strong></span> <span class='ocrx_word' id='word_1_134' title='bbox 2825 822 2950 858; x_wconf 88' lang='lat' dir='ltr'><strong>cum</strong></span> <span class='ocrx_word' id='word_1_135' title='bbox 2992 802 3228 855; x_wconf 78' lang='lat' dir='ltr'><strong>maxima</strong></span> <span class='ocrx_word' id='word_1_136' title='bbox 3277 811 3434 870; x_wconf 61' lang='lat' dir='ltr'><strong>parte</strong></span> <span class='ocrx_word' id='word_1_137' title='bbox 3463 799 3640 853; x_wconf 83' lang='lat' dir='ltr'><strong>noctis</strong></span> <span class='ocrx_word' id='word_1_138' title='bbox 3671 797 3744 850; x_wconf 84' lang='lat' dir='ltr'><strong>ad</strong></span> 
     </span>
    </p>
   </div>
   <div class='ocr_carea' id='block_1_23' title="bbox 2141 886 3744 964">
    <p class='ocr_par' dir='ltr' id='par_1_23' title="bbox 2141 886 3744 964">
     <span class='ocr_line' id='line_1_23' title="bbox 2141 886 3744 964; baseline -0.008 -11"><span class='ocrx_word' id='word_1_139' title='bbox 2141 901 2192 953; x_wconf 89' lang='lat' dir='ltr'><strong>id</strong></span> <span class='ocrx_word' id='word_1_140' title='bbox 2223 899 2583 953; x_wconf 84' lang='lat' dir='ltr'><strong>elaborasset.</strong></span> <span class='ocrx_word' id='word_1_141' title='bbox 2617 911 2722 949; x_wconf 84' lang='lat' dir='ltr'><strong>nus</strong></span> <span class='ocrx_word' id='word_1_142' title='bbox 2743 911 2903 964; x_wconf 75' lang='lat' dir='ltr'><strong>llltllll-</strong></span> <span class='ocrx_word' id='word_1_143' title='bbox 2925 892 3131 948; x_wconf 85' lang='lat' dir='ltr'><strong>exitum</strong></span> <span class='ocrx_word' id='word_1_144' title='bbox 3158 889 3448 950; x_wconf 70' lang='lat' dir='ltr'><strong>reperisse.</strong></span> <span class='ocrx_word' id='word_1_145' title='bbox 3493 889 3630 943; x_wconf 84' lang='lat' dir='ltr'><strong>Erat.</strong></span> <span class='ocrx_word' id='word_1_146' title='bbox 3667 886 3744 940; x_wconf 85' lang='lat' dir='ltr'><strong>ibi</strong></span> 
     </span>
    </p>
   </div>
   <div class='ocr_carea' id='block_1_24' title="bbox 2143 977 3746 1047">
    <p class='ocr_par' dir='ltr' id='par_1_24' title="bbox 2143 977 3746 1047">
     <span class='ocr_line' id='line_1_24' title="bbox 2143 977 3746 1047; baseline -0.007 -7"><span class='ocrx_word' id='word_1_147' title='bbox 2143 989 2331 1042; x_wconf 79' lang='lat' dir='ltr'><strong>\‘idei&#39;e</strong></span> <span class='ocrx_word' id='word_1_148' title='bbox 2381 986 2686 1044; x_wconf 86' lang='lat' dir='ltr'><strong>iniseriam,</strong></span> <span class='ocrx_word' id='word_1_149' title='bbox 2719 983 2904 1038; x_wconf 78' lang='lat' dir='ltr'><strong>videre</strong></span> <span class='ocrx_word' id='word_1_150' title='bbox 2939 981 3144 1034; x_wconf 85' lang='lat' dir='ltr'><strong>iiiiseru</strong></span> <span class='ocrx_word' id='word_1_151' title='bbox 3171 998 3200 1031; x_wconf 88' lang='lat' dir='ltr'><strong>ii</strong></span> <span class='ocrx_word' id='word_1_152' title='bbox 3256 979 3410 1032; x_wconf 89' lang='lat' dir='ltr'><strong>illum</strong></span> <span class='ocrx_word' id='word_1_153' title='bbox 3457 979 3510 1030; x_wconf 89' lang='lat' dir='ltr'><strong>in</strong></span> <span class='ocrx_word' id='word_1_154' title='bbox 3558 977 3746 1047; x_wconf 79' lang='lat' dir='ltr'><strong>seipso</strong></span> 
     </span>
    </p>
   </div>
   <div class='ocr_carea' id='block_1_25' title="bbox 2142 1065 3747 1146">
    <p class='ocr_par' dir='ltr' id='par_1_25' title="bbox 2142 1065 3747 1146">
     <span class='ocr_line' id='line_1_25' title="bbox 2142 1065 3747 1146; baseline -0.008 -15"><span class='ocrx_word' id='word_1_155' title='bbox 2142 1097 2254 1131; x_wconf 70' lang='lat' dir='ltr'><strong>sua)</strong></span> <span class='ocrx_word' id='word_1_156' title='bbox 2281 1084 2505 1146; x_wconf 83' lang='lat' dir='ltr'><strong>gestare</strong></span> <span class='ocrx_word' id='word_1_157' title='bbox 2533 1073 2869 1127; x_wconf 85' lang='lat' dir='ltr'><strong>sententiain</strong></span> <span class='ocrx_word' id='word_1_158' title='bbox 2901 1069 3297 1125; x_wconf 85' lang='lat' dir='ltr'><strong>damnationis.</strong></span> <span class='ocrx_word' id='word_1_159' title='bbox 3351 1067 3443 1138; x_wconf 87' lang='lat' dir='ltr'><strong>qui</strong></span> <span class='ocrx_word' id='word_1_160' title='bbox 3487 1075 3545 1119; x_wconf 86' lang='lat' dir='ltr'><strong>et</strong></span> <span class='ocrx_word' id='word_1_161' title='bbox 3592 1065 3747 1136; x_wconf 85' lang='lat' dir='ltr'><strong>rapi-</strong></span> 
     </span>
    </p>
   </div>
   <div class='ocr_carea' id='block_1_26' title="bbox 2142 1155 3746 1236">
    <p class='ocr_par' dir='ltr' id='par_1_26' title="bbox 2142 1155 3746 1236">
     <span class='ocr_line' id='line_1_26' title="bbox 2142 1155 3746 1236; baseline -0.008 -16"><span class='ocrx_word' id='word_1_162' title='bbox 2142 1184 2269 1220; x_wconf 86' lang='lat' dir='ltr'><strong>nam</strong></span> <span class='ocrx_word' id='word_1_163' title='bbox 2303 1165 2683 1236; x_wconf 75' lang='lat' dir='ltr'><strong>przeripuerai.</strong></span> <span class='ocrx_word' id='word_1_164' title='bbox 2719 1169 2776 1214; x_wconf 82' lang='lat' dir='ltr'><strong>ot</strong></span> <span class='ocrx_word' id='word_1_165' title='bbox 2804 1161 2874 1214; x_wconf 88' lang='lat' dir='ltr'><strong>ab</strong></span> <span class='ocrx_word' id='word_1_166' title='bbox 2905 1160 3024 1228; x_wconf 84' lang='lat' dir='ltr'><strong>ipsa</strong></span> <span class='ocrx_word' id='word_1_167' title='bbox 3053 1175 3154 1211; x_wconf 90' lang='lat' dir='ltr'><strong>sua</strong></span> <span class='ocrx_word' id='word_1_168' title='bbox 3198 1157 3391 1226; x_wconf 86' lang='lat' dir='ltr'><strong>rapina</strong></span> <span class='ocrx_word' id='word_1_169' title='bbox 3427 1155 3652 1225; x_wconf 76' lang='lat' dir='ltr'><strong>publice</strong></span> <span class='ocrx_word' id='word_1_170' title='bbox 3685 1171 3746 1208; x_wconf 89' lang='lat' dir='ltr'><strong>se</strong></span> 
     </span>
    </p>
   </div>
   <div class='ocr_carea' id='block_1_27' title="bbox 2142 1246 3748 1313">
    <p class='ocr_par' dir='ltr' id='par_1_27' title="bbox 2142 1246 3748 1313">
     <span class='ocr_line' id='line_1_27' title="bbox 2142 1246 3748 1313; baseline -0.009 -3"><span class='ocrx_word' id='word_1_171' title='bbox 2142 1255 2515 1310; x_wconf 80' lang='lat' dir='ltr'><strong>conﬁtebatur</strong></span> <span class='ocrx_word' id='word_1_172' title='bbox 2561 1250 2854 1305; x_wconf 84' lang='lat' dir='ltr'><strong>eoarctari.</strong></span> <span class='ocrx_word' id='word_1_173' title='bbox 2910 1249 2986 1301; x_wconf 89' lang='lat' dir='ltr'><strong>De</strong></span> <span class='ocrx_word' id='word_1_174' title='bbox 3037 1246 3326 1300; x_wconf 89' lang='lat' dir='ltr'><strong>latrocmio</strong></span> <span class='ocrx_word' id='word_1_175' title='bbox 3369 1263 3470 1297; x_wconf 89' lang='lat' dir='ltr'><strong>suo</strong></span> <span class='ocrx_word' id='word_1_176' title='bbox 3511 1251 3748 1313; x_wconf 80' lang='lat' dir='ltr'><strong>gustare</strong></span> 
     </span>
    </p>
   </div>
   <div class='ocr_carea' id='block_1_28' title="bbox 2142 1333 3746 1412">
    <p class='ocr_par' dir='ltr' id='par_1_28' title="bbox 2142 1333 3746 1412">
     <span class='ocr_line' id='line_1_28' title="bbox 2142 1333 3746 1412; baseline -0.009 -14"><span class='ocrx_word' id='word_1_177' title='bbox 2142 1361 2250 1398; x_wconf 89' lang='lat' dir='ltr'><strong>non</strong></span> <span class='ocrx_word' id='word_1_178' title='bbox 2286 1343 2487 1412; x_wconf 88' lang='lat' dir='ltr'><strong>potuit,</strong></span> <span class='ocrx_word' id='word_1_179' title='bbox 2520 1350 2574 1394; x_wconf 89' lang='lat' dir='ltr'><strong>et</strong></span> <span class='ocrx_word' id='word_1_180' title='bbox 2605 1339 2734 1409; x_wconf 86' lang='lat' dir='ltr'><strong>quia</strong></span> <span class='ocrx_word' id='word_1_181' title='bbox 2757 1346 3012 1392; x_wconf 88' lang='lat' dir='ltr'><strong>sanctum</strong></span> <span class='ocrx_word' id='word_1_182' title='bbox 3043 1337 3388 1388; x_wconf 68' lang='lat' dir='ltr'><strong>sacerdotem</strong></span> <span class='ocrx_word' id='word_1_183' title='bbox 3423 1334 3632 1401; x_wconf 83' lang='lat' dir='ltr'><strong>injuste</strong></span> <span class='ocrx_word' id='word_1_184' title='bbox 3662 1333 3746 1384; x_wconf 88' lang='lat' dir='ltr'><strong>iii-</strong></span> 
     </span>
    </p>
   </div>
   <div class='ocr_carea' id='block_1_29' title="bbox 2142 1421 3748 1502">
    <p class='ocr_par' dir='ltr' id='par_1_29' title="bbox 2142 1421 3748 1502">
     <span class='ocr_line' id='line_1_29' title="bbox 2142 1421 3748 1502; baseline -0.008 -17"><span class='ocrx_word' id='word_1_185' title='bbox 2142 1432 2497 1502; x_wconf 80' lang='lat' dir='ltr'><strong>seqliebatur.</strong></span> <span class='ocrx_word' id='word_1_186' title='bbox 2527 1427 3009 1482; x_wconf 57' lang='lat' dir='ltr'><strong>eonlleiiinationis</strong></span> <span class='ocrx_word' id='word_1_187' title='bbox 3035 1442 3150 1478; x_wconf 68' lang='lat' dir='ltr'><strong>suae</strong></span> <span class='ocrx_word' id='word_1_188' title='bbox 3179 1423 3484 1494; x_wconf 80' lang='lat' dir='ltr'><strong>periculum</strong></span> <span class='ocrx_word' id='word_1_189' title='bbox 3513 1421 3748 1490; x_wconf 84' lang='lat' dir='ltr'><strong>impune</strong></span> 
     </span>
    </p>
   </div>
   <div class='ocr_carea' id='block_1_30' title="bbox 2144 1509 3749 1586">
    <p class='ocr_par' dir='ltr' id='par_1_30' title="bbox 2144 1509 3749 1586">
     <span class='ocr_line' id='line_1_30' title="bbox 2144 1509 3749 1586; baseline -0.009 -10"><span class='ocrx_word' id='word_1_190' title='bbox 2144 1539 2254 1576; x_wconf 89' lang='lat' dir='ltr'><strong>non</strong></span> <span class='ocrx_word' id='word_1_191' title='bbox 2304 1519 2497 1572; x_wconf 85' lang='lat' dir='ltr'><strong>evasit.</strong></span> <span class='ocrx_word' id='word_1_192' title='bbox 2549 1517 2917 1586; x_wconf 81' lang='lat' dir='ltr'><strong>Adjudicatus</strong></span> <span class='ocrx_word' id='word_1_193' title='bbox 2973 1532 3108 1583; x_wconf 84' lang='lat' dir='ltr'><strong>ergo</strong></span> <span class='ocrx_word' id='word_1_194' title='bbox 3158 1514 3274 1580; x_wconf 89' lang='lat' dir='ltr'><strong>jam</strong></span> <span class='ocrx_word' id='word_1_195' title='bbox 3327 1515 3634 1580; x_wconf 81' lang='lat' dir='ltr'><strong>cogebatur</strong></span> <span class='ocrx_word' id='word_1_196' title='bbox 3676 1509 3749 1562; x_wconf 88' lang='lat' dir='ltr'><strong>ad</strong></span> 
     </span>
    </p>
   </div>
   <div class='ocr_carea' id='block_1_31' title="bbox 2145 1597 3749 1679">
    <p class='ocr_par' dir='ltr' id='par_1_31' title="bbox 2145 1597 3749 1679">
     <span class='ocr_line' id='line_1_31' title="bbox 2145 1597 3749 1679; baseline -0.009 -15"><span class='ocrx_word' id='word_1_197' title='bbox 2145 1611 2501 1679; x_wconf 80' lang='lat' dir='ltr'><strong>snpplirium.</strong></span> <span class='ocrx_word' id='word_1_198' title='bbox 2522 1625 2646 1660; x_wconf 90' lang='lat' dir='ltr'><strong>cum</strong></span> <span class='ocrx_word' id='word_1_199' title='bbox 2671 1614 2896 1659; x_wconf 89' lang='lat' dir='ltr'><strong>sanctus</strong></span> <span class='ocrx_word' id='word_1_200' title='bbox 2917 1605 3037 1674; x_wconf 85' lang='lat' dir='ltr'><strong>ipse</strong></span> <span class='ocrx_word' id='word_1_201' title='bbox 3059 1601 3320 1655; x_wconf 86' lang='lat' dir='ltr'><strong>sacerdos</strong></span> <span class='ocrx_word' id='word_1_202' title='bbox 3349 1617 3410 1653; x_wconf 73' lang='lat' dir='ltr'><strong>ex</strong></span> <span class='ocrx_word' id='word_1_203' title='bbox 3445 1597 3749 1669; x_wconf 86' lang='lat' dir='ltr'><strong>improviso</strong></span> 
     </span>
    </p>
   </div>
   <div class='ocr_carea' id='block_1_32' title="bbox 2145 1689 3757 1762">
    <p class='ocr_par' dir='ltr' id='par_1_32' title="bbox 2145 1689 3757 1762">
     <span class='ocr_line' id='line_1_32' title="bbox 2145 1689 3757 1762; baseline -0.009 -8"><span class='ocrx_word' id='word_1_204' title='bbox 2145 1715 2464 1762; x_wconf 79' lang='lat' dir='ltr'><strong>accurrens,</strong></span> <span class='ocrx_word' id='word_1_205' title='bbox 2501 1697 2702 1749; x_wconf 73' lang='lat' dir='ltr'><strong>misero</strong></span> <span class='ocrx_word' id='word_1_206' title='bbox 2734 1697 2913 1748; x_wconf 82' lang='lat' dir='ltr'><strong>tactus</strong></span> <span class='ocrx_word' id='word_1_207' title='bbox 2941 1700 3028 1746; x_wconf 88' lang='lat' dir='ltr'><strong>est</strong></span> <span class='ocrx_word' id='word_1_208' title='bbox 3058 1691 3494 1744; x_wconf 89' lang='lat' dir='ltr'><strong>munimentum.</strong></span> <span class='ocrx_word' id='word_1_209' title='bbox 3537 1689 3757 1742; x_wconf 85' lang='lat' dir='ltr'><strong>Memor</strong></span> 
     </span>
    </p>
   </div>
   <div class='ocr_carea' id='block_1_33' title="bbox 463 1775 2060 1871">
    <p class='ocr_par' dir='ltr' id='par_1_33' title="bbox 463 1799 2055 1871">
     <span class='ocr_line' id='line_1_33' title="bbox 463 1799 2055 1871; baseline -0.002 -16"><span class='ocrx_word' id='word_1_210' title='bbox 463 1817 581 1855; x_wconf 65' lang='lat' dir='ltr'><strong>suae</strong></span> <span class='ocrx_word' id='word_1_211' title='bbox 611 1817 719 1854; x_wconf 89' lang='lat' dir='ltr'><strong>non</strong></span> <span class='ocrx_word' id='word_1_212' title='bbox 745 1818 975 1871; x_wconf 86' lang='lat' dir='ltr'><strong>parcens</strong></span> <span class='ocrx_word' id='word_1_213' title='bbox 998 1801 1260 1855; x_wconf 85' lang='lat' dir='ltr'><strong>nuditati.</strong></span> <span class='ocrx_word' id='word_1_214' title='bbox 1293 1801 1728 1854; x_wconf 75' lang='lat' dir='ltr'><strong>misericorditer</strong></span> <span class='ocrx_word' id='word_1_215' title='bbox 1761 1799 2055 1859; x_wconf 87' lang='lat' dir='ltr'><strong>vestiebat;</strong></span> 
     </span>
    </p>
   </div>
   <div class='ocr_carea' id='block_1_34' title="bbox 2149 1775 3754 1871">
    <p class='ocr_par' dir='ltr' id='par_1_34' title="bbox 2149 1777 3754 1857">
     <span class='ocr_line' id='line_1_34' title="bbox 2149 1777 3754 1857; baseline -0.008 -16"><span class='ocrx_word' id='word_1_216' title='bbox 2149 1788 2415 1857; x_wconf 82' lang='lat' dir='ltr'><strong>siquidem</strong></span> <span class='ocrx_word' id='word_1_217' title='bbox 2463 1785 2564 1838; x_wconf 84' lang='lat' dir='ltr'><strong>Dei</strong></span> <span class='ocrx_word' id='word_1_218' title='bbox 2609 1801 2800 1836; x_wconf 76' lang='lat' dir='ltr'><strong>servus</strong></span> <span class='ocrx_word' id='word_1_219' title='bbox 2850 1780 3147 1835; x_wconf 68' lang='lat' dir='ltr'><strong>Dominicie</strong></span> <span class='ocrx_word' id='word_1_220' title='bbox 3201 1777 3488 1832; x_wconf 88' lang='lat' dir='ltr'><strong>orationis.</strong></span> <span class='ocrx_word' id='word_1_221' title='bbox 3536 1777 3593 1830; x_wconf 89' lang='lat' dir='ltr'><strong>in</strong></span> <span class='ocrx_word' id='word_1_222' title='bbox 3638 1791 3754 1846; x_wconf 86' lang='lat' dir='ltr'><strong>qua</strong></span> 
     </span>
    </p>
   </div>
   <div class='ocr_carea' id='block_1_35' title="bbox 461 1887 2060 1960">
    <p class='ocr_par' dir='ltr' id='par_1_35' title="bbox 461 1887 2060 1960">
     <span class='ocr_line' id='line_1_35' title="bbox 461 1887 2060 1960; baseline -0.001 -18"><span class='ocrx_word' id='word_1_223' title='bbox 461 1896 518 1942; x_wconf 88' lang='lat' dir='ltr'><strong>et</strong></span> <span class='ocrx_word' id='word_1_224' title='bbox 547 1890 768 1943; x_wconf 86' lang='lat' dir='ltr'><strong>omissis</strong></span> <span class='ocrx_word' id='word_1_225' title='bbox 798 1891 882 1943; x_wconf 85' lang='lat' dir='ltr'><strong>sui</strong></span> <span class='ocrx_word' id='word_1_226' title='bbox 913 1907 1254 1960; x_wconf 89' lang='lat' dir='ltr'><strong>suorumque</strong></span> <span class='ocrx_word' id='word_1_227' title='bbox 1295 1890 1504 1952; x_wconf 82' lang='lat' dir='ltr'><strong>usibus,</strong></span> <span class='ocrx_word' id='word_1_228' title='bbox 1539 1887 1808 1958; x_wconf 87' lang='lat' dir='ltr'><strong>quidquid</strong></span> <span class='ocrx_word' id='word_1_229' title='bbox 1837 1888 2060 1941; x_wconf 77' lang='lat' dir='ltr'><strong>sibimet</strong></span> 
     </span>
    </p>
   </div>
   <div class='ocr_carea' id='block_1_36' title="bbox 461 1977 2060 2048">
    <p class='ocr_par' dir='ltr' id='par_1_36' title="bbox 461 1977 2060 2048">
     <span class='ocr_line' id='line_1_36' title="bbox 461 1977 2060 2048; baseline -0.001 -16"><span class='ocrx_word' id='word_1_230' title='bbox 461 1978 750 2048; x_wconf 86' lang='lat' dir='ltr'><strong>subripere</strong></span> <span class='ocrx_word' id='word_1_231' title='bbox 807 1986 1045 2048; x_wconf 82' lang='lat' dir='ltr'><strong>poterat.</strong></span> <span class='ocrx_word' id='word_1_232' title='bbox 1101 1979 1438 2048; x_wconf 79' lang='lat' dir='ltr'><strong>anperibus</strong></span> <span class='ocrx_word' id='word_1_233' title='bbox 1477 1989 1528 2030; x_wconf 85' lang='lat' dir='ltr'><strong>et</strong></span> <span class='ocrx_word' id='word_1_234' title='bbox 1576 1979 1765 2046; x_wconf 85' lang='lat' dir='ltr'><strong>egenis</strong></span> <span class='ocrx_word' id='word_1_235' title='bbox 1825 1977 2060 2044; x_wconf 80' lang='lat' dir='ltr'><strong>benigne</strong></span> 
     </span>
    </p>
   </div>
   <div class='ocr_carea' id='block_1_37' title="bbox 463 2067 2051 2138">
    <p class='ocr_par' dir='ltr' id='par_1_37' title="bbox 463 2067 2051 2138">
     <span class='ocr_line' id='line_1_37' title="bbox 463 2067 2051 2138; baseline -0.003 -17"><span class='ocrx_word' id='word_1_236' title='bbox 463 2067 828 2138; x_wconf 81' lang='lat' dir='ltr'><strong>largiebatur.</strong></span> <span class='ocrx_word' id='word_1_237' title='bbox 867 2069 1164 2137; x_wconf 81' lang='lat' dir='ltr'><strong>Postquam</strong></span> <span class='ocrx_word' id='word_1_238' title='bbox 1190 2085 1322 2136; x_wconf 84' lang='lat' dir='ltr'><strong>ergo</strong></span> <span class='ocrx_word' id='word_1_239' title='bbox 1363 2069 1444 2120; x_wconf 89' lang='lat' dir='ltr'><strong>vir</strong></span> <span class='ocrx_word' id='word_1_240' title='bbox 1477 2067 1670 2120; x_wconf 89' lang='lat' dir='ltr'><strong>beatus</strong></span> <span class='ocrx_word' id='word_1_241' title='bbox 1700 2067 2051 2132; x_wconf 84' lang='lat' dir='ltr'><strong>dignitatem.</strong></span> 
     </span>
    </p>
   </div>
   <div class='ocr_carea' id='block_1_38' title="bbox 464 2155 2056 2225">
    <p class='ocr_par' dir='ltr' id='par_1_38' title="bbox 464 2155 2056 2225">
     <span class='ocr_line' id='line_1_38' title="bbox 464 2155 2056 2225; baseline -0.001 -15"><span class='ocrx_word' id='word_1_242' title='bbox 464 2163 529 2210; x_wconf 88' lang='lat' dir='ltr'><strong>ut</strong></span> <span class='ocrx_word' id='word_1_243' title='bbox 574 2157 919 2225; x_wconf 74' lang='lat' dir='ltr'><strong>pi&#39;zelibatum</strong></span> <span class='ocrx_word' id='word_1_244' title='bbox 969 2167 1070 2213; x_wconf 89' lang='lat' dir='ltr'><strong>est.</strong></span> <span class='ocrx_word' id='word_1_245' title='bbox 1105 2158 1340 2225; x_wconf 87' lang='lat' dir='ltr'><strong>adeptus</strong></span> <span class='ocrx_word' id='word_1_246' title='bbox 1387 2165 1471 2209; x_wconf 84' lang='lat' dir='ltr'><strong>est</strong></span> <span class='ocrx_word' id='word_1_247' title='bbox 1509 2155 1826 2214; x_wconf 81' lang='lat' dir='ltr'><strong>sacerdotii.</strong></span> <span class='ocrx_word' id='word_1_248' title='bbox 1858 2156 2056 2208; x_wconf 74' lang='lat' dir='ltr'><strong>iiivinze</strong></span> 
     </span>
    </p>
   </div>
   <div class='ocr_carea' id='block_1_39' title="bbox 463 2244 2061 2315">
    <p class='ocr_par' dir='ltr' id='par_1_39' title="bbox 463 2244 2061 2315">
     <span class='ocr_line' id='line_1_39' title="bbox 463 2244 2061 2315; baseline -0.001 -16"><span class='ocrx_word' id='word_1_249' title='bbox 463 2246 843 2315; x_wconf 76' lang='lat' dir='ltr'><strong>dispositionis</strong></span> <span class='ocrx_word' id='word_1_250' title='bbox 859 2247 1061 2314; x_wconf 88' lang='lat' dir='ltr'><strong>gratia.</strong></span> <span class='ocrx_word' id='word_1_251' title='bbox 1082 2246 1412 2298; x_wconf 88' lang='lat' dir='ltr'><strong>multimoda.</strong></span> <span class='ocrx_word' id='word_1_252' title='bbox 1435 2246 1830 2297; x_wconf 78' lang='lat' dir='ltr'><strong>miraculorum</strong></span> <span class='ocrx_word' id='word_1_253' title='bbox 1858 2244 2061 2297; x_wconf 85' lang='lat' dir='ltr'><strong>meruit</strong></span> 
     </span>
    </p>
   </div>
   <div class='ocr_carea' id='block_1_40' title="bbox 463 2334 2062 2405">
    <p class='ocr_par' dir='ltr' id='par_1_40' title="bbox 463 2334 2062 2405">
     <span class='ocr_line' id='line_1_40' title="bbox 463 2334 2062 2405; baseline 0 -18"><span class='ocrx_word' id='word_1_254' title='bbox 463 2335 842 2388; x_wconf 84' lang='lat' dir='ltr'><strong>declaratione</strong></span> <span class='ocrx_word' id='word_1_255' title='bbox 873 2334 1164 2405; x_wconf 88' lang='lat' dir='ltr'><strong>publicari.</strong></span> <span class='ocrx_word' id='word_1_256' title='bbox 1215 2336 1358 2387; x_wconf 72' lang='lat' dir='ltr'><strong>licus</strong></span> <span class='ocrx_word' id='word_1_257' title='bbox 1387 2334 1684 2403; x_wconf 75' lang='lat' dir='ltr'><strong>siquidem.</strong></span> <span class='ocrx_word' id='word_1_258' title='bbox 1729 2335 1890 2401; x_wconf 85' lang='lat' dir='ltr'><strong>cujus</strong></span> <span class='ocrx_word' id='word_1_259' title='bbox 1946 2335 2062 2402; x_wconf 84' lang='lat' dir='ltr'><strong>ipse</strong></span> 
     </span>
    </p>
   </div>
   <div class='ocr_carea' id='block_1_41' title="bbox 467 2417 2059 2481">
    <p class='ocr_par' dir='ltr' id='par_1_41' title="bbox 467 2417 2059 2481">
     <span class='ocr_line' id='line_1_41' title="bbox 467 2417 2059 2481; baseline -0.001 -8"><span class='ocrx_word' id='word_1_260' title='bbox 467 2421 677 2473; x_wconf 23' lang='lat' dir='ltr'><strong>sanctis</strong></span> <span class='ocrx_word' id='word_1_261' title='bbox 709 2420 1151 2472; x_wconf 77' lang='lat' dir='ltr'><strong>institutionibus</strong></span> <span class='ocrx_word' id='word_1_262' title='bbox 1185 2419 1416 2470; x_wconf 87' lang='lat' dir='ltr'><strong>viriliter</strong></span> <span class='ocrx_word' id='word_1_263' title='bbox 1463 2417 1780 2471; x_wconf 75' lang='lat' dir='ltr'><strong>elaborabat</strong></span> <span class='ocrx_word' id='word_1_264' title='bbox 1815 2417 2059 2481; x_wconf 80' lang='lat' dir='ltr'><strong>obedire,</strong></span> 
     </span>
    </p>
   </div>
   <div class='ocr_carea' id='block_1_42' title="bbox 466 2507 2068 2578">
    <p class='ocr_par' dir='ltr' id='par_1_42' title="bbox 466 2507 2068 2578">
     <span class='ocr_line' id='line_1_42' title="bbox 466 2507 2068 2578; baseline 0 -18"><span class='ocrx_word' id='word_1_265' title='bbox 466 2525 567 2578; x_wconf 88' lang='lat' dir='ltr'><strong>per</strong></span> <span class='ocrx_word' id='word_1_266' title='bbox 595 2508 772 2560; x_wconf 89' lang='lat' dir='ltr'><strong>multa.</strong></span> <span class='ocrx_word' id='word_1_267' title='bbox 803 2525 931 2560; x_wconf 89' lang='lat' dir='ltr'><strong>eum</strong></span> <span class='ocrx_word' id='word_1_268' title='bbox 961 2507 1199 2574; x_wconf 69' lang='lat' dir='ltr'><strong>insignia</strong></span> <span class='ocrx_word' id='word_1_269' title='bbox 1236 2508 1441 2559; x_wconf 87' lang='lat' dir='ltr'><strong>mundo</strong></span> <span class='ocrx_word' id='word_1_270' title='bbox 1471 2524 1580 2560; x_wconf 88' lang='lat' dir='ltr'><strong>non</strong></span> <span class='ocrx_word' id='word_1_271' title='bbox 1619 2507 1953 2576; x_wconf 82' lang='lat' dir='ltr'><strong>dedignatus</strong></span> <span class='ocrx_word' id='word_1_272' title='bbox 1981 2515 2068 2560; x_wconf 80' lang='lat' dir='ltr'><strong>est</strong></span> 
     </span>
    </p>
   </div>
   <div class='ocr_carea' id='block_1_43' title="bbox 465 2595 772 2650">
    <p class='ocr_par' dir='ltr' id='par_1_43' title="bbox 465 2595 772 2650">
     <span class='ocr_line' id='line_1_43' title="bbox 465 2595 772 2650; baseline 0.007 -2"><span class='ocrx_word' id='word_1_273' title='bbox 465 2595 772 2650; x_wconf 80' lang='lat' dir='ltr'><strong>declarare.</strong></span> 
     </span>
    </p>
   </div>
   <div class='ocr_carea' id='block_1_44' title="bbox 1091 2681 1436 2736">
    <p class='ocr_par' dir='ltr' id='par_1_44' title="bbox 1091 2681 1436 2736">
     <span class='ocr_line' id='line_1_44' title="bbox 1091 2681 1436 2736; baseline 0 0"><span class='ocrx_word' id='word_1_274' title='bbox 1091 2681 1325 2736; x_wconf 79' lang='lat' dir='ltr'><strong>CAPUT</strong></span> <span class='ocrx_word' id='word_1_275' title='bbox 1364 2683 1436 2736; x_wconf 91' lang='lat' dir='ltr'><strong>ll.</strong></span> 
     </span>
    </p>
   </div>
   <div class='ocr_carea' id='block_1_45' title="bbox 466 2843 2066 2912">
    <p class='ocr_par' dir='ltr' id='par_1_45' title="bbox 466 2843 2066 2912">
     <span class='ocr_line' id='line_1_45' title="bbox 466 2843 2066 2912; baseline -0.001 -15"><span class='ocrx_word' id='word_1_276' title='bbox 466 2845 614 2897; x_wconf 80' lang='lat' dir='ltr'><strong>Mira</strong></span> <span class='ocrx_word' id='word_1_277' title='bbox 643 2860 774 2911; x_wconf 84' lang='lat' dir='ltr'><strong>erga</strong></span> <span class='ocrx_word' id='word_1_278' title='bbox 796 2845 949 2911; x_wconf 80' lang='lat' dir='ltr'><strong>fures</strong></span> <span class='ocrx_word' id='word_1_279' title='bbox 975 2845 1360 2897; x_wconf 66' lang='lat' dir='ltr'><strong>benerolenti&#39;a.</strong></span> <span class='ocrx_word' id='word_1_280' title='bbox 1397 2843 1527 2897; x_wconf 68' lang='lat' dir='ltr'><strong>Alia</strong></span> <span class='ocrx_word' id='word_1_281' title='bbox 1551 2844 1829 2911; x_wconf 74' lang='lat' dir='ltr'><strong>prodigia.</strong></span> <span class='ocrx_word' id='word_1_282' title='bbox 1857 2844 2066 2912; x_wconf 75' lang='lat' dir='ltr'><strong>Episco-</strong></span> 
     </span>
    </p>
   </div>
   <div class='ocr_carea' id='block_1_46' title="bbox 1023 2919 1499 3003">
    <p class='ocr_par' dir='ltr' id='par_1_46' title="bbox 1023 2919 1499 3003">
     <span class='ocr_line' id='line_1_46' title="bbox 1023 2919 1499 3003; baseline 0.002 -38"><span class='ocrx_word' id='word_1_283' title='bbox 1023 2921 1185 3003; x_wconf 66' lang='lat' dir='ltr'><strong>pqtus</strong></span> <span class='ocrx_word' id='word_1_284' title='bbox 1205 2919 1499 2982; x_wconf 72' lang='lat' dir='ltr'><strong>susceptus.</strong></span> 
     </span>
    </p>
   </div>
   <div class='ocr_carea' id='block_1_47' title="bbox 538 3019 2073 3092">
    <p class='ocr_par' dir='ltr' id='par_1_47' title="bbox 538 3019 2073 3092">
     <span class='ocr_line' id='line_1_47' title="bbox 538 3019 2073 3092; baseline -0.001 -17"><span class='ocrx_word' id='word_1_285' title='bbox 538 3019 624 3078; x_wconf 74' lang='grc'><strong>40.</strong></span> <span class='ocrx_word' id='word_1_286' title='bbox 661 3021 909 3092; x_wconf 84' lang='lat' dir='ltr'><strong>Contigit</strong></span> <span class='ocrx_word' id='word_1_287' title='bbox 938 3022 1077 3075; x_wconf 82' lang='lat' dir='ltr'><strong>forte</strong></span> <span class='ocrx_word' id='word_1_288' title='bbox 1110 3021 1217 3074; x_wconf 89' lang='lat' dir='ltr'><strong>illis</strong></span> <span class='ocrx_word' id='word_1_289' title='bbox 1241 3021 1294 3074; x_wconf 94' lang='lat' dir='ltr'><strong>in</strong></span> <span class='ocrx_word' id='word_1_290' title='bbox 1327 3020 1523 3074; x_wconf 85' lang='lat' dir='ltr'><strong>diebus</strong></span> <span class='ocrx_word' id='word_1_291' title='bbox 1561 3021 1833 3074; x_wconf 84' lang='lat' dir='ltr'><strong>latronem</strong></span> <span class='ocrx_word' id='word_1_292' title='bbox 1867 3037 2073 3090; x_wconf 87' lang='lat' dir='ltr'><strong>quem--</strong></span> 
     </span>
    </p>
   </div>
   <div class='ocr_carea' id='block_1_48' title="bbox 467 3090 2125 3180">
    <p class='ocr_par' dir='ltr' id='par_1_48' title="bbox 467 3090 2125 3180">
     <span class='ocr_line' id='line_1_48' title="bbox 467 3090 2125 3180; baseline -0.002 -15"><span class='ocrx_word' id='word_1_293' title='bbox 467 3112 596 3166; x_wconf 88' lang='lat' dir='ltr'><strong>dani</strong></span> <span class='ocrx_word' id='word_1_294' title='bbox 672 3111 854 3164; x_wconf 89' lang='lat' dir='ltr'><strong>ineam</strong></span> <span class='ocrx_word' id='word_1_295' title='bbox 885 3111 1137 3180; x_wconf 85' lang='lat' dir='ltr'><strong>ejusdem</strong></span> <span class='ocrx_word' id='word_1_296' title='bbox 1174 3111 1360 3163; x_wconf 77' lang='lat' dir='ltr'><strong>Sani-ti</strong></span> <span class='ocrx_word' id='word_1_297' title='bbox 1397 3118 1558 3163; x_wconf 87' lang='lat' dir='ltr'><strong>noctu</strong></span> <span class='ocrx_word' id='word_1_298' title='bbox 1596 3111 1883 3180; x_wconf 73' lang='lat' dir='ltr'><strong>iri-apisse.</strong></span> <span class='ocrx_word' id='word_1_299' title='bbox 1921 3130 1950 3162; x_wconf 87' lang='grc' dir='ltr'>ιι</span> <span class='ocrx_word' id='word_1_300' title='bbox 1980 3090 2125 3163; x_wconf 60' lang='grc' dir='ltr'><strong>ιιι-(ί</strong></span> 
     </span>
    </p>
   </div>
   <div class='ocr_carea' id='block_1_49' title="bbox 466 3198 2061 3270">
    <p class='ocr_par' dir='ltr' id='par_1_49' title="bbox 466 3198 2061 3270">
     <span class='ocr_line' id='line_1_49' title="bbox 466 3198 2061 3270; baseline -0.001 -16"><span class='ocrx_word' id='word_1_301' title='bbox 466 3206 636 3270; x_wconf 87' lang='lat' dir='ltr'><strong>taque</strong></span> <span class='ocrx_word' id='word_1_302' title='bbox 659 3218 783 3253; x_wconf 82' lang='lat' dir='ltr'><strong>cum</strong></span> <span class='ocrx_word' id='word_1_303' title='bbox 816 3201 1088 3252; x_wconf 74' lang='lat' dir='ltr'><strong>aviditate</strong></span> <span class='ocrx_word' id='word_1_304' title='bbox 1128 3215 1261 3252; x_wconf 86' lang='lat' dir='ltr'><strong>uvas</strong></span> <span class='ocrx_word' id='word_1_305' title='bbox 1292 3206 1347 3251; x_wconf 89' lang='lat' dir='ltr'><strong>et</strong></span> <span class='ocrx_word' id='word_1_306' title='bbox 1374 3199 1649 3268; x_wconf 88' lang='lat' dir='ltr'><strong>palmites.</strong></span> <span class='ocrx_word' id='word_1_307' title='bbox 1692 3207 1748 3252; x_wconf 87' lang='lat' dir='ltr'><strong>et</strong></span> <span class='ocrx_word' id='word_1_308' title='bbox 1795 3198 2061 3269; x_wconf 88' lang='lat' dir='ltr'><strong>quidquid</strong></span> 
     </span>
    </p>
   </div>
   <div class='ocr_carea' id='block_1_50' title="bbox 465 3288 2068 3359">
    <p class='ocr_par' dir='ltr' id='par_1_50' title="bbox 465 3288 2068 3359">
     <span class='ocr_line' id='line_1_50' title="bbox 465 3288 2068 3359; baseline -0.002 -16"><span class='ocrx_word' id='word_1_309' title='bbox 465 3291 714 3359; x_wconf 85' lang='lat' dir='ltr'><strong>arripere</strong></span> <span class='ocrx_word' id='word_1_310' title='bbox 765 3289 947 3359; x_wconf 88' lang='lat' dir='ltr'><strong>potuit</strong></span> <span class='ocrx_word' id='word_1_311' title='bbox 991 3291 1360 3342; x_wconf 81' lang='lat' dir='ltr'><strong>irreverenter</strong></span> <span class='ocrx_word' id='word_1_312' title='bbox 1406 3288 1786 3358; x_wconf 85' lang='lat' dir='ltr'><strong>discerpsisse.</strong></span> <span class='ocrx_word' id='word_1_313' title='bbox 1833 3288 2068 3341; x_wconf 79' lang='lat' dir='ltr'><strong>Serabat</strong></span> 
     </span>
    </p>
   </div>
   <div class='ocr_carea' id='block_1_51' title="bbox 465 3377 2069 3448">
    <p class='ocr_par' dir='ltr' id='par_1_51' title="bbox 465 3377 2069 3448">
     <span class='ocr_line' id='line_1_51' title="bbox 465 3377 2069 3448; baseline 0 -18"><span class='ocrx_word' id='word_1_314' title='bbox 465 3379 653 3448; x_wconf 86' lang='lat' dir='ltr'><strong>gladio</strong></span> <span class='ocrx_word' id='word_1_315' title='bbox 691 3378 838 3444; x_wconf 85' lang='lat' dir='ltr'><strong>quod</strong></span> <span class='ocrx_word' id='word_1_316' title='bbox 884 3394 1049 3430; x_wconf 88' lang='lat' dir='ltr'><strong>manu</strong></span> <span class='ocrx_word' id='word_1_317' title='bbox 1081 3377 1394 3446; x_wconf 77' lang='lat' dir='ltr'><strong>disrei‘pel‘r</strong></span> <span class='ocrx_word' id='word_1_318' title='bbox 1423 3393 1531 3430; x_wconf 90' lang='lat' dir='ltr'><strong>non</strong></span> <span class='ocrx_word' id='word_1_319' title='bbox 1567 3386 1800 3446; x_wconf 84' lang='lat' dir='ltr'><strong>poterat.</strong></span> <span class='ocrx_word' id='word_1_320' title='bbox 1836 3394 2069 3446; x_wconf 65' lang='lat' dir='ltr'><strong>quaeque</strong></span> 
     </span>
    </p>
   </div>
   <div class='ocr_carea' id='block_1_52' title="bbox 469 3465 2068 3535">
    <p class='ocr_par' dir='ltr' id='par_1_52' title="bbox 469 3465 2068 3535">
     <span class='ocr_line' id='line_1_52' title="bbox 469 3465 2068 3535; baseline -0.001 -15"><span class='ocrx_word' id='word_1_321' title='bbox 469 3483 697 3520; x_wconf 88' lang='lat' dir='ltr'><strong>manum</strong></span> <span class='ocrx_word' id='word_1_322' title='bbox 741 3466 975 3518; x_wconf 77' lang='lat' dir='ltr'><strong>evadere</strong></span> <span class='ocrx_word' id='word_1_323' title='bbox 1013 3475 1287 3535; x_wconf 84' lang='lat' dir='ltr'><strong>poterant.</strong></span> <span class='ocrx_word' id='word_1_324' title='bbox 1324 3465 1558 3534; x_wconf 86' lang='lat' dir='ltr'><strong>pedibus</strong></span> <span class='ocrx_word' id='word_1_325' title='bbox 1600 3467 1892 3518; x_wconf 87' lang='lat' dir='ltr'><strong>atterendo</strong></span> <span class='ocrx_word' id='word_1_326' title='bbox 1944 3482 2068 3518; x_wconf 84' lang='lat' dir='ltr'><strong>eon-</strong></span> 
     </span>
    </p>
   </div>
   <div class='ocr_carea' id='block_1_53' title="bbox 466 3555 2058 3624">
    <p class='ocr_par' dir='ltr' id='par_1_53' title="bbox 466 3555 2058 3624">
     <span class='ocr_line' id='line_1_53' title="bbox 466 3555 2058 3624; baseline -0.003 -15"><span class='ocrx_word' id='word_1_327' title='bbox 466 3555 742 3609; x_wconf 88' lang='lat' dir='ltr'><strong>culcabat.</strong></span> <span class='ocrx_word' id='word_1_328' title='bbox 779 3556 1016 3608; x_wconf 78' lang='lat' dir='ltr'><strong>Sanctus</strong></span> <span class='ocrx_word' id='word_1_329' title='bbox 1065 3563 1252 3606; x_wconf 90' lang='lat' dir='ltr'><strong>autem</strong></span> <span class='ocrx_word' id='word_1_330' title='bbox 1303 3555 1600 3606; x_wconf 71' lang='lat' dir='ltr'><strong>Medii-dus</strong></span> <span class='ocrx_word' id='word_1_331' title='bbox 1651 3557 1764 3624; x_wconf 89' lang='lat' dir='ltr'><strong>ipsa</strong></span> <span class='ocrx_word' id='word_1_332' title='bbox 1809 3555 2058 3607; x_wconf 72' lang='lat' dir='ltr'><strong>fortassis</strong></span> 
     </span>
    </p>
   </div>
   <div class='ocr_carea' id='block_1_54' title="bbox 469 3643 2053 3705">
    <p class='ocr_par' dir='ltr' id='par_1_54' title="bbox 469 3643 2053 3705">
     <span class='ocr_line' id='line_1_54' title="bbox 469 3643 2053 3705; baseline -0.001 -8"><span class='ocrx_word' id='word_1_333' title='bbox 469 3645 663 3698; x_wconf 87' lang='lat' dir='ltr'><strong>eadem</strong></span> <span class='ocrx_word' id='word_1_334' title='bbox 726 3645 861 3696; x_wconf 84' lang='lat' dir='ltr'><strong>hora</strong></span> <span class='ocrx_word' id='word_1_335' title='bbox 920 3644 1098 3696; x_wconf 88' lang='lat' dir='ltr'><strong>solitis</strong></span> <span class='ocrx_word' id='word_1_336' title='bbox 1156 3643 1514 3696; x_wconf 85' lang='lat' dir='ltr'><strong>incumbebat</strong></span> <span class='ocrx_word' id='word_1_337' title='bbox 1559 3643 1934 3698; x_wconf 86' lang='lat' dir='ltr'><strong>orationibus:</strong></span> <span class='ocrx_word' id='word_1_338' title='bbox 1982 3651 2053 3705; x_wconf 92' lang='lat' dir='ltr'><strong>et,</strong></span> 
     </span>
    </p>
   </div>
   <div class='ocr_carea' id='block_1_55' title="bbox 468 3732 2062 3802">
    <p class='ocr_par' dir='ltr' id='par_1_55' title="bbox 468 3732 2062 3802">
     <span class='ocr_line' id='line_1_55' title="bbox 468 3732 2062 3802; baseline 0 -17"><span class='ocrx_word' id='word_1_339' title='bbox 468 3733 612 3786; x_wconf 91' lang='lat' dir='ltr'><strong>sicut</strong></span> <span class='ocrx_word' id='word_1_340' title='bbox 644 3732 963 3802; x_wconf 87' lang='lat' dir='ltr'><strong>hujusmodi</strong></span> <span class='ocrx_word' id='word_1_341' title='bbox 987 3733 1148 3784; x_wconf 89' lang='lat' dir='ltr'><strong>decet</strong></span> <span class='ocrx_word' id='word_1_342' title='bbox 1175 3733 1475 3788; x_wconf 83' lang='lat' dir='ltr'><strong>hominem.</strong></span> <span class='ocrx_word' id='word_1_343' title='bbox 1500 3733 1669 3784; x_wconf 76' lang='lat' dir='ltr'><strong>lleum</strong></span> <span class='ocrx_word' id='word_1_344' title='bbox 1699 3741 1812 3784; x_wconf 87' lang='lat' dir='ltr'><strong>tam</strong></span> <span class='ocrx_word' id='word_1_345' title='bbox 1839 3749 1935 3802; x_wconf 90' lang='lat' dir='ltr'><strong>pro</strong></span> <span class='ocrx_word' id='word_1_346' title='bbox 1959 3733 2062 3784; x_wconf 83' lang='lat' dir='ltr'><strong>iiii-</strong></span> 
     </span>
    </p>
   </div>
   <div class='ocr_carea' id='block_1_56' title="bbox 469 3820 2061 3892">
    <p class='ocr_par' dir='ltr' id='par_1_56' title="bbox 469 3820 2061 3892">
     <span class='ocr_line' id='line_1_56' title="bbox 469 3820 2061 3892; baseline -0.001 -17"><span class='ocrx_word' id='word_1_347' title='bbox 469 3823 627 3875; x_wconf 86' lang='lat' dir='ltr'><strong>micis</strong></span> <span class='ocrx_word' id='word_1_348' title='bbox 649 3840 815 3887; x_wconf 87' lang='lat' dir='ltr'><strong>quam</strong></span> <span class='ocrx_word' id='word_1_349' title='bbox 837 3840 935 3892; x_wconf 90' lang='lat' dir='ltr'><strong>pro</strong></span> <span class='ocrx_word' id='word_1_350' title='bbox 957 3822 1150 3874; x_wconf 80' lang='lat' dir='ltr'><strong>amicis</strong></span> <span class='ocrx_word' id='word_1_351' title='bbox 1177 3820 1598 3890; x_wconf 84' lang='lat' dir='ltr'><strong>deprecabatur.</strong></span> <span class='ocrx_word' id='word_1_352' title='bbox 1626 3825 1855 3873; x_wconf 85' lang='lat' dir='ltr'><strong>()rasset</strong></span> <span class='ocrx_word' id='word_1_353' title='bbox 1875 3831 2061 3873; x_wconf 89' lang='lat' dir='ltr'><strong>autem</strong></span> 
     </span>
    </p>
   </div>
   <div class='ocr_carea' id='block_1_57' title="bbox 467 3911 2066 3978">
    <p class='ocr_par' dir='ltr' id='par_1_57' title="bbox 467 3911 2066 3978">
     <span class='ocr_line' id='line_1_57' title="bbox 467 3911 2066 3978; baseline -0.001 -14"><span class='ocrx_word' id='word_1_354' title='bbox 467 3927 660 3972; x_wconf 80' lang='lat' dir='ltr'><strong>necne.</strong></span> <span class='ocrx_word' id='word_1_355' title='bbox 722 3928 828 3964; x_wconf 92' lang='lat' dir='ltr'><strong>non</strong></span> <span class='ocrx_word' id='word_1_356' title='bbox 875 3911 1217 3964; x_wconf 73' lang='lat' dir='ltr'><strong>dormitabat</strong></span> <span class='ocrx_word' id='word_1_357' title='bbox 1269 3919 1476 3970; x_wconf 88' lang='lat' dir='ltr'><strong>tamen.</strong></span> <span class='ocrx_word' id='word_1_358' title='bbox 1531 3927 1710 3978; x_wconf 86' lang='lat' dir='ltr'><strong>neque</strong></span> <span class='ocrx_word' id='word_1_359' title='bbox 1753 3911 2066 3962; x_wconf 81' lang='lat' dir='ltr'><strong>dormiebat</strong></span> 
     </span>
    </p>
   </div>
   <div class='ocr_carea' id='block_1_58' title="bbox 465 3999 2062 4072">
    <p class='ocr_par' dir='ltr' id='par_1_58' title="bbox 465 3999 2062 4072">
     <span class='ocr_line' id='line_1_58' title="bbox 465 3999 2062 4072; baseline 0 -21"><span class='ocrx_word' id='word_1_360' title='bbox 465 4001 693 4072; x_wconf 81' lang='lat' dir='ltr'><strong>pervigil</strong></span> <span class='ocrx_word' id='word_1_361' title='bbox 729 4009 916 4053; x_wconf 88' lang='lat' dir='ltr'><strong>custos</strong></span> <span class='ocrx_word' id='word_1_362' title='bbox 947 4000 1136 4052; x_wconf 85' lang='lat' dir='ltr'><strong>Israel.</strong></span> <span class='ocrx_word' id='word_1_363' title='bbox 1181 3999 1317 4052; x_wconf 90' lang='lat' dir='ltr'><strong>Cum</strong></span> <span class='ocrx_word' id='word_1_364' title='bbox 1360 3999 1506 4050; x_wconf 80' lang='lat' dir='ltr'><strong>enim</strong></span> <span class='ocrx_word' id='word_1_365' title='bbox 1555 3999 1723 4051; x_wconf 88' lang='lat' dir='ltr'><strong>miser</strong></span> <span class='ocrx_word' id='word_1_366' title='bbox 1764 4000 1878 4068; x_wconf 87' lang='lat' dir='ltr'><strong>ipse</strong></span> <span class='ocrx_word' id='word_1_367' title='bbox 1921 4000 2062 4052; x_wconf 62' lang='lat' dir='ltr'><strong>latro</strong></span> 
     </span>
    </p>
   </div>
   <div class='ocr_carea' id='block_1_59' title="bbox 467 4088 2062 4158">
    <p class='ocr_par' dir='ltr' id='par_1_59' title="bbox 467 4088 2062 4158">
     <span class='ocr_line' id='line_1_59' title="bbox 467 4088 2062 4158; baseline -0.001 -17"><span class='ocrx_word' id='word_1_368' title='bbox 467 4089 646 4158; x_wconf 90' lang='lat' dir='ltr'><strong>plenis</strong></span> <span class='ocrx_word' id='word_1_369' title='bbox 674 4091 856 4158; x_wconf 75' lang='lat' dir='ltr'><strong>praeda</strong></span> <span class='ocrx_word' id='word_1_370' title='bbox 882 4088 1136 4140; x_wconf 88' lang='lat' dir='ltr'><strong>manibus</strong></span> <span class='ocrx_word' id='word_1_371' title='bbox 1164 4088 1407 4154; x_wconf 83' lang='lat' dir='ltr'><strong>atl‘ugere</strong></span> <span class='ocrx_word' id='word_1_372' title='bbox 1430 4095 1877 4143; x_wconf 85' lang='lat' dir='ltr'><strong>conaretur.tota</strong></span> <span class='ocrx_word' id='word_1_373' title='bbox 1903 4096 2062 4139; x_wconf 88' lang='lat' dir='ltr'><strong>nocte</strong></span> 
     </span>
    </p>
   </div>
   <div class='ocr_carea' id='block_1_60' title="bbox 466 4175 2062 4244">
    <p class='ocr_par' dir='ltr' id='par_1_60' title="bbox 466 4175 2062 4244">
     <span class='ocr_line' id='line_1_60' title="bbox 466 4175 2062 4244; baseline -0.001 -14"><span class='ocrx_word' id='word_1_374' title='bbox 466 4177 687 4230; x_wconf 80' lang='lat' dir='ltr'><strong>vineam</strong></span> <span class='ocrx_word' id='word_1_375' title='bbox 744 4177 1038 4238; x_wconf 84' lang='lat' dir='ltr'><strong>circuiens,</strong></span> <span class='ocrx_word' id='word_1_376' title='bbox 1093 4175 1308 4228; x_wconf 85' lang='lat' dir='ltr'><strong>aditum</strong></span> <span class='ocrx_word' id='word_1_377' title='bbox 1365 4175 1601 4227; x_wconf 61' lang='lat' dir='ltr'><strong>exeundi</strong></span> <span class='ocrx_word' id='word_1_378' title='bbox 1663 4175 1905 4244; x_wconf 89' lang='lat' dir='ltr'><strong>reperire</strong></span> <span class='ocrx_word' id='word_1_379' title='bbox 1955 4192 2062 4228; x_wconf 81' lang='lat' dir='ltr'><strong>non</strong></span> 
     </span>
    </p>
   </div>
   <div class='ocr_carea' id='block_1_61' title="bbox 467 4264 2064 4337">
    <p class='ocr_par' dir='ltr' id='par_1_61' title="bbox 467 4264 2064 4337">
     <span class='ocr_line' id='line_1_61' title="bbox 467 4264 2064 4337; baseline 0 -19"><span class='ocrx_word' id='word_1_380' title='bbox 467 4268 681 4337; x_wconf 85' lang='lat' dir='ltr'><strong>potuit;</strong></span> <span class='ocrx_word' id='word_1_381' title='bbox 734 4266 864 4322; x_wconf 89' lang='lat' dir='ltr'><strong>imo.</strong></span> <span class='ocrx_word' id='word_1_382' title='bbox 917 4265 1081 4317; x_wconf 83' lang='lat' dir='ltr'><strong>vellet</strong></span> <span class='ocrx_word' id='word_1_383' title='bbox 1127 4265 1315 4321; x_wconf 88' lang='lat' dir='ltr'><strong>nollet.</strong></span> <span class='ocrx_word' id='word_1_384' title='bbox 1352 4264 1420 4316; x_wconf 88' lang='lat' dir='ltr'><strong>ad</strong></span> <span class='ocrx_word' id='word_1_385' title='bbox 1466 4281 1639 4333; x_wconf 88' lang='lat' dir='ltr'><strong>usque</strong></span> <span class='ocrx_word' id='word_1_386' title='bbox 1671 4281 1928 4316; x_wconf 84' lang='lat' dir='ltr'><strong>auroram</strong></span> <span class='ocrx_word' id='word_1_387' title='bbox 1961 4282 2064 4318; x_wconf 77' lang='lat' dir='ltr'><strong>suo</strong></span> 
     </span>
    </p>
   </div>
   <div class='ocr_carea' id='block_1_62' title="bbox 467 4352 2064 4426">
    <p class='ocr_par' dir='ltr' id='par_1_62' title="bbox 467 4352 2064 4426">
     <span class='ocr_line' id='line_1_62' title="bbox 467 4352 2064 4426; baseline -0.001 -18"><span class='ocrx_word' id='word_1_388' title='bbox 467 4355 588 4426; x_wconf 88' lang='lat' dir='ltr'><strong>ipse</strong></span> <span class='ocrx_word' id='word_1_389' title='bbox 615 4356 760 4408; x_wconf 83' lang='lat' dir='ltr'><strong>furto</strong></span> <span class='ocrx_word' id='word_1_390' title='bbox 801 4353 1108 4411; x_wconf 79' lang='lat' dir='ltr'><strong>devinctus.</strong></span> <span class='ocrx_word' id='word_1_391' title='bbox 1154 4352 1358 4405; x_wconf 87' lang='lat' dir='ltr'><strong>ibidem</strong></span> <span class='ocrx_word' id='word_1_392' title='bbox 1404 4359 1522 4406; x_wconf 84' lang='lat' dir='ltr'><strong>tota</strong></span> <span class='ocrx_word' id='word_1_393' title='bbox 1565 4353 1683 4422; x_wconf 88' lang='lat' dir='ltr'><strong>ipsa</strong></span> <span class='ocrx_word' id='word_1_394' title='bbox 1733 4363 1894 4407; x_wconf 91' lang='lat' dir='ltr'><strong>nocte</strong></span> <span class='ocrx_word' id='word_1_395' title='bbox 1945 4371 2064 4423; x_wconf 90' lang='lat' dir='ltr'><strong>per-</strong></span> 
     </span>
    </p>
   </div>
   <div class='ocr_carea' id='block_1_63' title="bbox 2142 1865 3756 1928">
    <p class='ocr_par' dir='ltr' id='par_1_63' title="bbox 2142 1865 3756 1928">
     <span class='ocr_line' id='line_1_63' title="bbox 2142 1865 3756 1928; baseline -0.007 -1"><span class='ocrx_word' id='word_1_396' title='bbox 2142 1892 2407 1928; x_wconf 88' lang='lat' dir='ltr'><strong>oramus:</strong></span> <span class='ocrx_word' id='word_1_397' title='bbox 2448 1895 2466 1923; x_wconf 72' lang='grc' dir='ltr'>ί</span> <span class='ocrx_word' id='word_1_398' title='bbox 2512 1873 2740 1926; x_wconf 88' lang='lat' dir='ltr'><strong>Dimitte</strong></span> <span class='ocrx_word' id='word_1_399' title='bbox 2773 1870 2949 1923; x_wconf 90' lang='lat' dir='ltr'><strong>nobis.</strong></span> <span class='ocrx_word' id='word_1_400' title='bbox 3004 1870 3149 1921; x_wconf 86' lang='lat' dir='ltr'><strong>sicut</strong></span> <span class='ocrx_word' id='word_1_401' title='bbox 3180 1875 3236 1920; x_wconf 88' lang='lat' dir='ltr'><strong>et</strong></span> <span class='ocrx_word' id='word_1_402' title='bbox 3265 1883 3364 1920; x_wconf 91' lang='lat' dir='ltr'><strong>nos</strong></span> <span class='ocrx_word' id='word_1_403' title='bbox 3410 1865 3756 1918; x_wconf 88' lang='lat' dir='ltr'><strong>dimittimus</strong></span> 
     </span>
    </p>
   </div>
   <div class='ocr_carea' id='block_1_64' title="bbox 2142 1953 3756 2024">
    <p class='ocr_par' dir='ltr' id='par_1_64' title="bbox 2142 1953 3756 2024">
     <span class='ocr_line' id='line_1_64' title="bbox 2142 1953 3756 2024; baseline -0.006 -8"><span class='ocrx_word' id='word_1_404' title='bbox 2142 1963 2488 2017; x_wconf 84' lang='lat' dir='ltr'><strong>debitoribus</strong></span> <span class='ocrx_word' id='word_1_405' title='bbox 2525 1961 2761 2024; x_wconf 77' lang='lat' dir='ltr'><strong>nostris;</strong></span> <span class='ocrx_word' id='word_1_406' title='bbox 2811 1981 2831 2009; x_wconf 77' lang='lat' dir='ltr'><strong>ii</strong></span> <span class='ocrx_word' id='word_1_407' title='bbox 2871 1959 2952 2010; x_wconf 84' lang='lat' dir='ltr'><strong>vix</strong></span> <span class='ocrx_word' id='word_1_408' title='bbox 2985 1958 3052 2010; x_wconf 90' lang='lat' dir='ltr'><strong>de</strong></span> <span class='ocrx_word' id='word_1_409' title='bbox 3080 1955 3336 2009; x_wconf 67' lang='lat' dir='ltr'><strong>lllalllbu&lt;</strong></span> <span class='ocrx_word' id='word_1_410' title='bbox 3381 1972 3507 2007; x_wconf 87' lang='lat' dir='ltr'><strong>eum</strong></span> <span class='ocrx_word' id='word_1_411' title='bbox 3541 1953 3756 2024; x_wconf 83' lang='lat' dir='ltr'><strong>eripuit</strong></span> 
     </span>
    </p>
   </div>
   <div class='ocr_carea' id='block_1_65' title="bbox 2144 2042 3749 2122">
    <p class='ocr_par' dir='ltr' id='par_1_65' title="bbox 2144 2042 3749 2122">
     <span class='ocr_line' id='line_1_65' title="bbox 2144 2042 3749 2122; baseline -0.009 -16"><span class='ocrx_word' id='word_1_412' title='bbox 2144 2053 2556 2122; x_wconf 84' lang='lat' dir='ltr'><strong>insequentium</strong></span> <span class='ocrx_word' id='word_1_413' title='bbox 2585 2069 2594 2100; x_wconf 91' lang='lat'>:</span> <span class='ocrx_word' id='word_1_414' title='bbox 2625 2049 2936 2118; x_wconf 85' lang='lat' dir='ltr'><strong>blandeque</strong></span> <span class='ocrx_word' id='word_1_415' title='bbox 2959 2064 3021 2100; x_wconf 81' lang='lat' dir='ltr'><strong>at:</strong></span> <span class='ocrx_word' id='word_1_416' title='bbox 3040 2043 3652 2098; x_wconf 83' lang='lat' dir='ltr'><strong>lenitei&#39;demu-lcendo.</strong></span> <span class='ocrx_word' id='word_1_417' title='bbox 3680 2042 3749 2093; x_wconf 85' lang='lat' dir='ltr'><strong>ab</strong></span> 
     </span>
    </p>
   </div>
   <div class='ocr_carea' id='block_1_66' title="bbox 2143 2132 3755 2208">
    <p class='ocr_par' dir='ltr' id='par_1_66' title="bbox 2143 2132 3755 2208">
     <span class='ocr_line' id='line_1_66' title="bbox 2143 2132 3755 2208; baseline -0.006 -14"><span class='ocrx_word' id='word_1_418' title='bbox 2143 2143 2246 2194; x_wconf 88' lang='lat' dir='ltr'><strong>hac</strong></span> <span class='ocrx_word' id='word_1_419' title='bbox 2278 2158 2402 2193; x_wconf 89' lang='lat' dir='ltr'><strong>eum</strong></span> <span class='ocrx_word' id='word_1_420' title='bbox 2431 2140 2591 2208; x_wconf 73' lang='lat' dir='ltr'><strong>culpa</strong></span> <span class='ocrx_word' id='word_1_421' title='bbox 2627 2138 2932 2191; x_wconf 83' lang='lat' dir='ltr'><strong>clementer</strong></span> <span class='ocrx_word' id='word_1_422' title='bbox 2963 2134 3214 2194; x_wconf 87' lang='lat' dir='ltr'><strong>absolvit,</strong></span> <span class='ocrx_word' id='word_1_423' title='bbox 3231 2142 3286 2186; x_wconf 90' lang='lat' dir='ltr'><strong>et</strong></span> <span class='ocrx_word' id='word_1_424' title='bbox 3303 2149 3427 2185; x_wconf 84' lang='lat' dir='ltr'><strong>eum</strong></span> <span class='ocrx_word' id='word_1_425' title='bbox 3461 2132 3607 2184; x_wconf 84' lang='lat' dir='ltr'><strong>sicut</strong></span> <span class='ocrx_word' id='word_1_426' title='bbox 3631 2138 3755 2185; x_wconf 88' lang='lat' dir='ltr'><strong>erat</strong></span> 
     </span>
    </p>
   </div>
   <div class='ocr_carea' id='block_1_67' title="bbox 2144 2224 3062 2296">
    <p class='ocr_par' dir='ltr' id='par_1_67' title="bbox 2144 2224 3062 2296">
     <span class='ocr_line' id='line_1_67' title="bbox 2144 2224 3062 2296; baseline -0.01 -13"><span class='ocrx_word' id='word_1_427' title='bbox 2144 2239 2379 2284; x_wconf 89' lang='lat' dir='ltr'><strong>onustus</strong></span> <span class='ocrx_word' id='word_1_428' title='bbox 2403 2229 2555 2282; x_wconf 88' lang='lat' dir='ltr'><strong>abire.</strong></span> <span class='ocrx_word' id='word_1_429' title='bbox 2585 2228 2754 2279; x_wconf 82' lang='lat' dir='ltr'><strong>libere</strong></span> <span class='ocrx_word' id='word_1_430' title='bbox 2789 2224 3062 2296; x_wconf 87' lang='lat' dir='ltr'><strong>permisit.</strong></span> 
     </span>
    </p>
   </div>
   <div class='ocr_carea' id='block_1_68' title="bbox 2226 2311 3752 2382">
    <p class='ocr_par' dir='ltr' id='par_1_68' title="bbox 2226 2311 3752 2382">
     <span class='ocr_line' id='line_1_68' title="bbox 2226 2311 3752 2382; baseline -0.006 -9"><span class='ocrx_word' id='word_1_431' title='bbox 2226 2321 2309 2376; x_wconf 93' lang='lat' dir='ltr'><strong>ll.</strong></span> <span class='ocrx_word' id='word_1_432' title='bbox 2354 2320 2468 2372; x_wconf 90' lang='lat' dir='ltr'><strong>llac</strong></span> <span class='ocrx_word' id='word_1_433' title='bbox 2500 2321 2693 2371; x_wconf 82' lang='lat' dir='ltr'><strong>eadem</strong></span> <span class='ocrx_word' id='word_1_434' title='bbox 2734 2315 2998 2382; x_wconf 83' lang='lat' dir='ltr'><strong>patientia</strong></span> <span class='ocrx_word' id='word_1_435' title='bbox 3035 2313 3117 2365; x_wconf 90' lang='lat' dir='ltr'><strong>vir</strong></span> <span class='ocrx_word' id='word_1_436' title='bbox 3146 2317 3374 2366; x_wconf 68' lang='lat' dir='ltr'><strong>sanctus</strong></span> <span class='ocrx_word' id='word_1_437' title='bbox 3416 2311 3752 2381; x_wconf 89' lang='lat' dir='ltr'><strong>plerumque</strong></span> 
     </span>
    </p>
   </div>
   <div class='ocr_carea' id='block_1_69' title="bbox 2148 2405 3751 2471">
    <p class='ocr_par' dir='ltr' id='par_1_69' title="bbox 2148 2405 3751 2471">
     <span class='ocr_line' id='line_1_69' title="bbox 2148 2405 3751 2471; baseline -0.006 -9"><span class='ocrx_word' id='word_1_438' title='bbox 2148 2417 2203 2462; x_wconf 88' lang='lat' dir='ltr'><strong>et</strong></span> <span class='ocrx_word' id='word_1_439' title='bbox 2233 2409 2290 2462; x_wconf 91' lang='lat' dir='ltr'><strong>in</strong></span> <span class='ocrx_word' id='word_1_440' title='bbox 2319 2409 2456 2460; x_wconf 89' lang='lat' dir='ltr'><strong>alios</strong></span> <span class='ocrx_word' id='word_1_441' title='bbox 2480 2425 2611 2460; x_wconf 86' lang='lat' dir='ltr'><strong>usus</strong></span> <span class='ocrx_word' id='word_1_442' title='bbox 2632 2416 2733 2459; x_wconf 85' lang='lat' dir='ltr'><strong>est.</strong></span> <span class='ocrx_word' id='word_1_443' title='bbox 2755 2405 3006 2468; x_wconf 77' lang='lat' dir='ltr'><strong>Quodam</strong></span> <span class='ocrx_word' id='word_1_444' title='bbox 3041 2409 3590 2471; x_wconf 81' lang='lat' dir='ltr'><strong>namquetempore.</strong></span> <span class='ocrx_word' id='word_1_445' title='bbox 3621 2417 3751 2452; x_wconf 88' lang='lat' dir='ltr'><strong>cum</strong></span> 
     </span>
    </p>
   </div>
   <div class='ocr_carea' id='block_1_70' title="bbox 2151 2490 3747 2562">
    <p class='ocr_par' dir='ltr' id='par_1_70' title="bbox 2151 2490 3747 2562">
     <span class='ocr_line' id='line_1_70' title="bbox 2151 2490 3747 2562; baseline -0.005 -12"><span class='ocrx_word' id='word_1_446' title='bbox 2151 2505 2313 2551; x_wconf 73' lang='lat' dir='ltr'><strong>not-tu</strong></span> <span class='ocrx_word' id='word_1_447' title='bbox 2351 2497 2494 2549; x_wconf 90' lang='lat' dir='ltr'><strong>latro</strong></span> <span class='ocrx_word' id='word_1_448' title='bbox 2527 2497 2668 2548; x_wconf 91' lang='lat' dir='ltr'><strong>alius</strong></span> <span class='ocrx_word' id='word_1_449' title='bbox 2700 2511 2831 2562; x_wconf 75' lang='lat' dir='ltr'><strong>apes</strong></span> <span class='ocrx_word' id='word_1_450' title='bbox 2862 2509 2991 2545; x_wconf 87' lang='lat' dir='ltr'><strong>suas</strong></span> <span class='ocrx_word' id='word_1_451' title='bbox 3011 2491 3413 2560; x_wconf 87' lang='lat' dir='ltr'><strong>subripuisset;</strong></span> <span class='ocrx_word' id='word_1_452' title='bbox 3446 2506 3581 2558; x_wconf 85' lang='lat' dir='ltr'><strong>apes</strong></span> <span class='ocrx_word' id='word_1_453' title='bbox 3614 2490 3747 2558; x_wconf 66' lang='lat' dir='ltr'><strong>ipsae</strong></span> 
     </span>
    </p>
   </div>
   <div class='ocr_carea' id='block_1_71' title="bbox 2150 2579 3744 2640">
    <p class='ocr_par' dir='ltr' id='par_1_71' title="bbox 2150 2579 3744 2640">
     <span class='ocr_line' id='line_1_71' title="bbox 2150 2579 3744 2640; baseline -0.007 0"><span class='ocrx_word' id='word_1_454' title='bbox 2150 2587 2206 2640; x_wconf 91' lang='lat' dir='ltr'><strong>in</strong></span> <span class='ocrx_word' id='word_1_455' title='bbox 2237 2585 2412 2639; x_wconf 86' lang='lat' dir='ltr'><strong>sancti</strong></span> <span class='ocrx_word' id='word_1_456' title='bbox 2449 2585 2544 2636; x_wconf 90' lang='lat' dir='ltr'><strong>viri</strong></span> <span class='ocrx_word' id='word_1_457' title='bbox 2573 2585 2862 2638; x_wconf 87' lang='lat' dir='ltr'><strong>ultionem.</strong></span> <span class='ocrx_word' id='word_1_458' title='bbox 2900 2581 3106 2635; x_wconf 79' lang='lat' dir='ltr'><strong>relictis</strong></span> <span class='ocrx_word' id='word_1_459' title='bbox 3155 2580 3298 2632; x_wconf 89' lang='lat' dir='ltr'><strong>vasis</strong></span> <span class='ocrx_word' id='word_1_460' title='bbox 3339 2579 3455 2632; x_wconf 88' lang='lat' dir='ltr'><strong>suis</strong></span> <span class='ocrx_word' id='word_1_461' title='bbox 3517 2579 3744 2630; x_wconf 70' lang='lat' dir='ltr'><strong>malefa-</strong></span> 
     </span>
    </p>
   </div>
   <div class='ocr_carea' id='block_1_72' title="bbox 2149 2669 3752 2740">
    <p class='ocr_par' dir='ltr' id='par_1_72' title="bbox 2149 2669 3752 2740">
     <span class='ocr_line' id='line_1_72' title="bbox 2149 2669 3752 2740; baseline -0.005 -13"><span class='ocrx_word' id='word_1_462' title='bbox 2149 2683 2356 2727; x_wconf 88' lang='lat' dir='ltr'><strong>ctorem</strong></span> <span class='ocrx_word' id='word_1_463' title='bbox 2392 2673 2546 2726; x_wconf 80' lang='lat' dir='ltr'><strong>illum</strong></span> <span class='ocrx_word' id='word_1_464' title='bbox 2581 2671 3020 2740; x_wconf 80' lang='lat' dir='ltr'><strong>circumquaque</strong></span> <span class='ocrx_word' id='word_1_465' title='bbox 3043 2669 3430 2737; x_wconf 75' lang='lat' dir='ltr'><strong>dili‘ogentein,</strong></span> <span class='ocrx_word' id='word_1_466' title='bbox 3473 2669 3752 2720; x_wconf 81' lang='lat' dir='ltr'><strong>acerrima</strong></span> 
     </span>
    </p>
   </div>
   <div class='ocr_carea' id='block_1_73' title="bbox 2147 2755 3754 2828">
    <p class='ocr_par' dir='ltr' id='par_1_73' title="bbox 2147 2755 3754 2828">
     <span class='ocr_line' id='line_1_73' title="bbox 2147 2755 3754 2828; baseline -0.005 -14"><span class='ocrx_word' id='word_1_467' title='bbox 2147 2773 2381 2814; x_wconf 87' lang='lat' dir='ltr'><strong>eotenus</strong></span> <span class='ocrx_word' id='word_1_468' title='bbox 2411 2761 2720 2814; x_wconf 89' lang='lat' dir='ltr'><strong>instimulai</strong></span> <span class='ocrx_word' id='word_1_469' title='bbox 2733 2759 2858 2812; x_wconf 86' lang='lat' dir='ltr'><strong>ione</strong></span> <span class='ocrx_word' id='word_1_470' title='bbox 2874 2763 3335 2828; x_wconf 71' lang='lat' dir='ltr'><strong>peisecutaesunt.</strong></span> <span class='ocrx_word' id='word_1_471' title='bbox 3357 2772 3651 2824; x_wconf 79' lang='lat' dir='ltr'><strong>quousque</strong></span> <span class='ocrx_word' id='word_1_472' title='bbox 3686 2755 3754 2807; x_wconf 88' lang='lat' dir='ltr'><strong>ad</strong></span> 
     </span>
    </p>
   </div>
   <div class='ocr_carea' id='block_1_74' title="bbox 2149 2845 3759 2916">
    <p class='ocr_par' dir='ltr' id='par_1_74' title="bbox 2149 2845 3759 2916">
     <span class='ocr_line' id='line_1_74' title="bbox 2149 2845 3759 2916; baseline -0.005 -12"><span class='ocrx_word' id='word_1_473' title='bbox 2149 2855 2436 2904; x_wconf 82' lang='lat' dir='ltr'><strong>Sanctum.</strong></span> <span class='ocrx_word' id='word_1_474' title='bbox 2492 2850 2656 2902; x_wconf 84' lang='lat' dir='ltr'><strong>vellet</strong></span> <span class='ocrx_word' id='word_1_475' title='bbox 2706 2848 2895 2908; x_wconf 91' lang='lat' dir='ltr'><strong>nollet.</strong></span> <span class='ocrx_word' id='word_1_476' title='bbox 2940 2846 3357 2916; x_wconf 80' lang='lat' dir='ltr'><strong>regrederetur;</strong></span> <span class='ocrx_word' id='word_1_477' title='bbox 3393 2853 3448 2898; x_wconf 90' lang='lat' dir='ltr'><strong>et</strong></span> <span class='ocrx_word' id='word_1_478' title='bbox 3479 2845 3602 2913; x_wconf 85' lang='lat' dir='ltr'><strong>ejus</strong></span> <span class='ocrx_word' id='word_1_479' title='bbox 3632 2862 3759 2914; x_wconf 80' lang='lat' dir='ltr'><strong>pr0~</strong></span> 
     </span>
    </p>
   </div>
   <div class='ocr_carea' id='block_1_75' title="bbox 2149 2931 3759 3004">
    <p class='ocr_par' dir='ltr' id='par_1_75' title="bbox 2149 2931 3759 3004">
     <span class='ocr_line' id='line_1_75' title="bbox 2149 2931 3759 3004; baseline -0.002 -17"><span class='ocrx_word' id='word_1_480' title='bbox 2149 2936 2370 2988; x_wconf 87' lang='lat' dir='ltr'><strong>volutus</strong></span> <span class='ocrx_word' id='word_1_481' title='bbox 2401 2935 2663 3004; x_wconf 78' lang='lat' dir='ltr'><strong>vestigiis.</strong></span> <span class='ocrx_word' id='word_1_482' title='bbox 2697 2935 3026 3004; x_wconf 62' lang='lat' dir='ltr'><strong>supplic-iter</strong></span> <span class='ocrx_word' id='word_1_483' title='bbox 3054 2950 3151 3003; x_wconf 91' lang='lat' dir='ltr'><strong>pro</strong></span> <span class='ocrx_word' id='word_1_484' title='bbox 3179 2931 3478 2986; x_wconf 82' lang='lat' dir='ltr'><strong>commisso</strong></span> <span class='ocrx_word' id='word_1_485' title='bbox 3519 2932 3759 2984; x_wconf 84' lang='lat' dir='ltr'><strong>crimine</strong></span> 
     </span>
    </p>
   </div>
   <div class='ocr_carea' id='block_1_76' title="bbox 2150 3023 3754 3093">
    <p class='ocr_par' dir='ltr' id='par_1_76' title="bbox 2150 3023 3754 3093">
     <span class='ocr_line' id='line_1_76' title="bbox 2150 3023 3754 3093; baseline -0.002 -17"><span class='ocrx_word' id='word_1_486' title='bbox 2150 3025 2366 3078; x_wconf 83' lang='lat' dir='ltr'><strong>veniam</strong></span> <span class='ocrx_word' id='word_1_487' title='bbox 2419 3031 2763 3093; x_wconf 83' lang='lat' dir='ltr'><strong>precaretur.</strong></span> <span class='ocrx_word' id='word_1_488' title='bbox 2812 3023 2912 3077; x_wconf 74' lang='lat' dir='ltr'><strong>Cui</strong></span> <span class='ocrx_word' id='word_1_489' title='bbox 2965 3039 3086 3074; x_wconf 86' lang='lat' dir='ltr'><strong>mox</strong></span> <span class='ocrx_word' id='word_1_490' title='bbox 3131 3029 3191 3074; x_wconf 93' lang='lat' dir='ltr'><strong>ut</strong></span> <span class='ocrx_word' id='word_1_491' title='bbox 3234 3028 3472 3074; x_wconf 66' lang='lat' dir='ltr'><strong>&gt;anctus</strong></span> <span class='ocrx_word' id='word_1_492' title='bbox 3522 3035 3754 3073; x_wconf 87' lang='lat' dir='ltr'><strong>manum</strong></span> 
     </span>
    </p>
   </div>
   <div class='ocr_carea' id='block_1_77' title="bbox 2150 3107 3749 3180">
    <p class='ocr_par' dir='ltr' id='par_1_77' title="bbox 2150 3107 3749 3180">
     <span class='ocr_line' id='line_1_77' title="bbox 2150 3107 3749 3180; baseline -0.003 -13"><span class='ocrx_word' id='word_1_493' title='bbox 2150 3113 2402 3167; x_wconf 79' lang='lat' dir='ltr'><strong>extendit</strong></span> <span class='ocrx_word' id='word_1_494' title='bbox 2448 3112 2868 3167; x_wconf 82' lang='lat' dir='ltr'><strong>benedictionis.</strong></span> <span class='ocrx_word' id='word_1_495' title='bbox 2908 3120 2962 3164; x_wconf 90' lang='lat' dir='ltr'><strong>et</strong></span> <span class='ocrx_word' id='word_1_496' title='bbox 3004 3127 3136 3180; x_wconf 87' lang='lat' dir='ltr'><strong>apes</strong></span> <span class='ocrx_word' id='word_1_497' title='bbox 3174 3119 3442 3179; x_wconf 88' lang='lat' dir='ltr'><strong>tanquam</strong></span> <span class='ocrx_word' id='word_1_498' title='bbox 3483 3107 3646 3162; x_wconf 87' lang='lat' dir='ltr'><strong>obedi</strong></span> <span class='ocrx_word' id='word_1_499' title='bbox 3676 3127 3749 3162; x_wconf 67' lang='grc' dir='ltr'><strong>ιιι-</strong></span> 
     </span>
    </p>
   </div>
   <div class='ocr_carea' id='block_1_78' title="bbox 2151 3199 3747 3270">
    <p class='ocr_par' dir='ltr' id='par_1_78' title="bbox 2151 3199 3747 3270">
     <span class='ocr_line' id='line_1_78' title="bbox 2151 3199 3747 3270; baseline -0.004 -15"><span class='ocrx_word' id='word_1_500' title='bbox 2151 3211 2236 3256; x_wconf 88' lang='lat' dir='ltr'><strong>tes</strong></span> <span class='ocrx_word' id='word_1_501' title='bbox 2301 3203 2370 3254; x_wconf 88' lang='lat' dir='ltr'><strong>ab</strong></span> <span class='ocrx_word' id='word_1_502' title='bbox 2436 3203 2557 3270; x_wconf 87' lang='lat' dir='ltr'><strong>ejus</strong></span> <span class='ocrx_word' id='word_1_503' title='bbox 2622 3201 2966 3254; x_wconf 79' lang='lat' dir='ltr'><strong>insecutione</strong></span> <span class='ocrx_word' id='word_1_504' title='bbox 3032 3206 3407 3253; x_wconf 87' lang='lat' dir='ltr'><strong>cessaverunt.</strong></span> <span class='ocrx_word' id='word_1_505' title='bbox 3476 3204 3530 3251; x_wconf 90' lang='lat' dir='ltr'><strong>et</strong></span> <span class='ocrx_word' id='word_1_506' title='bbox 3597 3199 3747 3252; x_wconf 84' lang='lat' dir='ltr'><strong>anti-</strong></span> 
     </span>
    </p>
   </div>
   <div class='ocr_carea' id='block_1_79' title="bbox 2153 3287 3751 3362">
    <p class='ocr_par' dir='ltr' id='par_1_79' title="bbox 2153 3287 3751 3362">
     <span class='ocr_line' id='line_1_79' title="bbox 2153 3287 3751 3362; baseline -0.003 -18"><span class='ocrx_word' id='word_1_507' title='bbox 2153 3308 2262 3362; x_wconf 90' lang='lat' dir='ltr'><strong>quo</strong></span> <span class='ocrx_word' id='word_1_508' title='bbox 2294 3291 2504 3345; x_wconf 86' lang='lat' dir='ltr'><strong>domini</strong></span> <span class='ocrx_word' id='word_1_509' title='bbox 2555 3290 2642 3343; x_wconf 88' lang='lat' dir='ltr'><strong>sui</strong></span> <span class='ocrx_word' id='word_1_510' title='bbox 2689 3289 2940 3343; x_wconf 87' lang='lat' dir='ltr'><strong>dominio</strong></span> <span class='ocrx_word' id='word_1_511' title='bbox 2983 3288 3271 3341; x_wconf 87' lang='lat' dir='ltr'><strong>evidenter</strong></span> <span class='ocrx_word' id='word_1_512' title='bbox 3317 3302 3439 3340; x_wconf 85' lang='lat' dir='ltr'><strong>sese</strong></span> <span class='ocrx_word' id='word_1_513' title='bbox 3491 3287 3751 3340; x_wconf 87' lang='lat' dir='ltr'><strong>reddide-</strong></span> 
     </span>
    </p>
   </div>
   <div class='ocr_carea' id='block_1_80' title="bbox 2153 3388 2304 3434">
    <p class='ocr_par' dir='ltr' id='par_1_80' title="bbox 2153 3388 2304 3434">
     <span class='ocr_line' id='line_1_80' title="bbox 2153 3388 2304 3434; baseline -0.007 -2"><span class='ocrx_word' id='word_1_514' title='bbox 2153 3388 2304 3434; x_wconf 87' lang='lat' dir='ltr'><strong>runt.</strong></span> 
     </span>
    </p>
   </div>
   <div class='ocr_carea' id='block_1_81' title="bbox 2235 3465 3760 3537">
    <p class='ocr_par' dir='ltr' id='par_1_81' title="bbox 2235 3465 3760 3537">
     <span class='ocr_line' id='line_1_81' title="bbox 2235 3465 3760 3537; baseline -0.005 -14"><span class='ocrx_word' id='word_1_515' title='bbox 2235 3468 2291 3524; x_wconf 79' lang='lat' dir='ltr'><strong>l‘2</strong></span> <span class='ocrx_word' id='word_1_516' title='bbox 2346 3469 2422 3522; x_wconf 81' lang='lat' dir='ltr'><strong>De</strong></span> <span class='ocrx_word' id='word_1_517' title='bbox 2449 3475 2610 3521; x_wconf 90' lang='lat' dir='ltr'><strong>tauro</strong></span> <span class='ocrx_word' id='word_1_518' title='bbox 2637 3484 2879 3537; x_wconf 85' lang='lat' dir='ltr'><strong>quoque.</strong></span> <span class='ocrx_word' id='word_1_519' title='bbox 2911 3466 3004 3536; x_wconf 91' lang='lat' dir='ltr'><strong>qui</strong></span> <span class='ocrx_word' id='word_1_520' title='bbox 3049 3467 3097 3519; x_wconf 88' lang='lat' dir='ltr'><strong>ei</strong></span> <span class='ocrx_word' id='word_1_521' title='bbox 3139 3465 3400 3519; x_wconf 87' lang='lat' dir='ltr'><strong>similiter</strong></span> <span class='ocrx_word' id='word_1_522' title='bbox 3436 3465 3587 3518; x_wconf 84' lang='lat' dir='ltr'><strong>furto</strong></span> <span class='ocrx_word' id='word_1_523' title='bbox 3627 3465 3760 3520; x_wconf 89' lang='lat' dir='ltr'><strong>sub-</strong></span> 
     </span>
    </p>
   </div>
   <div class='ocr_carea' id='block_1_82' title="bbox 2145 3554 3754 3620">
    <p class='ocr_par' dir='ltr' id='par_1_82' title="bbox 2145 3554 3754 3620">
     <span class='ocr_line' id='line_1_82' title="bbox 2145 3554 3754 3620; baseline -0.004 -10"><span class='ocrx_word' id='word_1_524' title='bbox 2145 3559 2290 3610; x_wconf 88' lang='lat' dir='ltr'><strong>latus</strong></span> <span class='ocrx_word' id='word_1_525' title='bbox 2322 3567 2424 3616; x_wconf 88' lang='lat' dir='ltr'><strong>est.</strong></span> <span class='ocrx_word' id='word_1_526' title='bbox 2475 3574 2582 3609; x_wconf 92' lang='lat' dir='ltr'><strong>non</strong></span> <span class='ocrx_word' id='word_1_527' title='bbox 2617 3565 2703 3609; x_wconf 87' lang='lat' dir='ltr'><strong>est</strong></span> <span class='ocrx_word' id='word_1_528' title='bbox 2734 3555 3054 3620; x_wconf 86' lang='lat' dir='ltr'><strong>tacendum,</strong></span> <span class='ocrx_word' id='word_1_529' title='bbox 3107 3572 3174 3607; x_wconf 89' lang='lat' dir='ltr'><strong>ne</strong></span> <span class='ocrx_word' id='word_1_530' title='bbox 3217 3554 3468 3606; x_wconf 80' lang='lat' dir='ltr'><strong>nesciant</strong></span> <span class='ocrx_word' id='word_1_531' title='bbox 3518 3556 3754 3607; x_wconf 76' lang='lat' dir='ltr'><strong>malefa-</strong></span> 
     </span>
    </p>
   </div>
   <div class='ocr_carea' id='block_1_83' title="bbox 2145 3644 3762 3712">
    <p class='ocr_par' dir='ltr' id='par_1_83' title="bbox 2145 3644 3762 3712">
     <span class='ocr_line' id='line_1_83' title="bbox 2145 3644 3762 3712; baseline -0.004 -13"><span class='ocrx_word' id='word_1_532' title='bbox 2145 3657 2347 3699; x_wconf 87' lang='lat' dir='ltr'><strong>ctores.</strong></span> <span class='ocrx_word' id='word_1_533' title='bbox 2403 3662 2592 3698; x_wconf 90' lang='lat' dir='ltr'><strong>curam</strong></span> <span class='ocrx_word' id='word_1_534' title='bbox 2636 3662 2742 3697; x_wconf 91' lang='lat' dir='ltr'><strong>non</strong></span> <span class='ocrx_word' id='word_1_535' title='bbox 2796 3645 3066 3696; x_wconf 84' lang='lat' dir='ltr'><strong>modicam</strong></span> <span class='ocrx_word' id='word_1_536' title='bbox 3125 3644 3232 3696; x_wconf 87' lang='lat' dir='ltr'><strong>Deo</strong></span> <span class='ocrx_word' id='word_1_537' title='bbox 3286 3659 3620 3711; x_wconf 67' lang='lat' dir='ltr'><strong>essesuiner</strong></span> <span class='ocrx_word' id='word_1_538' title='bbox 3665 3663 3762 3712; x_wconf 86' lang='lat' dir='ltr'><strong>op-</strong></span> 
     </span>
    </p>
   </div>
   <div class='ocr_carea' id='block_1_84' title="bbox 2151 3732 3757 3804">
    <p class='ocr_par' dir='ltr' id='par_1_84' title="bbox 2151 3732 3757 3804">
     <span class='ocr_line' id='line_1_84' title="bbox 2151 3732 3757 3804; baseline -0.004 -18"><span class='ocrx_word' id='word_1_539' title='bbox 2151 3735 2436 3804; x_wconf 83' lang='lat' dir='ltr'><strong>pressione.</strong></span> <span class='ocrx_word' id='word_1_540' title='bbox 2469 3734 2714 3786; x_wconf 84' lang='lat' dir='ltr'><strong>ﬁdelium</strong></span> <span class='ocrx_word' id='word_1_541' title='bbox 2748 3750 2974 3785; x_wconf 88' lang='lat' dir='ltr'><strong>suorum</strong></span> <span class='ocrx_word' id='word_1_542' title='bbox 3029 3732 3274 3784; x_wconf 81' lang='lat' dir='ltr'><strong>Taurum</strong></span> <span class='ocrx_word' id='word_1_543' title='bbox 3303 3733 3448 3784; x_wconf 86' lang='lat' dir='ltr'><strong>illius</strong></span> <span class='ocrx_word' id='word_1_544' title='bbox 3473 3732 3757 3800; x_wconf 68' lang='lat' dir='ltr'><strong>malignus</strong></span> 
     </span>
    </p>
   </div>
   <div class='ocr_carea' id='block_1_85' title="bbox 2150 3820 3757 3892">
    <p class='ocr_par' dir='ltr' id='par_1_85' title="bbox 2150 3820 3757 3892">
     <span class='ocr_line' id='line_1_85' title="bbox 2150 3820 3757 3892; baseline -0.002 -17"><span class='ocrx_word' id='word_1_545' title='bbox 2150 3823 2375 3892; x_wconf 85' lang='lat' dir='ltr'><strong>quidam</strong></span> <span class='ocrx_word' id='word_1_546' title='bbox 2407 3824 2594 3875; x_wconf 72' lang='lat' dir='ltr'><strong>furtim</strong></span> <span class='ocrx_word' id='word_1_547' title='bbox 2626 3822 2679 3874; x_wconf 95' lang='lat' dir='ltr'><strong>iii</strong></span> <span class='ocrx_word' id='word_1_548' title='bbox 2715 3833 2932 3874; x_wconf 77' lang='lat' dir='ltr'><strong>exteras</strong></span> <span class='ocrx_word' id='word_1_549' title='bbox 2963 3820 3240 3872; x_wconf 85' lang='lat' dir='ltr'><strong>abducere</strong></span> <span class='ocrx_word' id='word_1_550' title='bbox 3274 3838 3457 3888; x_wconf 84' lang='lat' dir='ltr'><strong>paries</strong></span> <span class='ocrx_word' id='word_1_551' title='bbox 3491 3837 3757 3888; x_wconf 66' lang='lat' dir='ltr'><strong>praesuin-</strong></span> 
     </span>
    </p>
   </div>
   <div class='ocr_carea' id='block_1_86' title="bbox 2150 3909 3758 3980">
    <p class='ocr_par' dir='ltr' id='par_1_86' title="bbox 2150 3909 3758 3980">
     <span class='ocr_line' id='line_1_86' title="bbox 2150 3909 3758 3980; baseline 0 -20"><span class='ocrx_word' id='word_1_552' title='bbox 2150 3913 2277 3980; x_wconf 86' lang='lat' dir='ltr'><strong>psit.</strong></span> <span class='ocrx_word' id='word_1_553' title='bbox 2313 3926 2367 3963; x_wconf 88' lang='lat' dir='ltr'><strong>et</strong></span> <span class='ocrx_word' id='word_1_554' title='bbox 2398 3928 2466 3964; x_wconf 89' lang='lat' dir='ltr'><strong>ne</strong></span> <span class='ocrx_word' id='word_1_555' title='bbox 2488 3911 2556 3962; x_wconf 88' lang='lat' dir='ltr'><strong>ab</strong></span> <span class='ocrx_word' id='word_1_556' title='bbox 2573 3912 2761 3980; x_wconf 89' lang='lat' dir='ltr'><strong>aliquo</strong></span> <span class='ocrx_word' id='word_1_557' title='bbox 2785 3911 3196 3979; x_wconf 84' lang='lat' dir='ltr'><strong>insequentium</strong></span> <span class='ocrx_word' id='word_1_558' title='bbox 3217 3909 3758 3978; x_wconf 83' lang='lat' dir='ltr'><strong>deprehenderetur,</strong></span> 
     </span>
    </p>
   </div>
   <div class='ocr_carea' id='block_1_87' title="bbox 2148 3999 3750 4069">
    <p class='ocr_par' dir='ltr' id='par_1_87' title="bbox 2148 3999 3750 4069">
     <span class='ocr_line' id='line_1_87' title="bbox 2148 3999 3750 4069; baseline -0.002 -17"><span class='ocrx_word' id='word_1_559' title='bbox 2148 4001 2586 4052; x_wconf 84' lang='lat' dir='ltr'><strong>tintinnabulum</strong></span> <span class='ocrx_word' id='word_1_560' title='bbox 2609 4000 2752 4069; x_wconf 87' lang='lat' dir='ltr'><strong>quod</strong></span> <span class='ocrx_word' id='word_1_561' title='bbox 2785 4017 2814 4051; x_wconf 90' lang='lat' dir='ltr'><strong>a</strong></span> <span class='ocrx_word' id='word_1_562' title='bbox 2847 3999 2986 4051; x_wconf 80' lang='lat' dir='ltr'><strong>Collo</strong></span> <span class='ocrx_word' id='word_1_563' title='bbox 3015 3999 3363 4066; x_wconf 85' lang='lat' dir='ltr'><strong>dependebat</strong></span> <span class='ocrx_word' id='word_1_564' title='bbox 3389 4008 3750 4068; x_wconf 66' lang='lat' dir='ltr'><strong>pi&#39;rPl&#39;t’ptunl,</strong></span> 
     </span>
    </p>
   </div>
   <div class='ocr_carea' id='block_1_88' title="bbox 2150 4086 3750 4158">
    <p class='ocr_par' dir='ltr' id='par_1_88' title="bbox 2150 4086 3750 4158">
     <span class='ocr_line' id='line_1_88' title="bbox 2150 4086 3750 4158; baseline -0.002 -18"><span class='ocrx_word' id='word_1_565' title='bbox 2150 4090 2320 4142; x_wconf 90' lang='lat' dir='ltr'><strong>multa</strong></span> <span class='ocrx_word' id='word_1_566' title='bbox 2367 4089 2640 4158; x_wconf 82' lang='lat' dir='ltr'><strong>graminis</strong></span> <span class='ocrx_word' id='word_1_567' title='bbox 2687 4086 3054 4157; x_wconf 79' lang='lat' dir='ltr'><strong>impressione</strong></span> <span class='ocrx_word' id='word_1_568' title='bbox 3099 4087 3392 4139; x_wconf 84' lang='lat' dir='ltr'><strong>obstruxit.</strong></span> <span class='ocrx_word' id='word_1_569' title='bbox 3424 4091 3562 4138; x_wconf 81' lang='lat' dir='ltr'><strong>Cum</strong></span> <span class='ocrx_word' id='word_1_570' title='bbox 3615 4103 3750 4155; x_wconf 78' lang='lat' dir='ltr'><strong>ergo</strong></span> 
     </span>
    </p>
   </div>
   <div class='ocr_carea' id='block_1_89' title="bbox 2147 4176 3761 4246">
    <p class='ocr_par' dir='ltr' id='par_1_89' title="bbox 2147 4176 3761 4246">
     <span class='ocr_line' id='line_1_89' title="bbox 2147 4176 3761 4246; baseline -0.001 -17"><span class='ocrx_word' id='word_1_571' title='bbox 2147 4177 2368 4229; x_wconf 85' lang='lat' dir='ltr'><strong>nemine.</strong></span> <span class='ocrx_word' id='word_1_572' title='bbox 2389 4195 2448 4229; x_wconf 89' lang='lat' dir='ltr'><strong>se</strong></span> <span class='ocrx_word' id='word_1_573' title='bbox 2480 4177 2806 4246; x_wconf 79' lang='lat' dir='ltr'><strong>insequente.</strong></span> <span class='ocrx_word' id='word_1_574' title='bbox 2829 4177 2884 4228; x_wconf 91' lang='lat' dir='ltr'><strong>in</strong></span> <span class='ocrx_word' id='word_1_575' title='bbox 2913 4176 3135 4246; x_wconf 86' lang='lat' dir='ltr'><strong>propria</strong></span> <span class='ocrx_word' id='word_1_576' title='bbox 3167 4176 3497 4240; x_wconf 88' lang='lat' dir='ltr'><strong>devenisset,</strong></span> <span class='ocrx_word' id='word_1_577' title='bbox 3531 4183 3590 4227; x_wconf 87' lang='lat' dir='ltr'><strong>et</strong></span> <span class='ocrx_word' id='word_1_578' title='bbox 3625 4176 3761 4228; x_wconf 86' lang='lat' dir='ltr'><strong>alie-</strong></span> 
     </span>
    </p>
   </div>
   <div class='ocr_carea' id='block_1_90' title="bbox 2148 4264 3759 4335">
    <p class='ocr_par' dir='ltr' id='par_1_90' title="bbox 2148 4264 3759 4335">
     <span class='ocr_line' id='line_1_90' title="bbox 2148 4264 3759 4335; baseline 0 -17"><span class='ocrx_word' id='word_1_579' title='bbox 2148 4283 2280 4318; x_wconf 89' lang='lat' dir='ltr'><strong>num</strong></span> <span class='ocrx_word' id='word_1_580' title='bbox 2325 4266 2461 4318; x_wconf 92' lang='lat' dir='ltr'><strong>illud</strong></span> <span class='ocrx_word' id='word_1_581' title='bbox 2503 4283 2671 4335; x_wconf 89' lang='lat' dir='ltr'><strong>pecus</strong></span> <span class='ocrx_word' id='word_1_582' title='bbox 2705 4267 2822 4334; x_wconf 89' lang='lat' dir='ltr'><strong>jam</strong></span> <span class='ocrx_word' id='word_1_583' title='bbox 2858 4282 2923 4317; x_wconf 83' lang='lat' dir='ltr'><strong>ex</strong></span> <span class='ocrx_word' id='word_1_584' title='bbox 2954 4273 3105 4318; x_wconf 88' lang='lat' dir='ltr'><strong>certo</strong></span> <span class='ocrx_word' id='word_1_585' title='bbox 3156 4264 3243 4317; x_wconf 87' lang='lat' dir='ltr'><strong>sui</strong></span> <span class='ocrx_word' id='word_1_586' title='bbox 3285 4281 3404 4317; x_wconf 84' lang='lat' dir='ltr'><strong>esse</strong></span> <span class='ocrx_word' id='word_1_587' title='bbox 3448 4265 3600 4333; x_wconf 87' lang='lat' dir='ltr'><strong>juris</strong></span> <span class='ocrx_word' id='word_1_588' title='bbox 3648 4281 3759 4318; x_wconf 89' lang='lat' dir='ltr'><strong>non</strong></span> 
     </span>
    </p>
   </div>
   <div class='ocr_carea' id='block_1_91' title="bbox 2147 4353 3758 4425">
    <p class='ocr_par' dir='ltr' id='par_1_91' title="bbox 2147 4353 3758 4425">
     <span class='ocr_line' id='line_1_91' title="bbox 2147 4353 3758 4425; baseline -0.001 -17"><span class='ocrx_word' id='word_1_589' title='bbox 2147 4356 2489 4425; x_wconf 87' lang='lat' dir='ltr'><strong>desperaret.</strong></span> <span class='ocrx_word' id='word_1_590' title='bbox 2520 4355 2575 4407; x_wconf 92' lang='lat' dir='ltr'><strong>in</strong></span> <span class='ocrx_word' id='word_1_591' title='bbox 2605 4354 3043 4407; x_wconf 86' lang='lat' dir='ltr'><strong>tintinnabulum</strong></span> <span class='ocrx_word' id='word_1_592' title='bbox 3073 4353 3229 4408; x_wconf 87' lang='lat' dir='ltr'><strong>illud.</strong></span> <span class='ocrx_word' id='word_1_593' title='bbox 3277 4353 3423 4423; x_wconf 89' lang='lat' dir='ltr'><strong>quod</strong></span> <span class='ocrx_word' id='word_1_594' title='bbox 3467 4354 3546 4406; x_wconf 91' lang='lat' dir='ltr'><strong>sic</strong></span> <span class='ocrx_word' id='word_1_595' title='bbox 3593 4353 3758 4406; x_wconf 84' lang='lat' dir='ltr'><strong>dam-</strong></span> 
     </span>
    </p>
   </div>
   <div class='ocr_carea' id='block_1_92' title="bbox 468 4441 3761 4512">
    <p class='ocr_par' dir='ltr' id='par_1_92' title="bbox 468 4441 3761 4512">
     <span class='ocr_line' id='line_1_92' title="bbox 468 4441 3761 4512; baseline -0.001 -15"><span class='ocrx_word' id='word_1_596' title='bbox 468 4442 850 4505; x_wconf 87' lang='lat' dir='ltr'><strong>mansit.Quid</strong></span> <span class='ocrx_word' id='word_1_597' title='bbox 873 4441 1108 4510; x_wconf 81' lang='lat' dir='ltr'><strong>ageret?</strong></span> <span class='ocrx_word' id='word_1_598' title='bbox 1147 4444 1192 4494; x_wconf 86' lang='lat' dir='ltr'><strong>A</strong></span> <span class='ocrx_word' id='word_1_599' title='bbox 1224 4459 1444 4495; x_wconf 89' lang='lat' dir='ltr'><strong>summo</strong></span> <span class='ocrx_word' id='word_1_600' title='bbox 1476 4459 1650 4512; x_wconf 86' lang='lat' dir='ltr'><strong>usque</strong></span> <span class='ocrx_word' id='word_1_601' title='bbox 1679 4442 1747 4494; x_wconf 86' lang='lat' dir='ltr'><strong>ad</strong></span> <span class='ocrx_word' id='word_1_602' title='bbox 1776 4459 2056 4496; x_wconf 88' lang='lat' dir='ltr'><strong>summum</strong></span> <span class='ocrx_word' id='word_1_603' title='bbox 2082 4443 2396 4506; x_wconf 84' lang='lat' dir='ltr'><strong>Unaverat.</strong></span> <span class='ocrx_word' id='word_1_604' title='bbox 2444 4443 2612 4496; x_wconf 86' lang='lat' dir='ltr'><strong>rediit</strong></span> <span class='ocrx_word' id='word_1_605' title='bbox 2663 4444 2910 4507; x_wconf 88' lang='lat' dir='ltr'><strong>sonitus;</strong></span> <span class='ocrx_word' id='word_1_606' title='bbox 2955 4443 3094 4494; x_wconf 90' lang='lat' dir='ltr'><strong>adeo</strong></span> <span class='ocrx_word' id='word_1_607' title='bbox 3145 4452 3206 4494; x_wconf 91' lang='lat' dir='ltr'><strong>ut</strong></span> <span class='ocrx_word' id='word_1_608' title='bbox 3259 4442 3573 4511; x_wconf 85' lang='lat' dir='ltr'><strong>ubicunque</strong></span> <span class='ocrx_word' id='word_1_609' title='bbox 3611 4449 3761 4495; x_wconf 85' lang='lat' dir='ltr'><strong>esset</strong></span> 
     </span>
    </p>
   </div>
   <div class='ocr_carea' id='block_1_93' title="bbox 468 4531 2056 4602">
    <p class='ocr_par' dir='ltr' id='par_1_93' title="bbox 468 4531 2056 4602">
     <span class='ocr_line' id='line_1_93' title="bbox 468 4531 2056 4602; baseline 0.001 -18"><span class='ocrx_word' id='word_1_610' title='bbox 468 4532 684 4585; x_wconf 88' lang='lat' dir='ltr'><strong>vineam</strong></span> <span class='ocrx_word' id='word_1_611' title='bbox 714 4539 831 4584; x_wconf 86' lang='lat' dir='ltr'><strong>tum</strong></span> <span class='ocrx_word' id='word_1_612' title='bbox 861 4531 1124 4600; x_wconf 87' lang='lat' dir='ltr'><strong>rependo.</strong></span> <span class='ocrx_word' id='word_1_613' title='bbox 1165 4537 1282 4583; x_wconf 90' lang='lat' dir='ltr'><strong>tum</strong></span> <span class='ocrx_word' id='word_1_614' title='bbox 1315 4531 1679 4584; x_wconf 82' lang='lat' dir='ltr'><strong>discurrendo</strong></span> <span class='ocrx_word' id='word_1_615' title='bbox 1711 4532 2056 4602; x_wconf 88' lang='lat' dir='ltr'><strong>circumqua-</strong></span> 
     </span>
    </p>
   </div>
   <div class='ocr_carea' id='block_1_94' title="bbox 471 4619 2061 4692">
    <p class='ocr_par' dir='ltr' id='par_1_94' title="bbox 471 4619 2061 4692">
     <span class='ocr_line' id='line_1_94' title="bbox 471 4619 2061 4692; baseline -0.001 -17"><span class='ocrx_word' id='word_1_616' title='bbox 471 4637 579 4692; x_wconf 91' lang='lat' dir='ltr'><strong>que</strong></span> <span class='ocrx_word' id='word_1_617' title='bbox 637 4619 996 4690; x_wconf 89' lang='lat' dir='ltr'><strong>percurrebat</strong></span> <span class='ocrx_word' id='word_1_618' title='bbox 1041 4637 1051 4670; x_wconf 93' lang='lat'>:</span> <span class='ocrx_word' id='word_1_619' title='bbox 1101 4619 1388 4672; x_wconf 86' lang='lat' dir='ltr'><strong>obstrusos</strong></span> <span class='ocrx_word' id='word_1_620' title='bbox 1430 4619 1531 4672; x_wconf 88' lang='lat' dir='ltr'><strong>sibi</strong></span> <span class='ocrx_word' id='word_1_621' title='bbox 1576 4621 1822 4673; x_wconf 87' lang='lat' dir='ltr'><strong>sentiens</strong></span> <span class='ocrx_word' id='word_1_622' title='bbox 1862 4621 2061 4686; x_wconf 80' lang='lat' dir='ltr'><strong>exitus,</strong></span> 
     </span>
    </p>
   </div>
   <div class='ocr_carea' id='block_1_95' title="bbox 468 4708 2066 4780">
    <p class='ocr_par' dir='ltr' id='par_1_95' title="bbox 468 4708 2066 4780">
     <span class='ocr_line' id='line_1_95' title="bbox 468 4708 2066 4780; baseline -0.001 -17"><span class='ocrx_word' id='word_1_623' title='bbox 468 4710 675 4780; x_wconf 71' lang='lat' dir='ltr'><strong>iniquae</strong></span> <span class='ocrx_word' id='word_1_624' title='bbox 704 4726 817 4762; x_wconf 68' lang='lat' dir='ltr'><strong>suae</strong></span> <span class='ocrx_word' id='word_1_625' title='bbox 857 4708 1067 4761; x_wconf 89' lang='lat' dir='ltr'><strong>malitia</strong></span> <span class='ocrx_word' id='word_1_626' title='bbox 1104 4709 1454 4761; x_wconf 66' lang='lat' dir='ltr'><strong>conscientiae</strong></span> <span class='ocrx_word' id='word_1_627' title='bbox 1497 4709 1797 4761; x_wconf 87' lang='lat' dir='ltr'><strong>admodum</strong></span> <span class='ocrx_word' id='word_1_628' title='bbox 1847 4717 2066 4779; x_wconf 87' lang='lat' dir='ltr'><strong>torque-</strong></span> 
     </span>
    </p>
   </div>
   <div class='ocr_carea' id='block_1_96' title="bbox 467 4798 2063 4868">
    <p class='ocr_par' dir='ltr' id='par_1_96' title="bbox 467 4798 2063 4868">
     <span class='ocr_line' id='line_1_96' title="bbox 467 4798 2063 4868; baseline -0.002 -14"><span class='ocrx_word' id='word_1_629' title='bbox 467 4799 650 4854; x_wconf 88' lang='lat' dir='ltr'><strong>batur.</strong></span> <span class='ocrx_word' id='word_1_630' title='bbox 696 4799 862 4852; x_wconf 87' lang='lat' dir='ltr'><strong>Miser</strong></span> <span class='ocrx_word' id='word_1_631' title='bbox 906 4799 1021 4868; x_wconf 91' lang='lat' dir='ltr'><strong>ipse</strong></span> <span class='ocrx_word' id='word_1_632' title='bbox 1054 4815 1187 4850; x_wconf 88' lang='lat' dir='ltr'><strong>uvas</strong></span> <span class='ocrx_word' id='word_1_633' title='bbox 1219 4814 1357 4867; x_wconf 87' lang='lat' dir='ltr'><strong>quas</strong></span> <span class='ocrx_word' id='word_1_634' title='bbox 1389 4798 1744 4866; x_wconf 81' lang='lat' dir='ltr'><strong>decerpserat</strong></span> <span class='ocrx_word' id='word_1_635' title='bbox 1782 4798 2063 4851; x_wconf 87' lang='lat' dir='ltr'><strong>dimittere</strong></span> 
     </span>
    </p>
   </div>
   <div class='ocr_carea' id='block_1_97' title="bbox 468 4872 2059 4959">
    <p class='ocr_par' dir='ltr' id='par_1_97' title="bbox 468 4885 2059 4959">
     <span class='ocr_line' id='line_1_97' title="bbox 468 4885 2059 4959; baseline -0.002 -17"><span class='ocrx_word' id='word_1_636' title='bbox 468 4905 578 4942; x_wconf 89' lang='lat' dir='ltr'><strong>non</strong></span> <span class='ocrx_word' id='word_1_637' title='bbox 611 4895 850 4959; x_wconf 64' lang='lat' dir='ltr'><strong>poterat.</strong></span> <span class='ocrx_word' id='word_1_638' title='bbox 877 4887 988 4940; x_wconf 92' lang='lat' dir='ltr'><strong>imo</strong></span> <span class='ocrx_word' id='word_1_639' title='bbox 1012 4895 1279 4956; x_wconf 87' lang='lat' dir='ltr'><strong>tauquam</strong></span> <span class='ocrx_word' id='word_1_640' title='bbox 1324 4885 1576 4954; x_wconf 89' lang='lat' dir='ltr'><strong>proprias</strong></span> <span class='ocrx_word' id='word_1_641' title='bbox 1607 4887 1673 4938; x_wconf 88' lang='lat' dir='ltr'><strong>ad</strong></span> <span class='ocrx_word' id='word_1_642' title='bbox 1699 4895 2059 4954; x_wconf 85' lang='lat' dir='ltr'><strong>augmentum</strong></span> 
     </span>
    </p>
   </div>
   <div class='ocr_carea' id='block_1_98' title="bbox 459 4975 2062 5048">
    <p class='ocr_par' dir='ltr' id='par_1_98' title="bbox 459 4975 2062 5048">
     <span class='ocr_line' id='line_1_98' title="bbox 459 4975 2062 5048; baseline 0 -18"><span class='ocrx_word' id='word_1_643' title='bbox 459 4978 657 5048; x_wconf 90' lang='lat' dir='ltr'><strong>judicii</strong></span> <span class='ocrx_word' id='word_1_644' title='bbox 682 4977 768 5030; x_wconf 88' lang='lat' dir='ltr'><strong>sui</strong></span> <span class='ocrx_word' id='word_1_645' title='bbox 801 4993 1085 5030; x_wconf 86' lang='lat' dir='ltr'><strong>reservare</strong></span> <span class='ocrx_word' id='word_1_646' title='bbox 1116 4975 1436 5043; x_wconf 88' lang='lat' dir='ltr'><strong>cogebatur.</strong></span> <span class='ocrx_word' id='word_1_647' title='bbox 1480 4977 1698 5028; x_wconf 85' lang='lat' dir='ltr'><strong>Aurora</strong></span> <span class='ocrx_word' id='word_1_648' title='bbox 1739 4976 1908 5043; x_wconf 83' lang='lat' dir='ltr'><strong>igitur</strong></span> <span class='ocrx_word' id='word_1_649' title='bbox 1939 4977 2062 5030; x_wconf 91' lang='lat' dir='ltr'><strong>illu-</strong></span> 
     </span>
    </p>
   </div>
   <div class='ocr_carea' id='block_1_99' title="bbox 464 5063 2062 5130">
    <p class='ocr_par' dir='ltr' id='par_1_99' title="bbox 464 5063 2062 5130">
     <span class='ocr_line' id='line_1_99' title="bbox 464 5063 2062 5130; baseline -0.003 -9"><span class='ocrx_word' id='word_1_650' title='bbox 464 5075 735 5130; x_wconf 87' lang='lat' dir='ltr'><strong>cescente,</strong></span> <span class='ocrx_word' id='word_1_651' title='bbox 769 5067 1028 5119; x_wconf 89' lang='lat' dir='ltr'><strong>custodes</strong></span> <span class='ocrx_word' id='word_1_652' title='bbox 1061 5064 1247 5117; x_wconf 85' lang='lat' dir='ltr'><strong>subito</strong></span> <span class='ocrx_word' id='word_1_653' title='bbox 1277 5063 1652 5126; x_wconf 87' lang='lat' dir='ltr'><strong>conveniunt;</strong></span> <span class='ocrx_word' id='word_1_654' title='bbox 1687 5066 1903 5117; x_wconf 89' lang='lat' dir='ltr'><strong>vineam</strong></span> <span class='ocrx_word' id='word_1_655' title='bbox 1933 5083 2062 5118; x_wconf 90' lang='lat' dir='ltr'><strong>con-</strong></span> 
     </span>
    </p>
   </div>
   <div class='ocr_carea' id='block_1_100' title="bbox 466 5153 2062 5224">
    <p class='ocr_par' dir='ltr' id='par_1_100' title="bbox 466 5153 2062 5224">
     <span class='ocr_line' id='line_1_100' title="bbox 466 5153 2062 5224; baseline -0.003 -13"><span class='ocrx_word' id='word_1_656' title='bbox 466 5157 762 5211; x_wconf 87' lang='lat' dir='ltr'><strong>culcatam.</strong></span> <span class='ocrx_word' id='word_1_657' title='bbox 799 5156 1056 5224; x_wconf 87' lang='lat' dir='ltr'><strong>palmites</strong></span> <span class='ocrx_word' id='word_1_658' title='bbox 1100 5153 1403 5222; x_wconf 86' lang='lat' dir='ltr'><strong>disruptos,</strong></span> <span class='ocrx_word' id='word_1_659' title='bbox 1448 5153 1893 5223; x_wconf 85' lang='lat' dir='ltr'><strong>vindemiamque</strong></span> <span class='ocrx_word' id='word_1_660' title='bbox 1934 5156 2062 5208; x_wconf 83' lang='lat' dir='ltr'><strong>irre-</strong></span> 
     </span>
    </p>
   </div>
   <div class='ocr_carea' id='block_1_101' title="bbox 463 5241 2060 5311">
    <p class='ocr_par' dir='ltr' id='par_1_101' title="bbox 463 5241 2060 5311">
     <span class='ocr_line' id='line_1_101' title="bbox 463 5241 2060 5311; baseline -0.003 -11"><span class='ocrx_word' id='word_1_661' title='bbox 463 5245 1054 5301; x_wconf 81' lang='lat' dir='ltr'><strong>verenterdesecatam</strong></span> <span class='ocrx_word' id='word_1_662' title='bbox 1083 5241 1388 5311; x_wconf 88' lang='lat' dir='ltr'><strong>reperiunt;</strong></span> <span class='ocrx_word' id='word_1_663' title='bbox 1410 5250 1466 5294; x_wconf 90' lang='lat' dir='ltr'><strong>et</strong></span> <span class='ocrx_word' id='word_1_664' title='bbox 1489 5259 1516 5293; x_wconf 91' lang='lat' dir='ltr'><strong>e</strong></span> <span class='ocrx_word' id='word_1_665' title='bbox 1539 5242 1766 5310; x_wconf 86' lang='lat' dir='ltr'><strong>vestigio</strong></span> <span class='ocrx_word' id='word_1_666' title='bbox 1788 5243 2060 5296; x_wconf 77' lang='lat' dir='ltr'><strong>latronem</strong></span> 
     </span>
    </p>
   </div>
   <div class='ocr_carea' id='block_1_102' title="bbox 462 5331 2059 5403">
    <p class='ocr_par' dir='ltr' id='par_1_102' title="bbox 462 5331 2059 5403">
     <span class='ocr_line' id='line_1_102' title="bbox 462 5331 2059 5403; baseline 0 -15"><span class='ocrx_word' id='word_1_667' title='bbox 462 5335 899 5403; x_wconf 86' lang='lat' dir='ltr'><strong>circumquaque</strong></span> <span class='ocrx_word' id='word_1_668' title='bbox 938 5331 1313 5400; x_wconf 83' lang='lat' dir='ltr'><strong>insequuntur</strong></span> <span class='ocrx_word' id='word_1_669' title='bbox 1387 5331 1740 5400; x_wconf 62' lang='lat' dir='ltr'><strong>Stupet’actus</strong></span> <span class='ocrx_word' id='word_1_670' title='bbox 1802 5331 2059 5388; x_wconf 88' lang='lat' dir='ltr'><strong>nimium.</strong></span> 
     </span>
    </p>
   </div>
   <div class='ocr_carea' id='block_1_103' title="bbox 459 5420 2063 5496">
    <p class='ocr_par' dir='ltr' id='par_1_103' title="bbox 459 5420 2063 5496">
     <span class='ocr_line' id='line_1_103' title="bbox 459 5420 2063 5496; baseline -0.003 -18"><span class='ocrx_word' id='word_1_671' title='bbox 459 5433 654 5496; x_wconf 87' lang='lat' dir='ltr'><strong>raptor</strong></span> <span class='ocrx_word' id='word_1_672' title='bbox 685 5422 892 5478; x_wconf 79' lang='lat' dir='ltr'><strong>infelix.</strong></span> <span class='ocrx_word' id='word_1_673' title='bbox 923 5421 1136 5474; x_wconf 84' lang='lat' dir='ltr'><strong>latebat</strong></span> <span class='ocrx_word' id='word_1_674' title='bbox 1185 5420 1241 5474; x_wconf 94' lang='lat' dir='ltr'><strong>in</strong></span> <span class='ocrx_word' id='word_1_675' title='bbox 1292 5420 1471 5485; x_wconf 86' lang='lat' dir='ltr'><strong>vinea,</strong></span> <span class='ocrx_word' id='word_1_676' title='bbox 1517 5437 1681 5489; x_wconf 82' lang='lat' dir='ltr'><strong>quem</strong></span> <span class='ocrx_word' id='word_1_677' title='bbox 1728 5437 1827 5474; x_wconf 89' lang='lat' dir='ltr'><strong>sua</strong></span> <span class='ocrx_word' id='word_1_678' title='bbox 1890 5421 2063 5490; x_wconf 84' lang='lat' dir='ltr'><strong>ipsius</strong></span> 
     </span>
    </p>
   </div>
   <div class='ocr_carea' id='block_1_104' title="bbox 464 5510 2064 5584">
    <p class='ocr_par' dir='ltr' id='par_1_104' title="bbox 464 5510 2064 5584">
     <span class='ocr_line' id='line_1_104' title="bbox 464 5510 2064 5584; baseline -0.003 -15"><span class='ocrx_word' id='word_1_679' title='bbox 464 5515 680 5584; x_wconf 85' lang='lat' dir='ltr'><strong>rapina.</strong></span> <span class='ocrx_word' id='word_1_680' title='bbox 713 5520 980 5582; x_wconf 85' lang='lat' dir='ltr'><strong>tanquam</strong></span> <span class='ocrx_word' id='word_1_681' title='bbox 1007 5512 1123 5579; x_wconf 84' lang='lat' dir='ltr'><strong>jam</strong></span> <span class='ocrx_word' id='word_1_682' title='bbox 1153 5510 1464 5579; x_wconf 77' lang='lat' dir='ltr'><strong>judicatum</strong></span> <span class='ocrx_word' id='word_1_683' title='bbox 1499 5528 1639 5580; x_wconf 86' lang='lat' dir='ltr'><strong>pene</strong></span> <span class='ocrx_word' id='word_1_684' title='bbox 1666 5512 2064 5565; x_wconf 84' lang='lat' dir='ltr'><strong>condemnave-</strong></span> 
     </span>
    </p>
   </div>
   <div class='ocr_carea' id='block_1_105' title="bbox 467 5599 2063 5671">
    <p class='ocr_par' dir='ltr' id='par_1_105' title="bbox 467 5599 2063 5671">
     <span class='ocr_line' id='line_1_105' title="bbox 467 5599 2063 5671; baseline -0.001 -16"><span class='ocrx_word' id='word_1_685' title='bbox 467 5610 572 5655; x_wconf 88' lang='lat' dir='ltr'><strong>rat.</strong></span> <span class='ocrx_word' id='word_1_686' title='bbox 607 5601 855 5654; x_wconf 86' lang='lat' dir='ltr'><strong>Tenebat</strong></span> <span class='ocrx_word' id='word_1_687' title='bbox 885 5600 1108 5670; x_wconf 78' lang='lat' dir='ltr'><strong>quidem</strong></span> <span class='ocrx_word' id='word_1_688' title='bbox 1141 5616 1390 5668; x_wconf 88' lang='lat' dir='ltr'><strong>rapinam</strong></span> <span class='ocrx_word' id='word_1_689' title='bbox 1420 5599 1473 5650; x_wconf 89' lang='lat' dir='ltr'><strong>in</strong></span> <span class='ocrx_word' id='word_1_690' title='bbox 1511 5601 1786 5658; x_wconf 88' lang='lat' dir='ltr'><strong>manibus.</strong></span> <span class='ocrx_word' id='word_1_691' title='bbox 1814 5602 1923 5652; x_wconf 87' lang='lat' dir='ltr'><strong>imo</strong></span> <span class='ocrx_word' id='word_1_692' title='bbox 1947 5601 2063 5671; x_wconf 89' lang='lat' dir='ltr'><strong>ipse</strong></span> 
     </span>
    </p>
   </div>
   <div class='ocr_carea' id='block_1_106' title="bbox 468 5688 2062 5758">
    <p class='ocr_par' dir='ltr' id='par_1_106' title="bbox 468 5688 2062 5758">
     <span class='ocr_line' id='line_1_106' title="bbox 468 5688 2062 5758; baseline 0.003 -16"><span class='ocrx_word' id='word_1_693' title='bbox 468 5705 504 5742; x_wconf 83' lang='lat' dir='ltr'><strong>a</strong></span> <span class='ocrx_word' id='word_1_694' title='bbox 529 5704 634 5744; x_wconf 82' lang='lat' dir='ltr'><strong>sua</strong></span> <span class='ocrx_word' id='word_1_695' title='bbox 658 5689 836 5758; x_wconf 78' lang='lat' dir='ltr'><strong>ipsius</strong></span> <span class='ocrx_word' id='word_1_696' title='bbox 868 5689 1066 5757; x_wconf 83' lang='lat' dir='ltr'><strong>rapina</strong></span> <span class='ocrx_word' id='word_1_697' title='bbox 1095 5690 1422 5753; x_wconf 83' lang='lat' dir='ltr'><strong>tenebatur;</strong></span> <span class='ocrx_word' id='word_1_698' title='bbox 1454 5688 1674 5742; x_wconf 84' lang='lat' dir='ltr'><strong>nullum</strong></span> <span class='ocrx_word' id='word_1_699' title='bbox 1705 5690 1825 5758; x_wconf 83' lang='lat' dir='ltr'><strong>jam</strong></span> <span class='ocrx_word' id='word_1_700' title='bbox 1856 5690 2062 5747; x_wconf 80' lang='lat' dir='ltr'><strong>misero</strong></span> 
     </span>
    </p>
   </div>
   <div class='ocr_carea' id='block_1_107' title="bbox 2147 4532 3758 4602">
    <p class='ocr_par' dir='ltr' id='par_1_107' title="bbox 2147 4532 3758 4602">
     <span class='ocr_line' id='line_1_107' title="bbox 2147 4532 3758 4602; baseline -0.002 -17"><span class='ocrx_word' id='word_1_701' title='bbox 2147 4534 2480 4602; x_wconf 87' lang='lat' dir='ltr'><strong>repositum,</strong></span> <span class='ocrx_word' id='word_1_702' title='bbox 2513 4547 2568 4586; x_wconf 87' lang='lat' dir='ltr'><strong>et</strong></span> <span class='ocrx_word' id='word_1_703' title='bbox 2591 4533 2805 4602; x_wconf 88' lang='lat' dir='ltr'><strong>jugiter</strong></span> <span class='ocrx_word' id='word_1_704' title='bbox 2828 4539 3073 4593; x_wconf 87' lang='lat' dir='ltr'><strong>sonaret.</strong></span> <span class='ocrx_word' id='word_1_705' title='bbox 3108 4539 3164 4584; x_wconf 91' lang='lat' dir='ltr'><strong>et</strong></span> <span class='ocrx_word' id='word_1_706' title='bbox 3184 4532 3623 4601; x_wconf 83' lang='lat' dir='ltr'><strong>circumquaque</strong></span> <span class='ocrx_word' id='word_1_707' title='bbox 3652 4547 3758 4582; x_wconf 85' lang='lat' dir='ltr'><strong>au-</strong></span> 
     </span>
    </p>
   </div>
   <div class='ocr_carea' id='block_1_108' title="bbox 2147 4620 3754 4692">
    <p class='ocr_par' dir='ltr' id='par_1_108' title="bbox 2147 4620 3754 4692">
     <span class='ocr_line' id='line_1_108' title="bbox 2147 4620 3754 4692; baseline -0.002 -18"><span class='ocrx_word' id='word_1_708' title='bbox 2147 4622 2382 4674; x_wconf 89' lang='lat' dir='ltr'><strong>diretur.</strong></span> <span class='ocrx_word' id='word_1_709' title='bbox 2419 4621 2684 4675; x_wconf 75' lang='lat' dir='ltr'><strong>Abditum</strong></span> <span class='ocrx_word' id='word_1_710' title='bbox 2719 4623 2922 4692; x_wconf 76' lang='lat' dir='ltr'><strong>saepius</strong></span> <span class='ocrx_word' id='word_1_711' title='bbox 2963 4621 3018 4673; x_wconf 91' lang='lat' dir='ltr'><strong>in</strong></span> <span class='ocrx_word' id='word_1_712' title='bbox 3060 4620 3331 4674; x_wconf 74' lang='lat' dir='ltr'><strong>cubiculis</strong></span> <span class='ocrx_word' id='word_1_713' title='bbox 3364 4620 3754 4688; x_wconf 86' lang='lat' dir='ltr'><strong>penetralium,</strong></span> 
     </span>
    </p>
   </div>
   <div class='ocr_carea' id='block_1_109' title="bbox 2148 4709 3758 4780">
    <p class='ocr_par' dir='ltr' id='par_1_109' title="bbox 2148 4709 3758 4780">
     <span class='ocr_line' id='line_1_109' title="bbox 2148 4709 3758 4780; baseline -0.002 -16"><span class='ocrx_word' id='word_1_714' title='bbox 2148 4728 2203 4764; x_wconf 84' lang='lat' dir='ltr'><strong>in</strong></span> <span class='ocrx_word' id='word_1_715' title='bbox 2233 4711 2438 4762; x_wconf 70' lang='lat' dir='ltr'><strong>srrinio</strong></span> <span class='ocrx_word' id='word_1_716' title='bbox 2471 4711 2551 4762; x_wconf 83' lang='lat' dir='ltr'><strong>vel</strong></span> <span class='ocrx_word' id='word_1_717' title='bbox 2580 4728 2706 4763; x_wconf 87' lang='lat' dir='ltr'><strong>arca</strong></span> <span class='ocrx_word' id='word_1_718' title='bbox 2745 4714 3092 4780; x_wconf 77' lang='lat' dir='ltr'><strong>frequentius</strong></span> <span class='ocrx_word' id='word_1_719' title='bbox 3127 4709 3499 4773; x_wconf 88' lang='lat' dir='ltr'><strong>reconditum,</strong></span> <span class='ocrx_word' id='word_1_720' title='bbox 3533 4725 3758 4778; x_wconf 86' lang='lat' dir='ltr'><strong>semper</strong></span> 
     </span>
    </p>
   </div>
   <div class='ocr_carea' id='block_1_110' title="bbox 2149 4797 3756 4866">
    <p class='ocr_par' dir='ltr' id='par_1_110' title="bbox 2149 4797 3756 4866">
     <span class='ocr_line' id='line_1_110' title="bbox 2149 4797 3756 4866; baseline -0.001 -16"><span class='ocrx_word' id='word_1_721' title='bbox 2149 4806 2333 4851; x_wconf 86' lang='lat' dir='ltr'><strong>tamen</strong></span> <span class='ocrx_word' id='word_1_722' title='bbox 2385 4809 2441 4851; x_wconf 90' lang='lat' dir='ltr'><strong>et</strong></span> <span class='ocrx_word' id='word_1_723' title='bbox 2491 4797 2580 4850; x_wconf 86' lang='lat' dir='ltr'><strong>ubi</strong></span> <span class='ocrx_word' id='word_1_724' title='bbox 2607 4814 2696 4866; x_wconf 65' lang='lat' dir='ltr'><strong>gue</strong></span> <span class='ocrx_word' id='word_1_725' title='bbox 2733 4799 3018 4851; x_wconf 87' lang='lat' dir='ltr'><strong>liberrimo</strong></span> <span class='ocrx_word' id='word_1_726' title='bbox 3067 4799 3273 4856; x_wconf 82' lang='lat' dir='ltr'><strong>sonitu.</strong></span> <span class='ocrx_word' id='word_1_727' title='bbox 3318 4797 3554 4849; x_wconf 88' lang='lat' dir='ltr'><strong>latronis</strong></span> <span class='ocrx_word' id='word_1_728' title='bbox 3608 4797 3756 4849; x_wconf 80' lang='lat' dir='ltr'><strong>illius</strong></span> 
     </span>
    </p>
   </div>
   <div class='ocr_carea' id='block_1_111' title="bbox 2146 4886 3748 4955">
    <p class='ocr_par' dir='ltr' id='par_1_111' title="bbox 2146 4886 3748 4955">
     <span class='ocr_line' id='line_1_111' title="bbox 2146 4886 3748 4955; baseline -0.001 -15"><span class='ocrx_word' id='word_1_729' title='bbox 2146 4888 2491 4941; x_wconf 81' lang='lat' dir='ltr'><strong>declamabat</strong></span> <span class='ocrx_word' id='word_1_730' title='bbox 2515 4888 2812 4955; x_wconf 77' lang='lat' dir='ltr'><strong>ﬂagitium.</strong></span> <span class='ocrx_word' id='word_1_731' title='bbox 2848 4887 3166 4940; x_wconf 81' lang='lat' dir='ltr'><strong>Audiebant</strong></span> <span class='ocrx_word' id='word_1_732' title='bbox 3196 4886 3356 4939; x_wconf 87' lang='lat' dir='ltr'><strong>viciiii</strong></span> <span class='ocrx_word' id='word_1_733' title='bbox 3388 4894 3445 4938; x_wconf 85' lang='lat' dir='ltr'><strong>et</strong></span> <span class='ocrx_word' id='word_1_734' title='bbox 3468 4886 3748 4938; x_wconf 88' lang='lat' dir='ltr'><strong>miraban-</strong></span> 
     </span>
    </p>
   </div>
   <div class='ocr_carea' id='block_1_112' title="bbox 2145 4974 3745 5046">
    <p class='ocr_par' dir='ltr' id='par_1_112' title="bbox 2145 4974 3745 5046">
     <span class='ocr_line' id='line_1_112' title="bbox 2145 4974 3745 5046; baseline -0.003 -16"><span class='ocrx_word' id='word_1_735' title='bbox 2145 4986 2262 5043; x_wconf 88' lang='lat' dir='ltr'><strong>tur;</strong></span> <span class='ocrx_word' id='word_1_736' title='bbox 2307 4977 2436 5046; x_wconf 88' lang='lat' dir='ltr'><strong>quid</strong></span> <span class='ocrx_word' id='word_1_737' title='bbox 2472 4984 2659 5028; x_wconf 84' lang='lat' dir='ltr'><strong>tamen</strong></span> <span class='ocrx_word' id='word_1_738' title='bbox 2692 4993 2778 5028; x_wconf 90' lang='lat' dir='ltr'><strong>res</strong></span> <span class='ocrx_word' id='word_1_739' title='bbox 2802 4976 3172 5045; x_wconf 74' lang='lat' dir='ltr'><strong>praetenderet</strong></span> <span class='ocrx_word' id='word_1_740' title='bbox 3213 4975 3448 5027; x_wconf 73' lang='lat' dir='ltr'><strong>necdum</strong></span> <span class='ocrx_word' id='word_1_741' title='bbox 3482 4974 3745 5037; x_wconf 82' lang='lat' dir='ltr'><strong>scientes,</strong></span> 
     </span>
    </p>
   </div>
   <div class='ocr_carea' id='block_1_113' title="bbox 2146 5063 3750 5135">
    <p class='ocr_par' dir='ltr' id='par_1_113' title="bbox 2146 5063 3750 5135">
     <span class='ocr_line' id='line_1_113' title="bbox 2146 5063 3750 5135; baseline -0.002 -17"><span class='ocrx_word' id='word_1_742' title='bbox 2146 5083 2410 5135; x_wconf 87' lang='lat' dir='ltr'><strong>magnum</strong></span> <span class='ocrx_word' id='word_1_743' title='bbox 2443 5065 2654 5134; x_wconf 86' lang='lat' dir='ltr'><strong>aliquid</strong></span> <span class='ocrx_word' id='word_1_744' title='bbox 2684 5065 2965 5133; x_wconf 87' lang='lat' dir='ltr'><strong>designari</strong></span> <span class='ocrx_word' id='word_1_745' title='bbox 3015 5063 3454 5116; x_wconf 88' lang='lat' dir='ltr'><strong>arbitrabantur.</strong></span> <span class='ocrx_word' id='word_1_746' title='bbox 3494 5063 3750 5116; x_wconf 82' lang='lat' dir='ltr'><strong>Fraudu-</strong></span> 
     </span>
    </p>
   </div>
   <div class='ocr_carea' id='block_1_114' title="bbox 2145 5151 3745 5216">
    <p class='ocr_par' dir='ltr' id='par_1_114' title="bbox 2145 5151 3745 5216">
     <span class='ocr_line' id='line_1_114' title="bbox 2145 5151 3745 5216; baseline -0.003 -8"><span class='ocrx_word' id='word_1_747' title='bbox 2145 5156 2330 5208; x_wconf 84' lang='lat' dir='ltr'><strong>lentus</strong></span> <span class='ocrx_word' id='word_1_748' title='bbox 2361 5156 2585 5207; x_wconf 89' lang='lat' dir='ltr'><strong>demum</strong></span> <span class='ocrx_word' id='word_1_749' title='bbox 2613 5154 2773 5216; x_wconf 89' lang='lat' dir='ltr'><strong>latro,</strong></span> <span class='ocrx_word' id='word_1_750' title='bbox 2791 5170 2892 5206; x_wconf 89' lang='lat' dir='ltr'><strong>sua</strong></span> <span class='ocrx_word' id='word_1_751' title='bbox 2911 5155 3007 5206; x_wconf 90' lang='lat' dir='ltr'><strong>diu</strong></span> <span class='ocrx_word' id='word_1_752' title='bbox 3032 5161 3212 5206; x_wconf 88' lang='lat' dir='ltr'><strong>tortus</strong></span> <span class='ocrx_word' id='word_1_753' title='bbox 3238 5151 3600 5210; x_wconf 76' lang='lat' dir='ltr'><strong>Conscientia,</strong></span> <span class='ocrx_word' id='word_1_754' title='bbox 3621 5169 3745 5206; x_wconf 90' lang='lat' dir='ltr'><strong>cum</strong></span> 
     </span>
    </p>
   </div>
   <div class='ocr_carea' id='block_1_115' title="bbox 2139 5241 3753 5313">
    <p class='ocr_par' dir='ltr' id='par_1_115' title="bbox 2139 5241 3753 5313">
     <span class='ocr_line' id='line_1_115' title="bbox 2139 5241 3753 5313; baseline -0.002 -17"><span class='ocrx_word' id='word_1_755' title='bbox 2139 5245 2253 5312; x_wconf 90' lang='lat' dir='ltr'><strong>jam</strong></span> <span class='ocrx_word' id='word_1_756' title='bbox 2291 5261 2349 5296; x_wconf 87' lang='lat' dir='ltr'><strong>se</strong></span> <span class='ocrx_word' id='word_1_757' title='bbox 2371 5262 2470 5313; x_wconf 90' lang='lat' dir='ltr'><strong>pro</strong></span> <span class='ocrx_word' id='word_1_758' title='bbox 2486 5253 2642 5296; x_wconf 89' lang='lat' dir='ltr'><strong>tanto</strong></span> <span class='ocrx_word' id='word_1_759' title='bbox 2665 5243 2931 5294; x_wconf 87' lang='lat' dir='ltr'><strong>miraculo</strong></span> <span class='ocrx_word' id='word_1_760' title='bbox 2953 5242 3465 5310; x_wconf 82' lang='lat' dir='ltr'><strong>divinajudicatuin</strong></span> <span class='ocrx_word' id='word_1_761' title='bbox 3491 5241 3753 5309; x_wconf 64' lang='lat' dir='ltr'><strong>pertime-</strong></span> 
     </span>
    </p>
   </div>
   <div class='ocr_carea' id='block_1_116' title="bbox 2146 5330 3750 5402">
    <p class='ocr_par' dir='ltr' id='par_1_116' title="bbox 2146 5330 3750 5402">
     <span class='ocr_line' id='line_1_116' title="bbox 2146 5330 3750 5402; baseline -0.003 -17"><span class='ocrx_word' id='word_1_762' title='bbox 2146 5341 2326 5385; x_wconf 83' lang='lat' dir='ltr'><strong>sceret</strong></span> <span class='ocrx_word' id='word_1_763' title='bbox 2357 5335 2410 5384; x_wconf 93' lang='lat' dir='ltr'><strong>in</strong></span> <span class='ocrx_word' id='word_1_764' title='bbox 2453 5334 2768 5402; x_wconf 67' lang='lat' dir='ltr'><strong>praesentia,</strong></span> <span class='ocrx_word' id='word_1_765' title='bbox 2814 5331 3009 5383; x_wconf 85' lang='lat' dir='ltr'><strong>amicis</strong></span> <span class='ocrx_word' id='word_1_766' title='bbox 3047 5332 3161 5383; x_wconf 87' lang='lat' dir='ltr'><strong>suis</strong></span> <span class='ocrx_word' id='word_1_767' title='bbox 3205 5339 3262 5383; x_wconf 90' lang='lat' dir='ltr'><strong>et</strong></span> <span class='ocrx_word' id='word_1_768' title='bbox 3301 5330 3582 5390; x_wconf 72' lang='lat' dir='ltr'><strong>al‘liiiibus,</strong></span> <span class='ocrx_word' id='word_1_769' title='bbox 3624 5330 3750 5399; x_wconf 84' lang='lat' dir='ltr'><strong>quia</strong></span> 
     </span>
    </p>
   </div>
   <div class='ocr_carea' id='block_1_117' title="bbox 2141 5419 3753 5492">
    <p class='ocr_par' dir='ltr' id='par_1_117' title="bbox 2141 5419 3753 5492">
     <span class='ocr_line' id='line_1_117' title="bbox 2141 5419 3753 5492; baseline -0.003 -18"><span class='ocrx_word' id='word_1_770' title='bbox 2141 5424 2256 5492; x_wconf 86' lang='lat' dir='ltr'><strong>jam</strong></span> <span class='ocrx_word' id='word_1_771' title='bbox 2292 5423 2474 5475; x_wconf 76' lang='lat' dir='ltr'><strong>Celare</strong></span> <span class='ocrx_word' id='word_1_772' title='bbox 2504 5439 2611 5475; x_wconf 89' lang='lat' dir='ltr'><strong>non</strong></span> <span class='ocrx_word' id='word_1_773' title='bbox 2653 5440 2684 5491; x_wconf 90' lang='lat' dir='ltr'><strong>p</strong></span> <span class='ocrx_word' id='word_1_774' title='bbox 2710 5429 2893 5474; x_wconf 69' lang='lat' dir='ltr'><strong>itcrat.</strong></span> <span class='ocrx_word' id='word_1_775' title='bbox 2928 5421 3226 5473; x_wconf 80' lang='lat' dir='ltr'><strong>factionem</strong></span> <span class='ocrx_word' id='word_1_776' title='bbox 3263 5421 3406 5472; x_wconf 89' lang='lat' dir='ltr'><strong>hanc</strong></span> <span class='ocrx_word' id='word_1_777' title='bbox 3440 5419 3753 5488; x_wconf 50' lang='lat' dir='ltr'><strong>ﬂagitiosis-</strong></span> 
     </span>
    </p>
   </div>
   <div class='ocr_carea' id='block_1_118' title="bbox 2146 5508 3750 5582">
    <p class='ocr_par' dir='ltr' id='par_1_118' title="bbox 2146 5508 3750 5582">
     <span class='ocr_line' id='line_1_118' title="bbox 2146 5508 3750 5582; baseline -0.004 -17"><span class='ocrx_word' id='word_1_778' title='bbox 2146 5513 2342 5565; x_wconf 87' lang='lat' dir='ltr'><strong>simam</strong></span> <span class='ocrx_word' id='word_1_779' title='bbox 2376 5510 2814 5582; x_wconf 84' lang='lat' dir='ltr'><strong>lacryiiiabiliter</strong></span> <span class='ocrx_word' id='word_1_780' title='bbox 2843 5509 3128 5565; x_wconf 89' lang='lat' dir='ltr'><strong>disseruit.</strong></span> <span class='ocrx_word' id='word_1_781' title='bbox 3185 5518 3239 5560; x_wconf 90' lang='lat' dir='ltr'><strong>et</strong></span> <span class='ocrx_word' id='word_1_782' title='bbox 3281 5525 3473 5560; x_wconf 91' lang='lat' dir='ltr'><strong>eorum</strong></span> <span class='ocrx_word' id='word_1_783' title='bbox 3513 5508 3750 5576; x_wconf 85' lang='lat' dir='ltr'><strong>sapienti</strong></span> 
     </span>
    </p>
   </div>
   <div class='ocr_carea' id='block_1_119' title="bbox 2148 5595 3753 5668">
    <p class='ocr_par' dir='ltr' id='par_1_119' title="bbox 2148 5595 3753 5668">
     <span class='ocr_line' id='line_1_119' title="bbox 2148 5595 3753 5668; baseline -0.006 -12"><span class='ocrx_word' id='word_1_784' title='bbox 2148 5619 2278 5656; x_wconf 80' lang='lat' dir='ltr'><strong>Usus</strong></span> <span class='ocrx_word' id='word_1_785' title='bbox 2308 5601 2560 5661; x_wconf 60' lang='lat' dir='ltr'><strong>consilio,</strong></span> <span class='ocrx_word' id='word_1_786' title='bbox 2689 5598 2972 5662; x_wconf 78' lang='lat' dir='ltr'><strong>Medardo,</strong></span> <span class='ocrx_word' id='word_1_787' title='bbox 3008 5597 3156 5668; x_wconf 81' lang='lat' dir='ltr'><strong>quod</strong></span> <span class='ocrx_word' id='word_1_788' title='bbox 3194 5597 3440 5667; x_wconf 85' lang='lat' dir='ltr'><strong>maligne</strong></span> <span class='ocrx_word' id='word_1_789' title='bbox 3461 5595 3753 5652; x_wconf 79' lang='lat' dir='ltr'><strong>defrauda-</strong></span> 
     </span>
    </p>
   </div>
   <div class='ocr_carea' id='block_1_120' title="bbox 2147 5688 2972 5762">
    <p class='ocr_par' dir='ltr' id='par_1_120' title="bbox 2147 5688 2972 5762">
     <span class='ocr_line' id='line_1_120' title="bbox 2147 5688 2972 5762; baseline -0.007 -18"><span class='ocrx_word' id='word_1_790' title='bbox 2147 5702 2322 5759; x_wconf 79' lang='lat' dir='ltr'><strong>vei‘at,</strong></span> <span class='ocrx_word' id='word_1_791' title='bbox 2356 5688 2686 5762; x_wconf 78' lang='lat' dir='ltr'><strong>suppliciter</strong></span> <span class='ocrx_word' id='word_1_792' title='bbox 2706 5688 2972 5743; x_wconf 85' lang='lat' dir='ltr'><strong>restituit.</strong></span> 
     </span>
    </p>
   </div>
  </div>
