3934 6360
217 375 362 438 1505

259 501 374 558 '13.
408 502 520 556 Rex
571 505 766 574 postea
820 501 1178 559 Chlotharius
1227 506 1528 561 exercitum
1561 507 1880 568 movens,A

213 591 506 646 Summam
538 592 808 645 violenter
836 593 1096 647 transivit
1123 596 1374 650 fluvium.
1408 604 1464 650 et
1493 597 1812 666 ubicunque

211 682 398 750 potuit
421 681 794 751 depra'datus,
827 681 1091 749 adjacens
1129 700 1296 738 omne
1350 685 1664 740 devastavit.
1694 693 1811 738 ter-

210 767 489 823 ritorium.
529 769 668 823 Cum
703 770 881 823 multa
924 771 1018 824 ille
1069 773 1256 842 praada
1302 774 1447 828 inter
1475 775 1806 828 Noviomum

213 857 608 911 revertebatur
623 863 682 911 et
707 859 941 924 lsaram;
963 877 1152 914 verum
1185 862 1312 932 quia
1343 870 1400 916 et
1427 863 1808 933 episcopatum

209 945 710 1002 Viromandensem
729 953 788 1002 et
801 965 924 1018 qua:
939 948 1043 1003 sub
1061 951 1152 1002 illa
1171 951 1448 1021 degebant
1457 951 1812 1014 Ecclesia,de—

214 1035 503 1105 pmdatus
526 1043 666 1089 erat.
689 1037 890 1090 divinae
912 1037 1140 1090 ultionis
1155 1037 1322 1108 digne
1359 1045 1417 1092 et
1458 1039 1814 1094 laudabiliter

207 1125 624 1196 praedicandam
652 1141 760 1178 non
779 1125 956 1180 evasit
969 1127 1576 1182 sententiam.Parcens
1605 1129 1810 1200 quippe

209 1213 489 1268 Dominus
537 1223 595 1268 et
615 1214 718 1286 ipsi
747 1215 1096 1280 ('hlothario,
1140 1223 1198 1270 et
1225 1217 1318 1284 qui
1349 1233 1474 1271 cum
1497 1219 1618 1288 ipso
1647 1225 1810 1272 erant

211 1301 584 1373 participibus
625 1303 791 1372 hujus
820 1304 1090 1367 criminis,
1123 1321 1296 1376 equos
1325 1313 1511 1359 tamen
1529 1323 1721 1361 eorum
1753 1313 1809 1360 et

205 1391 398 1445 omnia
413 1392 944 1462 vehicula,plaustra
961 1394 1171 1447 scilicet
1190 1400 1248 1448 et
1265 1395 1377 1448 alia
1396 1394 1599 1465 quibus
1621 1396 1808 1464 pratda

208 1481 570 1544 evehebatur,
607 1481 745 1535 adeo
766 1482 1035 1536 divinitus
1067 1483 1262 1540 afﬁxit.
1293 1491 1356 1537 ut
1381 1501 1480 1556 per
1507 1501 1673 1539 omne
1701 1485 1808 1538 tri-

205 1569 380 1624 duum
416 1587 446 1623 a
476 1571 596 1624 loco
627 1571 720 1624 illo
750 1572 901 1626 nullo
933 1573 1098 1626 modo
1153 1580 1378 1644 possent
1425 1575 1648 1628 moveri.
1682 1575 1797 1628 Per-

208 1657 511 1729 spicientes
535 1667 722 1714 autem
755 1667 974 1714 tantum
1032 1661 1134 1714 hoc
1196 1661 1289 1715 Ι)θί
1335 1662 1686 1722 miraculum,
1729 1663 1799 1716 ad

202 1755 460 1802 sanctum
495 1748 590 1802 Dei
623 1749 968 1803 sacerdotem
1001 1749 1348 1806 Medardum.
1377 1752 1470 1820 qui
1503 1760 1634 1805 tunc
1664 1759 1803 1805 tem-

1443 420 1448 425 «
1527 380 1700 436 ἮΤΛ
1736 380 1794 435 S.
1835 375 2184 435 MEDARDL
2244 385 2268 396 "

3344 381 3483 443 1506

1971 503 2056 556 15.
2083 502 2331 576 Contigit
2363 518 2496 572 ergo
2517 518 2583 556 eo
2611 503 2670 557 in
2701 507 2953 574 tempore
2984 505 3482 564 Viromandensem

1895 590 2237 662 episcopum.
2263 591 2358 662 qui
2390 609 2489 662 per
2514 591 2726 660 aliquot
2775 609 3051 649 annorum
3100 599 3375 652 curricula
3404 599 3485 671 ip-

1892 697 2011 734 sam
2046 688 2264 734 rexerat
2299 681 2621 743 Ecclesiam,
2653 683 2750 736 Dei
2805 685 2885 739 sic
2945 687 3355 757 praeordinante
3377 690 3486 743 cle-

1895 769 2121 825 mentia.
2153 769 2402 824 divinum
2452 770 2522 823 ad
2567 771 2840 840 judicium
2895 775 3148 828 evocari:
3191 781 3248 829 et
3283 793 3486 846 sponso

1891 857 2151 912 Ecclesiae
2176 865 2468 929 praerepto.
2489 859 2791 914 Ecclesiam
2814 861 2966 916 illam
2990 880 3088 933 per
3101 864 3325 936 aliquod
3347 871 3486 920 tem-

1892 946 2045 1016 poris
2099 946 2342 1016 spatium
2400 947 2636 1002 viduari.
2699 950 2942 1005 Peractis
3003 969 3135 1006 vero
3201 969 3313 1008 non
3364 953 3486 1008 sine

1897 1034 2072 1088 multo
2103 1035 2234 1089 ﬂetu
2265 1035 2510 1107 episcopi
2559 1037 2646 1091 sui
2701 1038 2946 1094 excubiis
2988 1041 3135 1111 regis
3163 1047 3220 1096 et
3250 1043 3488 1112 Optima-

1890 1127 2012 1176 tum
2035 1139 2286 1182 assensu.
2316 1123 2727 1180 sanctissimum
2762 1129 3108 1184 sacerdotem
3153 1131 3485 1186 Medardum

1891 1210 2046 1281 plebs
2071 1213 2256 1265 omnis
2288 1211 2383 1266 illa
2417 1213 2892 1276 Viromandensis,
2935 1223 2992 1272 et
3044 1234 3240 1273 omnes
3303 1220 3483 1274 eidem

1893 1299 2190 1369 provinciae
2220 1301 2558 1372 adjaceutes.
2619 1304 2940 1375 episcOpum
2989 1305 3093 1360 sibi
3141 1308 3485 1363 unanimiter

1889 1388 2274 1442 acclamabam
2339 1391 2698 1445 consecrari:
2741 1410 2978 1464 quorum
3047 1396 3301 1466 petitioni
3352 1413 3480 1452 cum

1887 1477 2120 1540 diutius,
2153 1478 2444 1548 indignum
2476 1497 2536 1533 se
2583 1481 2860 1550 judicans.
2905 1482 2988 1536 vir
3021 1485 3113 1538 Dei
3146 1487 3478 1554 restitisset;

1886 1565 2071 1620 divina
2105 1567 2328 1620 tandem
2360 1569 2722 1638 dispositione
2753 1571 3098 1626 multimodis
3127 1591 3318 1628 eorum
3352 1593 3482 1647 pre-

1886 1653 2043 1708 cibus
2070 1655 2338 1725 fatigatus
2396 1673 2684 1712 assensum
2710 1659 2742 1711 d
2782 1659 2882 1723 dit,
2915 1668 2974 1714 et
3024 1662 3482 1720 Viromandensis

1887 1744 2223 1812 praesulatus
2260 1761 2454 1798 curam
2488 1748 2812 1816 regendam,
2849 1765 2956 1803 non
3013 1751 3133 1804 sine
3187 1751 3483 1808 devotissi-

204 1835 376 1907 poris.
419 1837 720 1891 Salentiaci
776 1839 1185 1903 remorabatar,
1239 1841 1562 1909 suppliciter
1608 1841 1806 1894 confu-v
1825 1849 1980 1918 Bma
2008 1833 2194 1886 cordis
2214 1836 2643 1905 οιιῐηρυηεῐίοῐιθ
2675 1838 2917 1908 suscepit
2956 1839 3054 1910 t3).
3085 1840 3280 1895 Flebat
3304 1841 3484 1912 siqui-

203 1923 416 1994 giant:
471 1926 634 1998 eique
686 1928 942 1982 unanimi
997 1929 1307 1993 devotione,
1341 1946 1464 1999 quae
1499 1929 1802 2000 depraedati

204 2013 436 2068 fuerant
463 2017 845 2081 restituentes,
887 2034 1011 2071 cum
1041 2018 1112 2071 ab
1164 2035 1230 2072 eo
1279 2035 1448 2088 super
1493 2019 1806 2073 commissis

208 2102 618 2157 absolutionem
645 2106 1042 2176 suscepissent,
1071 2105 1259 2160 divino
1293 2107 1388 2160 illo
1420 2107 1636 2161 vinculo
1659 2125 1807 2162 reso-

201 2191 328 2254 luti,
365 2193 473 2246 laeti
506 2201 563 2247 et
589 2195 802 2248 alacres
825 2195 892 2248 ad
919 2195 1144 2265 pr0pria
1175 2196 1376 2250 reversi
1405 2203 1554 2250 sunt.
1585 2197 1631 2251 Ο
1661 2197 1804 2251 mira

207 2287 266 2334 et
297 2281 593 2336 ineffabilis
622 2283 720 2336 Dei
753 2283 1048 2338 clementia
1075 2285 1086 2337 !
1122 2284 1408 2356 Quosipse
1447 2286 1802 2355 Deusjudicii

203 2370 291 2425 sui
317 2387 415 2440 per
431 2371 678 2426 triduum
697 2373 1011 2442 justissima
1031 2373 1298 2443 ligaverat
1313 2374 1799 2437 condemnatione.

205 2467 438 2513 sanctus
459 2460 1052 2514 confessorMedardus
1068 2478 1176 2514 uno
1193 2461 1248 2516 in
1272 2471 1554 2516 momento
1585 2463 1802 2537 indulta

201 2547 478 2602 relaxavit
510 2549 888 2604 absolutione.
928 2550 1072 2604 Vere
1123 2551 1316 2621 lingua
1353 2551 1497 2606 Petri
1527 2558 1585 2606 et
1607 2552 1699 2621 qui
1732 2552 1802 2606 ab

201 2652 270 2691 eo
301 2637 633 2708 suscipiunt.
663 2638 846 2692 claves
874 2645 1008 2692 sunt.
1054 2641 1210 2709 regni
1269 2641 1556 2697 calorum.
1599 2641 1802 2711 quibus

200 2740 530 2780 concessum
567 2733 653 2780 est
683 2743 812 2780 vere
839 2727 1173 2797 ptruitentes
1201 2733 1318 2782 tam
1351 2735 1610 2799 potenter
1636 2746 1669 2784 a
1700 2747 1797 2784 ne-

197 2813 361 2868 xibus
380 2813 664 2869 absolvere
685 2824 1037 2883 peccatorum
1064 2817 1134 2883 οἳ)

273 2903 340 2954 14
391 2902 558 2958 Tosio
591 2905 940 2974 postmodum
978 2905 1203 2974 quidam
1259 2905 1354 2976 qui
1379 2905 1460 2960 sic
1485 2905 1793 2973 dicebatur,

202 2991 534 3060 gravissima
569 2992 838 3046 dtemonis
874 2993 1170 3060 depressus
1215 2994 1593 3053 infestatione.
1623 2995 1692 3049 ad
1725 2996 1799 3048 vi-

199 3095 328 3133 rum
367 3080 461 3132 Dei
489 3093 596 3134 non
629 3079 749 3134 sine
781 3082 952 3135 multa
989 3089 1282 3152 parentum
1339 3100 1435 3136 seu
1487 3083 1792 3138 amicorum

201 3184 435 3222 suorum
472 3169 772 3238 perductus
827 3177 914 3224 est
967 3171 1316 3241 fatigatione.
1353 3172 1556 3226 llolens
1605 3184 1792 3228 autem

199 3257 441 3312 Sanctus
460 3257 598 3328 ipse,
623 3276 650 3311 a
673 3258 1018 3320 diabolo,Dei
1037 3269 1473 3331 praeoccupatum
1506 3278 1627 3316 esse.
1655 3263 1797 3316 ima-

194 3347 410 3417 ginem,
459 3347 884 3402 ﬂdentissimam
916 3349 984 3401 ad
1046 3349 1218 3404 Deum
1277 3349 1418 3404 fudit
1461 3351 1793 3413 orationem,

197 3451 442 3504 moxque
467 3435 628 3506 signo
687 3437 869 3491 crucis
923 3438 1200 3507 imposito.
1251 3439 1637 3509 potentissima
1677 3441 1798 3512 Spi-

196 3525 344 3578 ritus
391 3525 568 3579 sancti
632 3526 855 3582 virtute.
900 3538 956 3580 et
1001 3527 1285 3581 diabolum
1335 3529 1566 3598 expulit.
1609 3537 1664 3584 et
1705 3531 1798 3583 ho-

195 3613 408 3667 minem
441 3615 596 3667 illum
633 3613 686 3667 in
714 3615 1003 3685 pristinam
1026 3616 1324 3670 sanitatem
1356 3618 1618 3672 restituit.
1650 3619 1794 3674 Tan-

193 3708 318 3756 tum
353 3703 500 3756 hunc
532 3704 624 3757 Dei
647 3721 866 3758 servum
912 3705 1066 3774 p'ebs
1097 3705 1351 3759 universa
1383 3706 1789 3774 admirabatur,

194 3797 263 3846 ut
291 3791 558 3862 quidquid
590 3809 652 3845 ex
685 3795 808 3860 ejus
857 3809 954 3846 ore
1008 3811 1182 3861 sus-ce.
1211 3795 1364 3852 isset.
1399 3813 1524 3848 cum
1571 3813 1792 3851 summa

195 3881 492 3934 devotione
512 3881 817 3935 studiosius
847 3891 1259 3952 eXsequeretur.
1295 3885 1420 3937 Erat
1441 3885 1794 3954 cnimjastus

197 3970 259 4023 in
311 3969 545 4039 judicio.
611 3971 871 4041 prmidus
916 3971 969 4025 in
1025 3971 1273 4026 consilio.
1317 3973 1371 4026 in
1426 3975 1795 4043 prosperitate

195 4058 372 4123 mitis,
408 4059 462 4112 in
493 4058 831 4112 adwrsitate
859 4060 1050 4124 fortis;
1084 4071 1206 4115 erat
1228 4062 1445 4132 patiens
1477 4080 1528 4116 In
1556 4063 1792 4118 tribula-

191 4148 370 4214 tione,
431 4149 582 4218 larga
639 4149 859 4203 misrris
914 4149 1250 4204 subveniens
1300 4151 1692 4206 miseratione:
1737 4160 1795 4208 et

194 4238 599 4292 licetomnibus
621 4238 736 4309 ipse
763 4239 1497 4310 prsestantiorjudioaretur.
1529 4241 1790 4296 omnibus

194 4331 388 4382 tamen
412 4335 680 4397 tanquam
700 4329 1182 4398 pra-stantioribus
1199 4329 1512 4384 humillime
1529 4331 1796 4401 obseque-

201 4415 402 4482 batur;
427 4423 481 4470 et
511 4433 608 4485 per
626 4415 812 4470 omnia
849 4417 1090 4486 praelatis
1137 4417 1252 4471 suis
1294 4419 1576 4474 obediens.
1609 4420 1793 4488 subje-

1887 1921 2012 1974 dem
2046 1923 2285 1993 populus
2314 1923 2429 1978 ille.
2463 1931 2680 1978 tantam
2736 1927 2910 1980 sancti
2969 1929 3304 1983 confessoris
3332 1931 3486 1986 duri-

1885 2010 2109 2064 cordem
2168 2011 2441 2066 reveritus
2493 2015 2966 2070 obstinationem:
3001 2019 3486 2089 compungebatur

1887 2106 1944 2153 et
1967 2099 2086 2170 ipse
2107 2099 2589 2162 Sanctus,tantam
2615 2103 2790 2173 plebis
2811 2105 2961 2159 illius
2979 2107 3292 2162 luctuosam
3307 2109 3486 2163 admi-

1886 2195 2044 2242 ratus
2072 2189 2442 2244 devotionem.
2482 2191 2625 2246 Vicit
2654 2193 2878 2248 tandem
2930 2195 3118 2266 populi
3165 2197 3484 2268 suliplican-

1884 2277 1958 2330 tis
1995 2279 2223 2348 supplex
2255 2280 2454 2340 oratio,
2485 2289 2542 2334 et
2569 2299 2690 2352 quae
2721 2282 2825 2336 sibi
2880 2301 2915 2337 a
2959 2285 3167 2339 sanctis
3207 2287 3484 2357 pontifici-

1885 2365 1990 2421 bus
2013 2366 2380 2436 objiciebatur
2407 2369 2723 2426 obedientia
2749 2391 2760 2438 ;
2796 2382 2852 2426 et
2880 2373 3010 2427 licet
3038 2374 3264 2435 invitus,
3298 2378 3481 2432 eccle-

1885 2455 2111 2510 siastica
2161 2464 2351 2510 tamen
2409 2460 2653 2520 suscepit
2701 2461 3099 2530 gubernacula.
3143 2464 3302 2528 Quod
3347 2482 3480 2521 vero

1885 2544 2095 2599 invitus
2123 2545 2388 2615 suscepit,
2421 2547 2658 2602 feliciter
2683 2556 2742 2603 et
2775 2549 2990 2605 intente
3040 2552 3476 2610 administravit.

1889 2635 2067 2703 llujus
2099 2634 2308 2707 quippe
2337 2637 2678 2707 Prtelationis
2723 2639 2934 2694 honore
2957 2641 3311 2704 sublimatus.
3351 2660 3480 2698 san-

1883 2723 2259 2794 ctissimzeque
2292 2726 2570 2780 unctionis
2598 2736 2948 2783 sacramento
2976 2732 3358 2792 conﬁrmatus,
3383 2733 3476 2788 die

1879 2818 2160 2882 noctuque
2182 2813 2238 2866 in
2265 2814 2388 2883 lege
2426 2815 2640 2868 Domini
2669 2815 3063 2894 meditabatur,
3100 2827 3158 2874 et
3215 2819 3479 2892 infatiga-

1882 2898 2067 2954 biliter
2095 2901 2299 2956 divinis
2319 2903 2384 2971 _in
2437 2903 2696 2958 laudibus
2755 2906 3122 2974 pet-sistebat;
3162 2915 3370 2964 etcum
3403 2910 3474 2966 ab

1881 2988 2003 3058 ipsa
2023 2988 2255 3044 inlantia
2286 2993 2547 3046 curandis
2565 2994 2902 3064 pauperibus
2921 2997 3115 3050 sedulo
3135 2994 3471 3067 insudasset,

1843 3138 1854 3151 ε
1882 3083 1999 3129 tum
2036 3078 2310 3150 prmcipue
2361 3082 2628 3149 majorem
2689 3080 2744 3135 in
2808 3082 2910 3137 hoc
2939 3084 3286 3155 diligentiam
3309 3087 3476 3142 adhi-

1817 3140 1856 3190 ί·
1883 3164 2036 3228 bens,
2070 3165 2124 3220 in
2154 3167 2288 3238 ipsis
2322 3170 2672 3240 majestatem
2706 3170 2882 3240 ipsam
2947 3173 3038 3227 Dei
3087 3191 3147 3228 se
3191 3192 3299 3231 non
3330 3177 3474 3233 difﬁ-

1878 3253 2047 3308 debat
2074 3257 2400 3322 amplexari.
2433 3259 2632 3312 Sedula
2666 3260 2888 3330 quidem
2921 3263 3309 3332 praedicatione
3345 3267 3474 3321 sub-

1879 3343 2122 3398 ditorum
2152 3345 2370 3400 animas
2421 3361 2452 3399 a
2504 3346 2776 3402 diabolica
2827 3348 3099 3406 liberabat
3127 3353 3469 3420 seductione,

1879 3431 2024 3486 bono
2051 3449 2166 3487 sua;
2203 3435 2642 3489 conversationis
2697 3439 2950 3509 exemplo
3005 3441 3371 3504 coulbrtabat,
3415 3451 3474 3500 et

1879 3538 2240 3594 quoscunque
2269 3523 2457 3578 devios
2486 3541 2585 3578 seu
2631 3543 2896 3581 erroneus
2949 3543 3181 3584 noverat
3223 3533 3292 3586 de
3335 3533 3472 3605 ipsis

1879 3611 2073 3665 mortis
2106 3611 2354 3666 faucibus
2401 3614 2466 3666 ad
2529 3613 2694 3668 vitam
2752 3617 3101 3686 praedicando
3158 3623 3468 3679 revocabat.

1879 3700 2022 3763 Quid
2068 3701 2270 3772 plura?
2300 3703 2455 3766 Quod
2513 3720 2609 3757 ore
2669 3706 3023 3774 praedicabat,
3056 3708 3473 3768 intIiSsimulato

1877 3806 2062 3859 Opere.
2099 3806 2169 3844 ne
2200 3791 2326 3844 aliis
2377 3791 2646 3862 reprobus
2703 3794 3035 3860 eﬂiceretur,
3096 3805 3316 3868 explere
3358 3817 3472 3858 non

1877 3878 2215 3948 negligebat.

2481 3970 2713 4025 CAPUT
2736 3969 2836 4026 ΙΙΙ.

1875 4064 2032 4120 Sedes
2062 4066 2385 4144 Noriom_mn
2445 4072 2737 4144 translata.
2775 4069 3080 4136 Adjunctus
3134 4075 3470 4144 episcopatus

2272 4139 2519 4191 Toraaci.
2557 4141 2797 4194 Morbus.
2835 4144 3040 4197 Obitus.

1958 4233 2248 4290 Iti.Verum
2267 4235 2590 4306 priusquam
2614 4236 2968 4294 beatissimus
2991 4240 3234 4310 pontifex
3251 4243 3468 4311 episco-

1880 4323 1989 4394 pali
2001 4323 2336 4376 sublimatus
2353 4325 2548 4379 i'uissct
2563 4327 3065 4384 cathedracrebris
3077 4339 3134 4383 et
3147 4329 3469 4388 intolerabi-

1880 4411 2024 4464 libus
2075 4409 2096 4466 ’t
2159 4411 2394 4464 Wand-al
2425 4429 2464 4465 -r
2509 4430 2582 4470 m.
2622 4414 2952 4469 Hunnorum
2991 4418 3381 4481 l—lungarorum
3413 4429 3472 4478 et

203 4505 311 4559 etis
325 4505 442 4560 suis
458 4505 692 4558 amicam
721 4505 828 4559 iter
845 4523 968 4559 sese
993 4505 1269 4560 affabﬂem
1319 4507 1630 4561 exhibphat.
1667 4509 1798 4564 Erat
1815 4491 1860 4549 D
1880 4501 2114 4554 al-arum
2137 4501 2389 4569 gentium
2414 4501 2820 4572 irruptionibus
2836 4506 3164 4562 universalis
3182 4509 3472 4567 devastata

204 4593 265 4648 in
293 4595 546 4648 oratione
571 4593 830 4648 assiduus
879 4594 936 4647 in
982 4596 1353 4666 eleemOsynis
1405 4596 1613 4666 largus.
1658 4595 1796 4648 alio-

203 4699 332 4738 rum
363 4683 712 4737 incommoda
744 4699 842 4736 sua
876 4683 1050 4753 ipsiUs
1102 4683 1406 4743 aestimans,
1457 4702 1554 4755 pro
1587 4683 1801 4738 univer-

200 4771 305 4826 sali
333 4772 584 4826 omnium
629 4770 998 4842 prosperitate
1047 4771 1344 4826 Dominum
1377 4773 1572 4828 sedulo
1601 4789 1797 4827 exora-

200 4861 317 4916 bat.

271 5001 342 5070 (2)
375 5001 466 5075 In,
499 5003 630 5058 Vita
679 5003 855 5058 altera
897 5002 1006 5059 ista
1059 5003 1344 5061 addantur
1376 5025 1388 5060 :
1429 5024 1453 5054 π
1481 5003 1536 5060 Si
1570 5002 1792 5075 quando

195 5091 350 5148 vero
385 5074 598 5148 subulci
655 5092 805 5148 sues
847 5077 1093 5144 ejusdem
1143 5086 1376 5148 agerent
1405 5077 1458 5130 in
1506 5074 1788 5144 glandem.

197 5145 420 5217 quoties
450 5147 639 5200 furtim
672 5147 1142 5201 subdarvbanlur.
1179 5145 1344 5202 toties
1389 5151 1455 5202 ad
1504 5148 1789 5217 proprium

1879 4589 2209 4644 eratGallia.
2261 4590 2565 4645 llestructis
2600 4591 2932 4652 civitat'bus.
2966 4596 3150 4651 diruta
3183 4598 3471 4656 Gallicana

1884 4678 2297 4732 lamentabatur
2329 4680 2602 4733 Ecclesia:
2637 4682 2871 4736 exsectis
2894 4693 3135 4740 matrum
3167 4687 3471 4744 \isceribus

1882 4767 2170 4820 inhumata
2204 4767 2498 4820 infantium
2547 4769 2983 4838 proj~riebautur
3032 4791 3294 4844 corpora;
3335 4794 3470 4832 con-

1869 4855 2098 4926 jugibus
2138 4855 2464 4923 interfectis,
2499 4865 2768 4913 matronae
2800 4860 3036 4916 viduatae
3058 4873 3462 4934 remanserant;

1875 5007 2207 5074 conperan‘e
2239 4999 2449 5073 Spiritu
2477 5010 2689 5059 sancto.
2727 5023 2752 5054 ο
2787 5005 2917 5060 Haec.
2973 5005 3063 5058 ibi.
3103 5005 3178 5058 De
3207 5013 3371 5062 aetate
3408 5015 3465 5064 ct

1875 5093 2022 5130 almo
2042 5075 2227 5128 obitus
2248 5089 2288 5127 δ
2340 5074 2571 5145 Remigii
2596 5077 2813 5146 egimus
2837 5079 2870 5131 ὁ
2895 5076 3267 5132 Ρεὴνυιιιοίῦ.θι
3285 5089 3468 5134 osten-

1873 5147 2056 5200 dimus
2081 5146 2493 5221 \_ixisse_salteui
2547 5148 2615 5221 ad
2667 5164 2878 5221 annum
2931 5168 2961 5198 υ)
2986 5156 3050 5221 lII.
3083 5149 3316 5203 ulterius
3345 5167 3467 5221 pro-

196 5217 625 5272 revertebantur
675 5219 986 5291 dominum.
1031 5221 1170 5272 Nam
1228 5219 1382 5272 nullo
1431 5221 1683 5288 prae-dure
1721 5220 1792 5273 ad
1870 5217 2117 5286 grassari
2148 5217 2214 5269 ad
2249 5217 2528 5272 Kalendas
2557 5218 2832 5277 Octobris.
2867 5219 3090 5290 quando
3121 5237 3188 5274 cx
3217 5217 3467 5291 professo

196 5287 423 5370 beatum
459 5289 635 5344 \iruai
667 5289 736 5342 de
763 5290 1067 5360 longinqua
1107 5287 1450 5360 νενιιάίιὺιιυῐ
1478 5291 1708 5360 ἱιηειιτιι⁸
1732 5308 1789 5343 e-

195 5359 348 5499 ὼῖἒξι
377 5379 438 5486 1⁸η
467 5431 660 5485 eadem
696 5431 818 5484 Vita
850 5431 1056 5486 dicitur
1087 5454 1107 5479 ι
1145 5432 1311 5502 hujus
1362 5431 1796 5486 consecrationis

195 5509 368 5575 (aput
409 5503 686 5575 eXstitisse
817 5502 1116 5575 Remigius
1173 5505 1468 5556 lteumrum
1507 5503 1796 5575 archiepi-

196 5574 418 5644 scopus.
451 5574 544 5643 qui
586 5577 622 5626 Ii
709 5574 1032 5627 Mt‘datl‘tlunl
1091 5574 1549 5628 saurtilirationis
1597 5590 1796 5644 peruu-

193 5661 335 5718 gens
363 5645 506 5713 oleo,
527 5661 699 5716 super
724 5661 954 5716 gregem
987 5645 1194 5702 Christi
1213 5656 1496 5719 pastorem
1525 5644 1792 5711 instituit,

1874 5291 1943 5343 de
1975 5292 2090 5359 ipso
2115 5304 2346 5356 agemus

1949 5357 2024 5420 (tu
2059 5360 2334 5414 \\'un1|a|i.
2360 5375 2507 5414 anno
2561 5357 2656 5412 107
2707 5359 2846 5414 dure
2879 5361 3221 5416 Gunderico:
3257 5364 3441 5419 llunni

1877 5449 2025 5484 anno
2056 5431 2150 5485 431
2215 5431 2355 5484 dum
2408 5430 2597 5484 Attila.
2654 5431 2864 5484 Gallias
2913 5445 3217 5488 vastarunt.
3251 5435 3466 5501 Quibus

1882 5502 2394 5570 Radbmlusadjccit
2415 5503 2459 5556 II
2487 5517 2650 5567 ἠραν
2670 5509 2790 5560 ι.‹,ιιι
2809 5503 2880 5555 ab
2907 5503 3126 5562 rIunuis
3145 5505 3464 5570 distinctos.

1878 5574 1970 5646 qui
2002 5575 2313 5628 subsecutus
2341 5573 2558 5628 saeculis
2578 5573 2724 5628 idem
2753 5582 3026 5632 tecerunt.
