3934 6428
191 391 344 469 Ἶῖὒθ

1510 385 1684 461 vrri
1709 400 1784 460 ‘s.
1819 386 2174 462 mnium.

3325 383 3473 461 ‘1‘5‘10

201 551 315 588 non
373 525 687 592 audierant,
723 523 984 583 inﬁdeles
1041 525 1107 582 ad
1165 525 1334 584 fidem
1375 536 1646 585 transusse
1686 549 1794 584 non
1817 539 1858 592 Α
1883 533 2075 586 ciliari.
2115 533 2252 586 Cum
2288 548 2418 601 ergo
2447 532 2504 584 in
2523 525 2634 584 hac
2664 527 2839 600 regali
2863 531 3204 584 visitatione.
3241 532 3297 584 in
3339 550 3472 587 con-

201 624 506 676 nescimus.
541 623 837 689 Serpentes
865 619 1136 688 siqmdem
1171 638 1295 672 eum
1333 621 1686 673 manifestum
1720 628 1806 674 est

207 711 476 782 ejeeisse;
539 727 662 762 cum
709 706 1114 777 praedicationis
1167 717 1369 760 sancire
1422 709 1691 764 antidoto.
1735 709 1804 761 ab

207 799 562 852 exsecrabilis
593 796 866 866 Serpentis
901 794 1186 848 venenosis
1218 796 1660 850 immissionibus
1692 798 1806 850 lan-

203 889 499 959 guentium
537 888 582 939 ei
616 887 866 953 gentium
901 885 1068 936 corda
1091 902 1413 937 concessum
1441 894 1525 937 est
1554 903 1800 938 sanasse.

203 977 557 1030 Mortiferum
593 975 874 1026 multoties
926 973 1078 1034 bibit,
1115 992 1302 1026 verum
1350 974 1399 1026 ei
1450 991 1558 1026 non
1594 976 1800 1034 nocuit,

206 1081 332 1118 cum
397 1065 640 1135 profanis
689 1079 908 1131 semper
958 1080 1276 1130 repugnans
1330 1063 1798 1132 persuasionibus.

206 1171 390 1224 neque
410 1153 629 1206 diabolo
673 1169 851 1221 neque.
874 1151 1140 1203 ministris
1159 1153 1276 1219 ejus
1292 1149 1804 1221 succu‘buitJEgros

204 1241 350 1295 bene
381 1260 439 1295 se
472 1239 592 1294 fecit
633 1241 868 1303 habere;
903 1256 1026 1291 cum
1077 1258 1170 1292 eos
1217 1241 1286 1292 ad
1322 1258 1460 1294 vera-3
1494 1241 1621 1292 ﬁdei
1651 1241 1803 1292 sani-

207 1338 406 1392 tatem,
440 1331 508 1382 de
541 1326 924 1381 inﬁrmissii'na
955 1329 1228 1380 convertit
1258 1328 1648 1381 incredulitate
1719 1330 1807 1382 Sic

207 1420 400 1488 itaque
447 1417 512 1471 ad
562 1418 926 1469 imitationen‘i
971 1418 1169 1469 summi
1205 1417 1473 1474 Pastoris.
1509 1417 1622 1486 qui,
1665 1417 1810 1470 sicut

207 1508 278 1561 ab
322 1526 387 1560 eo
420 1507 714 1575 Evangelio
747 1505 1110 1574 suscepimus.
1155 1505 1291 1558 alias
1325 1507 1532 1558 habens
1566 1524 1712 1569 oves,
1740 1507 1808 1558 de

207 1597 432 1651 duobus
463 1613 636 1650 unum
666 1595 806 1647 ovile
836 1595 867 1647 fi
892 1595 966 1646 cit
1002 1597 1174 1654 (Jmlll.
1203 1603 1276 1652 xl.
1311 1599 1534 1646 sanctus
1567 1595 1807 1664 pontifex

201 1684 527 1744 Medardus,
588 1684 819 1737 ferocem
874 1683 1024 1735 illam
1070 1683 1502 1736 Flandrensium
1558 1693 1807 1752 gentem,

208 1793 323 1828 suae
367 1773 724 1828 Noviomensi
773 1773 1025 1825 Ecclesiae
1054 1773 1384 1836 associavit;
1428 1781 1478 1825 et
1513 1791 1610 1843 per
1644 1773 1807 1841 quin-

1887 627 2078 691 spectu
2105 621 2352 690 ejusdem
2373 629 2426 672 et
2447 621 2779 689 principum.
2806 620 2872 671 de
2892 620 3177 688 sepultura
3203 622 3476 689 pontiﬁcis

1887 720 2245 770 tractaretur.
2267 728 2494 763 suorum
2525 727 2754 762 assensu
2785 709 3024 761 ﬁliorum
3056 726 3152 761 sua
3185 728 3241 761 se.
3270 711 3320 762 in
3348 713 3477 764 sede

1887 811 2114 853 sanctus
2147 803 2262 870 ipse
2291 799 2683 870 praeordinavit
2713 798 3114 868 sepeliendum.
3151 800 3321 866 (‘ujus
3351 817 3479 853 sen-

1889 898 2073 944 tentiae
2122 891 2400 944 obstinato
2451 890 2639 942 animo
2687 906 2779 941 rex
2831 889 3115 947 resistens.
3167 891 3483 945 Suessionis

1888 997 2013 1033 eum
2066 980 2355 1032 constituit
2400 978 2870 1032 transferendun'i.
2906 995 3164 1030 asserens
3213 996 3272 1031 se
3315 971 3484 1049 super

1887 1085 2088 1137 corpus
2133 1069 2252 1135 ejus
2307 1067 2590 1118 hﬂSllltiHll
2648 1066 2910 1117 decenter
2965 1066 3390 1126 seditio-(iturum.
3427 1073 3485 1120 et

1889 1158 1956 1209 ad
1984 1157 2202 1225 laudem,
2229 1164 2283 1208 et
2301 1155 2537 1224 gloriam
2562 1154 2760 1206 divinae
2784 1155 3090 1221 majestatis
3117 1154 3482 1208 ccenobialem

1887 1263 2170 1298 servorum
2206 1246 2302 1298 Dei
2349 1237 2597 1312 regulam
2644 1243 3055 1295 ordinatur-Im.
3089 1244 3272 1297 Cessit
3313 1244 3486 1315 igitur

1889 1335 2246 1388 beatissimus
2269 1334 2518 1403 pontifex
2546 1333 2710 1400 regiae
2732 1332 3102 1400 dispositioni.
3129 1340 3184 1385 et
3208 1332 3483 1386 indef'esse

1891 1441 1948 1476 se
1977 1441 2216 1493 suosque
2283 1424 2516 1474 llomino
2560 1421 2975 1473 cmnmemlans.
3025 1421 3177 1474 ﬁnita
3230 1423 3485 1474 oratione

1890 1514 2145 1582 Spiritum
2201 1511 2493 1565 exhalavit.
2545 1512 2586 1559 (ὶ
2634 1510 2759 1561 felix
2803 1527 3021 1578 corpus,
3075 1509 3486 1580 felicioremque

1892 1602 2137 1654 animam
2165 1602 2175 1653 Ξ
2214 1602 2353 1660 Mox,
2389 1616 2580 1652 eorum
2615 1598 2924 1650 certissimo
2949 1598 3040 1667 qui
3072 1599 3308 1652 aderant
3336 1600 3489 1652 testi-

1895 1691 2098 1744 monio.
2133 1690 2252 1742 coeli
2284 1688 2462 1758 aperti
2495 1695 2644 1744 sunt.
2681 1694 2738 1739 et
2778 1686 2959 1739 divina
3005 1687 3324 1748 luminaria,
3371 1689 3488 1749 fere

1898 1797 1993 1848 per
2038 1781 2274 1832 duarum
2315 1769 2589 1850 horarum
2636 1776 2897 1845 spatium.
2934 1782 3062 1828 ante
3094 1777 3281 1829 Sancti
3313 1794 3488 1847 appa-

208 1864 388 1917 decim
422 1881 694 1916 annorum
726 1862 990 1931 spatium.
1022 1862 1142 1913 licet
1177 1859 1362 1930 aliquo
1399 1861 1613 1914 itineris
1643 1862 1806 1913 inter-
1828 1849 2057 1921 Bruere
2091 1866 2458 1938 praesentiam,
2503 1867 2570 1918 de
2601 1865 2845 1917 tenebris
2889 1883 3016 1918 eum
3050 1866 3386 1918 transitoriis
3418 1867 3486 1920 ad

209 1954 354 2006 vallo
385 1953 582 2005 remoti
627 1965 833 2005 essent.
867 1951 936 2002 ad
967 1949 1214 2002 divinum
1259 1969 1353 2002 eos
1391 1947 1602 2003 cultum
1638 1949 1808 2002 infor-

1893 1957 2068 2008 lueem
2104 1955 2451 2022 designantia
2497 1971 2593 2024 pro
2631 1949 2782 2006 certo
2825 1954 3094 2005 transisse
3139 1962 3485 2024 perpetuam.

209 2059 370 2096 mare
428 2037 810 2094 indesinenter
875 2039 1196 2091 elaboravit.
1252 2039 1583 2102 Quindecim
1648 2039 1810 2091 annis
1883 2039 2009 2097 Ἠυο
2057 2052 2212 2097 tanto
2265 2043 2567 2095 beatissimi
2613 2041 2865 2112 praesulis
2913 2043 3144 2094 animati
3197 2043 3484 2109 miraculo,

210 2129 568 2184 commissam
612 2130 714 2182 sibi
763 2129 1035 2182 'divinitus
1078 2125 1280 2180 insedit
1319 2129 1644 2180 cathedram
1691 2145 1700 2155 ·
1746 2145 1810 2180 eo

209 2222 268 2274 in
313 2228 583 2289 tempore,
621 2235 724 2270 non
777 2218 896 2269 sine
944 2218 1117 2269 multo
1163 2218 1370 2279 labore,
1420 2217 1731 2269 incredulos
1759 2223 1814 2268 et

197 2307 467 2364 infideles
494 2308 560 2360 ad
598 2307 760 2359 ﬁdem
787 2305 1042 2358 edat-avit
1072 2306 1397 2357 catholicam
1427 2327 1435 2357 :
1469 2306 1813 2359 reaidilicatis

212 2397 480 2454 ecclesiis.
517 2414 610 2449 eos
639 2396 730 2465 qui
765 2395 874 2447 Deo
900 2393 1029 2446 inibi
1057 2395 1347 2458 servirent,
1372 2412 1478 2447 non
1504 2395 1622 2446 sine
1644 2411 1813 2448 sacra:

211 2504 416 2540 manus
464 2483 819 2555 irnposiitione
868 2483 1128 2536 decenter
1157 2483 1531 2542 consecravit;
1569 2490 1623 2534 et
1649 2484 1814 2552 quid-

212 2570 346 2647 quid
376 2573 493 2627 ‘Deo
531 2575 790 2644 placitum
837 2580 1083 2626 noverat.
1129 2565 1535 2643 incessabiliter
1573 2582 1628 2626 et
1649 2569 1813 2627 inex-

210 2664 495 2734 cogitabili
524 2659 816 2716 devotione
846 2659 1122 2714 ordinavit
1154 2660 1203 2732 (8
1236 2706 1245 2714 .

286 2751 374 2809 ‘Zl.
415 2749 601 2820 Hujus
641 2770 772 2820 ergo
811 2751 1078 2819 temporis
1122 2757 1404 2803 transacto
1449 2752 1649 2821 spatio,
1684 2768 1813 2804 san-

211 2850 366 2896 ctum
403 2835 498 2894 Dei
553 2841 869 2909 pontificem
925 2838 1253 2905 gravissima
1297 2834 1531 2908 contigit
1576 2833 1813 2909 deprimi

211 2931 466 3001 corporis
514 2929 860 2988 inﬁrmitate,
910 2936 965 2980 et
1015 2927 1388 2980 invalescente
1438 2928 1627 2980 morbo
1690 2947 1813 2980 cor-

210 3039 414 3094 poreos
446 3021 566 3086 ejus
605 3036 802 3070 sensus
854 3018 922 3069 de
965 3017 1052 3068 die
1104 3017 1154 3068 in
1188 3017 1333 3069 diem
1369 3018 1636 3085 paulatim
1672 3017 1810 3070 deﬁ-

212 3128 360 3163 cere.
401 3108 629 3162 Jacebat
654 3102 876 3176 quidem
915 3106 1100 3158 Sancti
1134 3123 1333 3175 corpus
1365 3107 1515 3158 0mm
1544 3124 1683 3175 pene
1713 3124 1815 3159 sua

205 3199 390 3268 ipsius
441 3195 641 3250 virtute
697 3194 1071 3260 destitutum;
1134 3189 1362 3263 spiritus
1421 3201 1628 3254 autem.
1687 3193 1814 3263 quia

212 3297 440 3355 semper
487 3284 769 3336 Christum
821 3283 1252 3340 desideraverat,
1293 3283 1443 3335 omni
1477 3284 1598 3335 nisu
1632 3282 1809 3352 suspi-

203 3371 378 3429 rabat
405 3373 474 3426 ad
517 3390 680 3436 eum;
729 3373 932 3424 fessum
979 3389 1179 3441 corpus
1216 3371 1284 3423 ad
1327 3379 1484 3424 suam
1516 3371 1815 3424 anhelabat

214 3462 532 3517 materiem.
568 3461 755 3513 anima
797 3477 923 3512 vero
981 3458 1048 3511 ad
1107 3477 1227 3512 eam
1281 3460 1426 3511 unde
1470 3466 1817 3528 processerat

212 3551 484 3605 tendebat
526 3549 927 3601 haereditatem.
967 3548 1333 3600 Confluebant
1379 3548 1642 3617 undique.
1677 3565 1814 3616 quos

213 3643 338 3711 ipse
367 3639 639 3709 regendos
668 3644 1005 3706 susceperat,
1039 3638 1104 3688 ad
1141 3637 1378 3706 pastoris
1422 3638 1594 3689 sancti
1633 3636 1814 3705 plora-

211 3731 463 3784 bundam
523 3729 892 3781 visitationem
940 3747 949 3778 :
994 3725 1349 3780 confluebant
1409 3727 1652 3796 undique
1694 3727 1809 3790 ﬁlii,

217 3827 510 3892 paternam
561 3817 662 3870 sibi
705 3818 958 3884 lugentes
988 3816 1156 3868 adimi
1197 3816 1658 3870 consolationem.
1710 3816 1816 3866 Ve-

215 3926 367 3968 rum,
403 3909 528 3960 licet
577 3924 774 3975 corpus
805 3913 860 3957 et
907 3922 1103 3956 sensus
1148 3906 1266 3971 ejus
1315 3921 1608 3973 corporeus
1636 3907 1818 3973 gravis

213 3995 314 4052 illa
349 3995 542 4048 mortis
574 3993 1210 4063 occupassetinstantia.
1247 4010 1354 4044 non
1388 4000 1572 4044 tamen
1608 4010 1636 4044 a
1679 4009 1818 4061 pra:-

218 4085 518 4139 dicationis
565 4084 744 4136 officio
775 4081 1139 4134 sanctissimae
1184 4082 1359 4150 ipsius
1407 4081 1606 4148 linguae
1641 4088 1818 4134 retar-

221 4168 464 4229 dabatur
527 4169 801 4224 facundia.
872 4171 1046 4224 Deum
1113 4171 1277 4222 corde
1343 4169 1691 4238 suspirabat,
1761 4176 1818 4222 et

222 4281 320 4318 ore
376 4257 657 4315 fatebatur
699 4279 709 4312 :
757 4259 929 4312 Deum
971 4259 1313 4311 incessanter
1352 4259 1706 4328 j’ira-idicabat,
1766 4265 1819 4312 et

225 4353 297 4406 ad
323 4349 495 4404 fidem
528 4349 878 4406 catholicam.
911 4363 1088 4417 nsque
1133 4349 1199 4400 ad
1248 4347 1429 4416 ipsum
1475 4345 1669 4399 mortis
1709 4365 1820 4400 suae

225 4446 598 4499 momentum,
632 4454 989 4507 quoscunque
1015 4443 1235 4506 poterat
1252 4433 1538 4489 instanter
1564 4437 1822 4488 exhorta-

215 4527 409 4583 batUr.

300 4617 385 4674 2‘2.
442 4615 579 4670 Cum
625 4615 814 4668 autem
855 4614 1058 4667 beatus
1100 4613 1196 4665 hic
1245 4614 1487 4683 pontifex
1535 4613 1657 4666 vitae
1695 4631 1826 4683 pro-

227 4703 531 4780 pinquaret
559 4706 625 4757 ad
659 4701 889 4756 exitum.
935 4702 1168 4771 contigit
1196 4702 1579 4755 t'hlotharium
1614 4719 1822 4771 regem,

229 4803 526 4868 postquam
556 4793 840 4845 Chranum
875 4792 1047 4844 ﬁlium
1080 4807 1242 4842 suum
1275 4809 1398 4843 cum
1433 4807 1601 4842 uxore
1634 4807 1732 4842 sua
1763 4805 1827 4840 ac

231 4883 456 4937 ﬁliabus
477 4879 877 4936 combusserat,
897 4895 929 4930 a
951 4877 1177 4946 regione
1193 4878 1392 4930 reverti
1411 4877 1823 4931 Britannorum.

232 4972 473 5042 Cognita
516 4986 642 5022 vero
678 4968 854 5035 hujus
899 4965 1216 5019 valetudine
1267 4967 1561 5035 pontiﬁcis.
1597 4966 1664 5018 ad
1703 4982 1829 5018 eum

231 5061 522 5115 Visendum
557 5057 845 5111 humiliter
877 5056 1176 5116 festinavit,
1204 5055 1322 5122 ejus
1345 5073 1402 5107 se
1433 5072 1543 5107 non
1575 5055 1831 5108 difﬁdens

231 5158 430 5206 contra
455 5145 755 5201 diabolicas
787 5141 1576 5197 inf‘estationesbenedictione
1605 5144 1826 5208 muniri,

233 5249 290 5295 et
309 5236 721 5294 intercessione
767 5235 913 5303 apud
965 5233 1206 5286 divinam
1241 5235 1590 5302 n'ia'jestatem
1635 5249 1831 5286 recon-

313 5407 378 5473 (8l
404 5409 476 5462 'In
513 5406 637 5458 Vita
667 5399 845 5455 altera
889 5401 987 5464 ait,
1033 5420 1058 5454 (ι
1108 5417 1152 5473 ειν
1175 5401 1241 5454 ³8.
1269 5400 1533 5453 Medardo
1565 5401 1619 5454 S.
1644 5399 1836 5454 ‘Rade-

213 5481 408 5552 :gundi
468 5476 815 5552 impositum
854 5473 1038 5552 fuisse
1075 5472 1278 5552 velum,
1329 5486 1579 5540 eamque
1631 5480 1837 5526 sanctae

219 5543 600 5624 rprofessionis
643 5544 918 5615 :primitiis
953 5543 1264 5624 =initiatam_,
1325 5548 1400 5624 et_
1446 5559 1680 5611 quaeque
1711 5561 1835 5624 Ase-

221 5613 462 5695 ﬁgenda
495 5613 711 5698 forent,
752 5631 985 5698 quaeqpe
1023 5613 1609 5698 evitplpdauedjoctam.
1650 5634 1669 5663 ι
1705 5615 1839 5695 Quae

213 5679 504 5766 poterunt
531 5679 621 5744 ad
659 5679 782 5758 huj'
780 5704 842 5741 us
887 5679 1076 5739 Vitam
1117 5680 1192 5741 '1‘3
1238 5681 1480 5756 Augusti
1525 5680 1838 5739 accuratius

1835 3164 1875 3224 C

1846 4479 1890 4535 Ι)

1895 2133 2092 2201 majori
2128 2140 2189 2184 ut
2218 2149 2343 2184 eum
2378 2133 2746 2184 transferrent
2775 2131 2990 2182 accensi
3025 2139 3157 2183 sunt
3185 2119 3484 2186 desiderio.

1881 2221 2140 2290 (Corpore
2199 2221 2384 2290 itaque
2446 2227 2638 2272 sancto
2694 2219 3002 2288 composito
3061 2237 3124 2272 ac
3180 2220 3364 2272 delato
3417 2221 3488 2272 ad

1897 2311 2207 2374 ecclesiam,
2234 2318 2392 2361 nocte
2425 2305 2522 2361 illa
2550 2308 2920 2377 exsequialem
2954 2325 3077 2361 cum
3115 2309 3292 2362 multa
3329 2309 3492 2362 devo-

1882 2391 2050 2452 tione.
2079 2398 2435 2452 celebrarunt
2458 2397 2702 2466 vigiliam
2726 2398 2824 2461 (Si).

2514 2490 2745 2543 CAPUT
2773 2479 2877 2543 'iv.

1935 2585 2139 2649 Corpus
2170 2583 2509 2636 Suessionmn
2560 2583 2919 2632 translatum.
2969 2579 3129 2632 Varia
3177 2583 3455 2634 miracula

2566 2656 2813 2718 patrata.

1968 2748 2052 2804 ‘23.
2089 2748 2251 2801 Mane
2299 2765 2427 2800 vero
2467 2744 2643 2802 'f'acto.
2687 2764 2812 2798 cum
2868 2744 3132 2816 episcopi.
3183 2745 3382 2816 quibus
3412 2747 3494 2800 in—

1897 2844 2106 2890 teresse
2161 2838 2504 2905 contigerat.
2577 2851 2738 2887 suum
2797 2834 3059 2888 defuncto
3121 2831 3495 2890 celebrassent

1898 2926 2160 2986 officium,
2188 2917 2540 2995 inopinabilis
2571 2915 2870 2976 multitudo
2901 2919 3159 2976 convenit
3183 2923 3450 2977 nobilium
3477 2944 3489 2977 :

1898 3031 1958 3067 ex
1993 3014 2238 3067 castellis
2284 3020 2338 3065 et
2389 3008 2727 3066 civitatibus.
2762 3011 2828 3064 de
2877 3010 3028 3080 agris
3076 3017 3130 3065 et
3169 3009 3494 3083 municipiis

1898 3103 2284 3172 adjacentibus
2329 3095 3003 3155 inaestimabilis'accurrit
3034 3110 3357 3164 conventus,
3399 3099 3495 3154 alii

1899 3190 2016 3261 ejus
2065 3193 2258 3244 devote
2306 3191 2688 3243 desiderantes
2740 3189 3010 3242 interesse
3054 3189 3352 3258 obsequiis.
3399 3185 3497 3242 alii

1897 3281 2196 3333 admodum
2235 3277 2503 3349 lugentes
2552 3288 2763 3347 patrem
2815 3276 3064 3348 separari
3114 3296 3147 3331 a
3196 3278 3347 3332 filiis.
3391 3279 3499 3332 Per

1899 3369 2110 3422 medias
2158 3387 2288 3438 ergo
2340 3367 2676 3438 plorantium
2733 3369 3010 3438 lacrymas
3041 3385 3133 3420 rex
3165 3366 3495 3438 irrumpens

1897 3476 2020 3511 cum
2056 3458 2330 3528 episcopis
2376 3463 2432 3509 et
2475 3455 2857 3526 eptimatibus.
2892 3455 3213 3526 suisipsius
3244 3455 3494 3510 humeris

1898 3565 2096 3616 corpus
2164 3546 2397 3599 sustulit
2460 3546 2874 3598 sanctissimum
2944 3545 3276 3607 Suessinnis,
3355 3547 3498 3599 sicut

1899 3636 2244 3704 praedixerat.
2281 3637 2476 3688 ell‘erre
2511 3636 2698 3687 volens
2729 3635 2796 3686 ad
2839 3633 3245 3703 sepeliendum.
3294 3633 3371 3687 Ea
3409 3634 3496 3687 ni-

1899 3725 2100 3777 mirum
2141 3726 2296 3782 hora,
2338 3723 2538 3793 quibus
2567 3723 2838 3775 interesse
2871 3721 3121 3790 contigit.
3157 3721 3497 3776 ineffabilem

1887 3813 2144 3880 'lugentis
2175 3812 2356 3882 populi
2406 3829 2674 3880 expavere
2707 3811 3000 3880 gemitum.
3028 3810 3157 3862 dum
3192 3828 3300 3864 non
3334 3812 3498 3863 modo

1889 3901 1996 3954 illa
2042 3902 2095 3953 in
2129 3901 2380 3964 ecclesia,
2415 3902 2509 3952 sed
2555 3907 2610 3952 et
2657 3917 2754 3968 per
2805 3906 2976 3952 totam
3028 3899 3306 3952 civitatem
3342 3906 3398 3952 et
3443 3899 3496 3952 in

1902 3989 2185 4043 suburbio.
2247 4007 2344 4059 per
2396 3990 2539 4041 vicos
2591 4005 2808 4058 quoque
2845 3995 2901 4040 et
2941 3989 3172 4056 plateas,
3227 4005 3393 4041 unam
3444 3994 3501 4040 et

1903 4079 2155 4131 eamdem
2211 4095 2394 4130 vocem
2446 4077 2706 4129 audirent
2755 4077 3122 4146 plorantium.
3163 4076 3501 4130 Recolebant

1902 4167 2178 4238 siquidem
2212 4167 2364 4219 urbis
2395 4167 2540 4218 illius
2590 4166 2864 4234 indigena:
2909 4165 3089 4218 Patris
3135 4165 3494 4231 sanctissimi,

1905 4274 2012 4326 qua
2034 4262 2263 4308 eotenus
2293 4253 2575 4306 informati
2610 4253 3330 4322 fuerant,benignissimam
3365 4255 3501 4322 prae-

1903 4343 2236 4397 dicationem
2261 4363 2271 4407 ;
2309 4342 2571 4394 dolebant
2595 4358 2722 4394 vero
2749 4350 2805 4394 et
2834 4343 3190 4395 vehementer
3215 4339 3500 4412 angeban-

1896 4437 2020 4493 tur,
2069 4432 2199 4501 quia
2247 4448 2373 4484 cum
2410 4429 2645 4483 'Patrem
2701 4431 3036 4491 amisissent,
3091 4431 3271 4484 Patris
3331 4431 3500 4484 etiam

1911 4521 2216 4590 sepultura.
2253 4520 2399 4588 regis
2427 4527 2481 4572 et
2510 4536 2801 4589 procerum
2837 4513 3115 4580 violentia,
3151 4517 3502 4573 l'ruStrtiban-

1901 4615 2018 4662 'tur.
2055 4609 2553 4678 Compatiebantur
2584 4609 2676 4677 qui
2717 4602 3157 4678 supervenerant
3186 4607 3254 4661 ad
3287 4605 3504 4662 tantam

1911 4698 2084 4768 plebis
2131 4697 2280 4750 illius
2330 4705 2716 4766 compunctam
2759 4697 3279 4766 illacrymationem.
3315 4713 3504 4750 verum

1912 4787 2041 4857 quia
2064 4787 2213 4856 regia
2245 4785 2479 4855 urgebat
2506 4785 2767 4854 dignitas,
2796 4786 2864 4838 a'd
2893 4786 3231 4839 sanctissimi
3258 4785 3508 4855 corporis

1899 4874 2123 4928 intente
2156 4874 2493 4927 insudabant
2534 4875 2978 4927 translationem.
2999 4871 3112 4926 'Vix
3147 4891 3279 4943 ergo
3311 4881 3363 4926 et
3394 4890 3506 4926 non

1914 4966 2032 5017 sine
2067 4965 2243 5017 multo
2275 4963 2481 5018 labore.
2517 4969 2677 5032 patre
2708 4962 3072 5016 mcerentibus
3102 4951 3158 5036 et
3188 4961 3510 5031 lugentibus

1911 5053 2042 5106 ﬁliis
2089 5061 2297 5123 erepto,
2332 5051 2474 5105 sicut
2521 5068 2552 5104 a
2584 5050 2750 5121 Rege
2790 5045 3278 5122 acceperant.'iter
3307 5053 3511 5121 aggre-

1913 5143 2160 5196 diuntur.

1984 5230 2070 5287 24.
2108 5230 2285 5300 Hujus
2315 5230 2507 5284 audita
2535 5227 2904 5284 translatione
2935 5217 3271 5284 sanctissimi
3301 5227 3515 5282 confes-

2353 5488 2366 5520 :
2407 5490 2429 5521 c
2465 5469 2708 5525 'Funalia
2753 5470 3046 5524 vincebant
3089 5467 3510 5539 tenebras‘prae

1909 5544 2299 5597 immensitate
2332 5544 2577 5596 luminis.
2616 5543 2906 5613 omnisque
2936 5543 3030 5595 illa
3063 5539 3290 5613 basilica
3319 5540 3511 5594 amitis

1921 5631 2209 5670 cex-eorum
2233 5615 2508 5668 adornata
2525 5615 2776 5670 lucernis
2798 5611 3211 5686 resplendebat.
3247 5631 3271 5662 ι
