3934 6410
554 278 586 310 Ι

505 339 643 416 15,11

1524 340 1853 397 RADBODI
1888 336 2396 396 NOVIOMENSIS
2435 339 2762 396 EPISCOPI

3641 341 3771 398 1512

508 465 671 528 soris,
705 469 762 518 et
805 482 918 519 non
947 465 1251 536 desperans
1280 465 1349 517 de
1391 466 1532 519 tanti
1585 467 1875 519 clementia
1925 467 2097 518 inter-
2117 464 2351 524 Atibus.
2376 482 2560 536 regem
2587 482 2787 536 corpus
2809 470 3061 520 sanctum
3084 471 3405 522 reverenter
3426 466 3774 523 transtulisse

507 556 762 614 cesseris,
813 555 960 606 inter
1011 555 1352 624 portantium
1400 572 1604 608 cuneos
1671 573 1847 608 caecus
1876 556 2100 623 quidam

510 640 716 694 feretro
732 659 791 694 se
814 643 1121 696 humillime
1138 644 1425 696 submisit:
1452 653 1500 695 ct
1531 645 1782 713 protinus
1800 645 2101 696 secundum

509 730 676 782 fidem
710 747 888 796 suam,
927 733 1056 801 quia
1091 733 1227 786 bene
1253 742 1591 802 speraverat,
1639 750 1736 803 per
1766 734 1820 787 S.
1853 734 2100 786 Medardi

509 820 793 875 meritum.
827 823 1003 874 visum
1035 823 1281 890 gratuito
1317 823 1408 875 Det
1445 840 1674 876 munere
1705 823 1930 893 recepit.
1957 824 2099 886 Quid

507 908 712 976 plura?
741 910 846 972 Qui
881 911 1032 979 prius
1077 912 1129 963 in
1162 911 1382 964 civitate
1414 919 1626 964 tantam
1677 912 1971 965 audierant
2002 913 2100 964 de-

511 997 785 1050 votionem
823 999 1153 1067 lugentium.
1208 1007 1265 1052 et
1307 1011 1441 1053 tunc
1471 1018 1641 1071 super
1673 1001 1773 1053 hac
1811 1001 1936 1054 caeci
1981 1001 2102 1053 illu-

509 1084 832 1142 minatione.
866 1094 1084 1141 tantum
1123 1089 1214 1142 flei
1248 1095 1300 1142 et
1333 1091 1508 1142 sancti
1562 1089 1844 1143 Pontificis
1889 1090 2100 1160 perspi-

508 1173 727 1228 ciebant
757 1175 1108 1230 miraculum.
1134 1178 1294 1230 ulnas
1326 1178 1693 1231 libentissime
1723 1189 1926 1232 sanctae
1954 1179 2102 1231 illius

507 1263 772 1318 evectioni
823 1273 1164 1336 supponunt.
1216 1267 1412 1335 Magna
1444 1283 1500 1320 se
1532 1267 1709 1320 credit
1737 1267 1975 1322 ditatuin
2011 1284 2098 1320 re-

508 1354 918 1408 niuneratiot'ie.
941 1358 1027 1407 cui
1054 1355 1154 1408 etsi
1182 1372 1290 1408 non
1320 1365 1558 1423 gestare.
1587 1356 1782 1409 saltem
1813 1356 1945 1408 illud
1978 1373 2103 1409 san-

507 1441 580 1493 cti
612 1441 878 1496 feretrum
908 1445 1300 1514 quoquomodo
1332 1445 1486 1497 licuit
1511 1452 1827 1498 attrectare.
1849 1445 2100 1515 Episcopi

509 1538 566 1583 et
614 1532 912 1601 optimates
959 1533 1029 1586 ad
1081 1533 1133 1586 id
1183 1550 1241 1586 se
1292 1534 1453 1587 officii
1505 1534 1760 1588 hilariter
1805 1535 2099 1588 Cohortan-

507 1624 619 1681 tur,
671 1632 728 1673 et
777 1637 918 1674 onus
973 1622 1110 1674 illud
1165 1623 1279 1675 leve
1329 1623 1652 1681 sentientes,
1710 1641 1772 1675 ex
1830 1637 2100 1694 praecepto

509 1709 659 1777 regis
711 1710 856 1779 apud
913 1711 1254 1780 Attipiacum
1313 1713 1795 1770 villam,_fluvium
1850 1715 2099 1766 Axonam

509 1797 731 1866 navigio
761 1800 1271 1868 transgrediuntur.
1306 1801 1667 1855 P-«stmodum
1697 1820 1821 1855 vero
1844 1802 1950 1855 iter
1971 1803 2100 1855 diri-
2123 1816 2160 1875 Β

504 1895 702 1955 gentes
740 1894 934 1940 contra
973 1889 1222 1957 ejusdem
1273 1889 1522 1966 fluminis
1553 1892 1780 1948 undam,
1823 1892 1964 1944 sicut
2006 1909 2098 1943 rex

505 1976 996 2044 praeordinaverat,
1040 1979 1147 2031 iter
1185 1978 1254 2031 ad
1296 1979 1487 2032 urbem
1529 1981 1762 2035 flectunt
1793 1981 2100 2034 Sucssioni-

505 2080 625 2119 cam
643 2110 655 2122 .

575 2154 669 2210 2.3.
713 2155 809 2208 Dei
854 2162 910 2209 et
961 2157 1138 2209 sancti
1184 2158 1460 2227 pontificis
1504 2159 1687 2228 gratia
1737 2157 2104 2212 Bandaredus

509 2244 924 2298 SueSsionensis
975 2247 1286 2316 episcopus,
1339 2264 1461 2300 cum
1515 2248 1701 2300 debita
1754 2249 2104 2316 processione

508 2343 828 2386 reverenter
857 2335 1118 2395 occurrit,
1153 2352 1216 2388 ac
1245 2335 1659 2389 sanctissimum
1708 2353 1908 2405 corpus
1943 2347 2106 2406 prout

508 2421 737 2475 decebat
770 2423 1071 2476 honorifice
1102 2424 1363 2492 suscepit.
1391 2425 1479 2477 Sic
1511 2425 1840 2478 solemniter
1865 2426 1987 2478 felix
2013 2426 2106 2478 illa

511 2510 992 2564 Suessionensium
1042 2512 1235 2564 civitas
1281 2520 1533 2564 sanctum
1572 2513 1664 2565 Dei
1698 2514 1942 2583 suscepit
1971 2532 2104 2567 con-

508 2597 797 2662 fessorem,
830 2599 1147 2669 amplexata
1193 2607 1277 2651 est
1320 2600 1513 2652 festive
1551 2609 1869 2670 patronum.
1905 2603 2105 2655 atnodo

508 2688 797 2759 proprium
849 2689 1042 2758 patriaa
1081 2688 1340 2740 habitura
1387 2689 1731 2742 defensorem
1805 2691 1958 2742 inter
2006 2692 2104 2743 hos

509 2777 927 2847 properantium
975 2793 1180 2829 cuneos
1227 2776 1454 2846 quidam
1498 2796 1556 2830 se
1599 2778 1845 2846 ingessit,
1880 2780 2098 2833 aurium

508 2865 719 2919 diutius
749 2867 1050 2919 frustratus
1081 2865 1261 2917 officio
1291 2883 1303 2931 ;
1339 2866 1428 2934 qui
1466 2882 1590 2918 mox
1628 2876 1686 2919 ut
1717 2869 1958 2938 peplum.
1994 2887 2102 2939 quo

508 2969 724 3007 sacrum
753 2953 1046 3024 tegebatur
1074 2970 1294 3022 corpus.
1339 2954 1640 3007 osrulando
1672 2959 1866 3009 devote
1891 2958 2098 3025 attigit,

507 3044 747 3098 fraudati
790 3061 987 3098 sensus
1028 3060 1186 3096 Usum
1237 3043 1379 3095 illico
1413 3061 1525 3095 san«
1552 3045 1587 3097 ti
1622 3047 1897 3114 pontificis
1939 3047 2097 3099 inter-

2187 571 2249 605 ex
2283 571 2420 606 vera:
2451 554 2758 607 (levt'itionis
2788 557 2990 610 studio.

2258 640 2343 696 '27.
2381 645 2486 694 Rex
2523 643 2753 696 nimium
2784 645 3054 697 attonitus
3081 646 3146 698 ad
3184 647 3369 700 Sancti
3401 647 3644 700 loculum
3672 663 3777 699 non

2186 730 2306 782 sine
2353 733 2524 784 multa
2557 733 2846 785 devotione
2901 736 3388 805 appropinquavit.
3441 744 3494 788 et
3545 735 3776 788 svlemni

2185 820 2325 870 facta
2358 820 2658 873 traditione
2691 822 2828 875 villze
2861 823 3010 875 illius
3043 825 3244 891 regalis
3279 825 3550 879 Croviaci.
3589 825 3642 876 in
3675 841 3780 893 qua

2186 910 2421 961 Sanctus
2459 911 2573 979 ipse
2613 911 2964 979 sepeliendus
3015 921 3153 977 erat,
3192 914 3548 966 medietz‘ttem
3584 915 3780 967 Sancto

2185 998 2360 1050 eidem
2396 999 2715 1067 perenniter
2747 1000 3076 1062 habendam,
3123 1002 3287 1072 sigilli
3324 1003 3492 1071 regali
3543 1003 3775 1070 impres-

2185 1086 2338 1139 sione
2382 1088 2748 1140 confirmavit.
2801 1089 3046 1158 Contigit
3097 1091 3244 1143 illico
3294 1109 3380 1144 res
3413 1091 3685 1144 mirabilis
3724 1097 3779 1145 et

2184 1174 2539 1228 laudabiliter
2587 1177 2890 1229 recitanda.
2945 1179 3064 1230 Mox
3105 1179 3250 1231 enim
3300 1179 3446 1232 ulnis
3474 1180 3779 1249 suppositis

2184 1279 2324 1316 onus
2364 1263 2500 1316 illud
2547 1265 2980 1325 sanctissimum.
3021 1275 3177 1336 parte
3211 1267 3433 1337 quidem
3485 1285 3548 1320 ex
3602 1269 3779 1321 altera

2185 1351 2302 1404 sine
2350 1353 2460 1405 ulla
2501 1354 2830 1411 difficultate
2886 1355 3174 1408 sublevare
3224 1365 3569 1426 potuerunt;
3624 1365 3779 1426 parte

2183 1457 2312 1492 vero
2343 1459 2405 1493 ex
2446 1442 2620 1494 altera
2666 1443 3003 1496 incredibilis
3034 1444 3313 1514 ponderis.
3340 1452 3395 1498 et
3428 1446 3648 1514 penitus
3678 1445 3778 1497 im-

2185 1530 2389 1583 mobile
2422 1541 2833 1600 persenserunt.
2856 1533 2935 1585 Ad
2968 1532 3084 1585 haec
3116 1551 3204 1585 rex
3230 1535 3479 1602 jucunde
3506 1535 3641 1587 satis
3669 1535 3778 1587 vul-

2183 1627 2264 1677 tu,
2323 1628 2535 1672 tantam
2579 1621 2677 1674 Dei
2738 1629 3046 1674 retractans
3093 1623 3354 1691 gratiam.
3409 1641 3574 1692 quam
3616 1623 3777 1677 citius

2183 1709 2364 1776 potuit
2404 1709 2469 1760 ad
2518 1711 2849 1762 confessoris
2887 1711 3223 1764 sanctissimi
3258 1712 3590 1772 dominium,
3626 1713 3775 1765 illam

2183 1813 2348 1864 quam
2395 1796 2500 1848 sibi
2546 1797 2857 1850 retinuerat
2892 1798 3064 1867 jussit
3097 1799 3393 1865 resigillari
3441 1807 3654 1868 partem
3688 1817 3779 1853 re-

2181 1884 2424 1939 siduam.
2469 1886 2580 1938 Nec
2612 1904 2767 1939 mora
2803 1905 2813 1938 :
2859 1887 2954 1940 Dei
2985 1887 3169 1956 gratia
3198 1895 3449 1940 sanctum
3499 1905 3622 1940 mox
3653 1905 3778 1942 sus-

2182 1975 2360 2027 tulere
2391 1974 2528 2026 adeo
2570 1975 2891 2045 levigatum,
2932 1989 2982 2029 ut
3048 1976 3190 2045 quod
3240 1986 3470 2030 eotenus
3513 1977 3778 2047 despera-

2182 2071 2379 2116 verant
2432 2065 2550 2116 sine
2590 2064 2703 2117 ulla
2744 2065 3074 2118 difficultate
3099 2083 3132 2118 a
3157 2066 3348 2136 paucis
3386 2067 3780 2136 deportaretur

2185 2152 2255 2204 ad
2286 2154 2624 2222 sepulcrum.

2256 2241 2326 2296 ‘28
2383 2242 2637 2295 Defertur
2664 2243 2839 2311 igitur
2883 2260 3083 2312 corpus
3127 2249 3380 2298 sanctum
3425 2245 3491 2297 ad
3527 2246 3780 2315 sepultu-

2189 2346 2305 2382 ram
2356 2349 2366 2381 :
2418 2348 2604 2383 verum
2651 2333 2744 2384 illo
2787 2333 2837 2384 in
2888 2333 3088 2385 itinere
3132 2334 3275 2387 DrUs
3322 2335 3780 2404 pretiosissimam

2186 2436 2344 2471 suam
2379 2436 2486 2472 non
2530 2419 2865 2488 dedignatus
2909 2430 2995 2473 est
3042 2421 3347 2474 clarificare
3395 2425 3779 2491 margaritam.

2186 2511 2500 2578 Antequam
2532 2509 2677 2562 enim
2710 2515 2874 2562 terrae
2903 2526 3104 2578 coers
3137 2521 3391 2564 sanctum
3425 2512 3782 2573 conderetur,

2189 2597 2414 2666 quidam
2462 2598 2630 2650 vastis
2671 2606 2994 2652 catenarum
3047 2601 3196 2652 loris.
3247 2599 3468 2652 brachia
3507 2617 3783 2669 surasque

2187 2686 2493 2746 devinctus.
2538 2704 2634 2756 per
2679 2687 2887 2741 medias
2937 2688 3356 2757 properantium
3414 2696 3632 2742 turmas
3671 2706 3784 2743 non

2183 2773 2304 2826 sine
2349 2775 2522 2825 multa
2574 2775 2902 2827 difficultate
2955 2793 3075 2827 sese
3118 2775 3348 2843 injecit;
3402 2777 3488 2828 cui
3542 2795 3666 2829 mox
3725 2784 3786 2831 ut

2185 2865 2360 2915 sancti
2417 2863 2745 2916 confessoris
2799 2881 3118 2917 concessum
3179 2875 3256 2917 est
3313 2872 3546 2933 tangere
3596 2869 3787 2936 Operi-

2190 2961 2458 3016 mcntum,
2509 2954 2699 3006 omnia
2751 2971 2872 3006 mox
2907 2955 3201 3007 dissiluere
3246 2959 3510 3023 repagula
3553 2965 3786 3009 catenar-

2187 3057 2332 3104 rum,
2383 3042 2760 3111 disruptisque
2808 3044 3135 3112 compedum
3193 3043 3443 3098 vinculis.
3500 3044 3788 3100 liberrime

507 3133 755 3186 cessione
785 3134 1066 3202 snsi-ipere
1091 3131 1414 3201 promeruit.
1446 3135 1775 3186 Uralulatur
1799 3135 2096 3186 admodum
2125 3136 2307 3192 Coum
2344 3133 2514 3183 multa
2556 3131 2865 3199 gratiarum
2899 3132 3004 3184 acti
3035 3149 3117 3184 me.
3157 3150 3182 3184 s
3206 3133 3496 3201 ‘t|Ut'b2lllll'
3529 3151 3792 3187 munera-

505 3238 621 3279 rex.
643 3222 1003 3291 gratulantur
1023 3224 1188 3273 etiam
1220 3221 1507 3288 pontifices
1537 3240 1661 3273 cum
1694 3224 2094 3290 optimatibus;

507 3327 772 3380 magnum
810 3314 871 3364 fit
903 3311 955 3362 in
988 3310 1138 3362 t'tl‘lis
1167 3311 1454 3376 gaudium.
1490 3318 1546 3363 et
1576 3319 1822 3363 astantes
1859 3312 2095 3365 universi

509 3396 689 3451 Deum
725 3417 787 3452 ex
822 3406 937 3452 toto
967 3385 1130 3452 Corde
1177 3414 1284 3449 non
1325 3399 1446 3450 sine
1479 3399 1742 3469 lacrymts
1771 3411 2099 3470 compuncte

505 3497 860 3541 venerantur.
1865 3550 1882 3559 ἰ

577 3576 665 3631 ‘26.
703 3577 1134 3631 Retransmeant
1181 3595 1242 3632 ex
1285 3585 1557 3652 praicepto
1597 3577 1744 3647 regis
1777 3579 2097 3646 praedictum

507 3663 714 3718 flumen
742 3669 1008 3720 AXonam.
1038 3670 1399 3740 pene'tiuntq
1420 3687 1474 3721 te
1497 3669 1548 3720 in
1575 3668 1861 3736 prandium,
1890 3667 1978 3719 ubi
2005 3686 2094 3722 rex

505 3756 976 3824 pi'zeordinaverat
994 3759 1361 3826 sepulturam.
1391 3757 1490 3812 ibi.
1526 3758 1633 3809 Deo
1656 3756 1981 3826 disponente
2003 3759 2094 3827 qui

505 3853 701 3896 cuncta
724 3845 987 3914 pra-videt
1008 3853 1061 3898 et
1084 3857 1376 3916 pl‘wnusClt
1421 3845 1691 3902 lecticam.
1711 3864 1814 3914 qua
1840 3855 2092 3900 sanctum

500 3932 651 3986 illius
681 3951 880 4003 cot'pUs
911 3936 1264 3988 erehebatur.
1301 3935 1483 3988 nescio
1515 3951 1625 4004 qua
1659 3935 1727 3985 de.
1757 3952 1920 3987 causa
1959 3954 2091 3989 con-

485 4019 629 4090 tigit
658 4023 880 4093 deponi.
920 4025 983 4075 ιιι
1027 4041 1151 4076 ecce
1182 4024 1378 4077 iterata
1417 4024 1679 4075 miracula
1709 4024 2089 4092 geminantur.

504 4118 560 4163 et
599 4110 655 4163 in
707 4111 998 4164 universali
1047 4121 1342 4181 conspectu
1387 4112 1714 4174 astantimn,
1759 4114 2091 4166 sant-tissimi

504 4200 756 4270 praesulis
795 4202 990 4253 merita
1019 4202 1143 4269 glor
1169 4205 1216 4254 fi-
1239 4213 1407 4255 antur
1461 4204 1599 4254 Cum
1639 4201 1786 4252 enim
1817 4203 2094 4255 sanctissi-

505 4304 651 4340 mam
688 4291 806 4357 ejus
832 4289 1074 4357 glebam,
1099 4307 1163 4342 ex
1197 4291 1440 4359 injuncto
1470 4291 1572 4342 sibi
1600 4292 1798 4348 otficm,
1826 4291 1890 4342 ad
1915 4294 2096 4360 sepul-

502 4384 687 4431 turam
711 4380 1006 4448 deportare
1028 4380 1247 4436 vellent.
1273 4380 1457 4431 divino
1482 4389 1616 4432 nutu
1649 4378 1786 4430 tanti
1811 4398 1932 4431 t‘tllll
1963 4397 2093 4448 pon-

505 4467 654 4520 deris
685 4474 1097 4536 persenserunt.
1137 4475 1200 4519 ut
1229 4468 1379 4520 mille
1410 4487 1439 4518 ιι
1466 4469 1571 4518 odo
1609 4485 1807 4536 corpus
1841 4470 2026 4521 Sancti
2059 4485 2095 4522 ει

506 4557 646 4608 loco.
669 4555 756 4606 ubi
782 4573 906 4608 eum
930 4555 1324 4626 deposuerant,
1347 4575 1566 4610 movere.
1587 4568 1826 4626 possent.
1847 4558 1946 4611 Alii
1971 4559 2094 4612 aliis

504 4660 613 4698 suc-
635 4644 860 4696 edentes
907 4645 975 4696 ad
1021 4647 1358 4698 evectionem
1409 4645 1542 4698 totis
1592 4646 1798 4698 viribUs
1841 4647 2094 4699 elabora-

507 4732 677 4797 bant;
711 4733 803 4784 alii
852 4734 991 4785 alios
1037 4744 1298 4804 tanquam
1353 4735 1516 4787 invali
1543 4738 1622 4786 los
1661 4744 1716 4787 et
1759 4735 2094 4802 impotentes

505 4821 882 4892 increpabant.
918 4823 1140 4880 Veruar.
1180 4825 1304 4877 licet
1334 4825 1474 4877 alios
1499 4834 1762 4893 tanquam
1794 4824 2094 4878 imbecilles

503 4922 889 4968 causarentur.
933 4913 1031 4971 ipsi
1065 4922 1252 4965 tamen
1285 4930 1408 4966 cum
1441 4919 1506 4964 al
1544 4913 1596 4964 id
1694 4932 1750 4965 se
1785 4929 1877 4982 pra
1903 4929 2093 4982 paras-

505 5010 647 5062 Seut,
673 5000 1072 5053 desiderioon
1095 5015 1157 5053 ex
1189 5012 1303 5053 toto
1325 5000 1756 5053 frustrabantur.
1781 5000 1889 5052 Rex
1916 5009 1972 5052 et
2001 5000 2091 5071 qui

502 5090 737 5142 aderant
765 5091 1063 5159 dittgenter
1107 5107 1288 5143 causa:
1340 5089 1501 5156 hujus
1535 5099 1882 5142 recensentes
1923 5107 2087 5142 θνα-ιιι

503 5187 645 5238 tum,
677 5197 801 5248 cum
839 5179 1057 5247 penitus
1089 5178 1216 5248 quid
1255 5196 1341 5231 res
1381 5179 1493 5230 luet:
1527 5180 1892 5248 praetenderet
1935 5180 2095 5244 igno-

503 5279 712 5328 rarent,
751 5268 844 5321 Dei
885 5269 1059 5320 solius
1092 5267 1416 5337 suppliciter
1449 5282 1617 5334 super
1650 5267 1749 5317 hoc
1789 5269 2097 5319 csorabant

500 5359 828 5411 subsidium.
855 5357 1152 5409 Tuiuultus
1175 5374 1284 5408 non
1317 5359 1578 5408 imttimus
1607 5371 1774 5426 sUper
1799 5356 1899 5409 hac
1927 5365 2097 5408 retar-

498 5447 725 5500 datioue
773 5446 1156 5516 perstrepebat
1202 5447 1253 5497 in
1301 5446 1522 5514 populo,
1572 5443 1883 5497 dicentibus
1926 5445 2088 5510 aliis;

501 5536 634 5604 quia
657 5536 724 5586 de
743 5535 873 5587 sede
901 5551 1000 5586 sua
1025 5546 1290 5603 tanquam
1346 5534 1486 5602 aptiv
1503 5551 1566 5585 us
1587 5534 1857 5587 abdw'tus
1887 5535 2087 5595 fuerat,

2183 3219 2324 3271 rium
2356 3237 2541 3272 suum.
2589 3221 2920 3272 Perventum
2967 3230 3048 3272 est
3081 3223 3306 3273 tamlem
3343 3222 3406 3272 ad
3455 3239 3574 3273 eam
3611 3240 3786 3292 quain

2185 3308 2233 3359 ei
2285 3325 2396 3364 rex.
2447 3326 2554 3360 non
2588 3309 2707 3361 sine
2753 3311 2843 3361 Dei
2895 3310 3265 3380 providentia.
3315 3312 3794 3379 przeordinaverat

2187 3398 2567 3466 sepulturam:
2594 3397 2793 3467 epist-0.
2823 3399 2979 3451 icutn
3015 3397 3327 3452 abbatibus.
3366 3400 3603 3469 peractis
3630 3401 3792 3468 prius

2183 3504 2306 3556 quae
2353 3486 2444 3538 Hei
2497 3495 2676 3548 erant,
2722 3487 3136 3540 sanctissin‘iutn
3189 3488 3318 3540 illud
3368 3507 3569 3557 corpus
3617 3499 3786 3544 terra:

2183 3575 2574 3628 decentissime
2599 3577 3010 3628 commendant.

2254 3663 2346 3719 ‘29.
2403 3665 2532 3717 Ecce
2583 3665 2881 3718 reiteratur
2922 3672 3113 3719 sancta
3162 3666 3345 3719 Sancti
3394 3667 3593 3733 gloria.
3641 3668 3791 3722 Nam

2180 3769 2302 3805 cum
2324 3752 2441 3821 ejus
2467 3755 2838 3805 sacratissima
2863 3756 3107 3806 membra
3133 3753 3769 3809 tumuloclauderentur

2181 3843 2378 3894 cadum
2420 3849 2674 3908 apertum
2725 3848 2824 3894 est.
2879 3847 2934 3894 et
2986 3841 3108 3894 dum
3155 3842 3424 3894 Columbae
3477 3843 3605 3896 visae
3655 3850 3794 3897 sunt

2176 3932 2272 3983 des
2308 3931 2528 3982 endisse
2567 3929 2722 3999 quasi
2772 3929 2968 3995 nubes,
3015 3947 3078 3982 ac
3109 3930 3175 3982 de
3207 3949 3300 3982 ore
3335 3931 3518 3983 Sancti
3553 3949 3790 4001 egressa

2175 4027 2256 4072 est
2291 4018 2568 4075 columba.
2603 4019 2836 4070 candida
2885 4028 3150 4088 tanquam
3188 4019 3296 4070 nix.
3335 4019 3424 4072 Sic
3462 4019 3640 4086 igitur
3683 4021 3786 4074 Dei

2177 4108 2388 4159 athleta
2437 4107 2732 4159 Medardus
2773 4108 2842 4159 de
2889 4108 3055 4159 terris
3085 4116 3360 4161 ΘνΟιἹὶίιιδ.
3397 4109 3623 4160 laetatur
3650 4127 3783 4162 cum

2175 4196 2426 4263 angelis;
2473 4195 2792 4263 lugentibus
2824 4197 2874 4247 in
2928 4202 3078 4248 terra
3122 4196 3250 4248 ﬁliis
3288 4197 3605 4266 ademptus.
3651 4215 3784 4251 cum

2177 4284 2441 4337 fratribus
2461 4285 2595 4340 suis.
2614 4285 2758 4352 qued
2784 4285 3447 4354 semperdesideraverant.
3473 4299 3788 4340 coronatur

2114 4408 2152 4461 Β
2181 4375 2235 4427 in
2268 4373 2440 4436 caelis,
2473 4374 2560 4426 ubi
2594 4373 3005 4442 gratulabunda
3035 4374 3234 4426 amodo
3265 4390 3388 4426 cam
3416 4374 3629 4428 eisdem
3665 4377 3787 4430 ἵνα-

2180 4464 2358 4517 tribus
2387 4463 2642 4533 sequitur
2686 4467 2900 4533 Agnum
2947 4480 3278 4532 quocunque
3326 4463 3468 4515 ierit.
3508 4467 3789 4533 Sequitur

2177 4570 2308 4622 ergo
2334 4558 2550 4620 Agmim
2584 4563 2640 4604 et
2670 4552 3108 4605 intestiniabilem
3159 4553 3434 4604 inhabitat
3468 4553 3674 4610 lucem.
3714 4555 3788 4609 de

2178 4651 2295 4694 terr
2334 4643 2419 4694 nis
2460 4640 3008 4694 inconnmmlitatibus
3055 4643 3266 4708 gaudet
3305 4658 3364 4693 se
3403 4641 3472 4694 ad
3524 4645 3786 4697 rcelicam

2177 4731 2508 4782 translatum
2546 4729 2817 4798 prosperit
2856 4740 2964 4781 teni
3004 4749 3014 4782 :
3064 4731 3401 4798 gratulatur.
3453 4747 3512 4782 se.
3564 4732 3635 4782 de.
3681 4732 3791 4784 hac

2178 4828 2368 4872 nostra
2413 4818 2738 4872 transitoria
2781 4818 3100 4870 infelicitate
3142 4819 3207 4870 ad
3256 4830 3582 4888 perpetuatn
3638 4839 3793 4873 l'ulll-

2181 4910 2302 4960 mod
2334 4917 2502 4961 tatem
2537 4908 2890 4960 translatum.
2924 4908 2992 4959 de
3037 4907 3282 4960 tenebris
3330 4907 3409 4959 bis
3454 4907 3522 4960 ad
3574 4907 3795 4961 incom-

2179 4998 2425 5067 parabtle.
2460 4997 2644 5048 lumen
2686 5015 2808 5048 esse
2839 5007 3190 5066 assunptum
3219 5016 3229 5058 ;
3281 4998 3502 5049 la-tatm'
3534 5015 3788 5068 quoque,

2177 5103 2236 5138 se
2279 5085 2596 5138 crrnalibus
2640 5097 2865 5138 exutum
2920 5087 2972 5138 ill
3001 5085 3213 5138 rebris.
3265 5086 3534 5152 angelicis
3594 5088 3791 5140 t-hmis

2178 5193 2236 5228 es
2269 5193 2299 5228 e.
2338 5175 2662 5243 ascriptmn.
2722 5175 3068 5228 Exsultemus
3115 5193 3247 5243 ergo
3301 5185 3352 5226 et
3400 5191 3519 5227 nos.
3574 5177 3789 5228 fratres

2177 5263 2541 5323 dilertissitm,
2592 5282 2761 5334 super
2809 5265 2910 5316 hac
2960 5263 3260 5316 beatissimi
3311 5264 3549 5331 pastoris
3601 5266 3786 5317 nostri

2179 5353 2428 5406 Medardi
2468 5353 2865 5422 gloriosissima
2925 5361 3372 5405 remuneratione
3415 5370 3427 5402 :
3479 5370 3787 5406 exoremus

2179 5454 2536 5495 remunerate
2570 5461 2656 5496 em
2686 5443 2808 5508 ejus
2836 5447 3024 5494 lteum.
3053 5442 3306 5494 videlicet
3326 5440 3782 5510 omnipotentem

2177 5533 2418 5586 Patrem.
2458 5549 2567 5600 quo
2597 5531 2929 5583 sanctissimi
2981 5532 3146 5599 hujus
3197 5531 3472 5600 pontificis
3523 5530 3783 5582 Medardi

500 5623 605 5678 hoc
628 5623 897 5677 divinitus
918 5623 1039 5678 ﬁeri
1060 5634 1116 5678 et.
1144 5625 1368 5692 merito,
1392 5633 1448 5678 et
1471 5623 1596 5678 aliis
1616 5629 1804 5678 autem
1827 5622 2089 5693 objicien-
2171 5633 2432 5677 exoratus
2458 5619 2735 5692 precibus,
2766 5634 2868 5673 nos
2899 5636 3026 5674 cuiu
3057 5636 3123 5674 eo
3159 5621 3217 5675 in
3248 5627 3459 5674 aeterna
3488 5619 3657 5689 regni
3687 5619 3784 5673 sui
