3934 6360
218 312 368 371 1513

215 439 499 497 ascribere
544 444 811 517 dignetur
854 451 1202 521 haereditate,
1236 473 1336 527 per
1376 459 1676 519 Dominum
1707 483 1813 520 no-

212 530 396 583 strum
439 531 626 589 Jesum
677 536 959 594 Christum
1007 543 1208 597 Filium
1240 563 1423 614 suum,
1456 552 1549 620 qui
1580 571 1705 608 cum
1748 574 1813 611 eo

208 615 271 670 in
309 620 529 676 unitate
569 624 810 695 Spiritus
858 631 1037 685 sancti
1066 633 1200 687 vivit
1228 640 1285 689 et
1319 615 1516 708 regnat
1546 643 1713 712 Deus,
1750 645 1811 700 in

208 709 418 763 saecula
445 713 797 770 saeculorum.
824 719 1025 774 Amen.

846 817 1084 874 CAPUT
1114 821 1177 874 V.

204 904 449 961 Ecclesia
470 911 572 984 illi
590 918 921 969 constructa.
950 919 1079 971 Alia
1108 923 1406 979 miracula.
1455 927 1810 984 Warimberti

389 983 641 1048 episcopi,
676 991 1007 1041 monasterio
1037 992 1262 1057 injurii,
1296 995 1425 1048 dira
1456 1013 1625 1051 mors.

278 1063 370 1119 30.
419 1067 666 1125 Peractis
697 1073 1058 1130 celeberrime
1104 1077 1409 1136 beatissimi
1450 1086 1549 1139 Dei
1579 1089 1804 1143 athletae

203 1150 446 1221 inferiis,
480 1174 577 1212 rex
632 1161 992 1218 Chlotharius
1039 1184 1210 1238 supra
1259 1173 1571 1229 venerabile
1616 1178 1803 1232 Sancti

204 1257 415 1314 corpus
444 1262 676 1317 parvum
707 1252 779 1304 ad
791 1261 1013 1324 tempus
1019 1257 1193 1323 jussit
1212 1260 1474 1316 aediﬁcari
1490 1267 1798 1335 tugurium,

204 1346 504 1405 quousque
532 1336 604 1390 ad
631 1338 942 1395 faciendam
968 1344 1100 1397 inihi
1143 1348 1453 1417 ecclesiam,
1487 1357 1804 1411 necessaria

201 1428 440 1490 pararet
484 1441 873 1497 expensarum.
914 1433 1214 1489 Contracta
1254 1454 1385 1493 vero
1431 1443 1803 1515 undecunque

202 1511 396 1580 potuit
422 1529 534 1568 non
557 1532 730 1586 parva
758 1522 1015 1589 pecunia,
1049 1532 1305 1580 sanctum
1344 1528 1480 1583 illud
1510 1532 1612 1585 Dei
1642 1511 1803 1587 habi-

202 1600 461 1654 taculum
476 1602 756 1661 instanter
766 1609 941 1664 ordiri
962 1616 1419 1685 perproperabat.
1446 1626 1503 1672 et
1521 1622 1802 1693 plerisque

201 1690 450 1759 negotiis
494 1697 820 1765 postpositis
870 1700 941 1753 ad
986 1701 1089 1756 hoc
1134 1706 1538 1774 perﬁciendum
1584 1712 1801 1768 enixius

200 1777 533 1836 elaborabat
560 1800 572 1836 :
603 1784 846 1857 fecitque
873 1805 1044 1859 parvo
1087 1792 1147 1846 in
1180 1802 1431 1867 tempore
1461 1801 1608 1868 quod
1643 1801 1864 1863 bene-B

200 1868 335 1921 vola
360 1880 693 1942 conceperat
742 1883 949 1938 mente,
991 1880 1118 1937 nisi.
1167 1886 1473 1940 secundum
1507 1891 1654 1960 quod
1679 1892 1802 1945 uni-

202 1955 410 2027 cuique
436 1958 714 2029 imminet,
748 1965 916 2020 rebus
953 1984 1080 2022 eum
1102 1971 1364 2028 humanis
1397 1977 1565 2031 nimis
1594 1979 1800 2034 intem-

202 2046 420 2115 pestive
465 2051 792 2121 contigisset
833 2058 1149 2114 excessisse.
1186 2062 1327 2117 Cum
1366 2066 1516 2120 enim
1554 2067 1611 2122 in
1643 2070 1801 2125 Cotia

203 2134 349 2189 silva
377 2145 580 2194 venatu
625 2151 994 2213 exerceretur,
1029 2150 1229 2217 valida,
1273 2155 1413 2223 proh
1451 2156 1643 2210 dolor!
1686 2176 1806 2214 cor-

203 2232 402 2295 reptus
425 2225 595 2292 febre,
626 2247 755 2286 cum
782 2233 853 2287 ad
880 2235 1209 2308 Compendii
1239 2242 1509 2312 palatium
1534 2249 1801 2317 repedas-

202 2318 313 2379 set,
338 2331 507 2385 parvo
528 2324 656 2388 post
676 2326 932 2393 tempore
958 2333 1138 2382 morte
1176 2338 1510 2400 praeventus,
1552 2342 1801 2405 postmo-

204 2401 344 2457 dum
375 2421 504 2460 vero
546 2407 604 2462 in
635 2411 869 2465 ecclesia
897 2416 1114 2479 eadem,
1162 2435 1330 2488 quam
1374 2422 1491 2491 jam
1525 2425 1803 2481 aediﬁcare

203 2504 474 2562 cceperat,
515 2502 647 2551 ante
681 2507 936 2556 sanctum
977 2503 1164 2576 [servi]
1205 2508 1304 2561 Dei
1338 2510 1587 2566 Medardi
1627 2515 1804 2571 altare

202 2580 511 2638 honoriﬁce
532 2592 618 2640 est
632 2591 902 2659 sepultus.
931 2591 1218 2664 Expensas
1244 2615 1374 2652 vero
1397 2617 1535 2670 quas
1557 2603 1647 2656 hic
1668 2622 1804 2675 prae-

203 2680 502 2741 paraverat
522 2677 695 2746 Operi,
721 2682 1029 2735 secundum
1061 2687 1209 2753 quod
1238 2687 1412 2742 David
1444 2707 1537 2744 rex
1567 2693 1682 2746 ﬁlio
1701 2711 1801 2748 suo

204 2760 493 2816 Salomoni
520 2765 590 2818 ad
629 2768 826 2838 templi
871 2770 1092 2825 Domini
1125 2774 1548 2832 aediﬁcationem
1574 2782 1798 2845 fecerat,

204 2848 323 2902 ﬁlio
344 2866 465 2915 suo,
501 2853 790 2924 Sigeberto
808 2860 1053 2927 nomine,
1086 2864 1152 2915 ad
1185 2866 1606 2923 aediﬁcationem
1632 2873 1802 2926 eccle-

201 2937 324 3002 siae,
361 2956 528 3010 quam
578 2943 694 2998 Deo
720 2954 965 3014 voverat,
1016 2954 1411 3022 expendendas
1451 2957 1751 3031 dereliquit
1782 2981 1794 3033 ;

200 3028 482 3083 mandans
512 3036 569 3084 et
598 3036 939 3092 remandans
960 3039 1030 3099 ei,
1064 3047 1340 3110 quatenus
1371 3046 1417 3099 si
1450 3064 1561 3117 qua
1591 3050 1638 3102 ei
1665 3067 1801 3121 erga

197 3122 420 3187 patrem
451 3120 743 3176 charitatis
771 3125 969 3181 debitae
1001 3129 1222 3185 dilectio
1246 3145 1497 3189 maneret
1532 3140 1686 3192 omni
1717 3120 1805 3193 oc-
1826 3124 2067 3194 Cclesite
2114 3142 2332 3198 clausas

204 3206 435 3261 casione
472 3211 736 3280 seposita,
770 3222 975 3270 sancte
1013 3218 1144 3273 huic
1174 3237 1339 3290 quam
1373 3228 1804 3293 przenotavimus

202 3295 583 3361 aediﬁcationi,
618 3318 908 3373 quousque
950 3306 1254 3363 honoriﬁce
1290 3313 1683 3384 compleretur,
1721 3324 1806 3372 to-

202 3388 323 3438 tam
347 3403 577 3457 prorsus
601 3389 968 3448 intentionem
991 3396 1300 3454 adhiberet.
1780 3396 1791 3409 κ

279 3472 368 3529 31.
399 3475 722 3546 Sigebertus
751 3497 902 3541 vero,
938 3490 1096 3553 patre
1117 3489 1357 3557 sepulto,
1390 3490 1448 3545 in
1474 3509 1646 3563 regno
1676 3512 1803 3550 con-

201 3564 484 3623 ﬁrmatus,
517 3568 666 3637 quod
695 3586 730 3622 a
767 3576 926 3640 patre
968 3572 1025 3626 in
1068 3575 1169 3628 hoc
1214 3587 1537 3650 susceperat
1567 3585 1797 3653 negotii,

201 3652 463 3723 largiflue
499 3664 826 3726 prosecutus
866 3666 968 3715 est.
1018 3664 1351 3721 Admirabili
1400 3671 1548 3724 enim
1599 3652 1802 3729 diversi

199 3742 427 3811 generis
467 3744 719 3814 lapidum
754 3752 1188 3819 constructione,
1238 3760 1546 3814 secundum
1587 3765 1735 3833 quod
1769 3781 1804 3817 a

200 3835 367 3901 patre
413 3842 735 3905 susceperat
802 3841 1091 3895 ecclesiam
1138 3843 1291 3899 illam
1321 3848 1621 3914 decoravit,
1664 3869 1802 3907 auro

203 3924 263 3973 et
291 3928 525 3990 argento
555 3940 621 3978 ac
648 3929 974 3983 necessariis
1002 3930 1061 3984 in
1087 3931 1268 3988 ofﬁcio
1294 3938 1671 3995 ecclesiastico
1705 3959 1800 3996 or-

200 4016 601 4066 namentorum
661 4015 1025 4073 varietatibus
1071 4020 1426 4080 abundanter
1474 4031 1796 4100 exornavit;

201 4115 376 4153 censu
407 4106 463 4155 et
492 4103 825 4173 redditibus,
858 4115 1026 4177 prout
1056 4110 1265 4181 regiam
1296 4115 1530 4170 decebat
1556 4119 1801 4190 dignita-

199 4192 342 4256 tem,
374 4190 673 4247 afﬂuenter
693 4199 750 4248 et
777 4196 1241 4255 excellentissime
1270 4203 1485 4260 ditavit.
1504 4206 1804 4278 Eleganter

198 4294 335 4333 vero
388 4281 625 4336 ecclesia
672 4286 1002 4356 composita.
1036 4289 1409 4363 undecunque
1457 4297 1641 4365 potuit
1687 4300 1800 4353 ele-

199 4367 492 4438 gantiores
522 4369 598 4424 ibi
628 4373 837 4427 sacrari
869 4376 1150 4433 ordinavit
1174 4397 1461 4450 personas,
1493 4403 1602 4456 quo
1624 4393 1681 4441 et
1708 4406 1802 4459 pa-

201 4458 309 4513 tris
338 4458 426 4519 sui
455 4466 645 4517 votum
677 4463 1076 4535 benignissime
1118 4447 1526 4541 compleretur;
1565 4482 1622 4530 et
1662 4447 1868 4532 iriibiD

201 4546 320 4602 Deo
348 4548 407 4602 in
439 4556 710 4606 aeternum
744 4555 1179 4611 ecclesiasticum
1212 4561 1455 4616 ofﬁcium
1486 4581 1550 4618 ex
1590 4566 1796 4632 debito,

199 4653 304 4707 pro
325 4639 626 4696 universali
646 4659 747 4697 sua
776 4644 1034 4700 videlicet
1057 4652 1115 4701 et
1136 4650 1308 4716 patris
1319 4652 1407 4706 sui
1431 4655 1796 4729 omniumque

199 4727 453 4783 ﬁdelium
500 4731 699 4796 salute,
733 4735 1060 4805 perenniter
1085 4738 1457 4797 exhiberetur.
1493 4744 1646 4799 Idem
1678 4727 1796 4818 ipse

194 4817 533 4874 venerabilis
593 4839 692 4876 rex
762 4824 1102 4893 Sigebertus,
1154 4844 1280 4882 cum
1346 4830 1577 4887 fratrem
1629 4852 1794 4891 suum

198 4906 580 4979 Chilpericum
596 4912 821 4966 nomine
833 4915 981 4985 apud
998 4915 1189 4970 urbem
1203 4918 1515 4975 Tornacum
1538 4923 1794 4981 obsidere

197 4996 521 5069 disponeret
581 5002 730 5072 apud
776 5003 1152 5059 Victoriacum
1178 5008 1560 5080 Fredegundis
1587 5016 1792 5084 reginae

196 5087 449 5142 versutia
476 5088 868 5163 interemptus,
901 5111 1026 5148 cum
1071 5095 1227 5166 prius
1259 5114 1388 5152 eum
1420 5100 1677 5157 Lambris
1700 5122 1793 5160 se-

200 5176 491 5247 pelissent,
512 5178 582 5233 ab
602 5179 723 5251 ipso
754 5183 949 5236 eodem
975 5183 1149 5238 fratre
1180 5202 1281 5239 suo
1303 5188 1614 5259 Chilperico
1641 5201 1786 5263 post-

196 5266 428 5321 modum
460 5268 777 5325 Suessionis
803 5272 1034 5340 relatus,
1056 5273 1116 5327 in
1132 5275 1365 5330 ecclesia
1387 5294 1557 5349 quam
1585 5281 1790 5337 decen-

265 5424 468 5514 (lOl‘In
636 5435 1098 5514 permonachum
1133 5436 1590 5514 Suessionensem
1622 5443 1790 5514 longa

194 5500 528 5582 paraphrasi
568 5500 834 5582 dicuntur
878 5507 1060 5561 sanati
1101 5509 1248 5582 caeci,
1274 5511 1456 5582 surdi,
1491 5500 1783 5582 contracti,

193 5571 402 5654 claudi,
429 5572 658 5654 leprosi,
685 5582 959 5654 amentes,
992 5580 1305 5651 paralytici,
1334 5571 1715 5654 energumeni.

268 5641 381 5713 (11)
426 5641 531 5700 Hic
580 5645 640 5701 in
685 5645 818 5702 Vita
860 5641 1058 5721 altera,
1107 5641 1172 5707 ut
1215 5641 1366 5725 apud
1402 5641 1503 5711 nos
1552 5673 1658 5713 ms.
1689 5658 1786 5713 ha-

436 5741 704 5810 Punon.
758 5747 876 5812 CL.

1516 337 1689 393 VITA
1727 341 1785 396 S.
1825 343 2171 402 MEDARDI.

3351 379 3491 440 1514

1826 467 1881 526 Α
1900 469 2116 525 tissime
2137 483 2548 545 composuerat,
2584 498 2757 556 prope
2781 472 2957 558 patris
2981 494 3070 548 sui
3093 500 3375 558 tumulum
3395 506 3490 561 de-

1896 566 2087 613 center
2111 568 2197 615 est
2216 566 2490 635 sepultus.

1962 648 2051 702 32.
2089 651 2233 714 Quia
2268 670 2397 709 vero
2428 674 2530 727 pro
2567 668 2771 718 sanctae
2796 667 2947 723 illius
2973 674 3216 732 ecclesiae
3241 682 3484 738 aediﬁca-

1891 736 2061 803 tione,
2098 757 2198 809 pro
2228 744 2417 798 Sancti
2452 764 2672 820 quoque
2707 755 2792 807 cui
2825 758 3097 816 aediﬁcata
3123 773 3208 819 est
3253 736 3486 827 venera-

1891 825 2063 892 tione,
2086 830 2268 884 adhuc
2296 840 2483 889 autem
2517 855 2617 908 pro
2647 857 2842 912 regum
2874 847 3320 923 honoriﬁcentia,
3346 877 3486 930 quos

1889 919 2435 991 praenominavimus,
2485 934 2664 998 coepto
2717 932 2786 984 ab
2841 952 3008 1006 opere
3068 943 3485 1014 aliquantulum

1889 1002 2230 1061 deviavimus
2260 1013 2460 1066 amodo
2486 1022 2865 1076 necessarium
2888 1026 3145 1084 ducimus
3175 1036 3243 1087 ad
3286 1054 3487 1108 propo-

1888 1090 1981 1143 siti
2023 1096 2200 1148 nostri
2238 1099 2442 1154 seriem
2484 1105 2684 1171 redire,
2731 1127 2963 1183 quaeque
3006 1127 3134 1187 post
3178 1127 3482 1182 transitum

1884 1179 2273 1248 gloriosissimi
2302 1191 2632 1248 confessoris
2644 1198 2714 1249 ad
2740 1200 3006 1258 honorem
3034 1208 3154 1277 ejus
3178 1212 3323 1267 Deus
3354 1233 3484 1287 ope-

1885 1273 2042 1322 ratus
2077 1272 2151 1325 sit
2177 1274 2469 1345 miracula,
2506 1282 2638 1337 licet
2661 1303 2839 1355 pauca
2870 1292 2938 1345 de
2962 1297 3172 1361 multis,
3199 1317 3309 1355 non
3340 1307 3482 1360 resi-

1884 1356 2081 1412 demus
2130 1363 2336 1434 scripto
2379 1374 2793 1430 commendare.
2847 1380 3028 1451 Hujus
3067 1388 3291 1457 quidem
3334 1395 3479 1449 San-

1884 1445 1957 1497 cti
1986 1447 2137 1503 fama
2166 1452 3058 1529 circumquaqueincrebrescente
3082 1474 3208 1543 (10»,
3225 1479 3479 1539 inﬁrmos

1884 1535 2051 1589 variis
2077 1537 2333 1596 detentos
2371 1545 2755 1618 languoribus,
2789 1557 2859 1609 ad
2891 1561 3012 1629 ejus
3041 1570 3372 1625 memoriam
3413 1590 3480 1627 ex

1884 1626 2078 1679 multis
2104 1632 2383 1686 terrarum
2407 1637 2663 1704 partibus
2692 1644 2898 1699 accidit
2913 1626 3195 1709 conﬂuere
3228 1677 3239 1710 :
3274 1661 3477 1730 quibus

1884 1729 1984 1782 per
2006 1717 2269 1772 meritum
2303 1724 2480 1777 sancti
2507 1727 2595 1780 sui
2624 1731 2871 1800 athletae,
2902 1740 3089 1806 gratia
3134 1717 3325 1801 divina
3365 1767 3478 1806 non

1883 1802 2187 1874 dedignata
2213 1814 2298 1863 est
2329 1811 2640 1870 subvenire.
2665 1819 2825 1883 Quod
2851 1841 2983 1895 ergo
3013 1831 3169 1899 prius
3192 1840 3479 1894 memoriae

1883 1895 2145 1960 occurrit,
2168 1897 2326 1966 prius
2356 1900 2629 1970 dicamus,
2668 1916 2945 1979 quatenus
2982 1917 3051 1971 de
3100 1921 3338 1993 singulis
3366 1944 3480 1982 non

1882 1981 2234 2039 solummodo
2253 1987 2586 2061 singulares,
2621 2013 2811 2052 verum
2840 1981 3332 2068 multimodaevDeo
3344 2033 3480 2085 gra-

1883 2069 1975 2123 tiae
2004 2073 2321 2129 referantur
2347 2079 2479 2147 (11).

1951 2158 2038 2215 33.
2073 2162 2439 2232 Tuguriolum
2469 2169 2607 2225 illud
2634 2177 2782 2244 quod
2813 2185 3031 2253 corpori
3071 2195 3264 2245 sancto
3285 2209 3477 2265 super-

1883 2249 2219 2306 aediﬁcatum
2242 2271 2364 2309 esse
2377 2262 2841 2332 praescripsimus,
2857 2276 3027 2329 tantae
3042 2276 3264 2334 virtutis
3293 2283 3481 2340 divina

1885 2338 2219 2409 disponente
2259 2347 2445 2413 gratia
2485 2360 2833 2421 compertum
2882 2368 2966 2414 est
3006 2381 3147 2425 esse,
3187 2377 3250 2423 ut
3279 2373 3324 2424 si
3355 2374 3480 2444 quis

1885 2426 2077 2482 dolore
2125 2430 2379 2488 dentium
2421 2443 2666 2495 attactus
2715 2461 2781 2497 ex
2827 2448 3059 2519 virgulis
3102 2457 3304 2526 quibus

1885 2521 2096 2571 textum
2127 2519 2330 2585 fuerat,
2380 2525 2563 2581 locum
2614 2531 2822 2588 doloris
2868 2519 3145 2611 tangeret,
3188 2550 3482 2607 confestim

1886 2607 2067 2660 omnis
2096 2608 2192 2662 illa
2230 2611 2481 2667 dentium
2522 2617 2824 2677 inﬁrmitas
2862 2627 3207 2699 abigeretur,
3240 2641 3386 2709 quod
3428 2647 3485 2696 et

1886 2695 1943 2747 in
1972 2697 2180 2765 palatio
2220 2702 2371 2769 regis
2413 2704 2759 2776 divulgatum
2806 2722 2907 2769 est.
2947 2695 3479 2799 Quidanrnamque,

1886 2782 2190 2839 Carimeris
2215 2791 2460 2857 nomine,
2507 2796 2601 2865 qui
2643 2816 2708 2851 eo
2750 2800 2806 2855 in
2838 2810 3091 2877 tempore
3137 2814 3481 2874 Childeberti

1884 2873 2031 2941 regis
2080 2876 2495 2935 referendarius
2549 2885 2876 2957 habebatur,
2927 2873 3060 2965 quia
3114 2902 3219 2956 hoc
3284 2873 3483 2964 eodem

1882 2962 2077 3016 morbo
2117 2967 2446 3033 gravissime
2488 2972 2794 3039 laborabat,
2852 2962 3224 3045 adieamdem
3266 2995 3322 3047 S.
3362 2996 3482 3052 Me-

1881 3049 2043 3103 dardi
2087 3052 2373 3109 basilicam
2421 3059 2693 3118 deductus
2734 3074 2835 3122 est.
2884 3071 3139 3147 Cumque
3159 3081 3366 3149 januas
3394 3049 3482 3141 ec-

2385 3151 2703 3221 reperisset,
2738 3163 2795 3211 et
2843 3176 2969 3216 eum
3027 3165 3278 3224 dentium
3321 3174 3484 3230 dolor

1886 3229 2066 3298 magis
2097 3247 2162 3284 ac
2183 3235 2363 3304 magis
2393 3248 2637 3308 urgeret,
2665 3244 2733 3299 de
2763 3263 2876 3302 una
2887 3251 3188 3319 januarum
3214 3260 3485 3320 ﬁduciali-

1885 3323 1974 3371 ter
2003 3320 2283 3376 hastulam
2316 3327 2536 3393 excidit,
2574 3337 2631 3385 et
2665 3334 2760 3388 ubi
2791 3340 2971 3409 magis
3000 3342 3298 3404 inﬁrmitas
3320 3370 3484 3423 gras-

1886 3408 2118 3463 sabatur
2181 3410 2654 3474 conﬁdentissime
2723 3408 2909 3494 quod,
2944 3433 3229 3492 exciderat
3306 3408 3483 3514 appo-

1885 3498 2018 3561 suit,
2068 3517 2307 3572 moxque
2337 3505 2406 3559 ab
2438 3524 2504 3561 eo
2535 3526 2700 3579 quem
2753 3515 2844 3570 diu
2887 3536 3184 3592 perpessus
3223 3498 3484 3588 eratldo-

1885 3587 2002 3641 lore
2050 3589 2318 3646 liberatus
2375 3602 2475 3650 est.
2543 3600 2799 3658 [labetur
2851 3587 3019 3664 etiam
3078 3614 3310 3674 baculus
3359 3625 3480 3694 ejus

1885 3678 2033 3746 apud
2078 3696 2198 3744 nos,
2242 3699 2343 3752 per
2390 3703 2555 3756 quem
2607 3691 2904 3765 plerosque
2948 3698 3201 3759 inﬁrmos
3230 3708 3479 3767 diverso-

1958 3942 2044 3997 34.
2080 3946 2318 4010 Quidam
2342 3969 2564 4025 quoque
2592 3963 2916 4018 catenarum
2947 3964 3082 4023 loris
3110 3970 3477 4034 indissolubi-

1883 4033 2014 4087 liter
2039 4043 2305 4098 arctatus.
2339 4044 2671 4112 gravissima
2708 4050 2877 4106 nimis
2911 4054 3255 4127 fatigatione,
3286 4075 3480 4124 sancta

1887 4123 2235 4181 Sanctissimi
2280 4130 2446 4200 hujus
2494 4136 2764 4205 suffragia
2805 4123 3053 4213 expetiit,
3104 4153 3390 4209 conﬁdens
3418 4123 3480 4212 se

1884 4213 2237 4270 sanctissima
2283 4221 2405 4289 ejus
2454 4222 2855 4283 intercessione
2880 4232 2950 4285 ab
2979 4234 3077 4288 illa
3113 4238 3479 4310 impeditione

1884 4320 2048 4373 posse
2079 4307 2279 4360 resolvi
2325 4309 2398 4365 [lt
2416 4327 2549 4379 ergo
2578 4324 2785 4372 sancta-2
2801 4319 3042 4379 basilicae
3063 4307 3247 4386 valvas
3265 4335 3473 4406 attigit,

1884 4393 2175 4462 repentino
2200 4395 2438 4466 fragore,
2473 4417 2584 4455 uno
2615 4405 2920 4479 eodemque
2951 4424 3253 4484 momento,
3289 4428 3346 4476 et
3369 4393 3480 4479 cce-

1883 4481 1998 4534 lum
2027 4481 2292 4546 intonuit,
2345 4493 2402 4540 et
2447 4491 2618 4545 vastis
2663 4499 2995 4567 compedum
3035 4503 3270 4563 vinculis
3296 4512 3478 4569 disru-

1881 4570 1991 4640 ptis
2007 4578 2063 4624 et
2083 4572 2245 4642 longe
2274 4574 2696 4647 dissilientibus,
2732 4585 2898 4641 homo
2922 4588 3015 4644 ille
3042 4592 3274 4654 indultae
3289 4601 3473 4659 adhuc

1880 4658 2089 4715 inscius
2131 4661 2504 4731 liberalitatis,
2552 4672 2726 4724 multo
2756 4678 3032 4734 attonitus
3063 4690 3311 4757 stupore,
3353 4693 3471 4748 solo

1877 4754 2191 4817 prostratus
2220 4757 2319 4804 est.
2352 4752 2563 4809 Deinde
2602 4763 2902 4831 resumptis
2930 4752 3174 4834 viribus;
3194 4752 3321 4830 cum
3347 4780 3466 4849 jam

1877 4852 1938 4891 se
1964 4838 2201 4892 sentiret
2229 4842 2569 4911 expeditum,
2605 4863 2704 4916 pro
2745 4860 2970 4923 recepta
3000 4858 3258 4919 libertate
3287 4838 3468 4926 Deum

1875 4929 1932 4979 et
1962 4927 2025 4983 S.
2064 4927 2412 4984 Medardum.
2441 4933 2597 5002 cujus
2638 4936 2743 4991 hoc
2778 4939 3178 5004 intercessione
3207 4953 3467 5013 obtinue-

1873 5020 1981 5079 rat,
2009 5016 2234 5072 vocibus
2280 5019 2533 5075 altisonis
2577 5025 2743 5095 coepit
2773 5034 3155 5101 magniﬁcare.
3188 5042 3469 5105 Mirantur

1873 5118 2067 5157 omnes
2090 5110 2205 5158 tam
2228 5106 2556 5164 citissimam
2577 5112 2774 5168 divinae
2805 5117 3023 5176 virtutis
3054 5132 3461 5207 Operationem,

1872 5197 1930 5244 et
1987 5196 2246 5248 concordi
2308 5214 2503 5254 omnes
2556 5203 2957 5263 acclamatione
3010 5196 3463 5285 potentissimani

1871 5282 2049 5335 sancti
2070 5286 2321 5353 praesulis
2351 5291 2673 5347 collaudant
2700 5282 3189 5362 interventionem.

1868 5443 2055 5514 betur,
2075 5526 2081 5530 _
2104 5451 2494 5530 apponebatur
2537 5455 2791 5530 fabulosa

1868 5524 2195 5574 monasterii
2253 5524 2309 5577 S.

1867 5590 2097 5649 omissa.

2848 5466 3125 5550 prom‘otio
3182 5473 3461 5550 privilegii
3508 5497 3529 5513 ‘

2362 5527 2639 5595 Medardi,
2692 5547 2815 5603 quae
2848 5527 3019 5607 apud
3075 5527 3460 5608 Bosciuui

3146 5785 3223 5848 48
