3934 6404
575 434 714 492 i519
1596 433 1916 488 RADBODI
1956 431 2460 488 VOVIOMENSIS
2498 434 2827 491 EPISCOPI
3719 436 3847 497 1520

570 575 794 632 quoquo
817 559 984 611 modo
1012 562 1366 621 venerantur,
1420 558 1540 628 ipsa
1577 564 1900 611 sanctorum
1938 559 2404 628 venera-Aporis
2445 566 2694 614 sanctam
2735 559 3005 614 Noviomi
3049 558 3282 629 regebat
3326 558 3651 623 ecclesiam;
3698 560 3849 629 cujus

571 648 743 706 tione,
765 646 947 716 ipsam
969 645 1067 699 Dei
1085 646 1628 715 majestatem,cujus
1646 646 1828 714 gratia
1848 652 2016 699 tantae
2035 652 2166 699 sunt
2249 649 2500 718 exemplo
2531 655 2587 702 et
2615 648 3011 719 praedicatione
3041 664 3211 718 quam
3234 648 3397 701 multi
3419 647 3489 701 ab
3519 664 3849 702 errorecon-

573 735 967 798 venerationis,
1001 751 1109 787 non
1158 751 1356 804 parum
1405 735 1700 787 honorare.
1746 735 1830 787 Ad
1870 736 1992 803 ejus
2031 751 2164 804 ergo
2248 738 2409 798 versi,
2446 737 2678 806 abjectis
2710 738 2985 791 idolorum
3012 736 3276 799 cultibus,
3308 736 3412 791 sub
3436 742 3596 790 tanto
3627 742 3849 808 pastore

569 824 810 894 gloriam
848 823 1082 893 insignis
1104 824 1219 876 haec
1250 824 1421 891 virgo,
1464 824 1626 892 cujus
1661 824 1962 876 transitum
2013 823 2160 876 cele—
2246 825 2412 878 ﬁdem
2443 843 2502 879 se
2523 827 2836 897 suscepisse
2864 826 3197 880 catholicam
3226 842 3338 879 non
3370 842 3567 896 parum
3596 828 3845 897 gratula-

569 912 819 976 bramus,
853 911 1002 965 unde
1029 917 1161 965 nata
1191 910 1282 975 sit,
1319 917 1376 965 et
1397 912 1677 981 quomodo
1699 912 1755 964 in
1780 912 1883 965 hac
1909 912 2167 965 humani-
2248 913 2472 968 bantur.
2510 916 2665 969 Hanc
2693 914 2868 986 igitur
2898 914 3311 985 benignissimae
3342 915 3545 969 indolis
3574 916 3848 970 oviculam

565 1007 683 1057 tate
705 1001 944 1055 Domino
965 1000 1311 1065 deservierit,
1338 1016 1573 1070 quaeque
1598 1016 1699 1071 per
1718 1017 1844 1054 eam
1868 1000 2165 1072 Deusope-
2250 1000 2685 1072 benignissimus
2748 1005 2867 1074 ipse
2918 1009 3111 1074 pastor
3157 1004 3288 1057 ovili
3351 1020 3453 1057 suo
3519 1004 3847 1059 desideran-

565 1095 723 1145 ratus
758 1089 832 1148 sit
858 1089 1146 1155 miracula,
1196 1106 1373 1159 quove
1428 1090 1539 1143 ﬁne
1593 1089 1879 1142 hominem
1925 1089 2157 1155 exuerit,
2244 1090 2462 1145 tissime
2485 1092 2835 1162 aggregavit,
2857 1108 2982 1146 cum
3016 1108 3141 1145 eam
3170 1091 3450 1163 spirituali
3498 1092 3700 1147 divinae
3754 1094 3852 1148 de-

562 1179 740 1250 ipsius
758 1179 1011 1250 ejusdem
1031 1178 1918 1242 subnixiorationibus,dilectioni
1945 1185 2156 1243 vestrae,
2243 1181 2621 1250 sponsationis
2651 1181 2858 1235 annulo
2888 1180 2959 1234 ab
2990 1180 3168 1234 activa
3212 1181 3327 1234 vita
3365 1180 3424 1234 in
3463 1183 3850 1253 contemplati-

561 1268 677 1325 Deo
702 1274 1007 1332 annuente,
1051 1266 1355 1322 subnotare
1382 1284 1766 1338 properamus.
1808 1312 1819 1325 .
2242 1284 2369 1322 vam
2398 1270 2660 1323 evocavit.
2697 1270 2786 1324 Sic
2806 1270 2997 1340 itaque
3025 1269 3179 1339 virgo
3201 1269 3427 1340 egregia
3463 1269 3522 1324 in
3542 1278 3847 1343 conspectu

629 1362 691 1415 2.
732 1359 864 1413 Haec
884 1358 1111 1429 quidem
1132 1357 1193 1412 in
1217 1374 1361 1428 pago
1391 1357 2159 1428 Ambianensium(l3)Chri-
2241 1358 2397 1427 regia
2452 1364 2508 1411 et
2572 1358 2909 1429 principum,
2971 1357 3203 1412 blandas
3261 1366 3559 1429 parentum
3609 1376 3845 1415 suorum

559 1448 758 1503 stianis
786 1448 939 1502 edita
985 1446 1333 1519 parentibus,
1376 1454 1567 1500 sancto
1603 1447 1660 1500 in
1712 1447 2048 1516 baptismate
2090 1465 2156 1502 ex
2236 1446 2409 1500 libere
2435 1446 2702 1502 abdicans
2732 1446 3141 1518 persuasiones,
3175 1447 3438 1517 Eligium,
3469 1465 3638 1519 quem
3669 1450 3851 1521 Spiri-

559 1555 708 1609 aqua
735 1544 934 1591 renata
962 1541 1019 1590 et
1049 1535 1260 1606 Spiritu
1318 1535 1446 1589 ﬁdei
1495 1542 1701 1590 sanctae
1747 1536 2150 1602 institutiones,
2236 1540 2327 1589 tus
2348 1538 2525 1590 sancti
2547 1537 2732 1606 gratia
2751 1536 3102 1607 spiritualem
3141 1536 3199 1589 in
3229 1536 3454 1591 Patrem
3485 1545 3834 1610 susceperat,

555 1627 929 1698 undecunque
951 1631 1190 1696 poterat,
1224 1630 1281 1679 et
1304 1625 1543 1678 libenter
1570 1625 1911 1695 suscipiebat
1931 1631 1988 1679 et
2007 1643 2158 1681 reve-
2242 1625 2393 1678 omni
2411 1625 2671 1679 submota
2691 1626 3177 1691 dilatione,secuta
3189 1626 3378 1679 est.Ex
3398 1632 3516 1680 tam
3537 1627 3846 1698 improvisa

557 1720 751 1769 renter
773 1713 1198 1784 exsequebatur.
1227 1713 1485 1766 Sentiens
1513 1729 1714 1784 nempe
1745 1714 2049 1768 mortiferae
2095 1732 2155 1769 se
2237 1716 2414 1768 sancti
2445 1716 2686 1786 Spiritus
2716 1715 3085 1786 inspiratione
3124 1720 3374 1770 astantes
3402 1720 3601 1788 stupor
3628 1718 3845 1774 multus

556 1803 862 1859 conditioni
895 1803 1190 1857 obnoxiam
1222 1820 1287 1857 ex
1307 1802 1950 1868 debito,tenerositatem
1970 1804 2152 1858 aetatis
2235 1803 2520 1858 invaserat
2554 1823 2565 1857 :
2600 1810 2761 1874 pater
2788 1806 2910 1875 ejus
2933 1806 3073 1858 ﬂens
3104 1821 3273 1875 quam
3311 1796 3672 1860 familiariter
3724 1823 3845 1862 rem

553 1911 670 1949 suae
699 1898 905 1947 sanctae
949 1892 1128 1946 crucis
1167 1893 1287 1961 jam
1333 1898 1468 1945 tunc
1507 1891 1925 1945 communiebat
1953 1892 2644 1973 signo;Bconsiderabat.
2704 1894 2819 1948 Rex
2884 1893 3053 1947 etiam
3117 1893 3441 1961 Lotharius,
3501 1895 3835 1964 nuptiarum

551 1989 835 2053 noctuque
861 1998 927 2035 ac
954 1981 1046 2035 die
1093 1981 1200 2051 piis
1257 1986 1580 2034 sanctorum
1638 1996 1761 2033 sese
1808 1979 2152 2035 orationibus
2236 1980 2423 2034 subita
2451 1983 2781 2047 mutatione,
2809 1981 3165 2051 magniﬁcam
3199 1980 3397 2034 divinae
3429 1982 3630 2051 gratias
3662 1984 3843 2039 virtu-

548 2070 865 2125 humillime
892 2068 1341 2123 commendabat.
1393 2068 1972 2131 Adolescentularum,
2013 2084 2152 2139 quas
2235 2075 2347 2123 tem
2371 2087 2481 2124 non
2507 2070 2801 2124 minimum
2825 2070 3241 2124 admirabatur:
3272 2077 3337 2124 ut
3364 2077 3553 2125 tamen
3584 2073 3845 2141 ejusdem

549 2160 857 2215 irreventes
902 2159 1179 2223 audierat,
1232 2159 1464 2212 lascivos
1506 2156 1750 2211 evitabat
1807 2164 2147 2223 conventus;
2234 2158 2463 2228 virginis
2502 2159 2643 2212 felici
2677 2160 2827 2229 apud
2863 2159 3163 2213 Dominum
3190 2160 3685 2215 commendaretur
3712 2178 3843 2215 ora-

549 2265 689 2320 quas
711 2254 902 2303 autem
931 2247 1060 2302 utili
1089 2252 1146 2301 et
1173 2247 1409 2300 honesto
1439 2246 1687 2299 intentas
1717 2251 1970 2313 noverat,
1986 2245 2064 2299 eis
2093 2250 2153 2299 et
2232 2246 2403 2309 tione,
2442 2248 2762 2302 benevolam
2790 2249 2912 2319 ejus
2943 2248 3293 2304 devotionem
3313 2250 3488 2321 regali
3510 2253 3843 2307 muniﬁcen-

543 2338 786 2393 libenter
809 2338 1080 2392 intererat
1101 2343 1157 2389 et
1204 2335 1420 2389 intente
1468 2334 1831 2389 imitabatur:
1893 2334 2152 2388 audierat
2232 2336 2313 2389 tia
2332 2337 2545 2406 primus
2576 2338 2697 2408 ipse
2725 2338 3044 2409 properavit
3075 2338 3407 2393 confortare.
3450 2341 3837 2396 Assentienti-

549 2426 757 2482 etenim
778 2426 963 2497 pravis
1000 2421 1546 2478 confabulationibus
1578 2439 1762 2477 mores
1810 2423 1988 2477 bonos
2019 2440 2144 2477 cor-
2230 2423 2335 2479 bus
2358 2426 2635 2496 siquidem
2666 2426 2745 2480 eis
2766 2426 2861 2497 qui
2886 2426 3144 2495 aderant,
3177 2427 3331 2482 dedit
3359 2427 3410 2481 ei
3435 2444 3562 2482 cum
3584 2431 3839 2486 oratorio

546 2515 735 2587 rumpi
760 2534 772 2568 :
797 2514 1051 2569 audierat
1073 2513 1240 2566 etiam
1264 2527 1392 2565 cum
1414 2517 1607 2565 sancto
1628 2517 1882 2566 sanctum
1913 2529 2053 2579 esse,
2090 2519 2148 2568 et
2231 2515 2286 2568 S.
2323 2514 2549 2585 Georgii
2571 2532 2734 2569 suum
2766 2517 2915 2586 quod
2945 2514 3202 2570 Noviomi
3233 2515 3475 2571 habebat
3524 2516 3638 2589 (14)
3676 2520 3838 2590 pala-

545 2621 675 2661 cum
703 2618 965 2676 perverso
994 2601 1378 2674 perversitatis
1427 2600 1734 2671 quemlibet
1764 2602 2002 2656 infamia
2049 2620 2147 2658 no-

543 2694 673 2750 tari.

2228 2602 2368 2657 tium
2395 2623 2407 2671 ;
2441 2604 2583 2658 duas
2612 2621 2835 2675 quoque
2865 2604 3038 2671 villas,
3057 2604 3172 2674 (15)
3199 2621 3324 2659 cum
3355 2607 3652 2661 duodecim
3674 2607 3837 2662 femi-

2226 2692 2313 2747 nis
2341 2710 2407 2747 ex
2437 2694 2569 2748 ﬁsco
2607 2694 2802 2765 regali,
2826 2694 2932 2748 sub
2970 2699 3179 2749 sanctae
3207 2694 3437 2765 virginis
3465 2696 3749 2767 regimine
3766 2691 3838 2753 ad

616 2783 667 2839 3.
701 2783 758 2838 A
781 2781 1109 2856 parentibus
1142 2796 1275 2851 ergo
1305 2779 1606 2849 diligenter
1633 2779 1889 2847 educata,
1922 2797 2051 2836 cum
2070 2782 2143 2837 ad
2225 2781 2399 2837 divini
2429 2783 2613 2837 cultus
2644 2782 2919 2837 subscribi
2936 2784 3110 2853 jussit
3139 2784 3617 2854 supplementum.

540 2871 790 2929 nubilem
817 2869 1163 2942 pervenisset
1190 2873 1432 2933 aetatem,
1466 2867 1737 2922 nobilium
1769 2885 1891 2923 eam
1938 2886 2139 2940 quam-

540 2961 751 3033 plures.
782 2964 979 3031 utpote
1003 2959 1073 3013 de
1101 2956 1382 3011 nobilibus
1411 2955 1677 3010 nobiliter
1710 2963 1922 3023 natam,
1952 2959 2023 3012 ad
2053 2966 2136 3013 to-

539 3065 669 3104 rum
704 3049 976 3103 asciscere
1045 3045 1395 3101 conabantur
1444 3046 1819 3115 conjugalem.
1866 3048 2136 3103 Parentes

540 3145 733 3194 autem
763 3140 906 3208 ejus.
939 3136 1072 3208 quia
1102 3153 1167 3190 ex
1190 3151 1362 3189 manu
1388 3134 1545 3205 regia
1578 3151 1743 3188 suum
1776 3142 2137 3208 susceperant

2294 2877 2346 2928 5.
2381 2872 2790 2926 Convenientes
2815 2872 3005 2943 itaque
3039 2872 3097 2925 in
3127 2871 3458 2927 suburbium
3506 2874 3665 2929 urbis
3716 2877 3837 2933 No-

2221 2961 2487 3027 viomicae,
2513 2958 2629 3032 (16)
2680 2961 2739 3014 in
2791 2959 3103 3014 oratorium
3142 2961 3356 3016 scilicet
3404 2964 3555 3033 quod
3612 2981 3648 3018 a
3696 2981 3836 3038 rege

2219 3055 2602 3121 susceperant,
2635 3048 2726 3102 die
2756 3054 3036 3119 noctuque
3066 3049 3180 3102 Deo
3202 3050 3480 3104 deservire
3503 3050 3829 3122 infatigabi-

2218 3138 2348 3192 liter
2405 3137 2784 3192 elaborabant.
2848 3136 2980 3208 Ipsa
3040 3138 3267 3208 quidem
3315 3138 3491 3210 virgo,
3552 3157 3587 3194 a
3625 3154 3828 3197 sancto

535 3227 894 3293 beneﬁcium,
925 3225 1157 3290 nemini,
1188 3241 1320 3294 rege
1357 3223 1691 3291 inconsulto,
1743 3225 2132 3295 hujuscemodi
2154 3234 2196 3292 ί]
2216 3227 2414 3282 edocta
2444 3227 2640 3299 Eligio,
2664 3227 3051 3281 cohabitantes
3081 3244 3270 3282 secum
3305 3244 3418 3282 non
3459 3230 3831 3287 solummodo

536 3317 784 3387 conjugii
813 3316 948 3369 dare
976 3313 1390 3385 praesumebant
1436 3329 1749 3367 assensum.
1774 3314 2028 3385 Cumque
2075 3316 2136 3370 in

537 3411 836 3477 conspectu
857 3404 1007 3474 regis
1036 3402 1286 3457 Lotharii
1328 3403 1396 3456 de
1434 3402 1664 3472 virginis
1723 3403 1894 3473 hujus
1936 3421 2133 3473 agere-

535 3501 633 3550 tur
660 3492 1034 3565 sponsalibus,
1067 3492 1432 3561 omniumque
1457 3491 1530 3546 ad
1561 3491 1774 3561 regiam
1811 3508 1981 3561 super
2029 3493 2134 3547 hoc

536 3583 957 3654 dispositionem
988 3581 1258 3653 penderet
1284 3580 1524 3634 intuitus
1553 3598 1564 3632 :
1589 3580 1645 3633 in
1680 3580 1866 3634 medio
1914 3597 2129 3646 eorum,

535 3672 774 3727 Domino
806 3672 884 3726 sic
932 3671 1364 3743 praeordinante,
1426 3674 1652 3724 sanctus
1699 3686 1821 3723 sese
1872 3669 2132 3740 injiciens

533 3762 768 3833 Eligius,
798 3761 1070 3831 virginem
1106 3760 1259 3813 illam
1285 3776 1457 3814 aureo
1483 3775 1584 3813 suo
1607 3758 1814 3812 annulo
1834 3758 2133 3814 subarrha-

531 3850 631 3919 vit,
663 3867 728 3907 ac
758 3850 966 3907 Christi
996 3865 1257 3921 sponsam
1288 3849 1347 3901 in
1382 3854 1683 3918 conspectu
1725 3848 1872 3917 regis
1916 3852 1974 3901 et
2030 3865 2131 3919 pa-

526 3947 758 4011 rentum
772 3984 777 3989 .
789 3956 1016 3994 suorum
1041 3934 1908 4006 conﬁdentissimeassignavit.0
1925 3937 2131 3991 inaesti-

531 4030 755 4084 mabilis
789 4028 974 4100 gratia
1012 4027 1254 4097 Spiritus
1284 4025 1462 4078 sancti
1492 4026 1503 4078 l
1536 4025 1690 4078 Illico
1720 4026 1925 4096 puella,
1958 4025 2130 4079 divini

532 4119 743 4174 amoris
774 4116 1072 4188 spirituali,
1117 4121 1180 4168 ut
1214 4120 1340 4185 post
1367 4114 1568 4185 patuit,
1604 4114 1724 4183 jam
1768 4115 2131 4185 conceptione

2217 3317 2631 3388 prmdicatione,
2671 3332 2864 3370 verum
2894 3316 3063 3370 etiam
3090 3317 3421 3371 multimodo
3445 3317 3724 3374 virtutum
3747 3320 3835 3376 in-

2218 3405 2498 3460 formabat
2526 3405 3169 3476 exemplo.Saacularium
3202 3406 3407 3460 etenim
3429 3409 3833 3465 conventicula

2217 3495 2533 3566 diffugiens.
2571 3494 2817 3548 biduana
2848 3510 2946 3548 seu
2984 3493 3249 3548 triduana
3278 3496 3645 3551 continuabat
3667 3500 3835 3570 jeju-

2214 3583 2345 3649 nia;
2385 3582 2762 3637 esurientibus
2813 3581 3018 3649 cibum,
3052 3582 3371 3637 sitientibus
3395 3590 3612 3655 potum,
3646 3590 3825 3643 nudis

2214 3672 2566 3738 vestimenta,
2598 3688 2727 3726 cum
2755 3670 3014 3725 omnibus
3042 3670 3130 3725 his
3154 3672 3334 3743 ipsam
3362 3690 3528 3743 egere
3580 3675 3830 3745 videres,

2212 3761 2558 3815 incessanter
2583 3759 2937 3814 ministrabat
2973 3783 2984 3816 :
3019 3776 3230 3831 pernox
3259 3777 3483 3832 quoque
3524 3765 3584 3817 in
3632 3764 3826 3835 vigilis

2214 3857 2271 3904 et
2298 3849 2667 3914 orationibus,
2710 3866 2811 3920 pro
2849 3848 3153 3903 universali
3177 3850 3428 3904 omnium
3460 3852 3641 3907 salute
3671 3856 3829 3909 assi-

2214 3938 2323 3992 due
2362 3939 2659 3993 Dominum
2681 3937 3105 4008 deprecabatur.
3138 3937 3244 3992 His
3286 3945 3343 3992 et
3397 3940 3484 3994 his
3533 3941 3823 4000 similibus

2207 4028 2421 4098 jugiter
2449 4026 2743 4081 insistebat
2766 4044 2777 4079 :
2811 4032 2869 4081 et
2884 4027 3014 4081 licet
3033 4027 3214 4081 adhuc
3243 4027 3303 4081 in
3340 4030 3551 4084 mundo
3576 4047 3823 4103 corpore

2212 4122 2519 4183 teneretur,
2542 4115 2815 4188 placabile
2824 4124 3016 4170 tamen
3036 4116 3273 4170 Domino
3285 4133 3407 4171 sese
3422 4118 3826 4177 holocaustum

529 4209 825 4280 gravidata
853 4211 1044 4276 spreta
1070 4203 1223 4257 omni
1245 4203 1457 4257 carnali
1489 4203 1788 4275 voluptate,
1822 4204 2135 4275 postposita
2216 4206 2466 4277 quotidie
2494 4205 2794 4265 mactabat.
2827 4206 3063 4260 Tantam
3113 4205 3328 4260 dilecta:
3374 4223 3489 4261 suae
3541 4207 3826 4265 Dominus

533 4299 706 4353 etiam
753 4293 1105 4349 desiderabili
1155 4292 1574 4347 succedentium
1602 4320 1607 4325 τ
1623 4292 1950 4363 propagine.
2020 4293 2133 4348 imo
2216 4295 2690 4365 perseverantiam
2738 4294 3099 4365 perspiciens,
3133 4295 3255 4365 ejus
3306 4294 3364 4349 in
3429 4297 3641 4367 palam,
3676 4299 3825 4354 dum

534 4386 811 4458 despectis
859 4382 1281 4438 delectabilibus
1329 4381 1597 4453 puellaris
1641 4382 1767 4437 vitae
1834 4381 2130 4451 illecebris,
2215 4385 2399 4439 adhuc
2426 4385 2609 4455 fragili
2633 4389 2887 4438 maneret
2915 4382 2972 4437 in
3020 4400 3272 4454 corpore,
3307 4400 3418 4439 non
3474 4385 3825 4458 dedignatus

531 4476 653 4547 regi
678 4481 736 4529 et
760 4472 1085 4546 parentibus
1113 4478 1436 4526 constanter
1457 4470 2133 4544 abrenuntiavit,seseque
2215 4479 2301 4527 est
2345 4473 2655 4527 clariﬁcare
2706 4471 3059 4526 devotionem
3087 4511 3100 4541 ,
3158 4471 3499 4544 operabatur
3533 4475 3829 4546 siquidem

530 4565 590 4619 in
620 4579 815 4618 eorum
842 4561 1137 4633 praesentia
1188 4560 1509 4615 beatissimo
1539 4561 1761 4631 praesuli
1792 4561 1991 4631 Eligio,
2024 4562 2129 4615 Do-
2145 4548 2198 4613 D
2218 4561 2370 4617 Deus
2384 4561 2582 4616 crebra
2596 4578 2698 4633 per
2712 4562 2833 4633 ejus
2852 4561 3306 4617 intercessionem
3327 4562 3632 4619 miracula:
3654 4566 3825 4621 cacis

528 4654 685 4710 mino
712 4651 1167 4716 consecrandam,
1187 4654 1481 4721 gratanter
1500 4649 1914 4703 commendavit
1928 4695 1941 4707 .

599 4742 655 4800 4.
687 4744 814 4815 Ipse
842 4742 1069 4814 quidem
1095 4738 1483 4796 sanctissimus
1510 4739 1803 4811 episcopus
1831 4744 1966 4794 tunc
1987 4745 2129 4797 tem-

599 4902 714 4974 (13)
736 4902 1016 4958 Fortassis
1037 4902 1098 4955 in
1117 4906 1291 4967 terra,
1321 4915 1423 4974 seu
1468 4903 1652 4974 castro
1699 4900 1868 4974 Bova,
1914 4918 2015 4956 seu
2057 4902 2127 4957 de

526 4971 710 5043 Bovis,
733 4975 820 5028 vel
839 4974 1140 5037 Bobarum,
1175 4971 1462 5044 autetiam
1486 4971 1725 5044 Bothua,
1756 4973 1921 5044 vulge
1948 4976 2123 5041 Boves,

526 5049 773 5103 distante
789 5046 1007 5100 duabus
1023 5045 1244 5098 circiter
1264 5042 1436 5096 leucis
1447 5042 1934 5108 Ambianis,titulo
1950 5046 2123 5099 Baro-

523 5128 691 5177 natus
712 5118 869 5184 olim,
895 5133 1045 5171 nunc
1073 5115 1245 5169 etiam
1276 5114 1923 5187 marchionatusinsigni
1948 5116 2127 5171 :unde

524 5197 660 5247 nata
687 5190 839 5260 vulgi
883 5187 1113 5243 traditio
1154 5187 1247 5248 sit,
1293 5202 1415 5260 eam
1468 5203 1532 5239 ex
1577 5185 1806 5260 familia
1828 5185 1905 5260 de
1953 5188 2128 5243 Boves

524 5270 728 5318 ortam.
762 5258 908 5317 Sane
928 5261 977 5314 si
1004 5260 1081 5313 ibi
1110 5264 1245 5312 nata
1274 5261 1361 5310 est
1388 5258 1612 5322 Sancta,
1646 5258 1734 5311 vix
1778 5258 2122 5325 dubitamus,

524 5335 622 5407 qui
648 5333 829 5406 ipsius
857 5332 963 5386 loci
989 5331 1202 5407 domini
1248 5329 1471 5407 fuerint
1488 5330 1611 5399 ejus
1662 5338 1945 5407 parentes,
1988 5347 2126 5401 quos

524 5352 622 5407 qui
648 5350 829 5406 lpSlus
857 5347 963 5386 ioci
989 5347 1202 5385 (10mlnl
1248 5347 1459 5384 luerim
1488 5347 1611 5399 ejus
1662 5347 1945 5453 parentes,
1988 5347 2126 5401 quos

522 5416 767 5480 apparet
790 5402 1242 5480 exsequentibus
1272 5400 1573 5480 admodum
1588 5416 1660 5453 no
1701 5401 1804 5480 iles
1818 5402 2028 5480 fuisse”;
2053 5419 2127 5456 an

521 5471 713 5534 autem
743 5471 1054 5531 familia—de
1088 5476 1280 5537 Boves,
1314 5471 1384 5525 ab
1415 5472 1663 5526 Adriano
1687 5472 1754 5525 de
1785 5474 1841 5526 la
1862 5473 2124 5527 Morliere

522 5557 651 5631 post
676 5565 816 5619 opus
846 5549 927 5601 De
950 5543 1381 5618 antiquitatibus
1407 5543 1877 5597 Ambianensibus
1900 5545 2124 5615 egregie

523 5621 827 5684 illustrata,
858 5625 973 5671 tam
1021 5619 1096 5672 sit
1129 5616 1364 5687 antiqua
1394 5620 1458 5669 ut
1509 5616 1654 5669 hanc
1699 5616 1962 5670 Sanctam
2018 5616 2124 5671 sibi

525 5706 792 5761 arrogare
807 5663 1003 5761 possit,
1027 5690 1153 5742 aliis
1165 5663 1638 5761 Ainvjestigandum
1657 5687 2048 5761 relinquimus.

594 5757 718 5829 (14)
749 5757 1032 5818 Palatium
1060 5759 1210 5830 regis
1239 5758 1470 5831 quidam
1495 5757 1576 5818 ibi
1602 5758 1774 5843 fuisse
1799 5757 2021 5833 putant,
2045 5759 2125 5820 ibi

2210 4650 2411 4714 visum,
2432 4650 2644 4705 claudis
2662 4666 2940 4721 gressum,
2966 4650 3291 4722 paralyticis
3320 4651 3624 4707 sanitatem
3653 4654 3829 4709 resti-

2208 4740 2436 4795 tuebat:
2462 4741 2722 4813 quodque
2744 4739 3050 4811 gratiosius
3077 4740 3194 4796 Deo
3215 4756 3337 4795 esse
3359 4741 3659 4811 credimus,
3692 4745 3825 4816 ejus

2208 4918 2359 4984 nunc
2381 4901 2697 4984 estndomus
2725 4901 3138 4984 Beguinarum:
3181 4901 3335 4984 quod
3366 4901 3577 4975 absque
3605 4903 3825 4960 funda-

2193 4980 2400 5033 .mento
2420 4974 2535 5028 ullo
2564 4972 2802 5044 proferri
2822 4972 3019 5028 'censet
3042 4972 3359 5044 Montignii.

2280 5044 2394 5118 (15)
2420 5045 2575 5118 Idem
2605 5044 2861 5118 concedit
2902 5061 3066 5118 posse
3119 5044 3474 5118 credi,jquod
3527 5044 3616 5118 hae
3667 5046 3826 5118 villa

2210 5116 2421 5171 fuerint
2449 5116 2507 5170 in
2537 5117 2885 5181 Vauchelles,
2916 5116 3165 5187 quinque
3193 5116 3414 5171 circiter
3437 5117 3613 5172 leucis
3654 5117 3827 5173 Abba

2210 5188 2374 5245 villa:
2407 5205 2473 5261 eo
2505 5188 2653 5259 quod
2682 5188 3093 5261 isticABeguinae
3112 5188 3298 5242 adhuc
3317 5187 3562 5243 habeant
3590 5189 3825 5261 aliquas

2209 5260 2618 5330 possessiones:
2652 5267 2722 5314 ut
2739 5259 2993 5314 videatur
3020 5276 3341 5329 agnoscere,
3377 5276 3472 5314 eas
3501 5259 3727 5316 venisse
3752 5261 3825 5317 in

2209 5338 2428 5401 partem
2471 5331 2764 5395 bonorum,
2800 5330 3141 5385 monasterio
3200 5332 3257 5386 S.
3293 5330 3623 5386 Godebertz
3675 5332 3825 5387 olim

2210 5403 2631 5467 attributorum,
2663 5409 2721 5457 et
2748 5403 2891 5457 forte
2920 5401 3024 5456 sub
3042 5418 3185 5457 novo
3215 5402 3476 5457 instituto
3505 5403 3823 5459 sanctimo-

2209 5474 2453 5529 nialibus
2484 5474 2771 5543 exstinctis
2799 5473 3150 5528 successisse.

2277 5545 2389 5609 (16)
2410 5546 2494 5600 Ad
2519 5553 2737 5617 portam
2760 5546 2891 5599 olim
2933 5544 3161 5617 Castelli
3216 5543 3443 5615 dictam,
3498 5561 3621 5617 quae
3673 5550 3824 5601 tunc

2207 5617 2313 5672 fuit
2331 5634 2502 5689 prope
2520 5615 2659 5673 eum
2685 5618 2871 5674 locum
2919 5615 3012 5674 ubi
3044 5632 3195 5674 nunc
3232 5622 3368 5674 sunt
3392 5615 3552 5692 putei
3579 5617 3641 5674 in
3685 5617 3822 5674 foro

2206 5687 2596 5746 frumentario.

2301 5697 2596 5745 mentario.
