3934 6354
107 278 242 337 1521
1372 281 1541 336 VITA
1579 280 1636 336 S.
1679 278 2149 334 GODEBERTE.
3254 276 3389 334 15‘2‘2

106 403 500 461 exhortatione
535 403 793 461 inﬁdeles
846 404 1197 477 frequentius
1250 407 1590 479 suscipiebat
1631 402 1975 464 adAsubito
2004 404 2556 476 corrumpi.Jacebat
2587 419 2721 474 ergo
2757 402 2911 472 virgo
2930 401 3077 457 fessa
3090 401 3388 463 inlectulo;

106 494 298 549 fidem.
351 494 424 547 Ut
478 492 652 564 igitur
688 493 755 547 ad
796 500 1011 550 certum
1050 496 1365 567 exemplum
1397 496 1710 567 quibusque
1792 510 1986 546 verum
2015 498 2133 547 toto
2159 494 2227 547 ad
2268 495 2566 548 Dominum
2600 492 2804 546 mentis
2842 491 3120 544 desiderio
3148 491 3389 562 respira-

106 581 207 634 ﬁat
235 580 516 647 ﬁdelibus,
550 582 881 637 aemulorum
912 585 1221 656 postposita
1251 584 1616 648 detractione,
1641 585 1710 637 de
1791 580 1925 634 bat:
1954 583 2187 652 gravida
2201 583 2426 653 quidem
2452 598 2702 653 corpore,
2736 580 2938 651 spiritu
2970 586 3160 633 tamen
3187 580 3388 634 alacris

106 670 305 725 multis
328 671 416 726 vel
431 687 611 743 pauca
630 672 998 742 proferemus.
1790 669 1850 723 in
1881 670 1981 724 Dei
2012 687 2236 741 semper
2270 670 2532 725 laudibus
2563 669 2974 741 perseverabat.
3008 669 3257 739 Contigit
3282 670 3387 723 hac

462 766 465 769 ’
741 760 975 815 CAPUT
1004 759 1083 814 II.
1791 760 1913 829 ejus
1939 759 1999 813 in
2024 759 2355 814 infirmitate
2387 761 2535 814 circa
2582 760 2649 817 S.
2689 759 2879 814 Maria
2909 758 3276 830 principalem
3302 775 3388 813 ec-

417 850 696 904 Miracula
723 847 780 903 S.
815 850 1114 906 Godebertae
1142 852 1391 904 viventis.
1789 847 2016 903 clesiam
2052 848 2406 920 inopinatum
2435 866 2501 903 ex
2534 848 2838 920 improviso
2878 864 3176 918 erumpere
3204 847 3393 902 incen-

172 934 225 994 6.
258 938 530 993 Dicamus
572 953 705 1008 ergo
753 938 902 1008 quod
931 938 1089 1009 prius
1116 939 1400 993 memoriae
1439 939 1701 1005 occurrit,
1791 935 1967 1001 dium,
2002 942 2060 990 et
2095 938 2218 1007 ejus
2248 936 2545 991 subitanea
2574 936 2901 992 excursione
2938 937 3113 990 totius
3143 936 3387 991 ecclesia

105 1033 387 1100 quatenus
438 1027 712 1091 ﬁdelium,
758 1043 898 1097 quos
945 1027 1143 1082 audire
1188 1029 1505 1098 contigerit.
1538 1029 1709 1083 corda
1790 1040 1955 1078 omne
1980 1025 2205 1095 penitus
2232 1026 2389 1081 exuri
2419 1031 2834 1091 ornamentum,
2869 1025 3124 1080 Flamma
3149 1026 3388 1080 circum-

104 1116 572 1184 corroborentur;
600 1116 1510 1182 frontesinﬁdelium,durissimis.
1534 1117 1708 1171 mira-
1789 1113 1982 1167 volans
2011 1114 2199 1168 omnia
2234 1114 2568 1186 diripiebat;
2618 1115 2780 1186 cujus
2827 1119 2960 1169 ante
2990 1114 3211 1178 faciem,
3253 1113 3387 1185 quia

104 1207 362 1261 culorum
393 1206 517 1276 ejus
547 1205 827 1276 lapidibus
869 1211 1252 1259 conterantur.
1295 1204 1548 1276 Contigit
1584 1207 1706 1277 ejus
1790 1203 2051 1257 resistere
2097 1219 2209 1257 non
2256 1208 2498 1275 poterat,
2547 1202 2811 1274 fugiendo
2852 1203 2959 1257 sibi
2997 1202 3383 1275 unusquisque

103 1295 160 1350 in
189 1301 469 1366 tempore,
501 1293 581 1348 sic
622 1294 972 1364 exigentibus
1002 1294 1179 1365 plebis
1209 1295 1547 1349 Noviomica
1577 1312 1705 1365 pec-
1789 1292 2134 1346 consulebat.
2188 1292 2391 1348 Omnia
2418 1292 2644 1364 penitus
2689 1292 2819 1346 huic
2847 1292 3213 1363 subjacebant
3238 1292 3384 1364 peri-

104 1384 260 1451 catis,
303 1383 631 1456 pestiferum
661 1382 720 1436 in
748 1382 942 1437 eadem
974 1383 1199 1437 civitate
1248 1383 1501 1453 gladium
1530 1384 1704 1438 desa-
1788 1381 1933 1446 culo,
1968 1382 2102 1436 dum
2128 1383 2244 1452 jam
2274 1383 2387 1436 alia
2432 1384 2775 1453 consumpta
2793 1388 2998 1447 essent,
3036 1382 3148 1436 alia
3174 1382 3382 1436 nihilo-

102 1473 215 1528 vire
258 1472 622 1527 mortalitatis
668 1508 680 1520 ο
732 1473 818 1526 ira
873 1473 1023 1526 enim
1085 1473 1454 1543 implacabilis
1511 1491 1543 1527 a
1589 1474 1703 1529 Deo
1787 1470 1976 1525 minus
2000 1471 2346 1525 absumenda
2364 1470 3381 1526 irruentiremanerentincendio.Ci-

103 1579 349 1633 egressa,
395 1562 688 1632 indigenas
735 1561 860 1615 illos
896 1561 1331 1633 circumquaque
1357 1562 1702 1631 devastabat,
1784 1560 1972 1614 vitatis
1992 1560 2289 1630 indigenis.
2320 1566 2384 1614 ut
2409 1561 2784 1630 praediximus,
2816 1559 3252 1631 circumquaque
3273 1559 3383 1613 dif-

101 1658 369 1725 parentes
405 1668 532 1705 cum
562 1650 713 1717 ﬁliis,
746 1667 980 1721 sponsos
1010 1667 1135 1704 cum
1170 1652 1406 1721 sponsis,
1444 1653 1701 1706 dominos
1722 1721 1757 1725 _
1785 1646 2143 1718 fugientibus,
2178 1654 2383 1702 sancta
2431 1649 2670 1719 Virginis
2708 1649 2899 1702 Maria
2940 1656 3120 1702 mater
3148 1649 3384 1702 ecclesia

101 1759 228 1797 cum
269 1740 591 1795 domesticis
620 1740 969 1794 incessanter
997 1740 1295 1808 enecabat;
1319 1747 1375 1794 et
1390 1747 1505 1795 tam
1528 1742 1586 1795 in
1607 1758 1701 1812 po-
1722 1721 1767 1780 B
1791 1734 2093 1810 [desolata]
2130 1744 2479 1791 remanserat
2508 1758 2518 1768 -
2549 1755 2718 1809 quam
2748 1737 3123 1791 devotissimis
3150 1738 3266 1792 Deo
3304 1738 3385 1791 la-

100 1837 286 1887 tentes
325 1846 494 1901 quam
544 1829 600 1883 in
651 1829 897 1900 plebeios
917 1829 1288 1884 immoderate
1315 1831 1697 1905 grassabatur.
1785 1827 1991 1897 crymis
2018 1827 2171 1897 (quia
2193 1829 2309 1897 jam
2342 1828 2572 1880 ﬂamma
2595 1843 2789 1881 eorum
2815 1827 3074 1897 superior
3102 1831 3226 1880 erat
3258 1826 3383 1881 viri-

100 1920 418 1992 Fugiebant
466 1935 904 1989 circumquaque
952 1918 1047 1989 qui
1095 1919 1329 1973 evadere
1378 1926 1638 1990 poterant
1687 1940 1697 1973 :
1783 1914 1905 1982 bus)
1936 1915 2115 1969 tristis
2146 1916 2447 1970 admodum
2475 1917 2715 1987 populus
2739 1915 2857 1970 Deo
2890 1916 2993 1970 soli
3020 1916 3382 1970 commenda-

92 2012 348 2082 jamque,
385 2008 629 2062 maxima
659 2024 725 2060 ex
756 2013 914 2076 parte
944 2007 1244 2062 subtractis
1264 2009 1696 2075 habitatoribuS,
1786 2004 1897 2058 bat.
1927 2006 2107 2059 Tanto
2136 2005 2475 2076 plorantium
2515 2006 2731 2076 gemitu
2776 2006 2973 2075 [mota]
3021 2005 3175 2075 virgo
3205 2005 3385 2059 Gode—

98 2117 288 2155 vacua
318 2099 379 2153 in
405 2099 627 2152 civitate
656 2097 856 2151 domus
880 2098 1242 2168 quamplures
1271 2107 1695 2154 remanserant:
1784 2094 1943 2148 berta
1967 2095 2300 2165 gravissima
2328 2095 2459 2148 licet
2485 2095 2813 2148 inﬁrmitate
2832 2095 3382 2165 promeretur.jussit

96 2192 291 2246 Tanta
318 2188 450 2243 huic
467 2187 705 2242 miseria
735 2187 1178 2258 infelicior,proh
1208 2188 1403 2243 dolor!
1433 2191 1700 2245 successit
1781 2189 1971 2238 tamen
2004 2201 2063 2237 se
2092 2184 2151 2237 in
2182 2184 2448 2238 cathedra
2470 2184 2753 2255 deportari
2779 2203 2791 2251 ;
2821 2200 2887 2237 ac
2910 2190 3106 2237 contra
3136 2183 3381 2237 incendii

103 2278 358 2343 miseria,
391 2294 519 2332 cum
548 2276 809 2331 omnibus
838 2286 992 2331 metu
1012 2278 1375 2333 mortalitatis
1393 2280 1693 2347 exterritis,
1784 2273 2129 2337 Vielentiam,
2164 2290 2497 2345 quocunque
2518 2290 2576 2327 se
2596 2274 2827 2327 ﬂamma
2848 2273 3382 2344 impingeretaconﬁ-

100 2367 399 2421 inhumata
441 2369 796 2419 mortuorum
838 2381 1072 2436 corpora
1120 2367 1531 2437 projicerentur
1561 2387 1572 2421 :
1602 2369 1699 2439 qui
1786 2361 1984 2416 denter
2007 2362 2229 2432 deponi.
2255 2362 2522 2432 Deposita
2546 2378 2676 2415 vero
2708 2362 2767 2415 in
2796 2361 2920 2432 ipso
2946 2377 3120 2432 prope
3143 2361 3385 2415 ﬂammi-

102 2455 252 2509 enim
284 2461 570 2509 mortuum
598 2452 922 2525 sepeliebat,
963 2460 1219 2509 mortuus
1264 2456 1449 2511 subito
1486 2463 1544 2512 et
1579 2458 1699 2529 ipse
1784 2451 1915 2505 ferae
1946 2450 2230 2520 voraginis
2274 2450 2552 2516 incendio,
2596 2465 2726 2503 cum
2762 2448 2925 2503 multi
2948 2449 3068 2518 jam
3098 2449 3167 2503 de
3207 2449 3386 2520 ipsius

100 2544 456 2615 sepeliendus
512 2560 641 2597 mox
687 2543 1025 2598 efferebatur
1055 2558 1067 2592 :
1101 2545 1170 2597 de
1224 2545 1541 2601 imminenti
1598 2548 1704 2602 sibi
1786 2540 1902 2593 Vita
1928 2540 2314 2610 desperarent.
2351 2544 2556 2593 sanctae
2589 2538 2782 2594 Crusis
2812 2538 3055 2608 Signum,
3090 2539 3239 2609 quod
3260 2555 3383 2592 0m-

102 2633 304 2688 mortis
325 2633 592 2704 periculo,
625 2650 790 2688 nemo
823 2650 1053 2705 prorsus
1082 2632 1436 2704 desperabat,
1469 2636 1702 2690 cuicun-
1786 2630 1953 2684 nibus
1983 2631 2042 2683 in
2074 2629 2335 2701 periculis
2356 2629 2787 2683 saluberrimum
2818 2633 3067 2693 noverat,
3099 2628 3383 2682 conﬁden-

100 2738 208 2793 que
255 2728 540 2777 mortuum
572 2725 895 2795 quempiam
944 2723 1182 2794 sepelire
1224 2740 1326 2778 seu
1374 2725 1702 2796 contingere
1784 2719 2004 2773 tissime
2033 2720 2297 2790 opposuit
2328 2738 2339 2772 :
2379 2725 2437 2773 et
2472 2718 2663 2772 statim
2695 2718 2841 2787 ignis
2874 2717 2971 2770 illa
2994 2716 3233 2771 vastatio
3258 2733 3385 2771 exs-

101 2811 480 2882 contingebat.
1785 2809 1962 2862 tincta
1987 2814 2088 2862 est.

171 2902 223 2955 7.
258 2902 322 2957 In
372 2900 731 2956 mortalitatis
777 2907 936 2956 tanto
977 2901 1243 2973 periculo,
1284 2902 1440 2973 virgo
1468 2902 1704 2974 insignis
1857 2897 1908 2954 9.
1942 2897 2159 2952 Accidit
2183 2897 2293 2951 alio
2321 2898 2380 2951 in
2396 2903 2652 2968 tempore
2671 2913 2870 2951 cacam
2894 2897 3197 2967 quamdam
3213 2898 3387 2952 Trau-

104 2991 442 3054 Godeberta.
476 2991 849 3045 universalem
878 2991 1174 3045 attendens
1197 2991 1446 3046 dolorem
1477 2993 1702 3060 civium,
1723 3042 1762 3060 ﬂ
1786 2987 2012 3041 siricam
2051 2987 2296 3051 nomine,
2339 2987 2406 3040 ad
2456 2992 2707 3040 sanctam
2748 2986 3038 3040 devenisse
3083 2980 3381 3057 virginem,

101 3080 407 3135 universali
434 3080 692 3134 Ecclesia
707 3081 1035 3135 triduanum
1043 3081 1323 3151 jejunium
1353 3082 1578 3149 indixit;
1602 3083 1703 3136 do-
1720 3042 1764 3102 ς’
1787 3082 2065 3147 quatenus
2094 3077 2187 3148 pia
2218 3078 2341 3147 ejus
2368 3076 2771 3130 intercessione
2800 3076 3109 3142 oculorum,
3135 3076 3284 3147 quod
3313 3075 3385 3130 ab

100 3186 230 3225 cens
261 3186 356 3224 eos
385 3169 735 3223 orationibus
766 3170 1207 3241 lacrymabiliter
1236 3170 1515 3237 insistere,
1551 3172 1630 3242 jej
1645 3190 1702 3226 u-
1784 3164 2022 3219 infantia
2043 3166 2305 3236 perdidit,
2331 3166 2639 3236 temporale
2660 3165 2896 3236 recipiat
2912 3165 3384 3235 lumen.Cumque

100 3260 210 3313 niis
239 3265 298 3313 et
329 3259 702 3330 eleemosynis
718 3259 1167 3329 indignationem
1184 3259 1429 3313 divinam
1447 3261 1695 3331 placare:
1785 3272 1882 3326 spe
1911 3261 2081 3319 certa,
2119 3272 2224 3309 sua
2269 3272 2369 3326 pro
2412 3256 2845 3321 illuminatione,
2897 3255 3225 3326 lacrymosis
3252 3254 3386 3308 insi-

104 3369 127 3400 ι
153 3348 318 3413 Quia,
351 3348 556 3420 inquit,
585 3349 731 3402 sicut
758 3365 907 3419 aqua
927 3348 1541 3419 exstinguitignem,ita
1561 3351 1702 3405 elee—
1787 3351 1963 3399 steret
1986 3345 2279 3416 precibus;
2313 3345 2466 3415 virgo
2493 3345 2737 3415 egregia,
2762 3344 3069 3415 pramissis
3088 3344 3203 3398 Deo
3214 3344 3387 3398 inter-

98 3454 336 3509 mosyna
365 3437 668 3508 exstinguit
694 3444 1007 3509 peccatum.
1034 3456 1060 3489 ι
1086 3438 1158 3491 Et
1181 3439 1414 3493 docebat
1438 3457 1530 3494 eos
1548 3441 1702 3511 virgo
1786 3433 2152 3497 CeSSionibus,
2186 3449 2355 3504 super
2392 3434 2583 3487 oculos
2628 3435 2751 3503 ejus
2794 3449 3024 3487 manum
3067 3433 3337 3505 imposuit
3367 3451 3381 3501 ;

99 3529 327 3599 egregia
355 3529 662 3582 salutarem
693 3528 1069 3582 Ninivitarum
1117 3529 1527 3598 paenitentiam,
1563 3546 1703 3600 quo-
1785 3524 2043 3594 factoque
2073 3524 2268 3577 leviter
2293 3529 2498 3577 sancta
2520 3523 2905 3592 Crucissigno.
2940 3523 3012 3577 ad
3037 3524 3160 3593 ejus
3181 3523 3385 3577 oratio-

99 3619 268 3673 modo
298 3618 358 3671 in
382 3618 569 3671 cinere
614 3624 671 3670 et
708 3617 889 3670 cilicio
923 3617 1111 3687 positi,
1144 3634 1243 3688 per
1266 3619 1615 3688 jejuniorum
1647 3625 1704 3672 et
1788 3630 1915 3667 nem
1953 3613 2333 3667 miserationis
2363 3612 2565 3667 divina
2595 3618 2785 3683 Optata
2818 3611 3162 3683 propitiatio,
3192 3628 3385 3682 corpo-

98 3706 419 3761 orationum
451 3707 736 3778 mysteria,
772 3706 969 3760 divma
1021 3707 1433 3761 maledictionis
1464 3708 1700 3777 jamjam
1784 3702 1900 3756 rale
1921 3702 2001 3756 illi
2033 3703 2223 3756 lumen
2244 3701 2492 3756 restituit
2522 3718 2533 3752 :
2567 3701 2760 3771 sicque
2787 3702 2994 3755 factum
3027 3705 3130 3766 est,
3155 3706 3220 3754 ut
3247 3701 3384 3754 dum

98 3812 269 3868 super
294 3813 355 3849 se
383 3795 772 3850 imminentem
804 3811 1123 3866 repressere
1153 3797 1699 3851 sententiam.David
1784 3791 1961 3845 Visum
1993 3791 2363 3862 temporalem
2384 3791 2677 3861 reCiPel‘et,
2709 3789 2989 3860 Spii'iluali
3018 3806 3241 3860 quoque
3266 3790 3384 3843 ani-

99 3902 324 3957 quoque
352 3885 522 3956 regis,
555 3885 651 3956 qui
677 3885 984 3939 secundum
1015 3901 1109 3938 cor
1140 3886 1239 3938 Dei
1268 3887 1379 3940 Deo
1409 3887 1530 3957 ipso
1559 3893 1703 3941 teste
1786 3898 1889 3934 ma
1942 3880 2313 3934 vivificatione
2361 3880 2629 3942 animata,
2678 3880 2828 3933 omni
2869 3878 3227 3950 postmodum
3256 3876 3383 3931 vita

95 3974 358 4029 inventus
385 3981 489 4040 est,
530 3974 862 4028 admirabile
891 3974 1002 4027 illis
1047 3974 1323 4028 recitabat
1351 3978 1695 4047 exemplum,
1783 3987 1897 4024 sua
1928 3975 2182 4040 tempore
2225 3968 2375 4039 apud
2420 3966 2875 4022 illuminatricem
2908 3982 3070 4021 suam
3098 3966 3214 4020 Deo
3242 3964 3384 4019 inibi

98 4080 269 4135 quam
303 4064 480 4128 facile,
515 4080 616 4134 per
646 4063 1030 4134 panitentiam
1066 4065 1370 4134 perpetrati
1411 4066 1697 4131 adulterii,
1783 4060 2103 4114 deserviret.

98 4159 390 4224 susceptus
430 4153 504 4206 sit
532 4153 601 4206 ad
634 4153 966 4206 remedium.
1004 4153 1319 4222 Adjiciebat
1347 4154 1515 4208 etiam
1554 4155 1699 4210 Petri
1858 4147 1941 4205 'lO.
1978 4150 2094 4203 Hoc
2122 4149 2315 4218 itaque
2358 4148 2524 4202 modo
2564 4147 2882 4202 Trausirica
2927 4146 3047 4200 hac
3074 4145 3384 4199 illuminari

97 4242 479 4313 negationem,
512 4242 751 4295 latronis
789 4242 845 4295 in
878 4258 1042 4295 cruce
1071 4243 1499 4305 confessionem,
1541 4244 1702 4313 lugu-
1783 4239 2095 4310 promeruit
2132 4256 2197 4292 ex
2237 4238 2530 4291 devotione
2568 4257 2579 4291 :
2616 4236 2889 4307 Vulgudis
2927 4242 3138 4298 autem,
3171 4234 3240 4289 de
3271 4251 3385 4304 qua

94 4332 251 4387 brem
283 4330 608 4402 peccatricis
640 4331 832 4384 Maria
862 4331 1519 4403 lamentationem,quam
1542 4334 1701 4387 facile
1719 4362 1769 4421 D
1789 4329 1950 4382 modo
1976 4328 2269 4382 dicendum
2303 4333 2406 4389 est.
2433 4343 2533 4396 pro
2551 4325 2951 4389 inopedientia,
2980 4323 3385 4379 interminabili

98 4421 357 4492 lacrymis
386 4419 863 4490 panitentialibus
893 4419 1200 4474 factionum
1228 4438 1458 4475 suarum
1482 4439 1701 4491 prome-
1719 4413 1763 4421 ’
1785 4419 1856 4473 ab
1884 4419 2078 4472 eadem
2107 4416 2338 4487 Virgine
2365 4416 2604 4469 multata
2625 4422 2709 4469 est
2738 4414 3123 4468 excacatione.
3156 4413 3291 4468 Hac
3314 4413 3387 4467 si-

95 4510 314 4565 ruerint
350 4509 758 4563 remissionem.
797 4508 894 4563 His
924 4517 981 4563 et
1010 4510 1135 4563 aliis
1172 4511 1429 4580 gloriosae
1469 4512 1699 4581 virginis
1786 4508 2009 4579 quidem
2045 4506 2312 4575 Vulgudis
2347 4506 2405 4558 in
2444 4504 2694 4559 canobio
2719 4503 2774 4557 S.
2811 4503 3138 4557 Godeberta
3170 4503 3287 4557 Deo
3324 4520 3385 4557 se

92 4599 439 4670 respirantes
479 4597 983 4661 exhortationibus,
1028 4599 1372 4669 permaxima
1401 4600 1696 4654 devotione
1784 4597 2083 4651 devoverat
2109 4614 2119 4648 :
2145 4612 2335 4650 verum
2375 4594 2549 4648 animi
2577 4593 2665 4647 sui
2694 4592 2863 4646 nimis
2893 4593 3213 4665 impatiens,
3248 4609 3384 4647 con-

92 4689 347 4743 triduum
378 4687 519 4740 illud
548 4703 842 4757 suscepere
862 4688 1062 4757 jejunii
1094 4706 1104 4740 :
1139 4694 1194 4741 et
1224 4689 1434 4755 statim,
1480 4691 1698 4744 meritis
1783 4687 2024 4740 tentiose
2061 4703 2120 4739 se
2151 4686 2447 4739 adversum
2477 4684 2615 4737 alias
2648 4688 2705 4736 et
2723 4683 3100 4737 irreverenter
3117 4682 3381 4737 habebat.

95 4780 219 4848 ejus
247 4782 305 4831 et
332 4776 846 4841 intercessionibus,
879 4777 1206 4847 pestiferum
1237 4778 1399 4831 illum
1438 4781 1696 4834 mortali-
1783 4774 1866 4829 Ea
1895 4776 1964 4829 de
1993 4792 2165 4830 causa
2189 4774 2538 4846 frequentius
2570 4791 2605 4827 a
2633 4779 2829 4827 sancta
2852 4774 3126 4843 castigata
3145 4772 3381 4842 virgine,

92 4867 229 4921 tatis
253 4865 506 4937 gladium
526 4865 620 4937 pia
647 4866 748 4920 Dci
768 4867 956 4936 gratia
984 4882 1203 4920 cessare
1223 4866 1373 4922 fecit.
1783 4870 1980 4919 contra
1999 4866 2253 4919 eamdem
2274 4866 2454 4936 ipsam
2475 4863 2895 4918 tumulentuose
2907 4861 3213 4926 rixabatur,
3238 4864 3297 4915 ét
3322 4860 3382 4915 in

163 4953 219 5012 8.
245 4954 444 5009 Paucis
465 4954 822 5025 postmodum
853 4955 1051 5009 diebus
1072 4956 1268 5009 eadem
1300 4956 1454 5028 virgo
1482 4962 1697 5030 (utpote
1780 4960 2081 5025 conspectu
2112 4956 2231 5025 ejus
2265 4954 2454 5026 turpia
2482 4953 2651 5007 nimis
2682 4958 2739 5006 et
2769 4951 3068 5006 maledicta
3106 4949 3274 5004 verba
3305 4950 3385 5004 lo-

97 5061 223 5117 qua
251 5043 421 5098 nimis
440 5048 662 5098 austere
691 5049 945 5098 teneram
972 5061 1133 5098 suam
1161 5053 1546 5102 maceraverat
1570 5028 1696 5103 car-
1782 5044 2078 5116 quebatur.
2130 5044 2336 5099 Sancta
2377 5028 2508 5098 vero
2564 5042 2737 5113 virgo,
2789 5041 2968 5094 nimia
3011 5040 3197 5094 stulta
3231 5039 3385 5094 illius

96 5140 244 5199 nem)
278 5132 733 5187 molestissimam
752 5133 999 5204 corporis
1027 5134 1114 5187 sui
1139 5134 1350 5189 decidit
1378 5136 1436 5190 in
1457 5137 1698 5192 inﬁrmi—
1784 5139 2063 5189 commota
2083 5134 2549 5194 stomachatione,
2568 5148 2695 5187 cum
2716 5147 2841 5185 eam
2870 5128 3311 5199 incorrigibilem
3328 5133 3386 5183 et

96 5228 298 5278 tatem:
314 5221 457 5275 sicut
473 5221 756 5275 multoties
776 5221 878 5291 (l7)
891 5223 1166 5293 contingit
1187 5240 1301 5285 eos,
1329 5224 1425 5294 qui
1443 5238 1699 5298 quoquo-
1785 5224 2117 5279 obedientia
2144 5224 2372 5277 stimulo
2404 5224 2777 5278 irreverenter
2791 5219 3238 5274 recalcitrantem
3260 5235 3385 5289 per-

98 5310 264 5365 modo
275 5310 517 5365 assuetis
531 5309 872 5365 desuescunt
888 5311 1147 5383 dapibus,
1170 5313 1267 5367 diu
1288 5312 1577 5371 tabescere
1598 5333 1698 5371 seu
1782 5316 2074 5382 sensisset,
2117 5314 2209 5369 die
2235 5314 2501 5385 quadam,
2530 5313 2589 5367 in
2624 5313 2744 5384 ipso
2776 5312 2895 5381 ejus
2919 5311 3169 5365 rixarum
3200 5309 3387 5383 turpi-

173 5615 289 5688 (l7)
307 5616 398 5672 Ita
412 5631 477 5670 ex
503 5617 833 5687 conjuctura
859 5619 1203 5674 correximus
1235 5638 1245 5672 :
1270 5617 1329 5674 in
1350 5635 1455 5675 ms.
1475 5620 1702 5689 legitur,
1740 5641 1763 5673 ι
1786 5620 2066 5678 Multoties
2079 5620 2310 5692 quidem
2330 5616 2569 5688 contigit
2591 5632 2685 5671 eos
2717 5616 2813 5687 qui
2838 5617 3118 5701 quomodo
3128 5614 3391 5674 assuetis.
