3944 6368
431 326 573 385 1527
1462 334 1780 390 RADBODI
1820 335 2081 391 NOVIO!

2164 336 2320 391 NSIS
2360 335 2693 392 EPISCOPI
3575 330 3724 389 1528

432 454 1207 526 Apostolorum;aliquotque
1227 455 1422 509 diebus
1443 456 1517 509 ibi
1539 460 1890 528 exspectatis,
1905 476 2032 512 cum
2051 465 2097 520 Α
2115 459 2450 514 beatissima;
2490 459 2742 513 videlicet
2770 460 3003 530 virginis
3050 457 3398 518 Godebertm.
3433 456 3731 527 virginita-

438 544 519 596 nil
548 543 650 596 sibi
682 546 953 613 prolicere
983 546 1234 608 sentiret,
1273 546 1472 598 infecto
1504 548 1727 616 negotio
1757 549 1936 602 tristis
1964 550 2035 602 ad
2116 555 2230 601 tem
2261 549 2456 602 sedulo
2496 549 2861 619 imploremus
2891 567 2902 601 :
2940 556 3114 619 utque
3144 548 3292 619 apud
3326 547 3594 611 divinam,
3632 547 3730 601 cui

438 632 669 703 pr0pria
695 633 999 702 repedavit.
1027 635 1086 687 ln
1112 634 1357 687 tenebris
1387 636 1578 705 itaque
1609 644 1665 689 et
1689 636 1802 690 fere
1834 638 1891 690 in
1917 655 2037 691 uin-
2117 637 2544 707 infatigabiliter
2592 637 2906 703 deservivit,
2967 638 3339 707 majestatem,
3398 653 3495 707 pro
3560 636 3730 691 nobis

440 721 544 776 bra
572 723 768 776 mortis
800 724 1067 788 residens,
1100 725 1219 777 dies
1256 742 1386 778 suos
1432 726 1676 795 lugebat,
1707 728 1911 798 quippe
1941 728 2037 798 qui
2120 727 2447 797 suppliciter
2474 726 2819 780 intercedere
2848 727 3130 796 dignetur,
3157 732 3527 781 retractemus
3552 727 3732 781 devo-

444 828 571 866 cum
602 812 727 865 aliis
759 813 888 883 quia
917 813 1176 867 videbant
1205 815 1541 878 inhabitans,
1576 817 1647 869 ad
1670 826 2039 887 augmentum
2122 820 2239 868 tam
2269 815 2327 867 in
2359 815 2449 867 Dei
2484 814 2759 868 famulatu
2787 814 3015 884 virginis
3044 815 3212 884 hujus
3234 815 3597 882 instantiam;
3634 816 3737 870 ad-

447 901 656 955 doloris
668 902 754 955 sui
770 902 956 955 lumen
973 919 1164 955 eorum
1180 904 1535 958 retractabat.
1554 907 1870 976 Peragratis
1885 925 2037 977 ergo,

448 995 514 1044 ut
533 991 907 1060 praediximus,
927 992 1229 1046 multorum
1251 1000 1571 1048 sanctorum
1593 997 1873 1061 oratoriis,
1899 999 2045 1066 ejus-

448 1078 574 1133 dem
598 1079 861 1132 desiderii
881 1096 1050 1133 causa
1075 1081 1271 1135 devote
1297 1083 1366 1135 ad
1392 1084 1620 1153 virginis
1642 1086 1807 1154 hujus
1829 1102 2044 1139 memo-

449 1166 591 1220 riam
635 1169 904 1237 pervenit.
941 1168 1014 1221 ibi
1044 1171 1169 1222 ﬁdei
1215 1172 1430 1225 fervore
1472 1190 1769 1228 succensus
1801 1174 2044 1228 extensis

450 1256 512 1310 in
531 1256 730 1309 caelum
760 1257 1039 1321 manibus,
1070 1259 1125 1311 in
1149 1259 1338 1313 abdito
1359 1261 1540 1314 cordis
1560 1263 1693 1316 illud
1723 1263 2045 1316 Davidicum

2125 904 2396 957 miremur
2416 906 2535 970 ejus
2559 888 2817 974 precib’us
2837 903 3123 968 acclinem,
3149 912 3213 958 ut
3235 904 3315 957 ita
3334 905 3514 958 dicam
3540 906 3735 960 Salva-

2126 992 2266 1046 toris
2294 992 2472 1045 nostri
2502 991 2877 1046 clementiam.
2897 992 3229 1047 Audivimus
3260 993 3424 1046 modo
3455 994 3589 1064 quia
3616 1009 3736 1047 caa-

2127 1097 2224 1135 cus
2269 1081 2359 1134 hic
2401 1082 2673 1143 Harveus,
2717 1098 2842 1134 cum
2882 1098 3051 1151 super
3098 1082 3350 1136 caecitate
3382 1098 3488 1135 sua
3515 1083 3657 1137 nihil
3700 1099 3739 1137 a

2128 1169 2332 1223 sanctis
2357 1171 2715 1239 impetrasset
2733 1169 3019 1239 apostolis,
3042 1185 3142 1239 per
3161 1170 3304 1223 hanc
3325 1177 3541 1224 tantam
3566 1171 3740 1241 virgi-

2128 1275 2257 1313 nem
2286 1258 2464 1312 visum
2498 1258 2743 1329 recepit:
2777 1258 3072 1312 credamus
3102 1264 3159 1312 et
3188 1275 3288 1312 nos
3318 1276 3419 1330 per
3447 1260 3735 1326 eamdem,

452 1345 805 1409 decantabat,
836 1367 858 1398 ι
891 1348 1182 1412 Dominus,
1216 1348 1418 1419 inquit,
1452 1352 1603 1404 salus
1633 1359 1690 1405 et
1717 1352 2052 1406 illuminatio
2134 1348 2383 1402 cordium
2414 1353 2733 1401 nostrorum
2757 1348 3083 1411 caecitatem,
3108 1348 3156 1401 si
3186 1347 3326 1402 bene
3352 1348 3680 1419 quaerimus,
3703 1364 3743 1402 a

454 1451 583 1488 mea
602 1436 769 1507 (Psal.
795 1451 939 1493 xxvr.
968 1440 1001 1502 ).
1033 1457 1055 1484 ι
1094 1438 1172 1490 Ex
1204 1443 1321 1491 toto
1351 1456 1573 1510 quoque
1602 1442 1768 1496 corde
1811 1442 1882 1495 ad
1921 1458 2054 1495 san-
2135 1438 2251 1491 Deo
2287 1453 2412 1491 vere
2433 1437 3103 1492 illuminari.Audivimus
3130 1438 3501 1509 paralyticum
3525 1437 3745 1509 Grego-

455 1524 761 1578 ctissimam
811 1542 1109 1580 conversus
1157 1527 1448 1597 virginem,
1487 1546 1647 1582 suam
1687 1531 1738 1583 ei
1783 1532 2054 1585 attentius
2140 1527 2304 1592 rium,
2329 1526 2603 1597 paralysis
2623 1543 2755 1588 suae,
2782 1526 2886 1579 hac
2906 1526 3208 1592 mediante,
3230 1528 3541 1597 suscepisse
3564 1543 3746 1581 reme-

458 1613 1553 1671 commendabatdevotionem.Exaudita
1567 1625 1795 1689 estergo
1811 1618 1940 1673 etin
1954 1620 2058 1673 hoc
2138 1616 2329 1670 dium:
2353 1616 2646 1669 credamus
2678 1621 2734 1669 et
2760 1631 2881 1675 nos.
2916 1615 2963 1668 si
2993 1632 3056 1669 ex
3087 1616 3253 1669 corde
3282 1616 3739 1686 paenituerimus,

459 1700 822 1755 devotissima
839 1710 1043 1757 sanctae
1063 1705 1232 1775 hujus
1251 1707 1481 1776 virginis
1500 1708 1832 1762 interventio
1856 1728 1869 1774 ;
1902 1715 1960 1762 et
1986 1709 2058 1762 ad
2079 1742 2121 1798 Β
2141 1723 2240 1777 per
2275 1723 2399 1760 eam
2428 1706 2728 1768 sanandos,
2766 1705 2864 1775 qui
2893 1705 3173 1767 omnibus,
3209 1707 3347 1776 proh
3386 1706 3582 1760 dolor!
3615 1706 3744 1760 ani-

462 1792 587 1860 ejus
615 1791 922 1861 supplicem
955 1793 1404 1863 deprecationem
1450 1798 1718 1859 Harveus,
1753 1798 1886 1868 quia
1922 1799 2060 1852 ﬁde-
2080 1791 2119 1798 ”
2145 1813 2249 1849 mae
2278 1795 2533 1850 destituti
2565 1794 2781 1855 ofﬁciis,
2816 1795 2961 1847 viam
2991 1795 3250 1849 incedere
3279 1795 3619 1865 pigritamur
3638 1795 3750 1849 vir-

461 1880 595 1933 liter
618 1879 674 1933 in
704 1880 955 1935 oratione
976 1884 1254 1953 praestitit,
1287 1901 1398 1939 non
1429 1894 1514 1939 est
1545 1887 1836 1941 fraudatus
1856 1905 1890 1941 a
1913 1887 2063 1940 desi-

464 1968 623 2023 derio
648 1986 766 2023 suo.
812 1971 956 2025 Sunt
984 1977 1037 2024 et
1078 1974 1192 2027 alia
1220 1975 1415 2040 multa,
1464 1976 1799 2042 charissimi,
1837 1977 2065 2046 virginis

465 2058 638 2128 hujus
662 2058 951 2125 miracula,
973 2078 1114 2132 quae,
1136 2063 1284 2117 sicut
1304 2064 1565 2125 diximus,
1589 2065 1660 2118 ad
1680 2072 1929 2119 nostram
1953 2082 2066 2119 non

466 2163 771 2218 pervenere
801 2150 1090 2219 notitiam;
1123 2169 1318 2206 verum
1345 2171 1515 2224 super
1546 2155 1853 2209 manifestis
1893 2160 1950 2208 et
1978 2155 2067 2208 in-

469 2236 709 2306 cognitis
756 2239 1168 2294 sanctissimam
1211 2259 1312 2296 nos
1350 2244 1450 2296 Dei
1498 2250 1718 2314 oportet
1752 2245 2069 2298 collaudare

469 2327 971 2395 magnificentiam,
1006 2330 1119 2399 qui,
1152 2348 1252 2401 per
1279 2331 1552 2386 imitabile
1577 2333 1876 2403 fragilioris
1906 2350 2071 2387 sexus

472 2416 812 2485 exemplum,
836 2423 952 2470 tam
987 2419 1213 2488 fragiles
1242 2422 1313 2474 ad
1333 2428 1553 2476 aeternae
1576 2422 1698 2476 vitae
1726 2424 2073 2477 incessanter

476 2502 678 2558 invitat
699 2506 993 2575 praemium
1024 2510 1450 2579 sempiternum.

1092 2597 1464 2653 EPILOGUS.

551 2682 639 2739 22.
694 2685 810 2739 Nos
862 2686 1070 2758 itaque,
1105 2688 1327 2755 fratres,
1377 2690 1472 2760 qui
1530 2689 1659 2743 licet
1691 2689 2073 2761 corporalibus

481 2776 711 2827 utamur
756 2776 949 2836 oculis,
982 2778 1109 2831 caeci
1157 2785 1346 2832 tamen
1395 2796 1591 2833 sumus
1629 2780 1687 2832 in
1729 2780 1949 2845 anima;
1983 2779 2080 2849 qui

481 2863 844 2918 terrestribus
881 2866 1049 2921 nimis
1087 2868 1310 2929 intenti,
1351 2885 1519 2939 prave
1563 2869 1951 2939 postponimus
1977 2884 2081 2921 caa-

482 2951 647 3005 lestia
674 2972 687 3005 :
719 2954 814 3024 qui
844 2957 1250 3026 temporalibus
1279 2958 1585 3023 inhiantes,
1617 2958 1755 3011 nihil
1788 2958 2082 3028 pendimus

484 3041 839 3112 spiritualia:
880 3050 994 3115 jam
1036 3047 1123 3100 vel
1164 3064 1288 3100 sero
1337 3047 1507 3117 hujus
1559 3053 1808 3118 patrona;
1853 3053 2078 3110 nostrae,

2145 1892 2348 1940 tutum.
2367 1886 2630 1955 Legimus
2650 1885 2958 1954 lampades,
2983 1901 3121 1954 quas
3139 1884 3198 1938 in
3215 1885 3335 1954 ejus
3360 1885 3753 1939 exstinxerant

2148 1974 2411 2040 oratorio,
2465 1973 2649 2028 subito
2705 1974 2835 2043 igne
2880 1973 3260 2028 inﬂammatas
3296 1992 3309 2028 :
3352 1974 3656 2028 credamus
3692 1979 3755 2028 et

2149 2080 2249 2136 pro
2278 2070 2430 2118 certo
2461 2063 2787 2128 habeamus,
2820 2063 3144 2132 spirituales
3171 2063 3490 2117 animarum
3518 2071 3752 2117 nostra-

2149 2170 2275 2208 rum
2323 2152 2603 2215 tenebras,
2654 2152 2758 2205 hac
2806 2150 3218 2205 interveniente
3263 2151 3532 2206 divinitus
3586 2167 3754 2223 posse

2151 2242 2508 2296 inﬂammari.
2543 2243 2668 2295 Jam
2702 2257 2848 2305 vero,
2876 2240 3243 2306 dilectissimi,
3274 2241 3443 2294 corda
3470 2257 3600 2295 cum
3628 2257 3753 2295 ma-

2152 2331 2315 2385 nibus
2335 2331 2405 2384 ad
2432 2330 2732 2385 Dominum
2763 2329 3046 2398 erigamus
3069 2330 3125 2382 in
3152 2345 3284 2382 vera
3305 2328 3673 2394 confessione,
3695 2332 3756 2382 et

2152 2420 2210 2473 in
2232 2420 2650 2473 indissimulata
2664 2418 2993 2489 paenitentia
3013 2417 3381 2489 precibusque
3402 2418 3754 2473 multimodis

2153 2510 2351 2564 faciem
2382 2512 2504 2579 ejus
2535 2508 2937 2579 praeveniamus
2959 2526 2970 2560 :
2996 2524 3105 2578 quo
3131 2508 3357 2577 virginis
3389 2508 3555 2577 hujus
3586 2506 3757 2561 meri-

2153 2600 2245 2661 tis,
2267 2615 2435 2668 quam
2458 2597 2616 2651 nobis
2638 2596 2929 2667 proposuit
2954 2597 3011 2649 in
3033 2597 3369 2666 exemplum,
3393 2612 3627 2666 quaeque
3652 2610 3754 2666 pro

2157 2688 2206 2757 ej
2217 2705 2280 2741 us
2307 2704 2438 2740 vera
2462 2686 2761 2740 dilectione
2787 2686 3095 2739 carnalium
3120 2685 3398 2738 abdicavit
3423 2684 3634 2737 foedera
3655 2700 3756 2737 nu-

2162 2777 2428 2847 ptiarum,
2461 2776 2619 2846 gravi
2653 2793 2755 2829 nos
2793 2782 2988 2830 exutos
3030 2791 3279 2845 corpore,
3323 2773 3613 2844 unigenito
3644 2774 3762 2827 ﬁlio

2163 2882 2263 2919 suo
2296 2866 2517 2920 Christo
2548 2865 2783 2919 Domino
2813 2871 3006 2918 nostro
3046 2864 3440 2934 concorporari
3471 2862 3762 2929 concedat,

2164 2955 2223 3009 in
2254 2955 2464 3009 cmlesti
2496 2954 2725 3024 collegio
2757 2961 3077 3007 sanctorum
3104 2953 3454 3023 angelorum,
3478 2969 3582 3024 per
3609 2968 3768 3007 eum-

2165 3046 2293 3100 dem
2322 3045 2609 3100 Christum
2634 3044 2937 3098 Dominum
2966 3046 3241 3097 nostrum.
3271 3043 3473 3096 Amen.

484 3241 3774 3265 W

1559 3420 2175 3531 BADBODI
2235 3418 2691 3531 SERMO

1090 3649 1192 3713 DE
1236 3647 1897 3715 ANNUNTIATIONE
1944 3647 2234 3712 BEATIE
2280 3647 2560 3711 MARIZE
2606 3645 2952 3713 VIRGINIS
3004 3646 3161 3737 (22).

1412 3838 1583 3906 (Actes
1610 3838 1674 3891 de
1705 3838 1759 3892 la
1789 3839 2052 3892 Province
2072 3836 2250 3889 ecclés.
2279 3834 2343 3887 de
2370 3836 2568 3898 Reims,
2604 3835 2677 3902 II,
2708 3831 2860 3904 100.)

1969 3982 2277 4000 ἒ

1098 4124 1287 4166 LECTIO
1324 4110 1530 4166 pamii.’

575 4219 926 4282 Audivimus,
968 4218 1173 4272 fratres
1219 4218 1585 4283 dilectissimi,
1618 4221 1898 4289 pastorem
1939 4216 2101 4269 illum

506 4309 692 4365 ovium
717 4310 786 4362 de
805 4308 899 4360 vili
921 4314 979 4361 et
996 4308 1186 4362 servili
1211 4309 1395 4362 ovium
1418 4309 1670 4362 custodia
1700 4308 1758 4360 in
1782 4305 1938 4374 regni
1960 4304 2102 4358 solio

508 4399 776 4453 divinitus
804 4397 1190 4453 sublimatum.
1229 4398 1424 4460 David,
1460 4398 1711 4468 inquam,
1748 4396 2098 4466 prophetam,

508 4489 623 4541 imo
645 4487 993 4559 psalmistam
1013 4487 1390 4557 magnificum,
1411 4488 1478 4540 ad
1495 4487 1593 4540 Dei
1614 4485 1968 4555 magniﬁcam
1986 4485 2105 4537 lau-

510 4578 638 4632 dem
662 4577 877 4630 intente
902 4577 1089 4631 omnia
1108 4577 1436 4629 invitantem
1457 4593 1584 4628 cum
1605 4576 1663 4628 in
1685 4581 1931 4628 extremo
1953 4574 2101 4644 psal-

510 4683 735 4721 morum
766 4666 934 4719 dicit:
965 4684 989 4717 «
1014 4666 1210 4720 Omnis
1240 4665 1475 4735 spiritus
1504 4664 1693 4717 laudet
1723 4663 2045 4717 Dominum.
2076 4681 2098 4713 ι

510 4756 747 4811 Dixerat
774 4755 1002 4826 quidem
1028 4756 1086 4809 in
1117 4756 1313 4809 eodem
1340 4754 1555 4824 psalmo
1576 4753 1835 4823 superius
1859 4771 1869 4805 :
1906 4772 1929 4803 ι
1963 4753 2107 4806 Lau-

510 4848 641 4902 date
689 4847 991 4901 Dominum
1041 4846 1100 4900 in
1155 4844 1362 4898 sanctis
1410 4845 1551 4913 ejus.
1596 4860 1623 4895 n
1665 4845 1937 4897 Hortatur
1972 4858 2105 4912 ergo

510 4937 806 5009 psalmista
842 4936 1017 4990 David
1066 4935 1283 4988 laudari
1313 4934 1617 4988 Dominum
1640 4934 1700 4987 in
1724 4934 1929 4988 sanctis
1966 4932 2102 4997 suis,

512 5043 714 5098 corpus
737 5026 997 5079 videlicet
1023 5025 1080 5077 in
1109 5024 1393 5089 membris,
1420 5024 1720 5078 Dominum
1745 5023 1803 5077 in
1826 5022 2018 5087 servis,
2048 5021 2107 5074 in

512 5123 774 5171 creatura
802 5116 1144 5177 Creatorem,
1182 5115 1239 5168 in
1286 5114 1557 5168 militibus
1598 5129 1810 5183 regem,
1843 5112 1902 5165 in
1932 5110 2102 5164 disci-

508 5207 657 5280 pulis
690 5205 1043 5275 magistrum,
1082 5205 1141 5257 in
1179 5204 1265 5257 his
1296 5221 1419 5274 quae
1451 5203 1728 5263 videntur,
1772 5200 2108 5254 invisibilem

512 5300 835 5353 Creatorem
869 5294 1119 5348 omnium
1152 5300 1423 5347 nostrum.
1457 5294 1541 5347 Ad
1572 5294 1741 5363 hujus
1781 5291 1950 5343 etiam
1983 5290 2107 5342 lau-

509 5387 765 5443 dationes
806 5401 1028 5439 omnem
1061 5401 1280 5456 quoque
1314 5384 1575 5454 spiritum
1603 5381 1821 5446 invitat,
1857 5377 2105 5433 rationa-

2184 4104 2319 4159 bilia
2363 4104 2576 4159 scilicet
2611 4102 2890 4173 brutaque
2937 4099 3203 4155 animalia
3236 4119 3250 4168 ;
3310 4103 3368 4154 et
3410 4097 3583 4152 bruta
3627 4097 3780 4152 enim

2182 4194 2359 4248 Deum
2385 4194 2721 4256 collaudant,
2745 4210 2874 4247 cum
2894 4208 2996 4245 suo
3024 4191 3273 4262 ipsorum
3298 4190 3428 4259 jure
3456 4193 3678 4242 natura;
3697 4203 3782 4241 se-

2183 4284 2427 4337 cundum
2476 4283 2719 4336 divinam
2769 4280 3190 4351 dispositionem
3245 4278 3483 4333 Domino
3537 4275 3781 4331 creatori

2184 4373 2590 4443 obtemperant.
2626 4371 2915 4426 Laudatur
2941 4369 3218 4440 siquidem
3251 4367 3521 4422 Dominus
3549 4366 3612 4421 in
3657 4381 3773 4420 san-

2184 4463 2287 4516 ctis
2311 4463 2447 4517 suis.
2474 4479 2599 4515 cum
2620 4478 2720 4532 per
2748 4478 2842 4514 eos
2863 4475 3120 4530 operans,
3146 4458 3316 4512 corda
3339 4456 3623 4510 illuminat
3653 4472 3782 4527 per-

2185 4553 2445 4616 ﬁdorum,
2495 4551 2756 4605 virtutem
2813 4549 3050 4619 largitur
3103 4547 3522 4611 miraculorum,
3584 4561 3782 4599 eorum

2184 4641 2468 4695 beneﬁciis
2513 4640 2724 4693 infirmi
2766 4642 3174 4697 sustentantur,
3220 4642 3278 4690 et
3325 4633 3783 4705 praevaricatione

2186 4732 2370 4803 prima
2393 4748 2427 4783 a
2446 4729 2706 4801 paradiso
2728 4728 2946 4799 expulsi
2971 4726 3328 4798 postmodum
3349 4723 3593 4779 ccelestis
3620 4723 3781 4794 regni

2187 4820 2440 4875 haeredes
2466 4824 2815 4873 revocantur.

2750 4984 2940 5025 LECTIO
2971 4985 3230 5024 SECUNDA.

2263 5108 2401 5161 Cum
2431 5105 2744 5176 ergo,sicut
2771 5105 2980 5159 dictum
3013 5109 3116 5168 est,
3136 5103 3196 5156 in
3224 5100 3435 5156 sanctis
3462 5099 3581 5155 suis
3603 5099 3789 5155 Domi-

2191 5213 2326 5250 num
2356 5196 2591 5249 suadeat
2619 5195 2857 5259 laudari,
2883 5194 2940 5247 in
2972 5211 3037 5248 ea
3066 5199 3123 5246 et
3152 5209 3251 5263 per
3279 5208 3403 5245 eam
3436 5206 3565 5244 eum
3594 5189 3790 5260 praeci-

2190 5304 2300 5357 pue
2348 5285 2510 5339 docet
2563 5285 2822 5338 honorari
2882 5300 2981 5353 per
3024 5298 3194 5352 quam
3240 5282 3491 5351 ipsorum
3535 5279 3787 5332 omnium

2191 5382 2513 5429 sanctorum
2542 5373 2945 5445 redemptionis
2974 5387 3198 5425 summa
3224 5367 3515 5441 processit,
3550 5367 3786 5421 sanctis-

585 5579 687 5640 (ιη)
723 5582 798 5634 Ce
826 5597 1051 5634 sermon
1080 5597 1139 5633 se
1168 5579 1321 5633 lisait
1344 5576 1631 5644 autrefois,
1665 5592 1735 5630 en
1760 5574 1938 5629 forme
1967 5573 2036 5627 de
2074 5575 2423 5643 lecons,_aux
2450 5571 2692 5627 matines
2722 5569 2791 5624 de
2819 5567 3297 5628 l’Anuonciation.
3331 5566 3471 5621 dans
3501 5564 3783 5637 plusieurs

511 5650 711 5719 églises
738 5653 818 5706 du
845 5652 1065 5705 diocese
1095 5652 1165 5705 de
1194 5653 1414 5721 Noyon.
