3944 6358
198 337 342 396 1529

1251 345 1490 404 SERMO
1528 347 1622 403 DE
1657 347 1983 404 ANNUNT.
2027 348 2096 403 B.
2137 347 2411 404 MARL‘E.

3329 345 3472 402 1530

195 463 342 518 sima
364 461 622 518 videlicet
662 463 843 518 Maria
869 468 1140 536 genitrice
1168 469 1391 526 Domini
1428 471 1604 526 nostri
1638 472 1676 526 J
1678 489 1776 527 esu
1793 474 1845 534 Α
1863 473 1963 526 Dei
1993 489 2059 553 ex
2087 473 2300 544 Spiritu
2325 475 2538 536 sancto,
2570 471 2716 525 filius
2749 469 2992 523 hominis
3013 468 3244 539 virginis
3281 467 3460 523 factus

197 553 425 617 Christi,
452 571 574 624 quae
597 555 668 608 ad
694 557 1071 612 enervandam
1128 561 1325 614 mortis
1352 561 1694 628 violentiam,
1725 563 1797 617 ad

194 642 602 697 restituendam
634 644 793 698 nobis
814 647 973 715 regni
988 648 1229 702 cmlestis
1239 651 1624 706 haereditatem
1642 653 1796 723 virgo

195 732 468 802 concepit,
496 732 816 802 virginitate
863 742 1124 789 manente
1174 739 1410 808 peperit,
1458 740 1795 810 virginitatis

197 819 445 890 sigillum
476 838 587 875 non
608 822 668 875 in
697 830 988 894 conceptu,
1022 842 1133 879 non
1162 827 1216 880 in
1256 834 1440 897 partu,
1477 846 1578 884 nec
1622 829 1794 884 etiam

195 914 326 979 post
355 916 578 980 partum
609 912 815 965 amisit.
855 913 996 968 Mira
1024 920 1080 968 et
1106 914 1487 970 ineﬁ‘abiliDei
1510 918 1796 988 dispensa-

199 998 371 1056 tione,
389 1015 516 1052 caro
543 1001 812 1069 processit
843 1019 909 1055 ex
939 1019 1106 1057 carne
1137 1006 1508 1060 nullacarnali
1542 1024 1797 1076 procrea-

195 1091 259 1139 ta
277 1087 688 1142 commistione.
718 1089 860 1153 Quid
890 1108 1042 1162 ergo.
1065 1093 1302 1160 fratres;
1331 1095 1525 1149 audiat
1553 1097 1795 1151 charitas

197 1182 406 1237 vestra,
441 1177 587 1248 quod
638 1178 846 1233 refutat
902 1181 1147 1251 pravitas
1206 1183 1614 1250 haereticorum,
1648 1185 1796 1255 quod

198 1265 533 1319 contradicit
576 1266 876 1322 infidelitas
923 1270 1264 1336 Judaeorum,
1316 1274 1463 1343 quod
1520 1290 1583 1327 ex
1630 1275 1797 1329 corde

199 1355 427 1408 credere
449 1362 669 1426 oportet
702 1359 1030 1414 catholicam
1089 1362 1391 1416 Ecclesiam
1447 1363 1796 1419 Christiano-

200 1460 348 1498 rum.
385 1444 749 1500 Sanctissima
772 1447 1049 1518 siquidem
1081 1451 1237 1521 virgo
1278 1452 1472 1513 Maria,
1506 1453 1654 1507 sicut
1700 1471 1794 1508 vos

200 1533 428 1588 credere
451 1550 563 1588 non
595 1535 916 1601 difﬁdimus,
951 1539 1020 1592 de
1051 1541 1226 1610 regali
1257 1541 1408 1596 tribu
1452 1548 1595 1605 orta,
1629 1543 1794 1596 hodie

201 1623 446 1678 salutata
477 1629 563 1678 est
595 1625 664 1678 ab
711 1629 929 1698 angelo,
981 1631 1147 1684 hodie
1205 1634 1461 1704 concepit
1513 1633 1571 1687 in
1617 1639 1797 1701 utero,

1880 562 1936 615 in
1959 568 2138 622 utero,
2163 577 2526 632 processurus
2546 559 2675 612 inde
2704 563 2977 628 tanquam
3005 574 3243 628 sponsus
3263 558 3331 612 de
3351 559 3472 612 thar

1878 650 2025 704 lamo
2047 667 2166 705 suo.
2185 650 2330 714 Quid
2355 650 2422 703 ad
2447 650 2563 702 haec
2591 647 3170 716 tibi,Maria,cogitas?
3185 646 3332 711 Quid
3349 663 3472 700 ma-

1876 744 1964 792 ter
1990 739 2254 794 inviolata
2283 743 2465 792 tecum
2499 736 2800 791 retractas?
2829 737 2965 805 Age,
2991 735 3086 806 qui
3115 735 3356 788 credunt
3369 735 3472 789 Do-

1876 828 2094 883 minicae
2132 827 2565 882 Annuntiationi
2601 825 2995 896 congaudeant
3040 830 3248 878 sanctae
3305 824 3474 894 hujus

1876 918 2135 988 puellulae
2163 916 2534 971 devotissima:
2562 914 2967 985 responsionim
2991 914 3150 977 Ecce,
3170 912 3481 984 inquit,an-

1875 1010 2004 1064 cilla
2025 1011 2265 1064 Domini.
2297 1029 2322 1062 »
2364 1010 2538 1078 Virgo
2577 1025 2636 1062 es
2660 1025 2760 1062 nec
2791 1007 2910 1061 viro
2956 1006 3254 1060 humiliata
3293 1013 3478 1064 mater

1879 1100 2121 1169 eligeris.
2153 1099 2426 1153 matribus
2447 1097 2810 1169 praeferenda,
2859 1101 3042 1150 mater
3071 1096 3377 1150 Salvatoris
3419 1100 3478 1150 et

1878 1189 2046 1259 regis,
2077 1195 2130 1242 et
2161 1195 2217 1242 te
2255 1188 2516 1259 ancillam
2536 1187 2834 1258 proﬁteris.
2883 1185 3186 1239 Humilitas
3215 1201 3346 1238 vera
3365 1185 3472 1239 hu-

1878 1277 2176 1330 militatem
2206 1283 2361 1331 tuam
2384 1276 2647 1346 respexit,
2689 1292 2757 1328 ex
2781 1281 2837 1329 te
2881 1274 3030 1328 enim
3085 1273 3233 1328 exiet
3279 1279 3473 1327 sancta

1876 1366 1972 1420 illa
2001 1366 2291 1420 humilitas
2319 1366 2387 1418 ad
2419 1366 2578 1435 cujus
2599 1365 2899 1435 imperium
2925 1363 3107 1417 omnis
3131 1367 3258 1417 ruet
3279 1377 3473 1432 super-

1874 1455 1986 1517 bia,
2018 1462 2185 1510 ruent
2203 1461 2376 1526 portae
2399 1455 2727 1508 inferorum.
2750 1459 2804 1507 et
2837 1453 3027 1506 fideles
3055 1469 3185 1506 suos
3213 1451 3466 1505 introdu-

1875 1551 1960 1598 cet
1989 1544 2058 1598 ad
2102 1560 2274 1613 regna
2302 1545 2592 1605 caalorum,
2621 1561 2645 1593 ί(
2672 1542 2828 1605 Ecce,
2859 1540 3044 1612 inquit
3071 1539 3474 1606 Maria,ancilla

1884 1634 2124 1687 Domini.
2147 1641 2155 1646 ‘
2175 1653 2200 1684 υ
2235 1633 2373 1687 Cum
2405 1649 2463 1686 se
2493 1632 2658 1702 hujus
2685 1636 2890 1702 sponte
2928 1632 3230 1683 confitetur
3273 1627 3468 1682 condi-

203 1710 540 1768 obumbrata
563 1721 648 1769 est
677 1716 843 1770 hodie
871 1734 906 1771 a
931 1718 1140 1789 Spiritu
1171 1728 1364 1775 sancto
1386 1741 1397 1788 ;
1419 1722 1500 1776 ait
1529 1723 1676 1776 enim
1706 1740 1802 1778 an-
1820 1791 1843 1792 ί
1881 1722 2070 1785 tionis,
2100 1739 2211 1776 non
2231 1721 2476 1792 abnegat
2502 1737 2562 1775 se
2583 1719 2887 1774 Dominicae
2901 1720 3028 1789 jure
3040 1717 3267 1772 subesse
3289 1716 3474 1771 domi-

205 1801 366 1870 gelus
394 1802 466 1855 ad
497 1819 620 1856 eam
646 1823 658 1856 ῖ
695 1822 720 1855 (ί
742 1806 875 1870 Ave,
891 1808 1088 1871 Maria,
1105 1809 1289 1878 gratia
1311 1811 1475 1880 plena
1497 1829 1510 1878 ;
1531 1811 1800 1866 Dominus
1816 1791 1864 1852 B
1883 1811 2094 1864 nationi
2117 1829 2128 1840 ·
2161 1831 2183 1861 ι
2211 1811 2366 1873 Ecce,
2392 1791 2593 1880 inquit,
2627 1809 2830 1862 ancilla
2854 1806 3098 1872 Domini,
3121 1808 3220 1860 ﬁat
3242 1805 3478 1859 mihise-

203 1894 412 1957 tecum,
442 1891 736 1950 benedicta
763 1901 822 1948 tu
853 1895 912 1949 in
936 1898 1282 1953 mulieribus.
1309 1917 1335 1951 ι

786 2002 972 2040 LECTIO
1009 2002 1220 2041 TERTIA.

1881 1901 2127 1954 cundum
2155 1899 2383 1953 verbum
2413 1905 2595 1952 tuum.
2632 1921 2652 1944 ιι
2679 1898 2802 1951 Fiat
2828 1897 2990 1955 illud,
3021 1894 3266 1966 optantis
3294 1901 3380 1948 est
3417 1898 3474 1948 et

1882 2005 1995 2042 non
2025 1989 2510 2059 imperantis.Fiat
2534 1993 2598 2041 ut
2615 1985 3005 2057 Redemptoris
3035 1984 3211 2038 nostri
3236 1999 3473 2054 praesen-

278 2068 636 2124 Benedictam
676 2073 946 2144 virginem
979 2075 1037 2128 in
1065 2077 1412 2138 mulieribus,
1453 2079 1509 2132 id
1541 2085 1624 2133 est
1653 2080 1802 2134 inter
1885 2079 1966 2133 tia
2003 2095 2102 2150 per
2151 2095 2240 2132 me
2273 2077 2594 2131 ancillulam
2626 2091 2784 2130 suam
2816 2074 2931 2129 suis
2973 2073 3268 2127 subveniat
3300 2070 3475 2126 ﬁdeli-

205 2157 492 2226 mulieres,
526 2162 859 2218 conﬁtetur:
891 2181 1014 2234 quae
1047 2182 1106 2219 se
1151 2173 1274 2236 post
1308 2169 1801 2223 annuntiationem
1884 2167 1988 2222 bus
2019 2183 2157 2237 quos
2185 2167 2456 2220 hactenus
2481 2164 2766 2218 diabolicae
2785 2163 2953 2216 sortis
2976 2161 3266 2216 absorbuit
3282 2159 3475 2214 interi-

204 2251 374 2315 partu
403 2247 575 2302 divini
599 2256 868 2321 tanquam
900 2253 1097 2307 devota
1155 2260 1212 2308 et
1257 2256 1483 2309 humilis
1534 2257 1799 2311 ancillam
1883 2262 1994 2322 tus,
2026 2256 2300 2310 diabolica
2339 2253 2641 2309 trucidavit
2667 2252 2944 2313 ferocitas,
2976 2257 3034 2306 et
3050 2251 3120 2304 ad
3137 2248 3474 2304 ultimumin

205 2350 266 2387 se
293 2337 542 2406 proﬁteri
576 2355 686 2393 non
730 2349 971 2399 veretur.
1018 2361 1043 2394 α
1081 2344 1150 2396 Et
1194 2344 1543 2409 benedictus,
1590 2346 1796 2416 inquit,
1880 2346 2097 2400 inferno
2127 2344 2378 2399 inferiori
2409 2344 2783 2413 malignorum
2810 2341 3110 2411 spirituum
3140 2337 3476 2393 insatiabilis

203 2421 420 2478 fructus
448 2426 656 2480 ventris
683 2429 785 2482 tui.
822 2447 848 2482 »
885 2431 1246 2485 Benedictum
1292 2434 1537 2488 fructum
1593 2435 1800 2488 ventris
1881 2433 2178 2504 deglutivit
2200 2433 2485 2486 voracitas.
2518 2431 2608 2485 Sic
2633 2431 2825 2500 itaque
2855 2445 3020 2482 verus
3051 2426 3164 2481 veri
3185 2425 3283 2481 Dei
3301 2425 3475 2479 Filius

202 2512 327 2582 ejus
361 2515 647 2584 praedicit:
679 2535 778 2586 per
800 2535 925 2572 eum
961 2520 1108 2573 enim
1133 2521 1299 2591 primi
1342 2524 1591 2593 parentis
1631 2525 1800 2578 male-
1882 2523 2250 2576 annuntiatus
2271 2521 2340 2574 ab
2369 2520 2589 2590 angelo,
2621 2517 2850 2587 virginis
2875 2515 3040 2569 hodie
3069 2519 3370 2583 conceptus
3390 2515 3478 2565 est

203 2600 448 2656 dictione
483 2605 686 2671 deleta,
718 2607 775 2661 in
807 2625 970 2662 omne
993 2627 1172 2679 genus
1201 2613 1546 2666 credentium
1571 2613 1800 2668 benedi-
1882 2612 1941 2664 in
1970 2617 2150 2670 utero.
2185 2611 2335 2664 unde
2356 2616 2412 2662 et
2441 2607 2706 2662 festivitas
2737 2607 2853 2660 hinc
2877 2605 3147 2659 hodierna
3167 2601 3478 2656 Annuntia-

205 2691 314 2745 ctio
358 2691 736 2750 benedicenda
787 2697 1093 2752 descendit.
1130 2701 1196 2753 Et
1250 2718 1376 2754 vere
1424 2702 1800 2758 benedicenda
1881 2701 1961 2754 tio
1991 2699 2213 2754 Domini
2238 2705 2324 2753 est
2349 2698 2658 2752 nominata.

206 2795 331 2850 quae
352 2780 604 2852 dispersa
626 2793 946 2856 congregat,
978 2789 1153 2842 fracta
1173 2791 1481 2845 consolidat
1500 2798 1556 2846 et
1583 2793 1800 2863 perdita
2449 2799 2638 2841 LEGTIO
2688 2801 2904 2845 QUINTA.

205 2875 490 2925 restaurat
515 2873 812 2928 (Indicibili
851 2884 1038 2931 autem
1070 2879 1444 2934 admiratione
1483 2881 1708 2936 visionis
1745 2888 1802 2936 et
1954 2879 2019 2932 In
2047 2878 2153 2932 hac
2174 2876 2351 2947 igitur
2378 2881 2571 2929 sancta
2600 2873 2943 2930 celebritate.
2969 2873 3173 2926 fratres
3210 2871 3476 2926 charissi-

208 2960 565 3015 salutationis
592 2965 858 3034 angelicae
880 2967 1034 3036 virgo
1063 2967 1308 3038 turbata,
1340 2969 1600 3024 humanae
1635 2972 1801 3041 fragi-
1883 2967 2390 3038 mi,redemptionis
2416 2970 2623 3019 nostra:
2653 2963 2929 3035 principia
2949 2961 3478 3024 veneremur,devo-

210 3049 386 3103 litatis
417 3051 777 3124 subreptiune
825 3056 1239 3127 aliquantulum
1285 3061 1632 3118 tremefacta,
1666 3062 1799 3132 quid
1827 3057 2129 3132 ntissimas
2149 3055 2464 3109 animarum
2495 3060 2816 3108 nostrarum
2849 3052 3063 3106 hostias
3092 3052 3203 3105 Deo
3233 3049 3478 3105 devotis-

207 3139 359 3193 intra
383 3158 442 3195 se
463 3143 807 3210 cogitaverit,
843 3147 1044 3216 quidve
1077 3149 1137 3201 in
1161 3149 1328 3202 corde
1367 3166 1468 3203 suo
1511 3151 1804 3203 revolverit
1825 3139 2024 3200 Usime
2055 3146 2444 3210 oﬂ‘eramus,ut
2473 3143 2539 3197 ad
2574 3142 2861 3214 promissae
2891 3140 3260 3212 reparationis
3273 3144 3478 3194 sanctas

205 3229 454 3284 divinum
481 3231 638 3286 illum
669 3242 1037 3306 symmystam
1077 3253 1190 3291 non
1245 3238 1456 3302 fefellit,
1498 3255 1802 3310 paranym-
1885 3235 2242 3290 sanctissima
2267 3233 2471 3304 gaudia
2504 3249 2604 3304 per
2659 3231 2917 3285 eumdem
2976 3229 3259 3284 Christum
3297 3229 3480 3282 securi

205 3317 381 3388 phum
411 3321 724 3389 angelicum
752 3323 927 3379 latere
948 3342 1059 3379 non
1073 3327 1303 3396 potuit.)
1330 3329 1448 3381 Imo
1467 3328 1535 3381 ad
1559 3329 1805 3398 cogitata
1885 3325 2174 3398 pervenire
2193 3322 2699 3392 valeamus.Hujus
2727 3321 2919 3391 itaque
2945 3319 3262 3373 festivitatis
3280 3318 3481 3372 solem-

203 3411 477 3478 tanquam
506 3410 577 3464 ad
607 3413 964 3468 manifestata
993 3416 1280 3486 respondit
1309 3417 1408 3470 Ait
1427 3417 1597 3482 enim,
1617 3418 1804 3472 Times
1887 3413 1981 3466 nia
2004 3419 2156 3467 certo
2181 3413 2240 3466 in
2262 3412 2520 3476 termino,
2552 3416 2745 3464 octavo
2790 3408 3047 3463 videlicet
3098 3408 3478 3463 Kalendarum

202 3497 404 3567 virgo?
429 3515 498 3552 ne
517 3499 715 3555 timeas
739 3522 754 3571 ;
786 3503 1014 3557 turbata
1027 3521 1085 3558 es
1109 3505 1132 3556 ?
1161 3522 1231 3558 ne
1262 3505 1522 3559 turberis.
1549 3506 1801 3560 Gratiam

204 3587 354 3656 apud
375 3588 676 3643 Dominum
698 3590 975 3654 invenisti,
1011 3611 1112 3664 per
1167 3611 1335 3664 quam
1387 3600 1444 3648 et
1475 3595 1801 3650 benedictus

204 3683 292 3728 est
317 3677 530 3732 fructus
559 3680 766 3734 ventris
790 3682 927 3735 tui.c
957 3681 1098 3736 Ecce
1122 3684 1270 3737 enim
1301 3683 1596 3754 concipies,
1624 3691 1680 3739 et
1707 3702 1802 3756 pa-

202 3764 315 3818 ries
341 3765 541 3831 ﬁlium,
575 3773 632 3822 et
651 3770 871 3823 vocabis
895 3787 1102 3826 nomen
1132 3774 1254 3843 ejus
1279 3774 1491 3839 Jesum,
1526 3791 1553 3826 n
1606 3774 1663 3828 id
1712 3779 1800 3828 est

206 3853 574 3921 Salvatorem,
608 3857 952 3913 Salvatorem
986 3861 1242 3916 videlicet
1270 3863 1519 3916 omnium
1543 3880 1793 3917 suorum.

203 3943 290 3996 Ad
321 3943 466 3997 hanc
503 3946 936 4002 consolationem
979 3951 1287 4020 angelicam
1340 3952 1495 4022 virgo
1550 3953 1798 4022 puellula

203 4033 498 4102 paululum
524 4036 825 4106 respirans,
861 4038 1134 4093 submisso
1167 4041 1318 4094 vultu
1350 4059 1357 4096 :
1384 4042 1690 4105 Quomodo,
1716 4041 1798 4095 in-

209 4122 351 4192 quit,
380 4124 478 4177 ﬁet
506 4130 569 4177 ut
592 4126 828 4195 pariam.
856 4145 978 4198 quae
995 4129 1242 4198 pariendi
1266 4147 1553 4200 nunquam
1573 4137 1802 4200 experta

207 4227 331 4265 sum
364 4215 678 4268 materiam.
714 4217 1420 4286 Puerperiidelectamenta
1438 4237 1548 4273 non
1573 4220 1800 4290 pertuli,

208 4302 509 4356 muliebria
539 4305 692 4358 nullo
723 4307 886 4359 modo
917 4324 1181 4377 perpessa
1199 4326 1346 4365 sum.
1369 4309 1548 4362 virum
1573 4309 1804 4379 insuper

207 4406 319 4444 non
349 4393 604 4461 cognovi?
625 4394 789 4459 Quid,
808 4395 991 4465 inquit
1017 4397 1268 4466 angelus,
1297 4398 1508 4451 frustra
1536 4399 1803 4469 expaves?

1887 3501 2120 3573 Aprilis,
2156 3502 2302 3555 sicut
2321 3501 2695 3572 praediximus,
2717 3499 2960 3554 visitatio
2990 3498 3241 3568 angelica
3263 3497 3481 3551 dedica-

1886 3591 1983 3655 vit,
2008 3590 2249 3661 Spiritus
2273 3590 2448 3644 sancti
2476 3589 2830 3644 obumbratio
2860 3589 3224 3650 consecravit,
3253 3594 3478 3641 sancto-

1882 3696 2008 3733 rum
2028 3680 2260 3733 Patrum
2290 3679 2595 3733 auctoritas
2612 3679 2669 3731 in
2702 3679 2899 3732 eodem
2929 3682 3124 3731 sancto
3155 3676 3368 3748 Spiritu
3389 3690 3476 3729 ce-

1880 3768 2208 3822 lebrandam
2237 3767 2605 3822 confirmavit.
2633 3767 2738 3821 Sed
2770 3767 2903 3838 quia
2933 3766 3266 3837 plerumque
3284 3763 3480 3818 diebus

1880 3858 2181 3911 Dominicae
2211 3857 2496 3911 Passionis
2525 3857 2640 3910 sive
2676 3855 3144 3917 Resurrectionis,
3177 3854 3235 3907 in
3273 3852 3476 3924 quibus

1880 3947 2152 4000 memoria
2181 3951 2502 4000 sanctorum
2533 3945 2655 4000 ﬁeri
2700 3944 3050 4016 prohibetur,
3075 3959 3198 3998 eam
3246 3941 3484 4012 contigit

1880 4035 2146 4097 evenisse,
2192 4051 2225 4088 a
2272 4034 2482 4088 sanctis
2528 4033 2806 4093 Patribus,
2831 4034 2888 4087 in
2931 4033 3172 4104 quodam
3222 4031 3481 4086 Ecclesiae

1882 4125 2163 4178 Toletanae
2196 4124 2430 4178 concilio
2457 4123 2774 4186 didicimus,
2808 4129 3081 4177 statutum
3104 4137 3225 4175 esse
3254 4136 3322 4175 xv
3350 4121 3478 4176 Kal.

1882 4212 2138 4267 Januarii
2169 4213 2388 4283 quoties
2417 4213 2495 4266 sic
2525 4213 2774 4266 evenerit
2799 4211 3126 4266 solemniter
3175 4210 3482 4264 reforman-

1885 4303 2034 4356 dam.
2069 4303 2357 4366 Quatenus
2376 4307 2432 4355 et
2450 4302 2568 4356 dies
2590 4301 2862 4356 Dominici
2893 4318 2958 4355 ex
2986 4300 3176 4355 debito
3200 4299 3483 4353 celebren-

1887 4397 1997 4457 tur,
2032 4397 2089 4445 et
2115 4397 2320 4445 sanctae
2350 4391 2812 4444 Annuntiationis
2841 4389 3202 4444 devotissima
3219 4387 3483 4442 solemni-

205 4479 521 4534 mirabilem
552 4482 882 4536 mirabiliter
896 4485 1188 4554 concipies.
1215 4486 1348 4555 quia
1372 4504 1395 4537 «
1423 4487 1665 4556 Spiritus
1677 4477 1863 4541 san-D
1881 4487 1969 4535 tas
2000 4499 2107 4535 non
2140 4481 2477 4551 negligatur.
2504 4481 2578 4534 EX
2598 4480 2702 4534 hac
2722 4480 2897 4550 igitur
2918 4478 3319 4533 οοηειίΐιιῐίοῐιθ
3331 4494 3480 4532 anno

203 4575 327 4623 ctus
357 4573 715 4641 superveniet
735 4572 791 4625 in
822 4579 897 4637 te,
932 4580 989 4626 et
1018 4573 1191 4628 virtus
1209 4574 1797 4630 Altissimiobumbra-

201 4657 284 4713 bit
307 4659 440 4712 tibi:
471 4661 616 4730 quod
649 4662 796 4714 enim
829 4678 893 4714 ex
922 4667 976 4715 te
1005 4669 1269 4716 nascetur
1312 4669 1590 4732 sanctum,
1637 4681 1801 4718 voca-

200 4748 354 4802 bitur
381 4749 554 4803 Filius
583 4751 702 4804 Dei.
734 4771 758 4803 »
797 4752 1086 4814 Nascetur,
1127 4753 1327 4823 inquit,
1361 4753 1801 4817 Sanctum.Quid

201 4839 500 4892 sanctum?
543 4841 808 4894 Sanctum
857 4847 1198 4907 sanctorum,
1232 4843 1365 4913 quid
1412 4848 1498 4896 est
1543 4848 1800 4897 sanctum

203 4929 566 4982 sanctorum?
612 4929 809 4995 Filius,
843 4931 1043 5001 inquit,
1079 4932 1198 4985 Dei.
1233 4932 1278 4986 Ο
1311 4932 1608 5001 promissio
1649 4932 1798 4985 desi-

204 5017 420 5081 derata,
442 5019 728 5089 conceptio
749 5019 1126 5085 immaculata,
1152 5025 1347 5090 partus
1371 5020 1720 5075 admirabilis
1743 5027 1800 5075 et

205 5107 468 5160 salutaris
483 5107 495 5160 ε

767 5210 960 5250 LECTIO
1001 5212 1245 5257 QUARTA.

280 5285 485 5339 Primae
513 5284 731 5355 parenti
761 5293 964 5340 nostrae
1009 5287 1220 5341 dictum
1270 5292 1387 5341 est:
1426 5308 1448 5339 ι
1486 5288 1552 5343 In
1610 5289 1802 5344 dolore

209 5374 504 5444 concipies,
530 5380 586 5428 et
606 5375 824 5444 paries;
865 5394 886 5424 ι
922 5377 1286 5430 sanctissimae
1346 5383 1536 5431 autem
1590 5378 1800 5432 dictum

207 5471 290 5519 est
311 5465 566 5533 Virgini:
604 5482 631 5516 α
662 5464 855 5518 Virtus
893 5466 1163 5520 Altissimi
1194 5465 1552 5520 obumbrabit
1603 5467 1735 5533 tibi;
1777 5491 1797 5514 ιδ

207 5554 350 5607 sicut
369 5554 517 5608 enim
549 5554 738 5624 pluvia
767 5555 824 5607 in
856 5555 1048 5618 vellus,
1081 5557 1161 5609 sic
1210 5555 1267 5609 in
1307 5561 1530 5609 uterum
1573 5557 1804 5626 virginis

207 5644 485 5714 promissa
511 5644 614 5700 Dei
642 5643 930 5699 descendit
950 5644 1144 5699 virtus.
1173 5646 1505 5701 Incarnatus
1535 5645 1805 5701 estFilius

1883 4571 2187 4626 Dominicae
2235 4571 2512 4624 Incarnat.
2559 4567 2682 4625 [081
2749 4576 2879 4623 ante
2926 4569 3251 4623 Palmarum
3307 4568 3476 4633 diem,

1886 4661 2082 4731 quinta
2113 4659 2264 4722 feria,
2292 4658 2609 4712 festivitatis
2637 4659 2941 4712 terminum
2961 4658 3195 4727 contigit
3214 4657 3482 4711 accidisse

1887 4767 2076 4820 quam,
2110 4749 2179 4803 ob
2200 4749 2484 4803 decretum
2505 4746 2744 4812 concilii,
2769 4763 2949 4817 neque
2969 4747 3209 4817 populus
3239 4745 3484 4800 celebra-

1883 4840 1980 4903 vit,
2006 4855 2186 4910 neque
2215 4837 2576 4892 sacerdotalis
2617 4836 2883 4906 dignitas,
2912 4841 3078 4906 prout
3112 4835 3200 4889 sui
3250 4840 3336 4889 est
3361 4835 3482 4889 ofﬁ-

1881 4928 1969 4992 cii,
1995 4928 2385 4982 celebrandam
2411 4925 2778 4980 denuntiavit.
2805 4924 2958 4978 Exiit
2983 4940 3116 4994 ergo
3145 4924 3384 4994 populus
3407 4925 3480 4977 ad

1882 5034 2021 5088 opus
2036 5017 2253 5076 servile.
2283 5017 2340 5071 hi
2369 5016 2732 5087 agricultura,
2760 5013 2983 5067 hicultu
3004 5013 3314 5077 vinearum,
3336 5028 3480 5066 non-

1881 5107 2020 5161 nulli
2051 5107 2306 5170 artiﬁcio,
2340 5106 2435 5160 alii
2456 5103 2760 5160 fabricandi
2788 5119 2886 5156 seu
2911 5101 3252 5156 resarciendi
3300 5101 3481 5156 ofﬁcio

1882 5196 2231 5254 insudantes.
2259 5202 2498 5267 uterque
2527 5211 2691 5249 sexus
2713 5193 2946 5247 diversis
2971 5190 3256 5245 laboribus
3294 5191 3482 5245 stude-

1883 5285 2021 5339 bant
2047 5285 2358 5339 intendere.
2393 5286 2602 5339 Verum
2642 5283 2772 5354 quia
2800 5282 2918 5336 haec
2945 5281 3098 5351 virgo
3128 5281 3481 5334 sanctissima

1884 5375 2239 5444 indignanter
2259 5374 2490 5444 pertulit
2506 5374 2698 5427 eadem
2722 5373 2843 5443 ipsa
2862 5371 2952 5424 die
2973 5369 3203 5423 miriﬁce
3225 5369 3480 5424 declara-

1883 5471 2005 5519 tum
2031 5481 2150 5517 esse.
2173 5463 2366 5517 voluit.
2409 5465 2635 5517 Poterat
2663 5462 2936 5534 siquidem
2969 5460 3162 5531 regina
3211 5460 3479 5513 caelorum

1884 5554 2240 5608 violationem
2273 5553 2384 5606 diei
2412 5569 2543 5612 sum,
2569 5552 2935 5622 ignominiam
2963 5548 3332 5605 solemnitatis
3364 5565 3480 5602 suae

1885 5643 2270 5699 vehementius
2297 5648 2356 5696 et
2382 5641 2442 5696 in
2472 5641 2728 5696 validiori
2766 5641 3146 5697 masculorum
3183 5655 3318 5693 sexu
3363 5653 3477 5693 non
