3944 6368
384 321 529 379 1585

1426 325 1747 381 RADBODI
1783 325 2282 386 NOVIOMENSIS
2327 329 2656 386 EPISCOPI

3521 322 3660 382 1536

383 444 662 502 ministris
697 446 946 503 debitam
988 449 1168 504 solvat
1196 449 1681 504 consuetudinem.
1724 451 1882 515 Quod
1924 453 1971 507 si
1993 456 2043 514 A
2065 471 2189 510 eam
2219 454 2413 520 libere,
2447 460 2642 527 utpote
2670 451 2953 522 abbatiam
2979 451 3274 508 haberent.
3302 456 3361 506 et
3384 449 3523 505 inibi
3551 448 3662 504 sub

385 537 744 607 congregatio
765 537 970 592 ibidem
1002 540 1115 592 Deo
1136 539 1467 610 disponente
1492 545 1824 611 pervenerit,
1856 543 1975 596 cul-

383 642 485 696 pas
528 627 828 680 emendare
873 627 930 680 in
972 633 1244 698 potestate
1288 629 1363 682 sit
1389 628 1624 683 abbatis.
1679 630 1736 684 Si
1785 637 1975 686 autem

385 713 558 768 abbas
587 724 688 768 aut
712 715 865 786 prior
899 717 1250 787 negligenter
1267 717 1466 788 egerit.
1498 725 1632 772 tunc
1657 718 1728 772 ad
1758 720 1972 790 episco-

380 819 516 874 pum
546 805 976 859 Noviomensem
1006 807 1274 860 correctio
1317 812 1720 862 monachorum
1763 811 1971 864 reduno

386 897 560 950 dabit.
586 899 659 952 Ut
677 905 864 951 autem
896 898 1330 969 chirographum
1352 899 1503 953 istud
1532 899 1735 953 futuris
1764 911 1976 972 tempo-

381 985 540 1040 ribus
566 987 784 1040 ﬁrmius
813 988 1525 1054 existat,circumstantium
1547 988 1976 1046 subnotavimus

382 1075 613 1129 nomina

457 1165 689 1235 Signum
723 1165 973 1220 Radbodi
993 1165 1260 1238 episcopi.

457 1254 572 1324 Sig.
615 1255 850 1308 Gerilini
880 1256 1095 1310 decani.

459 1343 574 1414 Sig.
619 1344 860 1398 Baldrici
889 1345 1287 1400 archidiaconi.

455 1432 571 1502 Sig.
613 1434 900 1487 Walcheri
928 1435 1286 1489 thesaurarii.

456 1522 571 1592 Sig.
614 1523 898 1577 Odmundi
925 1524 1230 1594 praepositi.

455 1611 572 1680 Sig.
614 1611 869 1665 Widonis
889 1613 1226 1675 cancellarii,

616 1701 800 1755 Ivonis
825 1702 1140 1759 castellani.

613 1790 921 1844 Wincmari
953 1791 1069 1845 Rod
1079 1791 1238 1847 berti.

615 1880 892 1935 Gosberti.

455 1700 574 1770 Sig.

454 1789 568 1860 Sig.

455 1879 571 1949 Sig.

1987 1819 2034 1878 B

2060 544 2260 614 regula
2278 545 2456 599 sancti
2476 543 2774 614 Augustini
2800 552 3068 613 tanquam
3091 542 3378 612 regulares
3400 539 3660 594 canonici

2059 633 2173 687 Deo
2196 634 2728 688 deservirent.Anno
2743 639 2931 686 autem
2950 633 3129 685 altero
3148 630 3413 684 introitus
3432 644 3654 693 eorum,

2061 725 2264 794 majori
2287 725 2471 778 adhuc
2491 724 2756 778 divinitus
2785 722 3044 794 inspirati
3066 728 3200 776 sunt
3229 721 3528 786 desiderio,
3567 726 3661 774 ut-

2061 819 2191 883 pote
2220 814 2314 884 qui
2326 815 2445 884 jam
2470 813 2743 868 bonorum
2771 811 3164 867 allaborabant
3191 812 3460 865 interesse
3489 810 3662 864 colle-

2057 902 2169 973 gio.
2202 903 2276 956 Ut
2299 902 2449 956 enim
2474 903 2587 956 Deo
2603 902 2963 965 deservirent,
2995 901 3143 971 quod
3164 900 3376 955 arctius
3403 899 3659 955 aestima-

2059 989 2196 1042 bant
2212 995 2411 1060 sponte
2439 989 2748 1060 elegerunt,
2773 995 2830 1042 et
2848 988 3048 1042 divinae
3077 1005 3137 1042 se
3163 988 3361 1058 gratiae
3384 987 3660 1041 devoven-

2057 1084 2142 1131 tes
2155 1079 2408 1132 habitum
2423 1079 2600 1132 sancti
2614 1077 2897 1133 Benedicti
2913 1083 3244 1149 compuncte
3264 1081 3659 1148 susceperunt.

2057 1169 2329 1239 Percepta
2364 1167 2554 1238 itaque
2593 1167 2927 1238 infatigabili
2970 1183 3164 1221 eorum
3196 1166 3649 1238 perseverantia.

2056 1257 2116 1310 in
2145 1257 2339 1311 eodem
2361 1273 2509 1311 anno
2535 1258 2649 1311 Deo
2669 1264 2973 1323 annuente,
2989 1257 3384 1327 indigenarum
3405 1256 3661 1310 eleemo-

2057 1346 2213 1417 synis
2238 1348 2376 1399 adeo
2406 1346 2504 1400 illa
2530 1347 2801 1400 succrevit
2832 1346 3094 1412 Ecclesia,
3120 1351 3184 1400 ut
3220 1345 3297 1400 ibi
3329 1347 3657 1416 septemde-

2057 1435 2167 1488 cim
2197 1435 2300 1489 sub
2328 1435 2540 1490 ditione
2571 1435 2819 1508 praedicti
2866 1436 3077 1490 Odonis
3125 1435 3344 1489 abbatis
3393 1435 3658 1488 monachi

2059 1524 2554 1590 substituerentur,
2611 1533 2664 1579 et
2715 1526 2784 1578 ad
2827 1525 3182 1578 serviendum
3220 1526 3328 1579 Deo
3367 1531 3425 1578 et
3454 1531 3655 1578 sancto

2059 1615 2299 1668 Martino
2323 1614 2627 1668 secundum
2654 1614 2832 1668 sancti
2855 1613 3152 1668 Benedicti
3198 1614 3470 1684 Regulam
3499 1612 3656 1666 ordi-

2058 1711 2347 1757 narentur.
2383 1703 2650 1758 Videntes
2679 1719 2812 1772 ergo
2838 1703 3344 1756 circummanentes
3386 1702 3659 1772 aliquan-

2057 1793 2237 1847 tulum
2248 1793 2486 1847 fratrum
2503 1793 3166 1854 devotionem,terrarum
3179 1809 3320 1862 quas
3335 1791 3656 1861 antiquitus

2055 1881 2282 1936 abbatia
2299 1884 2395 1937 illa
2425 1889 2686 1936 tenuerat
2713 1882 2873 1936 nobis
2904 1883 3083 1936 fecere
3105 1882 3467 1944 mentionem,
3503 1897 3651 1950 qua-

453 1967 656 2022 Actum
687 1971 962 2038 Noviomi,
1010 1990 1158 2028 anno
1205 1973 1614 2028 Incarnationis
1667 1975 1969 2031 Dominicis
2050 1976 2215 2026 tenus
2243 1989 2338 2026 eas
2363 1972 2834 2042 recolligeremus,
2868 1979 2923 2025 et
2965 1971 3158 2025 usibus
3185 1975 3422 2024 fratrum
3445 1970 3659 2041 quibus

379 2054 541 2121 1086,
570 2058 874 2114 indictione
914 2076 988 2126 lx,
1025 2070 1296 2133 regnante
1335 2079 1466 2133 rege
1514 2063 1790 2135 Philippo,
1821 2081 1968 2119 anno
2051 2061 2331 2132 deputatae
2346 2062 2569 2115 fuerant
2592 2077 2690 2131 pro
2705 2060 3033 2114 remissione
3055 2068 3408 2130 peccatorum
3426 2066 3656 2113 nostro-

382 2162 506 2217 xxv,
539 2148 767 2204 domino
798 2151 1063 2206 Radbodo
1092 2153 1466 2224 episcopante,
1493 2170 1641 2208 anno
1671 2169 1780 2208 xxx.

1151 2243 1223 2296 Π.

429 2327 537 2380 Pro
566 2332 971 2384 restauratz'one
994 2332 1225 2385 abbatis?
1251 2331 1307 2387 S.
1339 2333 1577 2387 Martini
1608 2334 1918 2388 Tornacen-

1059 2423 1134 2473 εἰς
1165 2419 1298 2490 (23).

982 2509 1158 2576 (Anno
1192 2507 1371 2578 409i.)

693 2597 870 2666 [Ρνου.
897 2598 1036 2652 Eccl.
1067 2600 1130 2652 de
1163 2600 1356 2653 Reims.
1395 2597 1472 2665 II,
1515 2597 1663 2670 119.]

454 2682 522 2738 In
543 2685 770 2739 nomine
796 2685 999 2752 Patris,
1031 2693 1088 2741 et
1118 2687 1261 2747 Filii.
1285 2698 1342 2741 et
1361 2687 1604 2758 Spiritus
1626 2689 1834 2751 Sancti,
1869 2706 1972 2760 ego

381 2773 681 2830 RADBODUS
709 2775 1167 2831 Noviomensium
1205 2794 1305 2832 seu
1345 2778 1785 2834 Tornacensium
1826 2779 1974 2851 epis-

382 2879 554 2934 copus
573 2863 955 2920 omnimodam
975 2866 1214 2921 salutem
1241 2872 1356 2921 tam
1399 2867 1604 2922 futuris
1639 2885 1808 2940 quam
1839 2886 1976 2940 prie-

383 2953 657 3008 sentibus.

450 3044 681 3098 Noverit
709 3045 956 3100 charitas
984 3051 1190 3111 vestra,
1235 3046 1436 3101 fratres
1463 3047 1831 3112 dilectissimi,
1881 3065 1971 3102 ec-

383 3132 612 3188 clesiam
638 3134 827 3188 Sancti
848 3135 1076 3189 Martini
1097 3135 1519 3206 Modici,quaain
1541 3136 1733 3192 Monte
1754 3137 1973 3193 Modico

381 3239 558 3293 prope
588 3239 780 3278 muros
805 3223 961 3278 urbis
979 3225 1348 3280 Tornacensis
1376 3225 1485 3280 sita
1514 3232 1618 3291 est,
1659 3227 1972 3298 antiquitus

382 3310 666 3366 abbatiam
685 3312 1100 3378 fuisse;verum
1130 3314 1366 3385 paganis
1391 3314 1449 3368 in
1486 3315 1661 3386 ipsam
1692 3315 1972 3372 civitatem

379 3399 726 3455 irruentibus
763 3401 1124 3469 destructum,
1153 3410 1208 3457 et
1244 3403 1302 3458 in
1332 3403 1584 3459 laicalem
1616 3407 1973 3477 postmodum

378 3489 680 3544 dictionem
695 3491 980 3545 redactam
1001 3493 1071 3546 ad
1083 3493 1318 3547 nihilum
1334 3510 1474 3564 pene
1486 3495 1775 3550 devenisse
1795 3516 1805 3549 :
1831 3497 1972 3551 adeo

378 3585 572 3633 autem
593 3581 843 3649 ejusdem
863 3581 1117 3636 Ecclesiae
1135 3583 1454 3652 percrebuit
1479 3583 1769 3647 desolatio,
1790 3592 1852 3639 ut
1870 3603 1972 3641 nec

379 3669 450 3724 ad
484 3669 709 3739 plenum
741 3671 909 3724 unius
937 3671 1136 3725 saltem
1165 3672 1471 3726 sacerdotis
1492 3673 1760 3727 deserviri
1782 3684 1972 3745 posset

379 3757 596 3812 officio:
629 3760 990 3830 congregatio
1020 3761 1301 3832 siquidem
1325 3761 1422 3815 illa
1451 3763 1639 3816 hostili
1687 3779 1859 3817 manu
1889 3765 1972 3818 di-

375 3863 570 3918 spersa
605 3854 692 3902 est
713 3855 770 3903 et
793 3849 966 3917 abiit;
1000 3850 1214 3904 familia
1243 3851 1489 3921 ejusdem
1515 3852 1770 3906 Ecclesiae
1791 3853 1968 3908 inter-

377 3943 565 4008 empta
594 3944 680 3992 est
700 3944 757 3993 et
775 3939 1094 4010 deperiit.T
1098 3957 1252 3994 erras
1283 3942 1405 4010 ejus
1431 3941 1645 3995 laicalis
1676 3959 1877 3997 manus
1908 3944 1965 3998 in

375 4025 648 4082 beneficio
668 4028 738 4082 de
768 4045 941 4082 manu
970 4035 1388 4084 antecessorum
1430 4037 1750 4086 nostrorum
1786 4039 1844 4086 et
1872 4049 1967 4086 no-

376 4122 496 4170 stra
519 4117 684 4188 longo
713 4125 840 4188 post
857 4123 1110 4189 tempore
1132 4118 1343 4172 habuit.
1363 4121 1525 4174 Anno
1549 4137 1676 4174 vero
1707 4119 1968 4176 Incarna—

374 4206 546 4260 tionis
579 4207 880 4261 Dominicee
907 4206 1068 4268 1092,
1105 4209 1362 4262 Ecclesiae
1403 4209 1551 4264 illius
1585 4227 1969 4264 rememorans

375 4297 466 4366 pia
488 4296 589 4350 Dei
620 4295 1025 4362 misericordia,
1051 4297 1239 4350 fratris
1270 4298 1480 4352 Odonis
1499 4306 1556 4352 et
1573 4299 1811 4354 aliorum
1836 4317 1969 4371 qua-

373 4388 504 4437 tuor
533 4389 748 4438 mentes
775 4384 1051 4455 spirituali
1086 4387 1304 4439 ccslitus
1345 4387 1717 4442 inﬂammavit
1755 4391 1964 4459 gratia,

376 4473 472 4543 qui
502 4489 614 4526 uno
643 4474 951 4544 eodemque
978 4476 1186 4539 animo,
1208 4492 1333 4529 cum
1365 4493 1424 4529 se
1456 4477 1622 4547 hujus
1651 4480 1839 4532 saeculi
1862 4497 1969 4534 cm-

372 4562 609 4615 nulenta
623 4563 1082 4633 pertimescerent
1097 4565 1373 4634 implicari
1392 4567 1970 4638 voragine,elegerunt

372 4651 553 4721 magis
581 4652 640 4705 in
664 4652 895 4722 praefata
909 4653 1151 4707 Ecclesia
1173 4654 1288 4707 Deo
1309 4654 1366 4707 in
1398 4657 1665 4725 pauperie
1685 4657 1968 4711 deservire

375 4757 544 4811 quam
593 4742 664 4795 ad
710 4742 1081 4813 perditionem
1131 4743 1448 4797 animarum
1487 4762 1717 4799 suarum
1757 4747 1968 4802 divitiis

373 4830 732 4886 saecularibus
760 4831 1068 4886 abundare.
1105 4832 1247 4885 Cum
1275 4849 1407 4902 ergo
1437 4833 1539 4886 hac
1571 4850 1637 4887 ex
1675 4850 1845 4888 causa
1871 4851 1970 4888 no-

371 4924 550 4973 stram
615 4919 888 4975 adiissent
940 4920 1318 4990 prmsentiam,
1363 4921 1594 4975 consilio
1645 4927 1703 4975 et
1757 4923 1967 4977 auxilio

370 5009 593 5064 Radulli
621 5010 998 5082 advocati,qui
1027 5018 1162 5064 tunc
1188 5011 1455 5080 temporis
1487 5027 1612 5064 eam
1637 5013 1767 5081 jure
1789 5013 1967 5082 possi-

369 5098 541 5154 debat
558 5099 932 5166 hzereditario,
956 5099 1060 5154 sub
1076 5099 1408 5153 clericorum
1437 5105 1493 5153 et
1515 5101 1787 5154 laicorum
1813 5102 1966 5156 testi-

369 5189 580 5251 monio,
601 5189 856 5243 eamdem
880 5189 960 5243 eis
987 5205 1115 5243 cum
1146 5188 1424 5258 adjacenti
1445 5190 1798 5244 solummodo
1819 5191 1964 5245 atrio

368 5278 746 5334 concessimus
776 5278 1100 5345 Ecclesiam,
1151 5294 1219 5332 ea
1263 5279 1474 5332 scilicet
1512 5279 1849 5345 conditione,
1901 5286 1966 5334 ut

443 5421 834 5492 (23)L’abbaye
851 5421 918 5476 de
941 5422 1334 5477 Saint-Martin
1359 5422 1693 5492 deTournay
1706 5421 1856 5476 avait
1878 5421 1966 5475 été

366 5494 567 5546 fondée
607 5509 675 5546 cn
709 5492 810 5548 652
842 5510 942 5563 par
968 5495 1118 5548 saint
1147 5495 1284 5558 Eloi,
1328 5494 1423 5564 qui
1453 5511 1488 5564 γ
1520 5495 1676 5564 placa
1705 5494 1803 5547 des
1833 5493 1965 5546 reli-

368 5565 532 5632 gieux
553 5565 750 5616 sousla
771 5564 921 5633 regle
935 5565 1002 5617 de
1018 5568 1167 5619 saint
1183 5566 1506 5620 Colomban.
1531 5565 1847 5618 L’invasion
1865 5565 1965 5618 des

369 5633 689 5688 Normands
715 5650 791 5686 au
828 5650 909 5687 1x0
929 5636 1096 5691 siecle
1115 5639 1317 5691 chassa
1343 5638 1426 5691 les
1456 5637 1727 5705 religieux
1747 5642 1806 5691 et
1823 5635 1966 5690 l’ab-

1990 3099 2032 3161 C

2057 2167 2183 2204 rum
2212 2151 2590 2205 redderemus.
2647 2151 2899 2214 Quorum
2944 2149 3226 2204 benevolis
3257 2147 3654 2220 petitionibus,

2056 2240 2191 2294 licet
2232 2240 2625 2295 difﬁcillimum
2664 2240 2968 2304 videretur,
3001 2239 3264 2293 benevole
3304 2239 3651 2293 condescen-

2055 2328 2270 2393 dentes,
2299 2329 2628 2382 advocatum
2641 2328 3140 2398 Radulfum,quem
3162 2345 3256 2382 eas
3278 2333 3413 2382 tunc
3431 2333 3655 2398 tempo-
3719 2386 3727 2392 ,

2056 2417 2136 2472 ris
2163 2418 2221 2472 in
2241 2417 2508 2472 beneﬁcio
2537 2424 2730 2472 tenere
2753 2417 3069 2483 didicimus,
3112 2417 3352 2488 benigne
3379 2418 3647 2471 conveni-

2058 2523 2205 2572 mus,
2239 2515 2292 2561 et
2324 2524 2425 2578 pro
2453 2509 2832 2562 consolatione
2847 2508 3048 2562 animae
3078 2524 3211 2573 suae,
3242 2507 3374 2578 quid
3401 2507 3453 2561 ei
3479 2524 3655 2578 super

2057 2596 2161 2649 hoc
2179 2596 2492 2651 faciendum
2509 2596 2653 2652 foret
2679 2613 2748 2651 ex
2769 2597 2949 2651 ofﬁcio
2970 2604 3160 2651 nostro
3183 2597 3397 2651 intente
3418 2613 3653 2667 sugges-

2057 2685 2255 2748 simus,
2274 2691 2332 2740 et
2351 2685 2727 2740 omnedicibili
2747 2687 2991 2757 Spiritus
3019 2687 3196 2740 sancti
3220 2687 3408 2756 gratia
3430 2686 3653 2740 inﬂam-

2057 2782 2272 2830 matum
2302 2775 2451 2830 illico
2475 2792 2572 2830 cor
2585 2775 2830 2829 hominis
2851 2775 3087 2846 benigne
3111 2777 3182 2829 ad
3205 2775 3394 2830 omnia
3423 2792 3658 2846 respon-

2055 2865 2140 2919 dit
2172 2883 2183 2917 :
2211 2867 2412 2920 Terras
2439 2866 2562 2920 illas
2591 2865 2778 2919 Sancti
2810 2865 3036 2919 Martini
3067 2882 3205 2936 quas
3233 2865 3288 2919 in
3323 2882 3425 2919 suo
3461 2865 3650 2936 possi-

2055 2954 2224 3008 debat
2241 2955 2510 3013 dominio.
2528 2953 2702 3008 libere
2723 2960 2786 3008 ut
2807 2971 2901 3008 eas
2925 2955 3176 3009 Ecclesiae
3215 2955 3296 3008 illi
3319 2955 3653 3008 restituere-

2053 3060 2180 3098 mus
2209 3043 2469 3105 reddidit,
2497 3043 2744 3114 aliasque
2758 3060 2951 3097 omnes
2970 3045 3221 3114 ejusdem
3241 3044 3489 3107 ditionis,
3509 3061 3654 3114 quas

2054 3133 2112 3187 in
2139 3133 2456 3188 vadimonio
2504 3151 2603 3188 seu
2652 3133 2918 3188 beneficio
2976 3133 3068 3186 alii
3108 3134 3178 3187 de
3233 3133 3328 3187 illo
3371 3133 3656 3187 habebant

2057 3223 2574 3294 quomodocunque,
2627 3240 2725 3277 seu
2765 3239 2864 3294 per
2909 3222 3373 3293 redemptionem,
3416 3239 3517 3277 seu
3548 3239 3651 3294 per

2057 3329 2252 3366 eorum
2281 3313 2377 3382 qui
2403 3329 2497 3366 eas
2514 3313 2783 3366 tenebant
2811 3311 3309 3383 eleemosynariam
3333 3313 3651 3366 manumis-

2057 3401 2370 3466 sionem,ad
2392 3401 2690 3455 Ecclesiam
2709 3402 2970 3455 devenire
2984 3408 3229 3472 possent,
3247 3401 3452 3455 liberas
3472 3402 3654 3455 votive

2054 3491 2346 3547 concessit.
2391 3491 2622 3545 Noverit
2649 3507 2782 3561 ergo
2823 3497 2958 3545 astas
2993 3497 3050 3545 et
3089 3507 3252 3544 sexus
3299 3491 3481 3544 omnis
3511 3508 3654 3560 quos

2055 3579 2351 3649 contigerit
2375 3580 2590 3645 audire,
2623 3586 2803 3634 terras
2823 3597 3018 3634 omnes
3034 3581 3157 3633 illas
3179 3596 3318 3650 quas
3340 3580 3655 3650 antiquitus

2054 3669 2297 3723 Ecclesia
2326 3669 2863 3740 tenuit,praadictum
2894 3670 3200 3724 Radulfum
3234 3686 3348 3723 una
3362 3669 3653 3723 nobiscum

2053 3758 2299 3812 ecclesiae
2338 3758 2528 3812 Sancti
2558 3759 2780 3813 Martini
2813 3775 3148 3829 quacunque
3200 3758 3358 3823 hora,
3393 3775 3653 3829 quoquo-

2053 3848 2218 3901 modo
2265 3848 2335 3901 ab
2391 3848 2501 3901 illis
2545 3848 2641 3918 qui
2680 3864 2775 3901 eas
2816 3848 3088 3902 hactenus
3127 3848 3376 3902 habuere
3422 3848 3653 3902 liberari

2050 3943 2332 4006 poterunt,
2373 3938 2574 3991 Sancto
2620 3937 2862 3991 Martino
2895 3937 3068 3990 libere
3092 3937 3451 4002 concessisse,
3505 3943 3563 3991 et
3593 3938 3650 3992 in

2050 4043 2153 4080 usu
2175 4027 2411 4080 fratrum
2435 4026 2568 4079 inibi
2589 4026 2914 4096 degentium
2933 4027 3134 4079 amodo
3152 4033 3209 4080 et
3235 4026 3293 4080 in
3315 4033 3651 4098 perpetuum

2050 4115 2335 4169 habendas
2355 4115 2528 4169 libere
2549 4115 2872 4169 reddidisse.
2898 4116 2972 4168 Ut
2991 4132 3118 4168 vero
3144 4116 3257 4168 haec
3279 4122 3474 4169 nostra
3498 4104 3652 4170 reco-

2049 4206 2228 4274 gnitio
2250 4205 2575 4258 inconvulsa
2606 4211 2832 4258 maneat
2864 4205 2921 4257 in
2952 4204 3238 4270 saeculum,
3283 4205 3491 4260 charta:
3519 4206 3652 4260 huic

2052 4295 2344 4363 parvitatis
2373 4300 2578 4347 nostra;
2621 4294 3010 4364 impressimus
3045 4294 3316 4363 sigillum,
3351 4299 3415 4349 ut
3442 4295 3488 4348 si
3520 4296 3648 4365 quis

2052 4401 2175 4436 eam
2203 4383 2444 4437 scienter
2473 4383 2675 4436 amodo
2706 4383 3014 4441 violaverit.
3060 4383 3167 4436 nisi
3201 4382 3271 4436 ad
3307 4384 3656 4438 emendatio-

1986 4461 2032 4517 D
2050 4490 2177 4527 nem
2206 4473 2454 4536 redierit,
2478 4474 2578 4526 Dei
2604 4479 2661 4526 et
2684 4478 3007 4527 sanctorum
3035 4472 3286 4526 omnium
3319 4479 3374 4525 et
3405 4480 3624 4543 postmo
3642 4505 3655 4516 ο

2051 4563 2186 4616 dum
2217 4561 2807 4616 excommunicationis
2838 4569 3042 4615 nostrae
3071 4561 3426 4615 inenodabile
3455 4562 3649 4617 incur-

2051 4658 2141 4705 rat
2159 4651 2462 4705 vinculum.

2123 4742 2356 4811 Signum
2388 4739 2598 4794 domini
2635 4738 2886 4793 Radbodi
2917 4739 3184 4812 episcopi.

2122 4830 2236 4900 Sig.
2279 4829 2523 4883 Baldrici
2551 4828 2949 4882 archidiaconi.

2122 4922 2237 4992 Sig.
2281 4921 2435 4975 Petri
2465 4919 2732 4974 cantoris.

2123 5011 2239 5080 Sig.
2281 5010 2499 5065 Ornulfi
2525 5007 2862 5080 presbyteri.

2121 5100 2237 5170 Sig.
2278 5098 2556 5153 Roscelini
2587 5097 2920 5169 presbyteri.

2121 5190 2236 5259 Sig.
2279 5189 2519 5243 Maurini
2541 5188 2874 5259 presbyteri.

2120 5278 2235 5348 Sig.
2279 5279 2510 5348 Segardi
2533 5277 2775 5332 diaconi.

2050 5421 2192 5544 bage
2218 5420 2485 5474 demeura
2515 5419 2736 5474 déserte
2757 5417 3174 5490 jusqu’en109?
3197 5439 3208 5486 ;
3234 5420 3382 5474 alors
3409 5420 3643 5476 Radbod

2050 5509 2086 5544 v
2144 5491 2304 5544 lablit
2331 5492 2428 5544 des
2454 5492 2758 5544 chanoines
2783 5492 3176 5544 i‘éguliers.oui
3194 5493 3336 5544 deux
3357 5509 3460 5544 ans
3482 5500 3643 5544 aures

2050 5509 2086 5562 y
2107 5491 2304 5563 élablit
2331 5492 2428 5546 des
2454 5492 2758 5545 chanoines
2783 5492 3176 5561 réguliers,qui
3194 5493 3336 5545 deux
3357 5509 3460 5546 ans
3482 5500 3643 5563 apres

2050 5562 2463 5617 embrasserent
2496 5564 2548 5616 la
2589 5563 2739 5632 regie
2768 5564 2836 5615 de
2867 5564 3016 5616 saint
3058 5564 3274 5624 Benoit.
3319 5571 3378 5617 et
3412 5562 3645 5634 récupé-

2048 5635 2242 5688 rerent
2268 5636 2349 5689 les
2380 5635 2537 5689 biens
2566 5636 2664 5704 qui
2704 5634 2928 5690 avaient
2955 5634 3045 5688 été
3073 5634 3324 5689 envahis.
