3944 6356
281 351 304 407 1
317 348 422 406 537

348 473 465 544 Sig.
506 472 754 528 Gerelini
782 473 1018 528 diaconi.

347 561 464 633 Sig.
511 561 699 616 Aloldi
728 561 968 616 diaconi.

347 650 462 721 Sig.
507 649 777 720 Stephani
798 648 1144 703 subdiaconi.

345 737 466 810 Sig.
510 739 768 792 Landrici
797 739 1055 809 acclythi.

344 827 460 898 Sig.
505 828 714 882 Odonis
744 828 1009 898 acolythi.

343 915 456 986 Sig.
502 916 823 986 Hagenonis
853 915 1116 986 acolythi.

343 1005 456 1077 Sig.
502 1005 754 1076 Hugonis
786 1005 1102 1060 castellani.

344 1093 462 1163 Sig.
503 1093 756 1164 Hugonis
780 1091 1182 1147 Calmacensis.

504 1182 803 1236 Helinandi
831 1181 1046 1235 militis.

505 1271 841 1342 Sagnatonis
871 1270 1084 1327 militis.

501 1360 760 1415 Gosberti
790 1359 1010 1414 militis.

506 1449 762 1504 Gualteri
783 1449 1151 1503 Tornacensis
1189 1447 1590 1506 archidiaconi.

499 1539 651 1593 Petri
690 1538 908 1592 decani.

501 1627 830 1682 Herimanni
855 1627 1160 1699 praepositi.

499 1718 712 1773 Olberti
742 1717 1005 1772 cantoris.

501 1808 767 1878 Stephani
800 1805 1132 1878 presbyteri.

499 1897 704 1950 Hellini
737 1896 1070 1966 presbyteri.

496 1986 729 2040 Joannis
761 1985 1092 2056 presbyteri.

499 2074 756 2128 Ledberti
788 2073 1029 2128 diaconi.

498 2162 765 2216 Bernuini
793 2160 1140 2216 subdiaconi.

499 2249 838 2321 Ingebrandi
868 2249 1133 2321 acolythi.

337 2340 453 2410 Sig.
497 2341 736 2394 Werrici
762 2339 1027 2411 acolythi.

338 2429 452 2500 Sig.
498 2429 742 2484 Onvardi
766 2427 1077 2483 castellani.

337 2519 453 2589 Sig.
492 2519 734 2574 Rodulﬁi
764 2517 1040 2574 advocati.

336 2609 452 2679 Sig.
495 2608 727 2662 Gonteri
759 2607 970 2661 militis.

335 2697 451 2768 Sig.
497 2698 718 2752 Rodulﬁ
752 2696 967 2750 militis.

337 2787 453 2856 Sig.
493 2785 740 2840 Lidberti
771 2785 983 2839 militis.

335 2876 545 2930 Actum
577 2874 852 2940 Noviomi,
903 2871 1316 2927 Incarnationis
1366 2869 1670 2925 Dominicae
1708 2888 1856 2926 anno

267 2963 422 3030 1094,
445 2965 747 3019 indictione
764 2967 1082 3034 I,regnante
1095 2977 1224 3032 rege
1240 2960 1497 3031 Philippo
1513 2976 1661 3014 anno
1673 2975 1853 3029 XXXVI,

261 3056 470 3110 domno
500 3054 767 3109 Radbodo
798 3053 1156 3124 episcopante
1181 3066 1327 3104 anno
1357 3063 1507 3103 xxvr.

344 1182 460 1253 Sig.

344 1271 460 1342 Sig.

342 1361 455 1431 Sig.

343 1449 459 1516 Sig.

341 1539 456 1609 Sig.

341 1629 458 1699 Sig.

338 1718 456 1788 Sig.

339 1807 458 1877 Sig.

339 1896 454 1967 Sig.

339 1986 455 2056 Sig.

339 2074 452 2145 Sig.

339 2162 454 2232 Sig.

339 2251 454 2322 Sig.

1745 344 2074 402 ΟΗΑΒΤᾸΞ.

1883 475 1936 534 Α
1953 467 2230 538 siquidem
2247 468 2480 522 clericus
2499 472 2558 522 et
2579 468 2942 534 Gummarus,
2964 469 3060 540 qui
3085 469 3264 525 altare
3281 470 3421 526 illud
3439 472 3540 528 diu

3397 347 3542 406 4538

1949 557 2054 612 sub
2091 564 2395 630 personatu
2423 557 2755 622 habuerant,
2788 557 2988 612 divinae
3016 558 3316 614 admodum
3342 561 3541 631 gratia

1949 653 2204 716 respectu
2234 650 2573 717 compuncti,
2595 665 2695 718 per
2721 647 3072 701 Gualterium
3105 655 3238 702 tunc
3270 649 3540 720 temporis

1948 735 2404 790 archidiaconum
2435 745 2777 806 caeterosque
2827 736 3057 789 clericos
3085 736 3421 807 infatigabili
3451 754 3541 792 me

1948 841 2177 896 precum
2226 825 2494 878 instantia
2540 825 2978 896 interpellarunt
3029 831 3312 896 quatenus
3365 827 3544 882 altare

1947 914 2088 968 illud
2143 914 2212 967 de
2279 913 2539 968 manibus
2595 931 2788 968 eorum
2843 915 3150 984 reciperem
3209 914 3402 982 libere,
3471 915 3542 971 ab

1948 1003 2101 1056 omni
2158 1003 2445 1058 exactione
2498 1003 2752 1058 saeculari
2807 1001 2982 1056 libere
3049 1002 3418 1072 absolverem,
3487 1009 3543 1058 et

1947 1090 2017 1144 de
2037 1092 2346 1146 redditibus
2375 1092 2626 1162 ejusdem
2648 1092 2843 1146 altaris
2864 1098 2921 1145 et
2948 1091 3073 1146 aliis
3099 1109 3221 1163 quae
3249 1092 3320 1146 ob
3348 1093 3544 1147 remis-

1947 1180 2162 1234 sionem
2208 1193 2563 1252 peccatorum
2613 1198 2845 1235 suorum
2904 1187 3184 1247 voverant,
3241 1182 3540 1237 sanctimo-

1946 1269 2126 1324 niales
2174 1271 2243 1323 ad
2295 1270 2650 1324 serviendum
2709 1269 2846 1324 inibi
2894 1269 3234 1324 ordinarem.
3288 1271 3540 1335 Quorum

1945 1356 2223 1414 benevolae
2253 1360 2508 1431 petitioni
2539 1376 2732 1414 aurem
2754 1359 3536 1426 benevolamaccommodans,

1945 1449 2272 1518 praedictum
2314 1450 2370 1504 S.
2405 1449 2594 1504 Maria:
2635 1449 2831 1512 altare,
2864 1448 3010 1502 sicut
3036 1448 3332 1518 petierant,
3365 1448 3540 1503 libere

1944 1538 2149 1609 recepi,
2192 1538 2714 1594 sanctimonialibus
2754 1537 2886 1590 inibi
2928 1536 3332 1591 constituendis
3369 1553 3541 1591 cano-

1946 1628 2069 1683 nice
2097 1627 2437 1682 abbatissam
2461 1644 2622 1682 suam
2653 1626 2896 1697 eligendi
2923 1630 3257 1696 potestatem
3270 1625 3534 1694 concessi,

1947 1718 2037 1773 cui
2078 1717 2374 1788 episcopus
2429 1733 2623 1770 curam
2667 1715 3049 1769 committeret
3077 1714 3448 1785 spiritualem,
3483 1721 3541 1772 et

1876 1806 2351 1879 Bprovidentiam
2402 1805 2730 1860 substantiae
2758 1804 3108 1876 temporalis.
3150 1803 3282 1874 Ipsa
3317 1820 3540 1876 quoque

1943 1895 2224 1950 abbatissa
2252 1894 2322 1948 ab
2345 1895 2604 1965 episcopo
2641 1901 2940 1964 utramque
2985 1893 3296 1963 suscipiens
3334 1894 3536 1964 praela-

1943 1985 2172 2049 tionem,
2197 1984 2256 2037 in
2285 1990 2523 2054 utraque
2553 1983 2876 2037 canonicam
2912 1988 2969 2036 et
2999 1981 3244 2036 debitam
3276 1982 3536 2054 episcopo

1945 2073 2230 2128 exhiberet
2264 2073 2687 2144 subjectionem,
2737 2078 2907 2142 atque
2951 2088 2984 2124 a
3017 2071 3535 2128 sanctimonialibus

1945 2164 2138 2225 electa,
2193 2163 2569 2232 canoniceque
2611 2160 2680 2214 ab
2724 2160 2982 2232 episcopo
3012 2160 3338 2216 substituta.
3362 2176 3533 2215 cano-

1942 2253 2065 2306 nice
2095 2252 2422 2324 praebendas
2452 2250 2780 2322 disponendi
2823 2249 3145 2304 facultatem
3177 2248 3445 2317 haberet;
3479 2254 3539 2304 et

1941 2359 2279 2413 unoquoque
2307 2357 2455 2395 anno
2477 2341 2532 2394 in
2555 2339 2855 2394 festivitate
2901 2344 3222 2393 sanctorum
3259 2338 3537 2410 apostolo-

1939 2447 2065 2486 rum
2094 2431 2338 2485 Simonis
2359 2437 2416 2484 et
2436 2431 2463 2484 J
2471 2430 2593 2483 udae
2624 2445 2658 2482 v
2678 2428 2885 2482 solidos
2915 2427 3175 2498 episcopo
3205 2443 3307 2498 pro
3339 2443 3528 2498 respe-

1940 2526 2033 2574 ctu
2050 2519 2292 2574 ecclesiae
2323 2520 2586 2573 solveret.
2608 2517 2754 2582 Quia
2779 2533 2909 2570 vero
2933 2517 2991 2571 in
3013 2516 3261 2571 dominio
3291 2515 3534 2588 episcopi

1939 2609 2205 2681 praedicta
2267 2613 2457 2662 manet
2503 2607 2753 2671 ecclesia,
2806 2606 3154 2660 confratrum
3211 2611 3532 2660 nostrorum

1937 2699 2172 2753 concilio
2206 2698 2376 2752 altius
2415 2697 2682 2768 quiddam
2707 2695 2758 2748 ei
2788 2694 3112 2766 subscripsi,
3141 2693 3530 2748 malefactores

1937 2788 2151 2843 scilicet
2177 2786 2420 2841 ecclesiae
2441 2785 2591 2839 illius
2621 2790 2680 2838 et
2707 2783 2968 2838 canonice
2998 2782 3526 2837 excommunicandi

1939 2877 2131 2947 eisque
2183 2875 2504 2930 absolvendi
2553 2879 2887 2944 potestatem
2943 2871 3209 2933 concessi,
3237 2888 3305 2926 ea
3331 2876 3526 2926 tamen

1940 2966 2256 3020 conditione
2286 2970 2350 3020 ut
2376 2964 2423 3019 si
2454 2980 2554 3035 per
2585 2962 2871 3016 ministros
2918 2960 3163 3032 episcopi
3210 2977 3534 3016 excommu-

1939 3055 2145 3110 nicatio
2199 3055 2533 3108 conﬁrmata
2577 3051 2768 3117 fuerit,
2823 3050 3083 3122 episcopo
3145 3055 3203 3104 et
3257 3049 3532 3104 ministris

335 3147 450 3215 Ego
481 3145 686 3213 Guido,
713 3141 1099 3206 concellariUS.
1128 3139 1238 3210 legi
1273 3145 1329 3194 et
1358 3138 1549 3194 subter
1577 3139 1818 3193 ﬁrmaVi.
1879 3139 2063 3216 Cejus
2113 3144 2432 3199 emendatio
2483 3142 2734 3196 solvatur
2786 3137 3396 3194 excommunicationis.
3456 3139 3533 3193 Ut

1015 3229 1123 3286 III.

261 3328 470 3382 Charta
515 3325 831 3378 donationis
882 3323 1108 3375 ecclesia:
1151 3320 1204 3375 S.
1264 3320 1455 3372 Μανίκ
1495 3319 1790 3384 Brugensis
1821 3335 1856 3372 a

333 3398 580 3452 Radbodo
637 3398 874 3463 episcopo
929 3394 1281 3446 Noviomensi
1333 3391 1857 3444 sanctimonialibus

331 3470 508 3536 facta.

856 3553 1047 3610 (Anno
1079 3549 1252 3615 109i.)

523 3652 681 3719 (Gali.
706 3652 907 3706 Christ.
943 3666 1091 3714 nov.,
1123 3654 1165 3701 t.
1199 3647 1265 3710 V,
1300 3645 1404 3699 col.
1436 3643 1592 3714 354.)

332 3750 397 3806 In
429 3751 654 3805 nomine
685 3749 885 3812 Patris,
914 3753 972 3802 et
997 3746 1143 3812 Filii,
1177 3750 1233 3799 et
1262 3743 1504 3814 Spiritus
1527 3741 1724 3805 sancti,
1749 3757 1854 3810 ego

262 3843 562 3896 RADBODUS
587 3839 850 3894 minimus
871 3837 1258 3908 episcoporum
1282 3831 1734 3888 Noviomensium
1757 3845 1856 3883 seu

256 3931 692 3987 Tornacensium
708 3975 720 3986 .

331 4009 542 4076 Notum
576 4037 697 4074 esse
745 4018 869 4072 volo
915 4014 1266 4086 generationi
1317 4012 1565 4066 omnium
1605 4010 1854 4064 ﬁdelium

259 4118 377 4166 tam
409 4109 776 4182 praesentibus
823 4123 988 4177 quam
1036 4105 1116 4159 eis
1158 4104 1255 4175 qui
1303 4103 1601 4158 succedent
1647 4100 1704 4154 in
1754 4116 1854 4169 po-

261 4208 499 4264 sterum,
524 4198 767 4254 ecclesiae
799 4197 855 4251 S.
889 4194 1081 4249 Mariae
1104 4211 1227 4264 quae
1248 4191 1455 4263 Brugis
1471 4197 1557 4244 est
1575 4187 1854 4244 libertatis

262 4307 353 4346 me
381 4287 707 4362 hujusmodi
732 4285 1073 4341 concessisse
1117 4281 1472 4354 privilegium
1516 4294 1529 4330 :
1575 4279 1855 4334 Bernerus

1939 3242 2127 3290 autem
2165 3235 2268 3287 hoc
2296 3233 2465 3303 hujus
2515 3229 2886 3286 concessionis
2935 3227 3287 3300 privilegium
3328 3227 3531 3282 amodo

1939 3342 2050 3380 non
2098 3322 2274 3395 possit
2319 3321 2563 3385 dissolvi,
2616 3325 2831 3373 cartam
2873 3318 3017 3372 hanc
3064 3317 3170 3371 sub
3210 3316 3534 3371 testimonio

1938 3415 2289 3468 sacerdotum
2321 3417 2378 3466 et
2417 3409 2747 3465 clericorum
2777 3408 2962 3478 sigillo
2989 3413 3180 3460 nostro
3219 3406 3363 3477 jussi
3397 3422 3532 3460 con-

1937 3502 2152 3557 ﬁrmari
2199 3502 2236 3556 S
2311 3499 2504 3553 domni
2563 3497 2814 3552 Radbodi
2873 3494 3138 3566 episcopi,
3187 3495 3242 3549 S.
3297 3493 3534 3548 Galterii

1937 3589 2334 3654 archidiaconi,
2390 3589 2452 3643 S.
2513 3586 2662 3640 Petri
2715 3585 2932 3647 decani,
2984 3585 3041 3639 S.
3088 3582 3373 3637 Herimari
3415 3583 3531 3638 No-

1937 3679 2238 3734 viomensis
2298 3675 2514 3737 decani,
2572 3675 2627 3729 S.
2701 3672 3030 3727 Herimanni
3097 3670 3402 3742 praepositi,
3465 3669 3528 3726 S.

1939 3769 2121 3839 Sigeri
2150 3766 2416 3834 cantoris,
2457 3765 2514 3819 S.
2571 3762 2800 3829 Elberti,
2857 3763 2913 3816 S.
2953 3759 3224 3827 Tetberti,
3276 3761 3333 3815 S.
3365 3760 3532 3815 Lam-

1937 3858 2102 3913 berti.

2009 3967 2218 4020 Actum
2245 3961 2482 4020 Tornaci
2511 3978 2658 4016 anno
2678 3956 3177 4015 DominicaeIncar.
3209 3955 3362 4024 1094,
3387 3956 3534 4011 indi-

1938 4055 2122 4110 ctione
2142 4070 2204 4115 ιι,
2221 4060 2490 4124 regnante
2515 4069 2645 4121 rege
2673 4050 2931 4122 Philippo
2959 4064 3107 4103 anno
3131 4060 3288 4112 xxxv,
3321 4045 3534 4102 domno

1937 4146 2004 4200 R.
2036 4145 2403 4217 Episcopante
2423 4157 2566 4197 xxvr.

2006 4271 2127 4344 Ego
2148 4270 2313 4326 Wido
2343 4267 2707 4326 cancellarius
2725 4264 2920 4322 subter
2946 4260 3188 4320 ﬁrmavi.
