3944 6398
451 369 586 428 1543
1275 369 1610 425 AGANONI
1628 369 1666 424 S
1703 361 2216 423 AUGUSTODUN.
2256 363 2482 419 EPISC.
2523 363 2894 421 EPISTOLA.
3591 369 3735 427 1544

450 499 692 553 salutem
724 497 1050 552 nullatenus
1101 494 1358 550 sufﬁcere
1387 496 1694 561 valeamus,
1722 510 1914 549 eorum
1946 490 2112 549 suf-A
2135 489 2390 560 Hugonis
2421 491 2810 561 Lugdunensis
2825 492 3080 548 Ecclesia
3095 494 3506 567 archiprasulis
3526 500 3585 550 et
3603 513 3742 568 apo-

444 587 688 658 fragium
720 585 1035 641 necessario
1061 584 1219 638 nobis
1254 590 1341 638 est
1371 585 1808 655 implorandum,
1830 583 1925 652 qui
1945 597 2057 634 non
2143 580 2348 634 stolica
2371 580 2516 634 sedis
2539 581 2706 651 legati
2725 588 2779 636 et
2800 588 3012 647 nostra,
3037 589 3101 637 ut
3130 585 3743 656 quicunquelaicorum

448 677 628 730 solum
658 675 868 729 laboris
895 675 981 728 sui
1007 674 1254 728 fructum
1286 674 1598 745 percipere,
1633 673 1730 727 sed
1787 678 1840 726 et
1894 669 2056 724 nobis
2140 685 2203 722 ex
2238 685 2570 740 quacunque
2600 671 2883 740 parochia,
2904 673 3222 739 ASduensis,
3247 675 3331 728 vel
3363 675 3595 729 alterius
3624 675 3745 746 epi-

447 765 833 836 peccaminum
860 769 1181 817 nostrorum
1200 763 1419 816 veniam
1449 763 1597 833 apud
1617 762 1862 816 divinam
1889 762 2051 812 mise—
2139 763 2418 827 scopatus,
2452 759 2519 810 ad
2554 759 2834 827 ecclesias,
2880 761 3026 815 vicos
3077 768 3134 815 et
3179 762 3467 817 cimeteria
3500 765 3562 816 B.
3597 764 3746 817 Ger-

455 854 755 908 ricordiam
775 855 927 923 juste
948 859 1004 905 et
1033 853 1120 922 pie
1147 852 1377 905 vivendo
1418 852 1671 904 obtinere
1698 853 2046 903 meruerunt.
2135 847 2286 899 mani
2320 848 2641 916 confugium
2673 849 2924 914 fecerint,
2959 856 3016 904 et
3043 850 3179 904 inibi
3213 858 3438 922 peracto
3461 853 3595 906 anni
3617 870 3750 924 spa-

451 943 700 1006 Quorum
725 941 1177 1013 propitiationem
1198 945 1262 994 ut
1278 940 1438 994 nobis
1459 956 1868 1010 comparemus,
1889 952 2043 990 sacra
2129 933 2227 992 tio,
2257 936 2499 989 statione
2523 937 2607 990 vel
2662 938 2891 1008 hospitii
2945 941 3279 995 necessitate
3305 942 3589 996 immorati
3618 943 3740 997 fue-

453 1033 569 1086 Deo
603 1032 794 1085 locain
818 1030 1020 1100 quibus
1049 1046 1242 1083 eorum
1273 1030 1544 1083 memoria
1570 1030 1737 1098 digne
1767 1034 1823 1081 et
1851 1026 2050 1080 lauda-

451 1120 640 1174 biliter
673 1119 962 1173 excolatur
990 1123 1108 1172 tota
1147 1118 1442 1172 devotione
1471 1125 1794 1171 construere
1824 1123 2050 1184 sataga—

449 1225 594 1275 mus,
625 1215 688 1263 ut
715 1209 784 1263 de
815 1209 919 1262 hac
947 1209 1090 1262 valle
1112 1209 1489 1278 lacrymarum
1526 1224 1719 1261 eorum
1755 1222 1859 1276 ope
1888 1203 2049 1258 educi

450 1304 507 1352 et
548 1298 617 1352 ad
667 1297 1007 1352 consortium
1055 1297 1278 1350 illorum
1337 1296 1754 1367 pertingentes,
1819 1293 2050 1347 tandem

450 1389 629 1443 Deum
660 1404 855 1442 eorum
888 1387 946 1440 in
968 1387 1099 1441 Sion
1127 1386 1314 1440 videre
1363 1402 1700 1440 mereamur.
1741 1384 1885 1448 Quia
1914 1399 2047 1453 ergo

453 1476 522 1531 B.
548 1477 892 1532 Germanum
941 1476 1000 1530 in
1055 1492 1292 1530 numero
1322 1492 1517 1529 eorum
1550 1475 1644 1545 qui
1672 1474 1729 1527 in
1759 1475 1860 1526 hoc
1889 1471 2048 1526 nobis

451 1566 794 1639 patrocinari
824 1570 1077 1636 possunt,
1111 1581 1222 1618 non
1252 1565 1512 1618 inﬁmum
1554 1580 1693 1628 esse,
1716 1563 1934 1617 sincera
1965 1578 2049 1615 sa-

451 1673 560 1710 cra
580 1655 798 1726 pagina
825 1654 1096 1707 relatione
1127 1653 1174 1706 ei
1207 1654 1606 1706 miraculorum
1637 1652 1915 1706 evidentia
1961 1650 2049 1703 di-

453 1743 712 1807 dicimus,
735 1759 836 1813 ego
867 1745 1062 1812 Agano
1095 1741 1225 1796 licet
1242 1740 1838 1810 indignus,1Eduensis
1857 1745 2048 1793 tamen

2130 1023 2262 1088 rint,
2295 1025 2363 1078 ad
2397 1026 2687 1080 ecclesiam
2720 1028 2930 1082 scilicet
2960 1030 3020 1082 Β.
3055 1030 3287 1084 Joannis
3341 1031 3739 1100 Evangelista,

2132 1127 2256 1180 qua
2285 1113 2436 1182 apud
2462 1113 2702 1168 Barrum
2734 1118 2843 1169 sita
2871 1123 2974 1182 est,
3009 1123 3066 1171 et
3093 1119 3383 1172 ecclesiam
3449 1121 3506 1174 S.
3541 1122 3742 1174 Satur-

2131 1200 2249 1254 nini
2276 1201 2344 1254 de
2366 1203 2624 1257 Planesia
2650 1210 2706 1258 et
2733 1206 3024 1259 ecclesiam
3051 1207 3106 1262 S.
3131 1209 3359 1262 Martini
3391 1209 3459 1262 de
3479 1209 3742 1263 Dronen-

2129 1289 2261 1356 tico,
2292 1291 2459 1345 liceat
2487 1293 2881 1362 pradictarum
2916 1296 3276 1350 ecclesiarum
3298 1298 3531 1355 clericis.
3557 1315 3738 1368 quan-

2129 1379 2227 1433 diu
2257 1382 2632 1435 communiter
2662 1388 2718 1436 et
2765 1383 2885 1438 sine
2943 1385 3168 1456 proprio
3220 1386 3474 1453 vixerint,
3515 1387 3644 1441 illos
3668 1394 3737 1442 ut

2130 1470 2389 1539 proprios
2411 1472 2784 1540 parochianos
2814 1473 3041 1540 habere,
3080 1481 3137 1529 et
3167 1474 3477 1530 oblationes
3505 1493 3703 1531 eorum
3709 1519 3734 1548 ,

2132 1573 2272 1627 quas
2295 1558 2527 1612 vivendo
2559 1577 2657 1615 seu
2691 1562 2982 1616 moriendo
3011 1579 3112 1634 pro
3156 1581 3216 1618 se
3245 1563 3569 1631 obtulerint,
3603 1583 3734 1620 sus—

2132 1645 2334 1716 cipere,
2370 1654 2427 1702 et
2445 1648 2657 1719 absque
2686 1651 2855 1704 ullius
2886 1669 3138 1722 personae
3165 1652 3554 1723 inquietudine
3593 1655 3735 1708 reti-

2132 1751 2292 1792 nere.
2331 1737 2437 1800 Qui
2462 1755 2588 1792 vero
2613 1756 2673 1793 se
2700 1739 2779 1793 eis
2819 1743 2975 1811 prius
3007 1747 3070 1795 ut
3091 1742 3462 1812 parochianus
3479 1760 3595 1797 non
3604 1745 3739 1813 jun-

457 1832 734 1895 Ecclesia,
759 1831 975 1885 utinam
1010 1848 1123 1884 non
1154 1831 1224 1884 ad
1275 1831 1674 1884 detrimentum
1729 1845 1937 1893 meum,
1970 1827 2113 1903 di-B
2134 1826 2294 1890 xerit,
2325 1827 2371 1879 si
2403 1834 2590 1881 tamen
2625 1828 2680 1882 in
2708 1829 2817 1882 alia
2845 1831 3109 1901 parochia
3139 1832 3385 1886 moriens
3414 1832 3630 1902 aliquid
3665 1833 3739 1888 de

454 1928 578 1976 ctus
603 1921 914 1992 episcopus,
968 1921 1156 1975 videns
1211 1919 1342 1973 olim
1396 1919 1578 1974 locum
1629 1919 1687 1972 in
1745 1935 1855 1989 quo
1900 1934 2050 1971 nunc

452 2011 700 2082 pradicti
730 2010 1061 2064 confessoris
1090 2008 1332 2063 Ecclesia
1377 2008 1563 2062 divino
1620 2013 1759 2061 nutu
1803 2007 1913 2060 sita
1942 2014 2044 2070 est,

455 2099 713 2169 religioni
740 2099 857 2153 fore
880 2115 1211 2169 congruum,
1245 2102 1308 2151 ut
1335 2102 1464 2168 pote
1512 2096 1581 2150 ab
1611 2095 1764 2150 omni
1811 2096 2051 2166 strepitu

453 2188 712 2260 populari
732 2193 1012 2242 remotum
1044 2187 1415 2258 quorumdam
1467 2186 1637 2240 etiam
1688 2185 1958 2238 relatione
1995 2190 2053 2238 et

454 2277 884 2348 sepulchrorum
931 2293 1054 2348 qua
1101 2276 1178 2330 ibi
1233 2274 1638 2329 eil‘odiebantur
1691 2274 2051 2328 attestatione

452 2366 810 2438 comperiens
839 2367 955 2420 Deo
987 2365 1274 2437 quondam
1304 2382 1425 2419 esse
1457 2365 1724 2428 dicatum,
1750 2363 2050 2434 quemdam

453 2454 614 2509 bona
646 2454 767 2508 vita
782 2454 1175 2524 presbyterum
1207 2451 1560 2507 Bernardum
1591 2453 1816 2506 nomine
1854 2452 1922 2506 de
1960 2468 2050 2505 re-

455 2543 662 2614 ligione
687 2543 938 2608 conveni,
989 2549 1045 2596 et
1099 2548 1164 2596 ut
1187 2541 1291 2596 sub
1320 2543 1600 2597 canonica
1628 2542 1752 2596 vita
1780 2541 2053 2595 institutis

457 2632 537 2688 ibi
558 2633 673 2686 Deo
699 2638 757 2686 et
785 2636 1210 2703 pramemorato
1241 2631 1543 2685 confessori
1572 2631 1878 2684 deserviret
1907 2647 2053 2701 sape

458 2739 586 2777 eum
620 2738 872 2776 monens.
899 2729 964 2775 ut
981 2721 1208 2774 tandem
1241 2721 1467 2775 monitis
1498 2720 1638 2774 meis
1667 2720 2055 2790 acquiesceret

460 2809 699 2876 obtinui,
732 2827 798 2864 ea
827 2809 1144 2864 conditione
1176 2809 1527 2880 interposita,
1557 2813 1621 2861 ut
1641 2808 1890 2879 quandiu
1917 2807 2056 2861 mihi

457 2899 573 2954 vita
644 2916 829 2954 comes
902 2905 1067 2959 esset,
1146 2903 1204 2952 et
1275 2915 1339 2952 ex
1414 2898 1601 2952 divina
1675 2896 2058 2950 misericordia

460 2994 802 3061 oportunum
831 2989 1013 3046 ﬁeret.
1038 2988 1291 3058 ejusdem
1313 2987 1418 3040 loci
1449 2986 1938 3041 commoditatibus
1967 2987 2056 3040 in-

462 3079 745 3133 servirem.
785 3078 944 3132 Unde
1003 3084 1198 3148 postea
1245 3077 1593 3148 comperiens
1639 3093 1672 3130 a
1717 3076 2052 3147 quibusdam

459 3168 823 3239 presbyteris,
848 3168 1149 3237 ingruente
1201 3167 1453 3228 avaritia,
1494 3165 1770 3237 pradicta
1800 3165 2053 3220 Ecclesia

458 3258 755 3312 commodo
786 3255 1068 3327 impediri,
1102 3263 1159 3310 et
1179 3273 1279 3326 pro
1305 3255 1591 3309 eXactione
1637 3255 1884 3319 illorum,
1908 3271 2049 3326 qua,

458 3346 540 3401 illi
567 3363 706 3418 quos
733 3345 1048 3417 presbyteri
1069 3344 1437 3416 parochianos
1455 3361 1587 3398 suos
1620 3344 1897 3409 dicebant,
1940 3345 2053 3398 Deo

460 3441 518 3490 et
534 3434 700 3489 beato
724 3436 1005 3489 Germano
1034 3451 1136 3504 pro
1173 3434 1420 3488 remedio
1442 3433 1645 3487 anima
1690 3451 1804 3488 sua
1832 3433 2054 3487 dimise-

459 3528 609 3587 rant,
641 3522 932 3592 religiosos
967 3522 1114 3577 viros
1161 3522 1481 3592 inquietari,
1515 3522 1689 3576 statui
1723 3523 2056 3576 auctoritate

458 3613 643 3667 Patris
685 3617 742 3666 et
787 3611 914 3666 Filii
962 3617 1020 3666 et
1067 3611 1310 3685 Spiritus
1364 3611 1561 3677 sancti,
1605 3617 1662 3666 et
1716 3611 1865 3665 beati
1905 3611 2056 3665 Petri

462 3701 844 3773 apostolorum
871 3701 1156 3773 principis,
1189 3700 1340 3754 beati
1371 3718 1593 3772 quoque
1624 3701 1845 3755 Nazarii
1874 3706 2058 3771 patro-

457 3790 518 3844 ni
545 3807 763 3845 necnon
816 3790 1008 3844 domni
1061 3789 1317 3861 Gregorii
1370 3808 1548 3862 papa,
1590 3790 1785 3844 domni
1837 3806 2059 3861 quoque

2134 1911 2293 1966 bonis
2313 1915 2448 1980 suis,
2497 1917 2576 1971 eis
2632 1920 2715 1972 vel
2769 1936 2960 1973 eorum
3019 1920 3266 1974 ecclesiis
3324 1921 3610 1976 dimittere
3649 1923 3739 1977 vel

2131 2003 2280 2072 apud
2307 2005 2615 2073 quamlibet
2631 2025 2823 2062 eorum
2849 2010 3137 2063 ecclesiam
3155 2011 3502 2080 sepulturam
3523 2011 3737 2066 habere

2137 2092 2390 2158 voluerit,
2424 2095 2470 2148 si
2494 2096 2818 2168 presbytero
2849 2115 2950 2152 suo
2981 2099 3127 2169 quod
3167 2098 3439 2169 placuerit
3466 2101 3553 2154 vel
3583 2117 3736 2154 com-

2134 2187 2330 2252 petens
2357 2183 2686 2255 obsequium
2718 2188 3064 2257 persolverit,
3080 2188 3367 2258 pramissa
3394 2189 3735 2243 auctoritate

2133 2271 2443 2338 ﬁrmamus,
2477 2279 2541 2327 ut
2559 2274 2664 2328 hoc
2695 2291 2916 2346 quoque
2955 2276 3163 2330 nullius
3191 2277 3472 2330 calumnia
3499 2278 3585 2331 vel
3605 2294 3735 2332 con-

2133 2362 2468 2417 tradictione
2497 2363 2856 2434 impediatur.
2873 2365 3204 2437 Quicunque
3234 2367 3407 2436 igitur
3436 2369 3730 2422 sacularis

2133 2451 2223 2504 vel
2274 2451 2506 2506 clericus
2563 2453 2955 2524 pradictarum
3021 2455 3381 2510 ecclesiarum
3424 2456 3735 2512 cimeteriis

2134 2555 2369 2610 corpora
2397 2558 2500 2596 sua
2554 2543 2777 2613 sepeliri
2827 2545 2897 2598 ad
2955 2547 3378 2600 sustentandam
3419 2564 3735 2619 pauperum

2134 2629 2342 2683 Christi
2372 2631 2698 2702 pauperiem
2731 2635 3126 2695 concesserint,
3160 2636 3206 2688 si
3237 2635 3434 2689 viatico
3478 2638 3732 2708 corporis

2135 2724 2191 2772 et
2221 2721 2513 2789 sanguinis
2542 2722 2675 2775 Jesu
2733 2723 2941 2777 Christi
2998 2724 3316 2794 pramuniti
3370 2732 3732 2796 peccatorum

2137 2809 2541 2863 confessionem
2583 2810 2904 2877 habuerint,
2939 2829 3108 2883 quam
3158 2829 3456 2884 possumus
3485 2820 3543 2868 et
3571 2815 3738 2869 debe-

2138 2913 2265 2950 mus
2296 2897 2706 2953 absolutionem
2738 2901 3074 2955 auctoritate
3103 2901 3262 2955 nobis
3283 2904 3588 2958 commissa
3611 2921 3738 2958 sus-

2136 2986 2182 3038 ci
2189 3003 2319 3056 pere
2350 2994 2690 3042 mereantur.

2209 3075 2263 3129 S.
2297 3077 2582 3146 Aganonis
2611 3077 2857 3149 episcopi
2885 3079 3210 3140 IEduensis.

2211 3166 2266 3219 S.
2299 3165 2555 3222 Widonis
2587 3168 2993 3227 archidiaconi.

2209 3255 2266 3309 S.
2301 3255 2553 3324 Hugonis
2586 3258 2869 3313 archidiac
2882 3303 2894 3316 .

2210 3343 2264 3397 S.
2299 3344 2484 3398 Sevini
2515 3346 2822 3404 archidiac.
2863 3353 2920 3402 et
2942 3349 3250 3420 prapositi.

2211 3431 2268 3485 S.
2302 3432 2589 3503 Norgaudi
2617 3434 2832 3488 archid.
2863 3441 2919 3489 et
2943 3437 3210 3490 cantoris.

2211 3523 2266 3577 S.
2299 3522 2544 3577 Ramerii
2577 3525 3050 3597 archipresbyteri
3075 3528 3396 3583 cardinalis.

2214 3612 2269 3666 S.
2298 3612 2528 3666 Roberti
2559 3614 3051 3686 archipresbyteri.

2214 3701 2272 3756 S.
2305 3701 2559 3756 Durandi
2581 3703 2876 3773 capellani.

1107 4098 2127 4216 AGANONIS
2203 4103 3062 4217 EPISCOPI

984 4303 1086 4368 ET
1132 4302 1499 4371 ALIORUM
1545 4299 2100 4369 LUGDUNENSIS
2148 4301 2595 4368 PROVINCLE
2643 4299 3202 4371 EPISCOPORUM

1769 4471 2436 4569 EPISTOLA

1201 4663 1360 4724 PRO
1422 4662 1788 4726 RADULFO
1842 4663 2298 4726 TURONENSI
2349 4662 2980 4726 ARCHIEPISCOPO

1514 4823 1791 4905 (MABILL.
1838 4822 2067 4885 Annal.
2114 4823 2342 4886 Bened.
2389 4825 2466 4890 V.
2511 4823 2677 4904 176.)

531 5067 609 5140 (1)
640 5068 708 5124 Α.
767 5063 1017 5140 [Agano]
1055 5065 1578 5136 Augustodunensis
1635 5068 1946 5140 episcopus,
1989 5069 2057 5124 R.

463 5150 815 5224 [Rainaldus]
869 5149 1257 5219 Lingonensis,
1292 5150 1360 5204 G.
1414 5149 1785 5223 [Gualterius]
1836 5153 2056 5207 Cabilo-

460 5243 672 5310 nensis,
723 5241 787 5296 L.
845 5238 1200 5312 [Landricus]
1230 5238 1582 5295 Matiscensis
1649 5242 1762 5296 vice
1800 5243 2056 5314 primatis

535 5387 606 5458 (1)
640 5385 716 5458 In
743 5383 989 5458 Ecclesia
1013 5383 1326 5458 Turonensi
1383 5391 1515 5440 tunc
1565 5387 1821 5458 ingentes
1850 5394 2052 5444 exorta

462 5456 788 5515 suntturba
850 5456 1054 5511 Earum
1083 5457 1300 5511 occasio
1318 5463 1375 5511 et
1403 5475 1574 5512 causa
1598 5456 1663 5512 ei
1691 5476 1756 5513 eo
1787 5465 1921 5514 nata
1944 5466 2046 5523 est,

461 5531 612 5601 quod
655 5528 929 5601 Radulfus
975 5528 1424 5601 archiepiscopus
1466 5529 1677 5584 faveret
1727 5532 1931 5585 Amato
1997 5537 2054 5586 et

464 5599 914 5684 Hugoni‘piensi
952 5599 1229 5682 episcopo,
1272 5599 1420 5684 sedis
1455 5603 1772 5684 apostolica
1797 5603 2044 5684 llegatis,

2142 5083 2334 5122 curam
2350 5082 2553 5139 gerens
2576 5065 2832 5120 Ecclesia
2857 5064 3249 5135 Lugdunensis
3275 5080 3403 5119 cum
3431 5068 3552 5119 toto
3582 5063 3731 5136 Lug-

2141 5157 2410 5211 dunensis
2441 5156 2695 5211 Ecclesia
2715 5160 3010 5215 conventu,
3031 5153 3290 5208 omnibus
3311 5154 3608 5224 provincia
3627 5155 3733 5210 Tu-

2138 5247 2394 5302 ronensis
2423 5247 2716 5318 episcopis,
2747 5244 3061 5310 abbatibus,
3092 5244 3306 5298 clericis
3354 5251 3411 5298 et
3439 5245 3728 5299 monachis

2133 5390 2344 5445 lebant.
2377 5392 2520 5444 Hinc
2558 5407 2652 5444 rex
2682 5389 2912 5444 Fulconi
2944 5388 3190 5443 Rechino
3240 5387 3430 5442 comiti
3467 5389 3724 5458 Andega-

2134 5479 2328 5517 vorum
2356 5462 2599 5532 injunxit
2625 5467 2688 5515 ut
2717 5459 3194 5532 archiepiscopum
3233 5460 3365 5513 sede
3394 5475 3499 5532 sua
3529 5461 3724 5530 dejice-

2133 5540 2256 5598 ret;
2293 5531 2579 5604 quo’facto
2605 5533 2901 5603 pradictus
2948 5531 3219 5604 Rodulfus
3266 5531 3599 5604 Gregorium
3630 5549 3726 5602 pa-

2131 5621 2259 5677 pam
2294 5603 2391 5676 per
2409 5605 2636 5677 nuntios
2656 5603 3051 5677 interpellavit,
3075 5609 3138 5658 ut
3156 5619 3342 5677 comes
3363 5603 3724 5677 Andegaven-

465 5669 845 5740 qui'Philippo
869 5669 999 5740 regi
1011 5669 1364 5745 episcopatus
1393 5669 1558 5745 regni
1582 5676 1672 5729 sui
1715 5669 1936 5730 auferre
1957 5691 2049 5731 vo-
2128 5669 2206 5734 sis
2227 5669 2565 5734 et'canonici
2581 5676 2774 5732 Sancti
2805 5669 3068 5742 Martini,
3117 5675 3216 5748 qui
3261 5675 3385 5747 ejus
3412 5669 3628 5746 legatos
3662 5675 3722 5730 in
