  <div class='ocr_page' id='page_1' title='image "/cluster/home/n/w/nwhite01/storage/ocr_20150623/150/umn.31951002477443u/866.png"; bbox 0 0 3944 6440; ppageno 0'>
   <div class='ocr_carea' id='block_1_1' title="bbox 127 416 3381 486">
    <p class='ocr_par' dir='ltr' id='par_1_1' title="bbox 127 416 3381 486">
     <span class='ocr_line' id='line_1_1' title="bbox 127 416 3381 486; baseline -0.003 0"><span class='ocrx_word' id='word_1_1' title='bbox 127 428 254 486; x_wconf 71' lang='grc'><strong>1545</strong></span> <span class='ocrx_word' id='word_1_2' title='bbox 943 423 1287 480; x_wconf 83' lang='lat' dir='ltr'>ODALRICI</span> <span class='ocrx_word' id='word_1_3' title='bbox 1328 422 1737 479; x_wconf 70' lang='lat' dir='ltr'>PREPOSITI</span> <span class='ocrx_word' id='word_1_4' title='bbox 1776 418 1947 475; x_wconf 87' lang='lat' dir='ltr'>REM.</span> <span class='ocrx_word' id='word_1_5' title='bbox 1990 416 2547 474; x_wconf 79' lang='lat' dir='ltr'>TESTAMENTUM.</span> <span class='ocrx_word' id='word_1_6' title='bbox 3242 418 3381 476; x_wconf 84' lang='grc'>1536</span> 
     </span>
    </p>
   </div>
   <div class='ocr_carea' id='block_1_2' title="bbox 118 542 3389 625">
    <p class='ocr_par' dir='ltr' id='par_1_2' title="bbox 118 542 3389 625">
     <span class='ocr_line' id='line_1_2' title="bbox 118 542 3389 625; baseline -0.003 -17"><span class='ocrx_word' id='word_1_7' title='bbox 118 559 271 625; x_wconf 88' lang='lat' dir='ltr'>atque</span> <span class='ocrx_word' id='word_1_8' title='bbox 294 551 456 606; x_wconf 88' lang='lat' dir='ltr'>laicis</span> <span class='ocrx_word' id='word_1_9' title='bbox 487 546 880 604; x_wconf 88' lang='lat' dir='ltr'>obedientibus</span> <span class='ocrx_word' id='word_1_10' title='bbox 908 547 975 601; x_wconf 90' lang='lat' dir='ltr'>R.</span> <span class='ocrx_word' id='word_1_11' title='bbox 1008 547 1308 602; x_wconf 85' lang='lat' dir='ltr'>venerabili</span> <span class='ocrx_word' id='word_1_12' title='bbox 1331 548 1704 618; x_wconf 89' lang='lat' dir='ltr'>archiepisco-</span> <span class='ocrx_word' id='word_1_13' title='bbox 1726 549 1957 614; x_wconf 89' lang='lat' dir='ltr'>Aquam</span> <span class='ocrx_word' id='word_1_14' title='bbox 2006 542 2331 612; x_wconf 87' lang='lat' dir='ltr'>episcopum</span> <span class='ocrx_word' id='word_1_15' title='bbox 2376 542 2837 609; x_wconf 81' lang='lat' dir='ltr'>Andegavensem</span> <span class='ocrx_word' id='word_1_16' title='bbox 2885 547 2943 597; x_wconf 88' lang='lat' dir='ltr'>et</span> <span class='ocrx_word' id='word_1_17' title='bbox 2984 542 3288 597; x_wconf 83' lang='lat' dir='ltr'>monachos</span> <span class='ocrx_word' id='word_1_18' title='bbox 3315 543 3389 597; x_wconf 86' lang='lat' dir='ltr'>ad</span> 
     </span>
    </p>
   </div>
   <div class='ocr_carea' id='block_1_3' title="bbox 117 631 3389 715">
    <p class='ocr_par' dir='ltr' id='par_1_3' title="bbox 117 631 3389 715">
     <span class='ocr_line' id='line_1_3' title="bbox 117 631 3389 715; baseline -0.004 -18"><span class='ocrx_word' id='word_1_19' title='bbox 117 660 179 715; x_wconf 90' lang='lat' dir='ltr'>po</span> <span class='ocrx_word' id='word_1_20' title='bbox 206 640 528 705; x_wconf 88' lang='lat' dir='ltr'>Turonensi,</span> <span class='ocrx_word' id='word_1_21' title='bbox 561 638 806 692; x_wconf 80' lang='lat' dir='ltr'>divinam</span> <span class='ocrx_word' id='word_1_22' title='bbox 838 636 1081 704; x_wconf 82' lang='lat' dir='ltr'>gratiam</span> <span class='ocrx_word' id='word_1_23' title='bbox 1117 645 1177 691; x_wconf 90' lang='lat' dir='ltr'>et</span> <span class='ocrx_word' id='word_1_24' title='bbox 1204 654 1383 692; x_wconf 90' lang='lat' dir='ltr'>suam.</span> <span class='ocrx_word' id='word_1_25' title='bbox 1787 639 1992 686; x_wconf 84' lang='lat' dir='ltr'>sancta</span> <span class='ocrx_word' id='word_1_26' title='bbox 2017 631 2166 684; x_wconf 85' lang='lat' dir='ltr'>sedis</span> <span class='ocrx_word' id='word_1_27' title='bbox 2202 631 2593 701; x_wconf 84' lang='lat' dir='ltr'>Lugdunensis</span> <span class='ocrx_word' id='word_1_28' title='bbox 2625 648 2875 694; x_wconf 85' lang='lat' dir='ltr'>examen,</span> <span class='ocrx_word' id='word_1_29' title='bbox 2906 632 3183 700; x_wconf 86' lang='lat' dir='ltr'>justitiam</span> <span class='ocrx_word' id='word_1_30' title='bbox 3210 633 3389 686; x_wconf 90' lang='lat' dir='ltr'>factu-</span> 
     </span>
    </p>
   </div>
   <div class='ocr_carea' id='block_1_4' title="bbox 181 720 3394 796">
    <p class='ocr_par' dir='ltr' id='par_1_4' title="bbox 181 720 3394 796">
     <span class='ocr_line' id='line_1_4' title="bbox 181 720 3394 796; baseline -0.003 -12"><span class='ocrx_word' id='word_1_31' title='bbox 181 732 351 795; x_wconf 88' lang='lat' dir='ltr'>Quam</span> <span class='ocrx_word' id='word_1_32' title='bbox 382 729 525 782; x_wconf 90' lang='lat' dir='ltr'>mira</span> <span class='ocrx_word' id='word_1_33' title='bbox 554 725 889 781; x_wconf 86' lang='lat' dir='ltr'>crudelitate</span> <span class='ocrx_word' id='word_1_34' title='bbox 927 726 1093 778; x_wconf 87' lang='lat' dir='ltr'>Fulco</span> <span class='ocrx_word' id='word_1_35' title='bbox 1121 743 1305 779; x_wconf 91' lang='lat' dir='ltr'>comes</span> <span class='ocrx_word' id='word_1_36' title='bbox 1337 726 1706 796; x_wconf 84' lang='lat' dir='ltr'>Andegaven-</span> <span class='ocrx_word' id='word_1_37' title='bbox 1790 738 1880 775; x_wconf 92' lang='lat' dir='ltr'>ros</span> <span class='ocrx_word' id='word_1_38' title='bbox 1911 727 1968 774; x_wconf 90' lang='lat' dir='ltr'>et</span> <span class='ocrx_word' id='word_1_39' title='bbox 1997 729 2323 790; x_wconf 90' lang='lat' dir='ltr'>accepturos</span> <span class='ocrx_word' id='word_1_40' title='bbox 2353 721 2678 774; x_wconf 89' lang='lat' dir='ltr'>invitamus.</span> <span class='ocrx_word' id='word_1_41' title='bbox 2709 720 2921 783; x_wconf 82' lang='lat' dir='ltr'>Quibus</span> <span class='ocrx_word' id='word_1_42' title='bbox 2946 721 3016 773; x_wconf 91' lang='lat' dir='ltr'>ad</span> <span class='ocrx_word' id='word_1_43' title='bbox 3043 720 3191 773; x_wconf 84' lang='lat' dir='ltr'>diem</span> <span class='ocrx_word' id='word_1_44' title='bbox 3218 725 3394 775; x_wconf 86' lang='lat' dir='ltr'>statu-</span> 
     </span>
    </p>
   </div>
   <div class='ocr_carea' id='block_1_5' title="bbox 120 808 3391 885">
    <p class='ocr_par' dir='ltr' id='par_1_5' title="bbox 120 808 3391 885">
     <span class='ocr_line' id='line_1_5' title="bbox 120 808 3391 885; baseline -0.004 -11"><span class='ocrx_word' id='word_1_45' title='bbox 120 821 189 875; x_wconf 89' lang='lat' dir='ltr'>sis</span> <span class='ocrx_word' id='word_1_46' title='bbox 211 820 400 873; x_wconf 82' lang='lat' dir='ltr'>matris</span> <span class='ocrx_word' id='word_1_47' title='bbox 434 817 690 872; x_wconf 88' lang='lat' dir='ltr'>Ecclesia</span> <span class='ocrx_word' id='word_1_48' title='bbox 718 815 1060 871; x_wconf 84' lang='lat' dir='ltr'>Turonensis</span> <span class='ocrx_word' id='word_1_49' title='bbox 1109 814 1412 868; x_wconf 81' lang='lat' dir='ltr'>visceribus</span> <span class='ocrx_word' id='word_1_50' title='bbox 1455 816 1707 885; x_wconf 81' lang='lat' dir='ltr'>gladium</span> <span class='ocrx_word' id='word_1_51' title='bbox 1789 816 1931 867; x_wconf 84' lang='lat' dir='ltr'>tum.</span> <span class='ocrx_word' id='word_1_52' title='bbox 1961 809 2237 879; x_wconf 79' lang='lat' dir='ltr'>judicium</span> <span class='ocrx_word' id='word_1_53' title='bbox 2297 826 2396 879; x_wconf 87' lang='lat' dir='ltr'>per</span> <span class='ocrx_word' id='word_1_54' title='bbox 2450 809 2765 862; x_wconf 85' lang='lat' dir='ltr'>absentiam</span> <span class='ocrx_word' id='word_1_55' title='bbox 2816 808 3183 878; x_wconf 78' lang='lat' dir='ltr'>fugientibus,</span> <span class='ocrx_word' id='word_1_56' title='bbox 3230 816 3288 862; x_wconf 93' lang='lat' dir='ltr'>et</span> <span class='ocrx_word' id='word_1_57' title='bbox 3336 809 3391 862; x_wconf 91' lang='lat' dir='ltr'>in</span> 
     </span>
    </p>
   </div>
   <div class='ocr_carea' id='block_1_6' title="bbox 120 897 3398 980">
    <p class='ocr_par' dir='ltr' id='par_1_6' title="bbox 120 897 3398 980">
     <span class='ocr_line' id='line_1_6' title="bbox 120 897 3398 980; baseline -0.004 -16"><span class='ocrx_word' id='word_1_58' title='bbox 120 927 225 964; x_wconf 87' lang='lat' dir='ltr'>sua</span> <span class='ocrx_word' id='word_1_59' title='bbox 248 905 645 980; x_wconf 69' lang='lat' dir='ltr'>persecutionis</span> <span class='ocrx_word' id='word_1_60' title='bbox 666 903 1026 964; x_wconf 88' lang='lat' dir='ltr'>immerserit,</span> <span class='ocrx_word' id='word_1_61' title='bbox 1081 920 1247 972; x_wconf 91' lang='lat' dir='ltr'>quam</span> <span class='ocrx_word' id='word_1_62' title='bbox 1299 904 1539 973; x_wconf 90' lang='lat' dir='ltr'>superba</span> <span class='ocrx_word' id='word_1_63' title='bbox 1567 921 1709 974; x_wconf 82' lang='lat' dir='ltr'>pra-</span> <span class='ocrx_word' id='word_1_64' title='bbox 1793 898 2159 969; x_wconf 85' lang='lat' dir='ltr'>perversitate</span> <span class='ocrx_word' id='word_1_65' title='bbox 2209 914 2313 950; x_wconf 87' lang='lat' dir='ltr'>sua</span> <span class='ocrx_word' id='word_1_66' title='bbox 2365 898 2739 963; x_wconf 89' lang='lat' dir='ltr'>manentibus,</span> <span class='ocrx_word' id='word_1_67' title='bbox 2795 897 3114 968; x_wconf 89' lang='lat' dir='ltr'>episcopum</span> <span class='ocrx_word' id='word_1_68' title='bbox 3169 898 3398 968; x_wconf 87' lang='lat' dir='ltr'>quidem</span> 
     </span>
    </p>
   </div>
   <div class='ocr_carea' id='block_1_7' title="bbox 123 986 3396 1068">
    <p class='ocr_par' dir='ltr' id='par_1_7' title="bbox 123 986 3396 1068">
     <span class='ocr_line' id='line_1_7' title="bbox 123 986 3396 1068; baseline -0.004 -16"><span class='ocrx_word' id='word_1_69' title='bbox 123 999 426 1068; x_wconf 87' lang='lat' dir='ltr'>sumptione</span> <span class='ocrx_word' id='word_1_70' title='bbox 488 995 754 1049; x_wconf 89' lang='lat' dir='ltr'>adversus</span> <span class='ocrx_word' id='word_1_71' title='bbox 813 992 1067 1045; x_wconf 89' lang='lat' dir='ltr'>eamdem</span> <span class='ocrx_word' id='word_1_72' title='bbox 1126 999 1361 1045; x_wconf 86' lang='lat' dir='ltr'>matrem</span> <span class='ocrx_word' id='word_1_73' title='bbox 1420 993 1712 1046; x_wconf 84' lang='lat' dir='ltr'>ecclesiam</span> <span class='ocrx_word' id='word_1_74' title='bbox 1793 988 2253 1056; x_wconf 88' lang='lat' dir='ltr'>Andegavensem</span> <span class='ocrx_word' id='word_1_75' title='bbox 2285 986 2353 1039; x_wconf 89' lang='lat' dir='ltr'>ab</span> <span class='ocrx_word' id='word_1_76' title='bbox 2392 987 2695 1057; x_wconf 64' lang='lat' dir='ltr'>episoopali</span> <span class='ocrx_word' id='word_1_77' title='bbox 2724 993 2781 1040; x_wconf 90' lang='lat' dir='ltr'>et</span> <span class='ocrx_word' id='word_1_78' title='bbox 2809 987 3139 1040; x_wconf 89' lang='lat' dir='ltr'>sacerdotali</span> <span class='ocrx_word' id='word_1_79' title='bbox 3193 986 3396 1052; x_wconf 77' lang='lat' dir='ltr'>ofﬁcio,</span> 
     </span>
    </p>
   </div>
   <div class='ocr_carea' id='block_1_8' title="bbox 123 1075 3398 1153">
    <p class='ocr_par' dir='ltr' id='par_1_8' title="bbox 123 1075 3398 1153">
     <span class='ocr_line' id='line_1_8' title="bbox 123 1075 3398 1153; baseline -0.004 -11"><span class='ocrx_word' id='word_1_80' title='bbox 123 1086 368 1141; x_wconf 84' lang='lat' dir='ltr'>monachi</span> <span class='ocrx_word' id='word_1_81' title='bbox 399 1084 628 1153; x_wconf 88' lang='lat' dir='ltr'>Majoris</span> <span class='ocrx_word' id='word_1_82' title='bbox 674 1081 996 1135; x_wconf 88' lang='lat' dir='ltr'>Monasterii</span> <span class='ocrx_word' id='word_1_83' title='bbox 1034 1081 1459 1139; x_wconf 84' lang='lat' dir='ltr'>insurrexerint.</span> <span class='ocrx_word' id='word_1_84' title='bbox 1495 1082 1711 1135; x_wconf 89' lang='lat' dir='ltr'>nullum</span> <span class='ocrx_word' id='word_1_85' title='bbox 1796 1076 1943 1146; x_wconf 88' lang='lat' dir='ltr'>quod</span> <span class='ocrx_word' id='word_1_86' title='bbox 1987 1081 2044 1128; x_wconf 90' lang='lat' dir='ltr'>et</span> <span class='ocrx_word' id='word_1_87' title='bbox 2094 1092 2228 1129; x_wconf 90' lang='lat' dir='ltr'>suus</span> <span class='ocrx_word' id='word_1_88' title='bbox 2275 1076 2722 1145; x_wconf 86' lang='lat' dir='ltr'>archiepiscopus</span> <span class='ocrx_word' id='word_1_89' title='bbox 2762 1075 2811 1128; x_wconf 91' lang='lat' dir='ltr'>ei</span> <span class='ocrx_word' id='word_1_90' title='bbox 2859 1075 3241 1140; x_wconf 84' lang='lat' dir='ltr'>interdixerat,</span> <span class='ocrx_word' id='word_1_91' title='bbox 3272 1092 3398 1129; x_wconf 92' lang='lat' dir='ltr'>sus—</span> 
     </span>
    </p>
   </div>
   <div class='ocr_carea' id='block_1_9' title="bbox 124 1164 3402 1240">
    <p class='ocr_par' dir='ltr' id='par_1_9' title="bbox 124 1164 3402 1240">
     <span class='ocr_line' id='line_1_9' title="bbox 124 1164 3402 1240; baseline -0.003 -11"><span class='ocrx_word' id='word_1_92' title='bbox 124 1181 357 1229; x_wconf 85' lang='lat' dir='ltr'>vestrum</span> <span class='ocrx_word' id='word_1_93' title='bbox 389 1172 670 1227; x_wconf 81' lang='lat' dir='ltr'>credimus</span> <span class='ocrx_word' id='word_1_94' title='bbox 700 1170 979 1240; x_wconf 89' lang='lat' dir='ltr'>ignorare.</span> <span class='ocrx_word' id='word_1_95' title='bbox 1006 1170 1120 1222; x_wconf 90' lang='lat' dir='ltr'>Nec</span> <span class='ocrx_word' id='word_1_96' title='bbox 1150 1186 1243 1222; x_wconf 85' lang='lat' dir='ltr'>vos</span> <span class='ocrx_word' id='word_1_97' title='bbox 1280 1170 1416 1221; x_wconf 88' lang='lat' dir='ltr'>latet</span> <span class='ocrx_word' id='word_1_98' title='bbox 1443 1167 1713 1222; x_wconf 89' lang='lat' dir='ltr'>Gaufrido</span> <span class='ocrx_word' id='word_1_99' title='bbox 1798 1164 2092 1234; x_wconf 89' lang='lat' dir='ltr'>pendimus</span> <span class='ocrx_word' id='word_1_100' title='bbox 2125 1182 2135 1217; x_wconf 91' lang='lat'>:</span> <span class='ocrx_word' id='word_1_101' title='bbox 2173 1164 2473 1217; x_wconf 91' lang='lat' dir='ltr'>Fulconem</span> <span class='ocrx_word' id='word_1_102' title='bbox 2508 1180 2635 1217; x_wconf 91' lang='lat' dir='ltr'>vero</span> <span class='ocrx_word' id='word_1_103' title='bbox 2661 1181 2786 1217; x_wconf 91' lang='lat' dir='ltr'>cum</span> <span class='ocrx_word' id='word_1_104' title='bbox 2822 1164 3110 1217; x_wconf 88' lang='lat' dir='ltr'>monachis</span> <span class='ocrx_word' id='word_1_105' title='bbox 3140 1164 3402 1233; x_wconf 87' lang='lat' dir='ltr'>Majoris-</span> 
     </span>
    </p>
   </div>
   <div class='ocr_carea' id='block_1_10' title="bbox 125 1252 3405 1332">
    <p class='ocr_par' dir='ltr' id='par_1_10' title="bbox 125 1252 3405 1332">
     <span class='ocr_line' id='line_1_10' title="bbox 125 1252 3405 1332; baseline -0.004 -13"><span class='ocrx_word' id='word_1_106' title='bbox 125 1260 501 1332; x_wconf 78' lang='lat' dir='ltr'>Andegavensi</span> <span class='ocrx_word' id='word_1_107' title='bbox 544 1259 802 1330; x_wconf 90' lang='lat' dir='ltr'>episcopo</span> <span class='ocrx_word' id='word_1_108' title='bbox 839 1273 953 1310; x_wconf 91' lang='lat' dir='ltr'>non</span> <span class='ocrx_word' id='word_1_109' title='bbox 1000 1257 1196 1309; x_wconf 86' lang='lat' dir='ltr'>deesse</span> <span class='ocrx_word' id='word_1_110' title='bbox 1243 1262 1576 1326; x_wconf 88' lang='lat' dir='ltr'>potestatem</span> <span class='ocrx_word' id='word_1_111' title='bbox 1621 1273 1715 1311; x_wconf 91' lang='lat' dir='ltr'>co-</span> <span class='ocrx_word' id='word_1_112' title='bbox 1797 1253 2122 1307; x_wconf 87' lang='lat' dir='ltr'>Monasterii</span> <span class='ocrx_word' id='word_1_113' title='bbox 2170 1269 2234 1306; x_wconf 87' lang='lat' dir='ltr'>ex</span> <span class='ocrx_word' id='word_1_114' title='bbox 2271 1253 2606 1306; x_wconf 84' lang='lat' dir='ltr'>auctoritate</span> <span class='ocrx_word' id='word_1_115' title='bbox 2652 1254 2708 1305; x_wconf 90' lang='grc' dir='ltr'>Β.</span> <span class='ocrx_word' id='word_1_116' title='bbox 2770 1252 2918 1305; x_wconf 87' lang='lat' dir='ltr'>Petri</span> <span class='ocrx_word' id='word_1_117' title='bbox 2963 1259 3133 1324; x_wconf 89' lang='lat' dir='ltr'>atque</span> <span class='ocrx_word' id='word_1_118' title='bbox 3179 1252 3405 1307; x_wconf 89' lang='lat' dir='ltr'>Domini</span> 
     </span>
    </p>
   </div>
   <div class='ocr_carea' id='block_1_11' title="bbox 127 1333 3405 1424">
    <p class='ocr_par' dir='ltr' id='par_1_11' title="bbox 127 1333 3405 1424">
     <span class='ocr_line' id='line_1_11' title="bbox 127 1333 3405 1424; baseline -0.003 -18"><span class='ocrx_word' id='word_1_119' title='bbox 127 1352 282 1424; x_wconf 87' lang='lat' dir='ltr'>gendi</span> <span class='ocrx_word' id='word_1_120' title='bbox 312 1351 613 1405; x_wconf 88' lang='lat' dir='ltr'>Fulconem</span> <span class='ocrx_word' id='word_1_121' title='bbox 643 1348 714 1401; x_wconf 91' lang='lat' dir='ltr'>ad</span> <span class='ocrx_word' id='word_1_122' title='bbox 754 1347 900 1400; x_wconf 90' lang='lat' dir='ltr'>tanti</span> <span class='ocrx_word' id='word_1_123' title='bbox 940 1345 1203 1399; x_wconf 85' lang='lat' dir='ltr'>facinoris</span> <span class='ocrx_word' id='word_1_124' title='bbox 1243 1346 1712 1409; x_wconf 88' lang='lat' dir='ltr'>emendationem,</span> <span class='ocrx_word' id='word_1_125' title='bbox 1800 1342 2054 1411; x_wconf 90' lang='lat' dir='ltr'>Hugonis</span> <span class='ocrx_word' id='word_1_126' title='bbox 2084 1341 2340 1411; x_wconf 89' lang='lat' dir='ltr'>primatis</span> <span class='ocrx_word' id='word_1_127' title='bbox 2388 1348 2444 1395; x_wconf 90' lang='lat' dir='ltr'>et</span> <span class='ocrx_word' id='word_1_128' title='bbox 2488 1342 2756 1396; x_wconf 85' lang='lat' dir='ltr'>Romana</span> <span class='ocrx_word' id='word_1_129' title='bbox 2805 1333 3061 1396; x_wconf 85' lang='lat' dir='ltr'>Ecclesia</span> <span class='ocrx_word' id='word_1_130' title='bbox 3106 1342 3279 1413; x_wconf 83' lang='lat' dir='ltr'>legati</span> <span class='ocrx_word' id='word_1_131' title='bbox 3308 1359 3405 1397; x_wconf 82' lang='lat' dir='ltr'>ex-</span> 
     </span>
    </p>
   </div>
   <div class='ocr_carea' id='block_1_12' title="bbox 131 1429 3408 1510">
    <p class='ocr_par' dir='ltr' id='par_1_12' title="bbox 131 1429 3408 1510">
     <span class='ocr_line' id='line_1_12' title="bbox 131 1429 3408 1510; baseline -0.003 -14"><span class='ocrx_word' id='word_1_132' title='bbox 131 1442 174 1497; x_wconf 91' lang='lat' dir='ltr'>si</span> <span class='ocrx_word' id='word_1_133' title='bbox 196 1439 394 1495; x_wconf 89' lang='lat' dir='ltr'>divinis</span> <span class='ocrx_word' id='word_1_134' title='bbox 416 1454 583 1510; x_wconf 89' lang='lat' dir='ltr'>quam</span> <span class='ocrx_word' id='word_1_135' title='bbox 598 1434 909 1508; x_wconf 88' lang='lat' dir='ltr'>tyrannicis</span> <span class='ocrx_word' id='word_1_136' title='bbox 938 1434 1230 1505; x_wconf 85' lang='lat' dir='ltr'>praceptis</span> <span class='ocrx_word' id='word_1_137' title='bbox 1251 1434 1478 1488; x_wconf 91' lang='lat' dir='ltr'>obedire</span> <span class='ocrx_word' id='word_1_138' title='bbox 1503 1434 1726 1505; x_wconf 81' lang='lat' dir='ltr'>pracli-</span> <span class='ocrx_word' id='word_1_139' title='bbox 1807 1429 2328 1483; x_wconf 86' lang='lat' dir='ltr'>communicationis</span> <span class='ocrx_word' id='word_1_140' title='bbox 2366 1431 2554 1500; x_wconf 91' lang='lat' dir='ltr'>gladio</span> <span class='ocrx_word' id='word_1_141' title='bbox 2592 1430 2991 1500; x_wconf 89' lang='lat' dir='ltr'>percussimus.</span> <span class='ocrx_word' id='word_1_142' title='bbox 3028 1430 3237 1485; x_wconf 90' lang='lat' dir='ltr'>Omnes</span> <span class='ocrx_word' id='word_1_143' title='bbox 3266 1448 3408 1502; x_wconf 90' lang='lat' dir='ltr'>quo-</span> 
     </span>
    </p>
   </div>
   <div class='ocr_carea' id='block_1_13' title="bbox 131 1519 3410 1601">
    <p class='ocr_par' dir='ltr' id='par_1_13' title="bbox 131 1519 3410 1601">
     <span class='ocr_line' id='line_1_13' title="bbox 131 1519 3410 1601; baseline -0.003 -17"><span class='ocrx_word' id='word_1_144' title='bbox 131 1534 297 1601; x_wconf 82' lang='lat' dir='ltr'>geret,</span> <span class='ocrx_word' id='word_1_145' title='bbox 370 1533 428 1582; x_wconf 90' lang='lat' dir='ltr'>et</span> <span class='ocrx_word' id='word_1_146' title='bbox 486 1527 636 1597; x_wconf 89' lang='lat' dir='ltr'>apud</span> <span class='ocrx_word' id='word_1_147' title='bbox 710 1541 840 1578; x_wconf 91' lang='lat' dir='ltr'>eum</span> <span class='ocrx_word' id='word_1_148' title='bbox 905 1523 1274 1577; x_wconf 87' lang='lat' dir='ltr'>districtionis</span> <span class='ocrx_word' id='word_1_149' title='bbox 1337 1523 1724 1577; x_wconf 86' lang='lat' dir='ltr'>ecclesiastica</span> <span class='ocrx_word' id='word_1_150' title='bbox 1810 1536 1917 1589; x_wconf 90' lang='lat' dir='ltr'>que</span> <span class='ocrx_word' id='word_1_151' title='bbox 1939 1519 2188 1573; x_wconf 87' lang='lat' dir='ltr'>fautores</span> <span class='ocrx_word' id='word_1_152' title='bbox 2220 1535 2435 1585; x_wconf 88' lang='lat' dir='ltr'>eorum,</span> <span class='ocrx_word' id='word_1_153' title='bbox 2467 1536 2568 1573; x_wconf 91' lang='lat' dir='ltr'>seu</span> <span class='ocrx_word' id='word_1_154' title='bbox 2597 1536 2722 1573; x_wconf 92' lang='lat' dir='ltr'>cum</span> <span class='ocrx_word' id='word_1_155' title='bbox 2754 1519 2892 1589; x_wconf 91' lang='lat' dir='ltr'>ipsis</span> <span class='ocrx_word' id='word_1_156' title='bbox 2927 1521 3410 1576; x_wconf 84' lang='lat' dir='ltr'>communicantes</span> 
     </span>
    </p>
   </div>
   <div class='ocr_carea' id='block_1_14' title="bbox 134 1604 3414 1691">
    <p class='ocr_par' dir='ltr' id='par_1_14' title="bbox 134 1604 3414 1691">
     <span class='ocr_line' id='line_1_14' title="bbox 134 1604 3414 1691; baseline -0.002 -18"><span class='ocrx_word' id='word_1_157' title='bbox 134 1616 537 1691; x_wconf 87' lang='lat' dir='ltr'>quantumlibet</span> <span class='ocrx_word' id='word_1_158' title='bbox 551 1614 802 1669; x_wconf 92' lang='lat' dir='ltr'>studium</span> <span class='ocrx_word' id='word_1_159' title='bbox 816 1612 1043 1682; x_wconf 88' lang='lat' dir='ltr'>vigeret.</span> <span class='ocrx_word' id='word_1_160' title='bbox 1073 1614 1198 1682; x_wconf 92' lang='lat' dir='ltr'>Ipse</span> <span class='ocrx_word' id='word_1_161' title='bbox 1227 1622 1355 1665; x_wconf 70' lang='lat' dir='ltr'>Vero</span> <span class='ocrx_word' id='word_1_162' title='bbox 1375 1612 1726 1682; x_wconf 91' lang='lat' dir='ltr'>propositum</span> <span class='ocrx_word' id='word_1_163' title='bbox 1810 1609 1914 1663; x_wconf 91' lang='lat' dir='ltr'>sub</span> <span class='ocrx_word' id='word_1_164' title='bbox 1967 1604 2184 1663; x_wconf 53' lang='lat' dir='ltr'>eadem&#39;</span> <span class='ocrx_word' id='word_1_165' title='bbox 2204 1610 2776 1663; x_wconf 87' lang='lat' dir='ltr'>excommunicatione</span> <span class='ocrx_word' id='word_1_166' title='bbox 2807 1611 3199 1664; x_wconf 89' lang='lat' dir='ltr'>conclusimus.</span> <span class='ocrx_word' id='word_1_167' title='bbox 3234 1610 3414 1667; x_wconf 90' lang='lat' dir='ltr'>Obse-</span> 
     </span>
    </p>
   </div>
   <div class='ocr_carea' id='block_1_15' title="bbox 129 1698 3417 1777">
    <p class='ocr_par' dir='ltr' id='par_1_15' title="bbox 129 1698 3417 1777">
     <span class='ocr_line' id='line_1_15' title="bbox 129 1698 3417 1777; baseline -0.002 -15"><span class='ocrx_word' id='word_1_168' title='bbox 129 1724 235 1762; x_wconf 88' lang='lat' dir='ltr'>sua</span> <span class='ocrx_word' id='word_1_169' title='bbox 262 1704 623 1777; x_wconf 83' lang='lat' dir='ltr'>professionis</span> <span class='ocrx_word' id='word_1_170' title='bbox 651 1702 885 1759; x_wconf 89' lang='lat' dir='ltr'>violans.</span> <span class='ocrx_word' id='word_1_171' title='bbox 910 1717 1011 1755; x_wconf 92' lang='lat' dir='ltr'>nec</span> <span class='ocrx_word' id='word_1_172' title='bbox 1042 1700 1245 1754; x_wconf 90' lang='lat' dir='ltr'>divinis</span> <span class='ocrx_word' id='word_1_173' title='bbox 1288 1701 1591 1764; x_wconf 85' lang='lat' dir='ltr'>mandatis,</span> <span class='ocrx_word' id='word_1_174' title='bbox 1622 1717 1725 1754; x_wconf 91' lang='lat' dir='ltr'>nec</span> <span class='ocrx_word' id='word_1_175' title='bbox 1810 1703 2033 1752; x_wconf 88' lang='lat' dir='ltr'>crantes</span> <span class='ocrx_word' id='word_1_176' title='bbox 2061 1703 2253 1752; x_wconf 89' lang='lat' dir='ltr'>autem</span> <span class='ocrx_word' id='word_1_177' title='bbox 2282 1698 2696 1752; x_wconf 85' lang='lat' dir='ltr'>fraternitatem</span> <span class='ocrx_word' id='word_1_178' title='bbox 2746 1704 2987 1752; x_wconf 86' lang='lat' dir='ltr'>vestram</span> <span class='ocrx_word' id='word_1_179' title='bbox 3031 1699 3329 1754; x_wconf 84' lang='lat' dir='ltr'>hortamur</span> <span class='ocrx_word' id='word_1_180' title='bbox 3349 1704 3417 1755; x_wconf 87' lang='lat' dir='ltr'>ut</span> 
     </span>
    </p>
   </div>
   <div class='ocr_carea' id='block_1_16' title="bbox 131 1786 3418 1865">
    <p class='ocr_par' dir='ltr' id='par_1_16' title="bbox 131 1786 3418 1865">
     <span class='ocr_line' id='line_1_16' title="bbox 131 1786 3418 1865; baseline -0.002 -14"><span class='ocrx_word' id='word_1_181' title='bbox 131 1793 530 1865; x_wconf 75' lang='lat' dir='ltr'>archiepiSCOpi</span> <span class='ocrx_word' id='word_1_182' title='bbox 560 1792 647 1847; x_wconf 90' lang='lat' dir='ltr'>sui</span> <span class='ocrx_word' id='word_1_183' title='bbox 677 1790 904 1845; x_wconf 90' lang='lat' dir='ltr'>monitis</span> <span class='ocrx_word' id='word_1_184' title='bbox 935 1789 1200 1843; x_wconf 90' lang='lat' dir='ltr'>obediens</span> <span class='ocrx_word' id='word_1_185' title='bbox 1232 1806 1359 1844; x_wconf 92' lang='lat' dir='ltr'>cum</span> <span class='ocrx_word' id='word_1_186' title='bbox 1382 1789 1647 1843; x_wconf 87' lang='lat' dir='ltr'>fratribus</span> <span class='ocrx_word' id='word_1_187' title='bbox 1668 1789 1725 1842; x_wconf 91' lang='lat' dir='ltr'>in</span> <span class='ocrx_word' id='word_1_188' title='bbox 1812 1786 2011 1840; x_wconf 91' lang='lat' dir='ltr'>matris</span> <span class='ocrx_word' id='word_1_189' title='bbox 2037 1792 2233 1842; x_wconf 87' lang='lat' dir='ltr'>vestra</span> <span class='ocrx_word' id='word_1_190' title='bbox 2263 1787 2570 1853; x_wconf 88' lang='lat' dir='ltr'>doloribus,</span> <span class='ocrx_word' id='word_1_191' title='bbox 2606 1788 2751 1842; x_wconf 91' lang='lat' dir='ltr'>sicut</span> <span class='ocrx_word' id='word_1_192' title='bbox 2789 1788 2935 1858; x_wconf 91' lang='lat' dir='ltr'>patri</span> <span class='ocrx_word' id='word_1_193' title='bbox 2979 1789 3080 1841; x_wconf 87' lang='lat' dir='ltr'>ﬁlii</span> <span class='ocrx_word' id='word_1_194' title='bbox 3121 1789 3418 1843; x_wconf 90' lang='lat' dir='ltr'>condolen—</span> 
     </span>
    </p>
   </div>
   <div class='ocr_carea' id='block_1_17' title="bbox 138 1875 3418 1963">
    <p class='ocr_par' dir='ltr' id='par_1_17' title="bbox 138 1875 3418 1963">
     <span class='ocr_line' id='line_1_17' title="bbox 138 1875 3418 1963; baseline -0.002 -24"><span class='ocrx_word' id='word_1_195' title='bbox 138 1883 511 1940; x_wconf 88' lang='lat' dir='ltr'>defensionem</span> <span class='ocrx_word' id='word_1_196' title='bbox 550 1880 784 1952; x_wconf 84' lang='lat' dir='ltr'>justitia</span> <span class='ocrx_word' id='word_1_197' title='bbox 843 1878 1265 1942; x_wconf 88' lang='lat' dir='ltr'>desudantibus,</span> <span class='ocrx_word' id='word_1_198' title='bbox 1315 1895 1411 1931; x_wconf 90' lang='lat' dir='ltr'>cor</span> <span class='ocrx_word' id='word_1_199' title='bbox 1457 1895 1623 1931; x_wconf 92' lang='lat' dir='ltr'>suum</span> <span class='ocrx_word' id='word_1_200' title='bbox 1670 1877 1919 1963; x_wconf 80' lang='lat' dir='ltr'>inBtes,</span> <span class='ocrx_word' id='word_1_201' title='bbox 1956 1876 2063 1946; x_wconf 91' lang='lat' dir='ltr'>ipsi</span> <span class='ocrx_word' id='word_1_202' title='bbox 2095 1881 2216 1930; x_wconf 90' lang='lat' dir='ltr'>tota</span> <span class='ocrx_word' id='word_1_203' title='bbox 2241 1876 2450 1930; x_wconf 89' lang='lat' dir='ltr'>virtute</span> <span class='ocrx_word' id='word_1_204' title='bbox 2489 1875 2740 1929; x_wconf 89' lang='lat' dir='ltr'>solatiari</span> <span class='ocrx_word' id='word_1_205' title='bbox 2789 1877 3064 1930; x_wconf 91' lang='lat' dir='ltr'>studeatis</span> <span class='ocrx_word' id='word_1_206' title='bbox 3093 1883 3150 1930; x_wconf 92' lang='lat' dir='ltr'>et</span> <span class='ocrx_word' id='word_1_207' title='bbox 3178 1877 3418 1932; x_wconf 87' lang='lat' dir='ltr'>Radulfo</span> 
     </span>
    </p>
   </div>
   <div class='ocr_carea' id='block_1_18' title="bbox 134 1965 3421 2037">
    <p class='ocr_par' dir='ltr' id='par_1_18' title="bbox 134 1965 3421 2037">
     <span class='ocr_line' id='line_1_18' title="bbox 134 1965 3421 2037; baseline -0.003 -8"><span class='ocrx_word' id='word_1_208' title='bbox 134 1974 242 2030; x_wconf 92' lang='lat' dir='ltr'>otio</span> <span class='ocrx_word' id='word_1_209' title='bbox 271 1977 328 2027; x_wconf 92' lang='lat' dir='ltr'>et</span> <span class='ocrx_word' id='word_1_210' title='bbox 354 1970 568 2026; x_wconf 88' lang='lat' dir='ltr'>deliciis</span> <span class='ocrx_word' id='word_1_211' title='bbox 588 1968 843 2024; x_wconf 91' lang='lat' dir='ltr'>nutriens</span> <span class='ocrx_word' id='word_1_212' title='bbox 863 1968 997 2020; x_wconf 83' lang='lat' dir='ltr'>fovit</span> <span class='ocrx_word' id='word_1_213' title='bbox 1030 1967 1207 2037; x_wconf 80' lang='lat' dir='ltr'>magis</span> <span class='ocrx_word' id='word_1_214' title='bbox 1233 1983 1402 2037; x_wconf 90' lang='lat' dir='ltr'>quam</span> <span class='ocrx_word' id='word_1_215' title='bbox 1433 1967 1732 2037; x_wconf 87' lang='lat' dir='ltr'>impugna-</span> <span class='ocrx_word' id='word_1_216' title='bbox 1817 1966 1938 2035; x_wconf 91' lang='lat' dir='ltr'>ejus</span> <span class='ocrx_word' id='word_1_217' title='bbox 1959 1965 2396 2036; x_wconf 90' lang='lat' dir='ltr'>archiepiscopo,</span> <span class='ocrx_word' id='word_1_218' title='bbox 2429 1965 2573 2019; x_wconf 90' lang='lat' dir='ltr'>sicut</span> <span class='ocrx_word' id='word_1_219' title='bbox 2601 1965 2748 2034; x_wconf 89' lang='lat' dir='ltr'>patri</span> <span class='ocrx_word' id='word_1_220' title='bbox 2779 1970 2961 2019; x_wconf 87' lang='lat' dir='ltr'>vestro</span> <span class='ocrx_word' id='word_1_221' title='bbox 2999 1966 3251 2020; x_wconf 89' lang='lat' dir='ltr'>totaliter</span> <span class='ocrx_word' id='word_1_222' title='bbox 3287 1966 3421 2021; x_wconf 82' lang='lat' dir='ltr'>obe-</span> 
     </span>
    </p>
   </div>
   <div class='ocr_carea' id='block_1_19' title="bbox 134 2053 3421 2133">
    <p class='ocr_par' dir='ltr' id='par_1_19' title="bbox 134 2053 3421 2133">
     <span class='ocr_line' id='line_1_19' title="bbox 134 2053 3421 2133; baseline -0.003 -15"><span class='ocrx_word' id='word_1_223' title='bbox 134 2063 209 2117; x_wconf 90' lang='lat' dir='ltr'>vit</span> <span class='ocrx_word' id='word_1_224' title='bbox 237 2059 544 2133; x_wconf 88' lang='lat' dir='ltr'>supradicti</span> <span class='ocrx_word' id='word_1_225' title='bbox 592 2058 850 2113; x_wconf 85' lang='lat' dir='ltr'>Fulconis</span> <span class='ocrx_word' id='word_1_226' title='bbox 887 2056 1177 2109; x_wconf 72' lang='lat' dir='ltr'>malitiam.</span> <span class='ocrx_word' id='word_1_227' title='bbox 1215 2057 1356 2110; x_wconf 91' lang='lat' dir='ltr'>Cum</span> <span class='ocrx_word' id='word_1_228' title='bbox 1386 2072 1518 2126; x_wconf 88' lang='lat' dir='ltr'>ergo</span> <span class='ocrx_word' id='word_1_229' title='bbox 1566 2073 1735 2126; x_wconf 90' lang='lat' dir='ltr'>super</span> <span class='ocrx_word' id='word_1_230' title='bbox 1816 2053 2003 2115; x_wconf 88' lang='lat' dir='ltr'>diatis,</span> <span class='ocrx_word' id='word_1_231' title='bbox 2041 2070 2143 2107; x_wconf 92' lang='lat' dir='ltr'>nec</span> <span class='ocrx_word' id='word_1_232' title='bbox 2187 2071 2314 2107; x_wconf 91' lang='lat' dir='ltr'>cum</span> <span class='ocrx_word' id='word_1_233' title='bbox 2352 2054 2691 2124; x_wconf 83' lang='lat' dir='ltr'>supradictis</span> <span class='ocrx_word' id='word_1_234' title='bbox 2731 2055 3226 2109; x_wconf 84' lang='lat' dir='ltr'>excommunicatis</span> <span class='ocrx_word' id='word_1_235' title='bbox 3266 2071 3421 2109; x_wconf 91' lang='lat' dir='ltr'>com-</span> 
     </span>
    </p>
   </div>
   <div class='ocr_carea' id='block_1_20' title="bbox 137 2141 3423 2208">
    <p class='ocr_par' dir='ltr' id='par_1_20' title="bbox 137 2141 3423 2208">
     <span class='ocr_line' id='line_1_20' title="bbox 137 2141 3423 2208; baseline -0.002 -2"><span class='ocrx_word' id='word_1_236' title='bbox 137 2152 222 2206; x_wconf 90' lang='lat' dir='ltr'>his</span> <span class='ocrx_word' id='word_1_237' title='bbox 250 2149 508 2205; x_wconf 90' lang='lat' dir='ltr'>omnibus</span> <span class='ocrx_word' id='word_1_238' title='bbox 538 2148 750 2202; x_wconf 89' lang='lat' dir='ltr'>clamor</span> <span class='ocrx_word' id='word_1_239' title='bbox 784 2146 1126 2199; x_wconf 79' lang='lat' dir='ltr'>Turonensis</span> <span class='ocrx_word' id='word_1_240' title='bbox 1175 2145 1434 2198; x_wconf 83' lang='lat' dir='ltr'>Ecclesia</span> <span class='ocrx_word' id='word_1_241' title='bbox 1482 2153 1735 2199; x_wconf 88' lang='lat' dir='ltr'>nostram</span> <span class='ocrx_word' id='word_1_242' title='bbox 1816 2141 2133 2208; x_wconf 91' lang='lat' dir='ltr'>municetis,</span> <span class='ocrx_word' id='word_1_243' title='bbox 2190 2158 2263 2195; x_wconf 90' lang='lat' dir='ltr'>ne</span> <span class='ocrx_word' id='word_1_244' title='bbox 2317 2142 2535 2196; x_wconf 89' lang='lat' dir='ltr'>animas</span> <span class='ocrx_word' id='word_1_245' title='bbox 2573 2146 2789 2196; x_wconf 89' lang='lat' dir='ltr'>vestras</span> <span class='ocrx_word' id='word_1_246' title='bbox 2836 2142 3036 2196; x_wconf 86' lang='lat' dir='ltr'>alienis</span> <span class='ocrx_word' id='word_1_247' title='bbox 3081 2143 3423 2198; x_wconf 87' lang='lat' dir='ltr'>facinoribus</span> 
     </span>
    </p>
   </div>
   <div class='ocr_carea' id='block_1_21' title="bbox 138 2231 2402 2313">
    <p class='ocr_par' dir='ltr' id='par_1_21' title="bbox 138 2231 2402 2313">
     <span class='ocr_line' id='line_1_21' title="bbox 138 2231 2402 2313; baseline -0.004 -18"><span class='ocrx_word' id='word_1_248' title='bbox 138 2241 414 2313; x_wconf 83' lang='lat' dir='ltr'>pulsasset</span> <span class='ocrx_word' id='word_1_249' title='bbox 455 2237 907 2301; x_wconf 87' lang='lat' dir='ltr'>sollicitudinem,</span> <span class='ocrx_word' id='word_1_250' title='bbox 961 2241 1079 2288; x_wconf 88' lang='lat' dir='ltr'>tam</span> <span class='ocrx_word' id='word_1_251' title='bbox 1126 2234 1427 2288; x_wconf 90' lang='lat' dir='ltr'>Fulconem</span> <span class='ocrx_word' id='word_1_252' title='bbox 1476 2235 1739 2289; x_wconf 91' lang='lat' dir='ltr'>comitem</span> <span class='ocrx_word' id='word_1_253' title='bbox 1822 2231 2156 2300; x_wconf 86' lang='lat' dir='ltr'>aggravetis.</span> <span class='ocrx_word' id='word_1_254' title='bbox 2189 2231 2402 2286; x_wconf 88' lang='lat' dir='ltr'>Valete.</span> 
     </span>
    </p>
   </div>
   <div class='ocr_carea' id='block_1_22' title="bbox 142 2392 3430 2472">
    <p class='ocr_par' dir='ltr' id='par_1_22' title="bbox 142 2392 3430 2472">
     <span class='ocr_line' id='line_1_22' title="bbox 142 2392 3430 2472; baseline -0.002 -19"><span class='ocrx_word' id='word_1_255' title='bbox 142 2397 493 2472; x_wconf 86' lang='lat' dir='ltr'>processione</span> <span class='ocrx_word' id='word_1_256' title='bbox 519 2395 1116 2472; x_wconf 74' lang='lat' dir='ltr'>recipere_noluerant,</span> <span class='ocrx_word' id='word_1_257' title='bbox 1138 2410 1276 2472; x_wconf 79' lang='lat' dir='ltr'>cum</span> <span class='ocrx_word' id='word_1_258' title='bbox 1318 2398 1438 2446; x_wconf 90' lang='lat' dir='ltr'>toto</span> <span class='ocrx_word' id='word_1_259' title='bbox 1483 2409 1630 2464; x_wconf 82' lang='lat' dir='ltr'>pago</span> <span class='ocrx_word' id='word_1_260' title='bbox 1656 2411 1744 2472; x_wconf 83' lang='lat' dir='ltr'>ex-</span> <span class='ocrx_word' id='word_1_261' title='bbox 1825 2392 2238 2472; x_wconf 75' lang='lat' dir='ltr'>Lugdunensis,</span> <span class='ocrx_word' id='word_1_262' title='bbox 2292 2397 2530 2472; x_wconf 60' lang='lat' dir='ltr'>vacante</span> <span class='ocrx_word' id='word_1_263' title='bbox 2559 2397 2695 2472; x_wconf 79' lang='lat' dir='ltr'>tunc</span> <span class='ocrx_word' id='word_1_264' title='bbox 2737 2398 2864 2472; x_wconf 80' lang='lat' dir='ltr'>post</span> <span class='ocrx_word' id='word_1_265' title='bbox 2902 2397 3148 2472; x_wconf 82' lang='lat' dir='ltr'>mortem</span> <span class='ocrx_word' id='word_1_266' title='bbox 3188 2393 3430 2449; x_wconf 90' lang='lat' dir='ltr'>Gebuini</span> 
     </span>
    </p>
   </div>
   <div class='ocr_carea' id='block_1_23' title="bbox 143 2463 3430 2535">
    <p class='ocr_par' dir='ltr' id='par_1_23' title="bbox 143 2463 3430 2535">
     <span class='ocr_line' id='line_1_23' title="bbox 143 2463 3430 2535; baseline -0.001 -10"><span class='ocrx_word' id='word_1_267' title='bbox 143 2463 704 2525; x_wconf 74' lang='lat' dir='ltr'>communicarenttir.</span> <span class='ocrx_word' id='word_1_268' title='bbox 760 2465 1031 2519; x_wconf 91' lang='lat' dir='ltr'>Fulconis</span> <span class='ocrx_word' id='word_1_269' title='bbox 1078 2466 1249 2525; x_wconf 87' lang='lat' dir='ltr'>etiam</span> <span class='ocrx_word' id='word_1_270' title='bbox 1308 2463 1499 2535; x_wconf 87' lang='lat' dir='ltr'>partes</span> <span class='ocrx_word' id='word_1_271' title='bbox 1563 2470 1744 2518; x_wconf 90' lang='lat' dir='ltr'>secta-</span> <span class='ocrx_word' id='word_1_272' title='bbox 1826 2463 2231 2535; x_wconf 87' lang='lat' dir='ltr'>archiepiscopi</span> <span class='ocrx_word' id='word_1_273' title='bbox 2276 2463 2653 2535; x_wconf 15' lang='lat' dir='ltr'>iLugdunensi</span> <span class='ocrx_word' id='word_1_274' title='bbox 2720 2463 2970 2529; x_wconf 80' lang='lat' dir='ltr'>ecclesia,</span> <span class='ocrx_word' id='word_1_275' title='bbox 3022 2467 3185 2535; x_wconf 89' lang='lat' dir='ltr'>cujus</span> <span class='ocrx_word' id='word_1_276' title='bbox 3234 2482 3430 2521; x_wconf 86' lang='lat' dir='ltr'>curam</span> 
     </span>
    </p>
   </div>
   <div class='ocr_carea' id='block_1_24' title="bbox 142 2534 3257 2608">
    <p class='ocr_par' dir='ltr' id='par_1_24' title="bbox 142 2534 3257 2608">
     <span class='ocr_line' id='line_1_24' title="bbox 142 2534 3257 2608; baseline -0.002 -12"><span class='ocrx_word' id='word_1_277' title='bbox 142 2541 348 2596; x_wconf 87' lang='lat' dir='ltr'>bantur</span> <span class='ocrx_word' id='word_1_278' title='bbox 378 2537 965 2608; x_wconf 89' lang='lat' dir='ltr'>Majoris-Monasterii</span> <span class='ocrx_word' id='word_1_279' title='bbox 998 2536 1276 2595; x_wconf 84' lang='lat' dir='ltr'>monachi,</span> <span class='ocrx_word' id='word_1_280' title='bbox 1313 2536 1393 2589; x_wconf 90' lang='lat' dir='ltr'>uti</span> <span class='ocrx_word' id='word_1_281' title='bbox 1429 2553 1529 2590; x_wconf 93' lang='lat' dir='ltr'>nos</span> <span class='ocrx_word' id='word_1_282' title='bbox 1546 2537 1748 2608; x_wconf 89' lang='lat' dir='ltr'>docent</span> <span class='ocrx_word' id='word_1_283' title='bbox 1828 2540 1963 2588; x_wconf 91' lang='lat' dir='ltr'>tunc</span> <span class='ocrx_word' id='word_1_284' title='bbox 1988 2534 2229 2604; x_wconf 89' lang='lat' dir='ltr'>gessisse</span> <span class='ocrx_word' id='word_1_285' title='bbox 2256 2534 2463 2589; x_wconf 91' lang='lat' dir='ltr'>dicitur</span> <span class='ocrx_word' id='word_1_286' title='bbox 2491 2535 2785 2607; x_wconf 90' lang='lat' dir='ltr'>episcopus</span> <span class='ocrx_word' id='word_1_287' title='bbox 2811 2534 3257 2591; x_wconf 83' lang='lat' dir='ltr'>Matisconensis.</span> 
     </span>
    </p>
   </div>
   <div class='ocr_carea' id='block_1_25' title="bbox 144 2607 1748 2680">
    <p class='ocr_par' dir='ltr' id='par_1_25' title="bbox 144 2607 1748 2680">
     <span class='ocr_line' id='line_1_25' title="bbox 144 2607 1748 2680; baseline -0.004 -12"><span class='ocrx_word' id='word_1_288' title='bbox 144 2614 343 2668; x_wconf 87' lang='lat' dir='ltr'>littera</span> <span class='ocrx_word' id='word_1_289' title='bbox 362 2609 652 2680; x_wconf 81' lang='lat' dir='ltr'>Aganonis</span> <span class='ocrx_word' id='word_1_290' title='bbox 684 2615 742 2663; x_wconf 90' lang='lat' dir='ltr'>et</span> <span class='ocrx_word' id='word_1_291' title='bbox 770 2608 1011 2662; x_wconf 91' lang='lat' dir='ltr'>aliorum</span> <span class='ocrx_word' id='word_1_292' title='bbox 1031 2608 1421 2679; x_wconf 86' lang='lat' dir='ltr'>episcoporum</span> <span class='ocrx_word' id='word_1_293' title='bbox 1452 2607 1748 2678; x_wconf 90' lang='lat' dir='ltr'>provincia</span> 
     </span>
    </p>
   </div>
   <div class='ocr_carea' id='block_1_26' title="bbox 162 2805 3446 2859">
    <p class='ocr_par' dir='ltr' id='par_1_26' title="bbox 162 2805 3446 2859">
     <span class='ocr_line' id='line_1_26' title="bbox 162 2805 3446 2859; baseline 0 0"><span class='ocrx_word' id='word_1_294' title='bbox 162 2805 3446 2859; x_wconf 30' lang='grc' dir='ltr'><strong>ἠ</strong></span> 
     </span>
    </p>
   </div>
   <div class='ocr_carea' id='block_1_27' title="bbox 1400 3017 2206 3067">
    <p class='ocr_par' dir='ltr' id='par_1_27' title="bbox 1400 3017 2206 3067">
     <span class='ocr_line' id='line_1_27' title="bbox 1400 3017 2206 3067; baseline 0.006 -6"><span class='ocrx_word' id='word_1_295' title='bbox 1400 3017 1589 3063; x_wconf 76' lang='lat' dir='ltr'>INTRA</span> <span class='ocrx_word' id='word_1_296' title='bbox 1631 3019 1845 3065; x_wconf 76' lang='lat' dir='ltr'><strong>ANNUM</strong></span> <span class='ocrx_word' id='word_1_297' title='bbox 1888 3021 2206 3067; x_wconf 78' lang='lat' dir='ltr'><strong>MLXXV-MC</strong></span> 
     </span>
    </p>
   </div>
   <div class='ocr_carea' id='block_1_28' title="bbox 413 3218 3185 3358">
    <p class='ocr_par' dir='ltr' id='par_1_28' title="bbox 413 3218 3185 3358">
     <span class='ocr_line' id='line_1_28' title="bbox 413 3218 3185 3358; baseline 0 -1"><span class='ocrx_word' id='word_1_298' title='bbox 413 3218 1211 3357; x_wconf 84' lang='lat' dir='ltr'>ODALRICI</span> <span class='ocrx_word' id='word_1_299' title='bbox 1309 3221 2246 3357; x_wconf 67' lang='lat' dir='ltr'>PRAEPOSITI</span> <span class='ocrx_word' id='word_1_300' title='bbox 2345 3220 3185 3358; x_wconf 84' lang='lat' dir='ltr'>REMENSIS</span> 
     </span>
    </p>
   </div>
   <div class='ocr_carea' id='block_1_29' title="bbox 1296 3490 2305 3665">
    <p class='ocr_par' dir='ltr' id='par_1_29' title="bbox 1296 3490 2305 3665">
     <span class='ocr_line' id='line_1_29' title="bbox 1296 3490 2305 3665; baseline 0.002 -66"><span class='ocrx_word' id='word_1_301' title='bbox 1296 3490 2305 3665; x_wconf 16' lang='lat' dir='ltr'>‘JTESTAMENTUM</span> 
     </span>
    </p>
   </div>
   <div class='ocr_carea' id='block_1_30' title="bbox 164 3717 3448 3801">
    <p class='ocr_par' dir='ltr' id='par_1_30' title="bbox 164 3717 3448 3801">
     <span class='ocr_line' id='line_1_30' title="bbox 164 3717 3448 3801; baseline -0.001 -18"><span class='ocrx_word' id='word_1_302' title='bbox 164 3719 397 3800; x_wconf 72' lang='lat' dir='ltr'>(Gallia</span> <span class='ocrx_word' id='word_1_303' title='bbox 424 3717 795 3797; x_wconf 71' lang='lat' dir='ltr'>Christiana,</span> <span class='ocrx_word' id='word_1_304' title='bbox 824 3736 972 3780; x_wconf 90' lang='lat' dir='ltr'>nov.</span> <span class='ocrx_word' id='word_1_305' title='bbox 995 3718 1144 3780; x_wconf 89' lang='lat' dir='ltr'>edit.</span> <span class='ocrx_word' id='word_1_306' title='bbox 1169 3720 1220 3780; x_wconf 87' lang='lat' dir='ltr'>t.</span> <span class='ocrx_word' id='word_1_307' title='bbox 1244 3720 1320 3795; x_wconf 89' lang='grc' dir='ltr'>Χ,</span> <span class='ocrx_word' id='word_1_308' title='bbox 1353 3718 1669 3797; x_wconf 82' lang='lat' dir='ltr'>Append.,</span> <span class='ocrx_word' id='word_1_309' title='bbox 1695 3738 1758 3797; x_wconf 90' lang='lat' dir='ltr'>p.</span> <span class='ocrx_word' id='word_1_310' title='bbox 1785 3718 1884 3793; x_wconf 79' lang='lat'>27,</span> <span class='ocrx_word' id='word_1_311' title='bbox 1911 3739 1985 3779; x_wconf 86' lang='lat' dir='ltr'>ex</span> <span class='ocrx_word' id='word_1_312' title='bbox 2002 3738 2119 3781; x_wconf 88' lang='lat' dir='ltr'>ms.</span> <span class='ocrx_word' id='word_1_313' title='bbox 2146 3720 2289 3783; x_wconf 90' lang='lat' dir='ltr'>cod.</span> <span class='ocrx_word' id='word_1_314' title='bbox 2315 3719 2713 3782; x_wconf 88' lang='lat' dir='ltr'>bibliotheca</span> <span class='ocrx_word' id='word_1_315' title='bbox 2735 3719 3111 3782; x_wconf 88' lang='lat' dir='ltr'>cathedralis</span> <span class='ocrx_word' id='word_1_316' title='bbox 3136 3720 3448 3801; x_wconf 87' lang='lat' dir='ltr'>ecclesia)</span> 
     </span>
    </p>
   </div>
   <div class='ocr_carea' id='block_1_31' title="bbox 237 4012 3454 4085">
    <p class='ocr_par' dir='ltr' id='par_1_31' title="bbox 237 4012 3454 4085">
     <span class='ocr_line' id='line_1_31' title="bbox 237 4012 3454 4085; baseline 0 -17"><span class='ocrx_word' id='word_1_317' title='bbox 237 4014 308 4069; x_wconf 90' lang='lat' dir='ltr'>In</span> <span class='ocrx_word' id='word_1_318' title='bbox 351 4013 580 4067; x_wconf 89' lang='lat' dir='ltr'>nomine</span> <span class='ocrx_word' id='word_1_319' title='bbox 626 4018 831 4067; x_wconf 87' lang='lat' dir='ltr'>sancta</span> <span class='ocrx_word' id='word_1_320' title='bbox 879 4018 936 4067; x_wconf 91' lang='lat' dir='ltr'>et</span> <span class='ocrx_word' id='word_1_321' title='bbox 979 4012 1281 4067; x_wconf 73' lang='lat' dir='ltr'>individua</span> <span class='ocrx_word' id='word_1_322' title='bbox 1309 4012 1624 4076; x_wconf 88' lang='lat' dir='ltr'>Trinitatis,</span> <span class='ocrx_word' id='word_1_323' title='bbox 1667 4030 1770 4084; x_wconf 89' lang='lat' dir='ltr'>ego</span> <span class='ocrx_word' id='word_1_324' title='bbox 1789 4015 1832 4075; x_wconf 79' lang='grc' dir='ltr'><strong>Ο</strong></span> <span class='ocrx_word' id='word_1_325' title='bbox 1856 4014 2157 4085; x_wconf 87' lang='lat' dir='ltr'>quotannis</span> <span class='ocrx_word' id='word_1_326' title='bbox 2187 4013 2245 4066; x_wconf 93' lang='lat' dir='ltr'>in</span> <span class='ocrx_word' id='word_1_327' title='bbox 2274 4014 2459 4084; x_wconf 88' lang='lat' dir='ltr'>prima</span> <span class='ocrx_word' id='word_1_328' title='bbox 2482 4018 2775 4072; x_wconf 88' lang='lat' dir='ltr'>Dominica</span> <span class='ocrx_word' id='word_1_329' title='bbox 2816 4015 3098 4069; x_wconf 88' lang='lat' dir='ltr'>Adventus</span> <span class='ocrx_word' id='word_1_330' title='bbox 3125 4014 3352 4069; x_wconf 90' lang='lat' dir='ltr'>Domini</span> <span class='ocrx_word' id='word_1_331' title='bbox 3381 4015 3454 4069; x_wconf 91' lang='lat' dir='ltr'>ad</span> 
     </span>
    </p>
   </div>
   <div class='ocr_carea' id='block_1_32' title="bbox 171 4101 3457 4173">
    <p class='ocr_par' dir='ltr' id='par_1_32' title="bbox 171 4101 3457 4173">
     <span class='ocr_line' id='line_1_32' title="bbox 171 4101 3457 4173; baseline -0.002 -13"><span class='ocrx_word' id='word_1_332' title='bbox 171 4104 487 4161; x_wconf 79' lang='lat' dir='ltr'>ODAmeus</span> <span class='ocrx_word' id='word_1_333' title='bbox 525 4109 734 4156; x_wconf 84' lang='lat' dir='ltr'>sancta</span> <span class='ocrx_word' id='word_1_334' title='bbox 778 4103 1068 4156; x_wconf 87' lang='lat' dir='ltr'>Remensis</span> <span class='ocrx_word' id='word_1_335' title='bbox 1124 4102 1380 4156; x_wconf 87' lang='lat' dir='ltr'>Ecclesia</span> <span class='ocrx_word' id='word_1_336' title='bbox 1423 4102 1772 4173; x_wconf 86' lang='lat' dir='ltr'>prapositus,</span> <span class='ocrx_word' id='word_1_337' title='bbox 1860 4102 2219 4155; x_wconf 88' lang='lat' dir='ltr'>dividendum</span> <span class='ocrx_word' id='word_1_338' title='bbox 2252 4101 2400 4155; x_wconf 88' lang='lat' dir='ltr'>inter</span> <span class='ocrx_word' id='word_1_339' title='bbox 2423 4122 2481 4158; x_wconf 91' lang='lat' dir='ltr'>se</span> <span class='ocrx_word' id='word_1_340' title='bbox 2514 4120 2679 4171; x_wconf 80' lang='lat' dir='ltr'>Lxxu,</span> <span class='ocrx_word' id='word_1_341' title='bbox 2721 4102 2876 4158; x_wconf 88' lang='lat' dir='ltr'>dabit</span> <span class='ocrx_word' id='word_1_342' title='bbox 2911 4107 3078 4157; x_wconf 89' lang='lat' dir='ltr'>etiam</span> <span class='ocrx_word' id='word_1_343' title='bbox 3117 4102 3173 4155; x_wconf 92' lang='lat' dir='ltr'>in</span> <span class='ocrx_word' id='word_1_344' title='bbox 3212 4102 3457 4157; x_wconf 88' lang='lat' dir='ltr'>secunda</span> 
     </span>
    </p>
   </div>
   <div class='ocr_carea' id='block_1_33' title="bbox 169 4190 3457 4259">
    <p class='ocr_par' dir='ltr' id='par_1_33' title="bbox 169 4190 3457 4259">
     <span class='ocr_line' id='line_1_33' title="bbox 169 4190 3457 4259; baseline -0 -13"><span class='ocrx_word' id='word_1_345' title='bbox 169 4193 252 4247; x_wconf 87' lang='lat' dir='ltr'>ita</span> <span class='ocrx_word' id='word_1_346' title='bbox 278 4196 685 4246; x_wconf 87' lang='lat' dir='ltr'>testamentum</span> <span class='ocrx_word' id='word_1_347' title='bbox 718 4208 904 4244; x_wconf 90' lang='lat' dir='ltr'>meum</span> <span class='ocrx_word' id='word_1_348' title='bbox 930 4191 989 4244; x_wconf 91' lang='lat' dir='ltr'>in</span> <span class='ocrx_word' id='word_1_349' title='bbox 1022 4191 1135 4243; x_wconf 90' lang='lat' dir='ltr'>vita</span> <span class='ocrx_word' id='word_1_350' title='bbox 1158 4191 1330 4245; x_wconf 89' lang='lat' dir='ltr'>statui</span> <span class='ocrx_word' id='word_1_351' title='bbox 1361 4191 1642 4251; x_wconf 82' lang='lat' dir='ltr'>ordinare,</span> <span class='ocrx_word' id='word_1_352' title='bbox 1676 4191 1779 4244; x_wconf 93' lang='lat' dir='ltr'>sic-</span> <span class='ocrx_word' id='word_1_353' title='bbox 1859 4190 2001 4243; x_wconf 89' lang='lat' dir='ltr'>feria</span> <span class='ocrx_word' id='word_1_354' title='bbox 2029 4195 2085 4243; x_wconf 91' lang='lat' dir='ltr'>et</span> <span class='ocrx_word' id='word_1_355' title='bbox 2113 4191 2352 4259; x_wconf 88' lang='lat' dir='ltr'>septima</span> <span class='ocrx_word' id='word_1_356' title='bbox 2383 4195 2556 4248; x_wconf 83' lang='lat' dir='ltr'>totius</span> <span class='ocrx_word' id='word_1_357' title='bbox 2608 4194 2888 4249; x_wconf 51' lang='lat' dir='ltr'>Adventus</span> <span class='ocrx_word' id='word_1_358' title='bbox 2923 4193 3203 4247; x_wconf 91' lang='lat' dir='ltr'>canonicis</span> <span class='ocrx_word' id='word_1_359' title='bbox 3227 4192 3288 4246; x_wconf 91' lang='lat' dir='ltr'>in</span> <span class='ocrx_word' id='word_1_360' title='bbox 3315 4192 3457 4246; x_wconf 81' lang='lat' dir='ltr'>refe-</span> 
     </span>
    </p>
   </div>
   <div class='ocr_carea' id='block_1_34' title="bbox 172 4278 3459 4351">
    <p class='ocr_par' dir='ltr' id='par_1_34' title="bbox 172 4278 3459 4351">
     <span class='ocr_line' id='line_1_34' title="bbox 172 4278 3459 4351; baseline 0 -16"><span class='ocrx_word' id='word_1_361' title='bbox 172 4297 283 4351; x_wconf 88' lang='lat' dir='ltr'>que</span> <span class='ocrx_word' id='word_1_362' title='bbox 314 4280 445 4334; x_wconf 90' lang='lat' dir='ltr'>lites</span> <span class='ocrx_word' id='word_1_363' title='bbox 474 4280 559 4334; x_wconf 93' lang='lat' dir='ltr'>vel</span> <span class='ocrx_word' id='word_1_364' title='bbox 588 4280 998 4334; x_wconf 89' lang='lat' dir='ltr'>controversias</span> <span class='ocrx_word' id='word_1_365' title='bbox 1028 4297 1152 4349; x_wconf 89' lang='lat' dir='ltr'>qua</span> <span class='ocrx_word' id='word_1_366' title='bbox 1182 4286 1412 4350; x_wconf 90' lang='lat' dir='ltr'>possent</span> <span class='ocrx_word' id='word_1_367' title='bbox 1448 4280 1651 4333; x_wconf 78' lang='lat' dir='ltr'>exoriri</span> <span class='ocrx_word' id='word_1_368' title='bbox 1681 4280 1780 4333; x_wconf 93' lang='lat' dir='ltr'>de-</span> <span class='ocrx_word' id='word_1_369' title='bbox 1863 4278 2038 4330; x_wconf 89' lang='lat' dir='ltr'>ctorio</span> <span class='ocrx_word' id='word_1_370' title='bbox 2064 4294 2256 4331; x_wconf 85' lang='lat' dir='ltr'>caseos</span> <span class='ocrx_word' id='word_1_371' title='bbox 2281 4298 2292 4341; x_wconf 86' lang='lat'><strong>;</strong></span> <span class='ocrx_word' id='word_1_372' title='bbox 2328 4281 2475 4347; x_wconf 90' lang='lat' dir='ltr'>quod</span> <span class='ocrx_word' id='word_1_373' title='bbox 2498 4280 2543 4333; x_wconf 92' lang='lat' dir='ltr'>si</span> <span class='ocrx_word' id='word_1_374' title='bbox 2565 4280 2865 4335; x_wconf 90' lang='lat' dir='ltr'>incurrerit</span> <span class='ocrx_word' id='word_1_375' title='bbox 2902 4280 3173 4334; x_wconf 87' lang='lat' dir='ltr'>festivitas</span> <span class='ocrx_word' id='word_1_376' title='bbox 3200 4281 3284 4335; x_wconf 90' lang='lat' dir='ltr'>vel</span> <span class='ocrx_word' id='word_1_377' title='bbox 3308 4282 3459 4351; x_wconf 74' lang='lat' dir='ltr'>jeju—</span> 
     </span>
    </p>
   </div>
   <div class='ocr_carea' id='block_1_35' title="bbox 170 4365 3463 4431">
    <p class='ocr_par' dir='ltr' id='par_1_35' title="bbox 170 4365 3463 4431">
     <span class='ocr_line' id='line_1_35' title="bbox 170 4365 3463 4431; baseline 0 -10"><span class='ocrx_word' id='word_1_378' title='bbox 170 4367 362 4422; x_wconf 88' lang='lat' dir='ltr'>ﬁnire.</span> <span class='ocrx_word' id='word_1_379' title='bbox 1864 4365 2041 4429; x_wconf 88' lang='lat' dir='ltr'>nium,</span> <span class='ocrx_word' id='word_1_380' title='bbox 2067 4382 2178 4418; x_wconf 92' lang='lat' dir='ltr'>non</span> <span class='ocrx_word' id='word_1_381' title='bbox 2199 4366 2356 4419; x_wconf 91' lang='lat' dir='ltr'>dabit</span> <span class='ocrx_word' id='word_1_382' title='bbox 2376 4384 2475 4421; x_wconf 90' lang='lat' dir='ltr'>nec</span> <span class='ocrx_word' id='word_1_383' title='bbox 2491 4369 2833 4423; x_wconf 90' lang='lat' dir='ltr'>restaurabit</span> <span class='ocrx_word' id='word_1_384' title='bbox 2857 4386 2869 4431; x_wconf 90' lang='lat'><strong>;</strong></span> <span class='ocrx_word' id='word_1_385' title='bbox 2902 4385 2965 4422; x_wconf 85' lang='lat' dir='ltr'>ex</span> <span class='ocrx_word' id='word_1_386' title='bbox 2997 4369 3256 4423; x_wconf 90' lang='lat' dir='ltr'>omnibus</span> <span class='ocrx_word' id='word_1_387' title='bbox 3272 4375 3463 4424; x_wconf 89' lang='lat' dir='ltr'>autem</span> 
     </span>
    </p>
   </div>
   <div class='ocr_carea' id='block_1_36' title="bbox 241 4454 3463 4529">
    <p class='ocr_par' dir='ltr' id='par_1_36' title="bbox 241 4454 3463 4529">
     <span class='ocr_line' id='line_1_36' title="bbox 241 4454 3463 4529; baseline 0.001 -19"><span class='ocrx_word' id='word_1_388' title='bbox 241 4457 459 4510; x_wconf 91' lang='lat' dir='ltr'>Notum</span> <span class='ocrx_word' id='word_1_389' title='bbox 491 4456 614 4508; x_wconf 93' lang='lat' dir='ltr'>volo</span> <span class='ocrx_word' id='word_1_390' title='bbox 650 4456 769 4510; x_wconf 87' lang='lat' dir='ltr'>ﬁeri</span> <span class='ocrx_word' id='word_1_391' title='bbox 800 4462 917 4529; x_wconf 89' lang='lat' dir='ltr'>tam</span> <span class='ocrx_word' id='word_1_392' title='bbox 950 4456 1317 4526; x_wconf 88' lang='lat' dir='ltr'>prasentibus</span> <span class='ocrx_word' id='word_1_393' title='bbox 1356 4473 1525 4526; x_wconf 88' lang='lat' dir='ltr'>quam</span> <span class='ocrx_word' id='word_1_394' title='bbox 1573 4455 1778 4509; x_wconf 88' lang='lat' dir='ltr'>futuris</span> <span class='ocrx_word' id='word_1_395' title='bbox 1867 4472 2005 4525; x_wconf 87' lang='lat' dir='ltr'>quos</span> <span class='ocrx_word' id='word_1_396' title='bbox 2026 4454 2254 4507; x_wconf 88' lang='lat' dir='ltr'>habebit</span> <span class='ocrx_word' id='word_1_397' title='bbox 2282 4472 2382 4525; x_wconf 92' lang='lat' dir='ltr'>per</span> <span class='ocrx_word' id='word_1_398' title='bbox 2401 4462 2579 4510; x_wconf 88' lang='lat' dir='ltr'>totum</span> <span class='ocrx_word' id='word_1_399' title='bbox 2611 4475 2821 4512; x_wconf 91' lang='lat' dir='ltr'>annum</span> <span class='ocrx_word' id='word_1_400' title='bbox 2844 4459 2913 4511; x_wconf 93' lang='lat' dir='ltr'>de</span> <span class='ocrx_word' id='word_1_401' title='bbox 2941 4459 3159 4513; x_wconf 87' lang='lat' dir='ltr'>vacaria</span> <span class='ocrx_word' id='word_1_402' title='bbox 3184 4459 3463 4529; x_wconf 88' lang='lat' dir='ltr'>persolvet</span> 
     </span>
    </p>
   </div>
   <div class='ocr_carea' id='block_1_37' title="bbox 170 4544 1786 4616">
    <p class='ocr_par' dir='ltr' id='par_1_37' title="bbox 170 4544 1786 4616">
     <span class='ocr_line' id='line_1_37' title="bbox 170 4544 1786 4616; baseline -0.002 -16"><span class='ocrx_word' id='word_1_403' title='bbox 170 4544 327 4616; x_wconf 86' lang='lat' dir='ltr'>quod</span> <span class='ocrx_word' id='word_1_404' title='bbox 359 4544 603 4597; x_wconf 85' lang='lat' dir='ltr'>alodium</span> <span class='ocrx_word' id='word_1_405' title='bbox 645 4545 713 4598; x_wconf 91' lang='lat' dir='ltr'>de</span> <span class='ocrx_word' id='word_1_406' title='bbox 745 4545 1087 4609; x_wconf 75' lang='lat' dir='ltr'>Olchiniaco,</span> <span class='ocrx_word' id='word_1_407' title='bbox 1135 4546 1281 4615; x_wconf 92' lang='lat' dir='ltr'>quod</span> <span class='ocrx_word' id='word_1_408' title='bbox 1328 4563 1429 4614; x_wconf 88' lang='lat' dir='ltr'>ego</span> <span class='ocrx_word' id='word_1_409' title='bbox 1466 4545 1726 4598; x_wconf 91' lang='lat' dir='ltr'>tenebam</span> <span class='ocrx_word' id='word_1_410' title='bbox 1751 4560 1786 4597; x_wconf 90' lang='lat' dir='ltr'>a</span> 
     </span>
    </p>
   </div>
   <div class='ocr_carea' id='block_1_38' title="bbox 168 4633 1786 4704">
    <p class='ocr_par' dir='ltr' id='par_1_38' title="bbox 168 4633 1786 4704">
     <span class='ocr_line' id='line_1_38' title="bbox 168 4633 1786 4704; baseline -0.002 -14"><span class='ocrx_word' id='word_1_411' title='bbox 168 4633 461 4690; x_wconf 86' lang='lat' dir='ltr'>canonicis</span> <span class='ocrx_word' id='word_1_412' title='bbox 495 4634 711 4687; x_wconf 85' lang='lat' dir='ltr'>Sancta</span> <span class='ocrx_word' id='word_1_413' title='bbox 756 4635 942 4688; x_wconf 87' lang='lat' dir='ltr'>Maria</span> <span class='ocrx_word' id='word_1_414' title='bbox 978 4635 1049 4687; x_wconf 89' lang='lat' dir='ltr'>ad</span> <span class='ocrx_word' id='word_1_415' title='bbox 1086 4640 1399 4689; x_wconf 89' lang='lat' dir='ltr'>trecensum</span> <span class='ocrx_word' id='word_1_416' title='bbox 1450 4635 1661 4688; x_wconf 91' lang='lat' dir='ltr'>scilicet</span> <span class='ocrx_word' id='word_1_417' title='bbox 1686 4650 1786 4704; x_wconf 90' lang='lat' dir='ltr'>pro</span> 
     </span>
    </p>
   </div>
   <div class='ocr_carea' id='block_1_39' title="bbox 167 4722 1787 4794">
    <p class='ocr_par' dir='ltr' id='par_1_39' title="bbox 167 4722 1787 4794">
     <span class='ocr_line' id='line_1_39' title="bbox 167 4722 1787 4794; baseline -0.002 -16"><span class='ocrx_word' id='word_1_418' title='bbox 167 4723 374 4778; x_wconf 88' lang='lat' dir='ltr'>solidis</span> <span class='ocrx_word' id='word_1_419' title='bbox 408 4736 478 4787; x_wconf 84' lang='lat' dir='ltr'>VI,</span> <span class='ocrx_word' id='word_1_420' title='bbox 512 4723 869 4792; x_wconf 90' lang='lat' dir='ltr'>augmentavi</span> <span class='ocrx_word' id='word_1_421' title='bbox 913 4740 1082 4793; x_wconf 90' lang='lat' dir='ltr'>quam</span> <span class='ocrx_word' id='word_1_422' title='bbox 1130 4724 1331 4777; x_wconf 92' lang='lat' dir='ltr'>melius</span> <span class='ocrx_word' id='word_1_423' title='bbox 1376 4724 1553 4794; x_wconf 79' lang='lat' dir='ltr'>potui.</span> <span class='ocrx_word' id='word_1_424' title='bbox 1595 4722 1787 4792; x_wconf 89' lang='lat' dir='ltr'>acqui-</span> 
     </span>
    </p>
   </div>
   <div class='ocr_carea' id='block_1_40' title="bbox 167 4810 1787 4866">
    <p class='ocr_par' dir='ltr' id='par_1_40' title="bbox 167 4810 1787 4866">
     <span class='ocr_line' id='line_1_40' title="bbox 167 4810 1787 4866; baseline -0.001 -1"><span class='ocrx_word' id='word_1_425' title='bbox 167 4811 357 4865; x_wconf 91' lang='lat' dir='ltr'>rendo</span> <span class='ocrx_word' id='word_1_426' title='bbox 402 4810 473 4863; x_wconf 88' lang='lat' dir='ltr'>ad</span> <span class='ocrx_word' id='word_1_427' title='bbox 522 4811 933 4864; x_wconf 91' lang='lat' dir='ltr'>incrementum</span> <span class='ocrx_word' id='word_1_428' title='bbox 982 4811 1132 4865; x_wconf 90' lang='lat' dir='ltr'>illius</span> <span class='ocrx_word' id='word_1_429' title='bbox 1176 4819 1357 4865; x_wconf 85' lang='lat' dir='ltr'>terras</span> <span class='ocrx_word' id='word_1_430' title='bbox 1405 4812 1663 4866; x_wconf 82' lang='lat' dir='ltr'>videlicet</span> <span class='ocrx_word' id='word_1_431' title='bbox 1718 4811 1787 4864; x_wconf 91' lang='lat' dir='ltr'>de</span> 
     </span>
    </p>
   </div>
   <div class='ocr_carea' id='block_1_41' title="bbox 167 4898 1789 4970">
    <p class='ocr_par' dir='ltr' id='par_1_41' title="bbox 167 4898 1789 4970">
     <span class='ocr_line' id='line_1_41' title="bbox 167 4898 1789 4970; baseline -0.001 -16"><span class='ocrx_word' id='word_1_432' title='bbox 167 4916 379 4970; x_wconf 86' lang='lat' dir='ltr'>campo</span> <span class='ocrx_word' id='word_1_433' title='bbox 402 4898 497 4968; x_wconf 89' lang='lat' dir='ltr'>qui</span> <span class='ocrx_word' id='word_1_434' title='bbox 522 4904 748 4954; x_wconf 89' lang='lat' dir='ltr'>vocatur</span> <span class='ocrx_word' id='word_1_435' title='bbox 767 4900 974 4963; x_wconf 88' lang='lat' dir='ltr'>Limaz,</span> <span class='ocrx_word' id='word_1_436' title='bbox 1002 4917 1127 4954; x_wconf 92' lang='lat' dir='ltr'>cum</span> <span class='ocrx_word' id='word_1_437' title='bbox 1171 4902 1388 4955; x_wconf 87' lang='lat' dir='ltr'>cateris</span> <span class='ocrx_word' id='word_1_438' title='bbox 1419 4902 1564 4962; x_wconf 85' lang='lat' dir='ltr'>aliis,</span> <span class='ocrx_word' id='word_1_439' title='bbox 1598 4900 1789 4954; x_wconf 90' lang='lat' dir='ltr'>multi-</span> 
     </span>
    </p>
   </div>
   <div class='ocr_carea' id='block_1_42' title="bbox 168 4988 1789 5061">
    <p class='ocr_par' dir='ltr' id='par_1_42' title="bbox 168 4988 1789 5061">
     <span class='ocr_line' id='line_1_42' title="bbox 168 4988 1789 5061; baseline 0.001 -19"><span class='ocrx_word' id='word_1_440' title='bbox 168 4988 443 5061; x_wconf 89' lang='lat' dir='ltr'>plicando</span> <span class='ocrx_word' id='word_1_441' title='bbox 486 5004 717 5043; x_wconf 86' lang='lat' dir='ltr'>censum</span> <span class='ocrx_word' id='word_1_442' title='bbox 773 5006 992 5043; x_wconf 90' lang='lat' dir='ltr'>necnon</span> <span class='ocrx_word' id='word_1_443' title='bbox 1039 4990 1301 5056; x_wconf 88' lang='lat' dir='ltr'>vinatica,</span> <span class='ocrx_word' id='word_1_444' title='bbox 1350 4991 1410 5043; x_wconf 93' lang='lat' dir='ltr'>in</span> <span class='ocrx_word' id='word_1_445' title='bbox 1460 5008 1569 5061; x_wconf 94' lang='lat' dir='ltr'>quo</span> <span class='ocrx_word' id='word_1_446' title='bbox 1619 4990 1789 5044; x_wconf 88' lang='lat' dir='ltr'>etiam</span> 
     </span>
    </p>
   </div>
   <div class='ocr_carea' id='block_1_43' title="bbox 170 5077 1790 5150">
    <p class='ocr_par' dir='ltr' id='par_1_43' title="bbox 170 5077 1790 5150">
     <span class='ocr_line' id='line_1_43' title="bbox 170 5077 1790 5150; baseline 0 -17"><span class='ocrx_word' id='word_1_447' title='bbox 170 5078 472 5133; x_wconf 85' lang='lat' dir='ltr'>construxi</span> <span class='ocrx_word' id='word_1_448' title='bbox 494 5077 759 5132; x_wconf 88' lang='lat' dir='ltr'>vicariam</span> <span class='ocrx_word' id='word_1_449' title='bbox 791 5096 1013 5146; x_wconf 90' lang='lat' dir='ltr'>meam;</span> <span class='ocrx_word' id='word_1_450' title='bbox 1055 5080 1204 5150; x_wconf 91' lang='lat' dir='ltr'>quod</span> <span class='ocrx_word' id='word_1_451' title='bbox 1242 5080 1322 5133; x_wconf 88' lang='lat' dir='ltr'>ita</span> <span class='ocrx_word' id='word_1_452' title='bbox 1365 5087 1591 5134; x_wconf 89' lang='lat' dir='ltr'>auctum</span> <span class='ocrx_word' id='word_1_453' title='bbox 1621 5086 1790 5150; x_wconf 86' lang='lat' dir='ltr'>atque</span> 
     </span>
    </p>
   </div>
   <div class='ocr_carea' id='block_1_44' title="bbox 170 5168 1791 5239">
    <p class='ocr_par' dir='ltr' id='par_1_44' title="bbox 170 5168 1791 5239">
     <span class='ocr_line' id='line_1_44' title="bbox 170 5168 1791 5239; baseline 0.001 -19"><span class='ocrx_word' id='word_1_454' title='bbox 170 5168 450 5222; x_wconf 87' lang='lat' dir='ltr'>vestitum</span> <span class='ocrx_word' id='word_1_455' title='bbox 480 5168 738 5239; x_wconf 89' lang='lat' dir='ltr'>relinquo</span> <span class='ocrx_word' id='word_1_456' title='bbox 750 5185 876 5221; x_wconf 92' lang='lat' dir='ltr'>cum</span> <span class='ocrx_word' id='word_1_457' title='bbox 906 5169 1070 5222; x_wconf 89' lang='lat' dir='ltr'>vinea</span> <span class='ocrx_word' id='word_1_458' title='bbox 1089 5169 1496 5223; x_wconf 87' lang='lat' dir='ltr'>indominicata</span> <span class='ocrx_word' id='word_1_459' title='bbox 1511 5168 1791 5223; x_wconf 89' lang='lat' dir='ltr'>canonicis</span> 
     </span>
    </p>
   </div>
   <div class='ocr_carea' id='block_1_45' title="bbox 175 5257 1792 5328">
    <p class='ocr_par' dir='ltr' id='par_1_45' title="bbox 175 5257 1792 5328">
     <span class='ocr_line' id='line_1_45' title="bbox 175 5257 1792 5328; baseline -0.001 -17"><span class='ocrx_word' id='word_1_460' title='bbox 175 5257 409 5312; x_wconf 82' lang='lat' dir='ltr'>Sancta</span> <span class='ocrx_word' id='word_1_461' title='bbox 436 5257 626 5311; x_wconf 86' lang='lat' dir='ltr'>Maria</span> <span class='ocrx_word' id='word_1_462' title='bbox 668 5257 959 5311; x_wconf 87' lang='lat' dir='ltr'>Remensis</span> <span class='ocrx_word' id='word_1_463' title='bbox 1002 5258 1269 5318; x_wconf 79' lang='lat' dir='ltr'>ecclesia,</span> <span class='ocrx_word' id='word_1_464' title='bbox 1307 5265 1477 5328; x_wconf 90' lang='lat' dir='ltr'>atque</span> <span class='ocrx_word' id='word_1_465' title='bbox 1523 5266 1583 5312; x_wconf 90' lang='lat' dir='ltr'>ut</span> <span class='ocrx_word' id='word_1_466' title='bbox 1624 5258 1698 5312; x_wconf 90' lang='lat' dir='ltr'>sit</span> <span class='ocrx_word' id='word_1_467' title='bbox 1734 5258 1792 5310; x_wconf 88' lang='lat' dir='ltr'>in</span> 
     </span>
    </p>
   </div>
   <div class='ocr_carea' id='block_1_46' title="bbox 174 5344 1796 5418">
    <p class='ocr_par' dir='ltr' id='par_1_46' title="bbox 174 5344 1796 5418">
     <span class='ocr_line' id='line_1_46' title="bbox 174 5344 1796 5418; baseline -0.001 -17"><span class='ocrx_word' id='word_1_468' title='bbox 174 5344 443 5401; x_wconf 87' lang='lat' dir='ltr'>custodia</span> <span class='ocrx_word' id='word_1_469' title='bbox 473 5344 624 5399; x_wconf 90' lang='lat' dir='ltr'>illius</span> <span class='ocrx_word' id='word_1_470' title='bbox 646 5346 743 5417; x_wconf 93' lang='lat' dir='ltr'>qui</span> <span class='ocrx_word' id='word_1_471' title='bbox 765 5346 872 5400; x_wconf 91' lang='lat' dir='ltr'>erit</span> <span class='ocrx_word' id='word_1_472' title='bbox 889 5348 1219 5418; x_wconf 79' lang='lat' dir='ltr'>praepositus</span> <span class='ocrx_word' id='word_1_473' title='bbox 1250 5347 1318 5401; x_wconf 92' lang='lat' dir='ltr'>de</span> <span class='ocrx_word' id='word_1_474' title='bbox 1353 5347 1503 5400; x_wconf 91' lang='lat' dir='ltr'>mille</span> <span class='ocrx_word' id='word_1_475' title='bbox 1524 5347 1665 5417; x_wconf 83' lang='lat' dir='ltr'>fagis</span> <span class='ocrx_word' id='word_1_476' title='bbox 1686 5347 1796 5400; x_wconf 91' lang='lat' dir='ltr'>dis-</span> 
     </span>
    </p>
   </div>
   <div class='ocr_carea' id='block_1_47' title="bbox 174 5434 1794 5507">
    <p class='ocr_par' dir='ltr' id='par_1_47' title="bbox 174 5434 1794 5507">
     <span class='ocr_line' id='line_1_47' title="bbox 174 5434 1794 5507; baseline 0 -18"><span class='ocrx_word' id='word_1_477' title='bbox 174 5450 357 5507; x_wconf 90' lang='lat' dir='ltr'>pono,</span> <span class='ocrx_word' id='word_1_478' title='bbox 391 5434 488 5504; x_wconf 91' lang='lat' dir='ltr'>qui</span> <span class='ocrx_word' id='word_1_479' title='bbox 518 5436 795 5505; x_wconf 88' lang='lat' dir='ltr'>persolvet</span> <span class='ocrx_word' id='word_1_480' title='bbox 825 5436 1109 5491; x_wconf 90' lang='lat' dir='ltr'>canonicis</span> <span class='ocrx_word' id='word_1_481' title='bbox 1138 5436 1439 5507; x_wconf 88' lang='lat' dir='ltr'>quotannis</span> <span class='ocrx_word' id='word_1_482' title='bbox 1469 5436 1794 5507; x_wconf 83' lang='lat' dir='ltr'>pradictum</span> 
     </span>
    </p>
   </div>
   <div class='ocr_carea' id='block_1_48' title="bbox 175 5523 1797 5590">
    <p class='ocr_par' dir='ltr' id='par_1_48' title="bbox 175 5523 1797 5590">
     <span class='ocr_line' id='line_1_48' title="bbox 175 5523 1797 5590; baseline 0.001 -15"><span class='ocrx_word' id='word_1_483' title='bbox 175 5527 530 5585; x_wconf 83' lang='lat' dir='ltr'>trecensum,</span> <span class='ocrx_word' id='word_1_484' title='bbox 590 5523 803 5577; x_wconf 91' lang='lat' dir='ltr'>scilicet</span> <span class='ocrx_word' id='word_1_485' title='bbox 850 5524 1055 5578; x_wconf 90' lang='lat' dir='ltr'>solidos</span> <span class='ocrx_word' id='word_1_486' title='bbox 1104 5542 1217 5590; x_wconf 83' lang='lat' dir='ltr'>sex,</span> <span class='ocrx_word' id='word_1_487' title='bbox 1276 5530 1331 5578; x_wconf 89' lang='lat' dir='ltr'>et</span> <span class='ocrx_word' id='word_1_488' title='bbox 1380 5524 1535 5577; x_wconf 88' lang='lat' dir='ltr'>dabit</span> <span class='ocrx_word' id='word_1_489' title='bbox 1579 5523 1797 5577; x_wconf 84' lang='lat' dir='ltr'>vacario</span> 
     </span>
    </p>
   </div>
   <div class='ocr_carea' id='block_1_49' title="bbox 180 5610 1797 5684">
    <p class='ocr_par' dir='ltr' id='par_1_49' title="bbox 180 5610 1797 5684">
     <span class='ocr_line' id='line_1_49' title="bbox 180 5610 1797 5684; baseline 0 -19"><span class='ocrx_word' id='word_1_490' title='bbox 180 5610 509 5666; x_wconf 88' lang='lat' dir='ltr'>mercedem</span> <span class='ocrx_word' id='word_1_491' title='bbox 536 5628 697 5666; x_wconf 89' lang='lat' dir='ltr'>suam</span> <span class='ocrx_word' id='word_1_492' title='bbox 727 5613 795 5666; x_wconf 93' lang='lat' dir='ltr'>de</span> <span class='ocrx_word' id='word_1_493' title='bbox 817 5630 988 5667; x_wconf 88' lang='lat' dir='ltr'>censu</span> <span class='ocrx_word' id='word_1_494' title='bbox 1019 5620 1076 5667; x_wconf 91' lang='lat' dir='ltr'>et</span> <span class='ocrx_word' id='word_1_495' title='bbox 1105 5614 1362 5667; x_wconf 88' lang='lat' dir='ltr'>vinaticis</span> <span class='ocrx_word' id='word_1_496' title='bbox 1393 5630 1514 5684; x_wconf 86' lang='lat' dir='ltr'>qua</span> <span class='ocrx_word' id='word_1_497' title='bbox 1545 5613 1681 5666; x_wconf 89' lang='lat' dir='ltr'>inibi</span> <span class='ocrx_word' id='word_1_498' title='bbox 1700 5613 1797 5666; x_wconf 88' lang='lat' dir='ltr'>de-</span> 
     </span>
    </p>
   </div>
   <div class='ocr_carea' id='block_1_50' title="bbox 178 5699 1798 5772">
    <p class='ocr_par' dir='ltr' id='par_1_50' title="bbox 178 5699 1798 5772">
     <span class='ocr_line' id='line_1_50' title="bbox 178 5699 1798 5772; baseline 0.001 -19"><span class='ocrx_word' id='word_1_499' title='bbox 178 5699 418 5765; x_wconf 89' lang='lat' dir='ltr'>bentur,</span> <span class='ocrx_word' id='word_1_500' title='bbox 452 5706 510 5754; x_wconf 90' lang='lat' dir='ltr'>et</span> <span class='ocrx_word' id='word_1_501' title='bbox 540 5702 688 5772; x_wconf 89' lang='lat' dir='ltr'>quod</span> <span class='ocrx_word' id='word_1_502' title='bbox 736 5703 1025 5756; x_wconf 90' lang='lat' dir='ltr'>residuum</span> <span class='ocrx_word' id='word_1_503' title='bbox 1054 5702 1241 5768; x_wconf 89' lang='lat' dir='ltr'>fuerit,</span> <span class='ocrx_word' id='word_1_504' title='bbox 1279 5703 1522 5757; x_wconf 89' lang='lat' dir='ltr'>servabit</span> <span class='ocrx_word' id='word_1_505' title='bbox 1551 5702 1621 5755; x_wconf 89' lang='lat' dir='ltr'>ad</span> <span class='ocrx_word' id='word_1_506' title='bbox 1653 5701 1798 5755; x_wconf 91' lang='lat' dir='ltr'>deti-</span> 
     </span>
    </p>
   </div>
   <div class='ocr_carea' id='block_1_51' title="bbox 1867 4544 3468 4617">
    <p class='ocr_par' dir='ltr' id='par_1_51' title="bbox 1867 4544 3468 4617">
     <span class='ocr_line' id='line_1_51' title="bbox 1867 4544 3468 4617; baseline 0.003 -21"><span class='ocrx_word' id='word_1_507' title='bbox 1867 4544 2141 4597; x_wconf 87' lang='lat' dir='ltr'>decimam</span> <span class='ocrx_word' id='word_1_508' title='bbox 2175 4544 2378 4597; x_wconf 86' lang='lat' dir='ltr'>Sancto</span> <span class='ocrx_word' id='word_1_509' title='bbox 2401 4545 2684 4616; x_wconf 87' lang='lat' dir='ltr'>Dionysio,</span> <span class='ocrx_word' id='word_1_510' title='bbox 2721 4547 2865 4601; x_wconf 91' lang='lat' dir='ltr'>sicut</span> <span class='ocrx_word' id='word_1_511' title='bbox 2892 4552 2949 4600; x_wconf 90' lang='lat' dir='ltr'>et</span> <span class='ocrx_word' id='word_1_512' title='bbox 2986 4564 3087 4617; x_wconf 88' lang='lat' dir='ltr'>ego</span> <span class='ocrx_word' id='word_1_513' title='bbox 3130 4547 3235 4600; x_wconf 68' lang='lat' dir='ltr'>feci</span> <span class='ocrx_word' id='word_1_514' title='bbox 3265 4547 3325 4602; x_wconf 90' lang='lat' dir='ltr'>in</span> <span class='ocrx_word' id='word_1_515' title='bbox 3353 4547 3468 4601; x_wconf 89' lang='lat' dir='ltr'>vita</span> 
     </span>
    </p>
   </div>
   <div class='ocr_carea' id='block_1_52' title="bbox 1869 4631 3467 4703">
    <p class='ocr_par' dir='ltr' id='par_1_52' title="bbox 1869 4631 3467 4703">
     <span class='ocr_line' id='line_1_52' title="bbox 1869 4631 3467 4703; baseline 0.004 -19"><span class='ocrx_word' id='word_1_516' title='bbox 1869 4648 2029 4698; x_wconf 88' lang='lat' dir='ltr'>mea;</span> <span class='ocrx_word' id='word_1_517' title='bbox 2059 4631 2343 4685; x_wconf 91' lang='lat' dir='ltr'>residuum</span> <span class='ocrx_word' id='word_1_518' title='bbox 2380 4649 2508 4686; x_wconf 93' lang='lat' dir='ltr'>vero</span> <span class='ocrx_word' id='word_1_519' title='bbox 2538 4634 2583 4686; x_wconf 89' lang='lat' dir='ltr'>si</span> <span class='ocrx_word' id='word_1_520' title='bbox 2613 4635 2762 4703; x_wconf 91' lang='lat' dir='ltr'>quod</span> <span class='ocrx_word' id='word_1_521' title='bbox 2787 4634 2974 4699; x_wconf 89' lang='lat' dir='ltr'>fuerit,</span> <span class='ocrx_word' id='word_1_522' title='bbox 3007 4635 3250 4689; x_wconf 88' lang='lat' dir='ltr'>servabit</span> <span class='ocrx_word' id='word_1_523' title='bbox 3271 4636 3341 4690; x_wconf 90' lang='lat' dir='ltr'>ad</span> <span class='ocrx_word' id='word_1_524' title='bbox 3368 4636 3467 4690; x_wconf 88' lang='lat' dir='ltr'>de-</span> 
     </span>
    </p>
   </div>
   <div class='ocr_carea' id='block_1_53' title="bbox 1868 4720 3467 4780">
    <p class='ocr_par' dir='ltr' id='par_1_53' title="bbox 1868 4720 3467 4780">
     <span class='ocr_line' id='line_1_53' title="bbox 1868 4720 3467 4780; baseline 0.003 -6"><span class='ocrx_word' id='word_1_525' title='bbox 1868 4721 2156 4774; x_wconf 89' lang='lat' dir='ltr'>tinendam</span> <span class='ocrx_word' id='word_1_526' title='bbox 2206 4720 2503 4774; x_wconf 86' lang='lat' dir='ltr'>vacariam.</span> <span class='ocrx_word' id='word_1_527' title='bbox 2546 4723 2705 4776; x_wconf 91' lang='lat' dir='ltr'>Unde</span> <span class='ocrx_word' id='word_1_528' title='bbox 2758 4740 2855 4777; x_wconf 91' lang='lat' dir='ltr'>oro</span> <span class='ocrx_word' id='word_1_529' title='bbox 2907 4724 3051 4779; x_wconf 88' lang='lat' dir='ltr'>hanc</span> <span class='ocrx_word' id='word_1_530' title='bbox 3099 4742 3133 4779; x_wconf 91' lang='lat' dir='ltr'>a</span> <span class='ocrx_word' id='word_1_531' title='bbox 3188 4724 3467 4780; x_wconf 90' lang='lat' dir='ltr'>canonicis</span> 
     </span>
    </p>
   </div>
   <div class='ocr_carea' id='block_1_54' title="bbox 1871 4810 3469 4885">
    <p class='ocr_par' dir='ltr' id='par_1_54' title="bbox 1871 4810 3469 4885">
     <span class='ocr_line' id='line_1_54' title="bbox 1871 4810 3469 4885; baseline 0.004 -23"><span class='ocrx_word' id='word_1_532' title='bbox 1871 4810 2318 4873; x_wconf 88' lang='lat' dir='ltr'>retributionem,</span> <span class='ocrx_word' id='word_1_533' title='bbox 2358 4816 2422 4863; x_wconf 93' lang='lat' dir='ltr'>ut</span> <span class='ocrx_word' id='word_1_534' title='bbox 2460 4810 2517 4864; x_wconf 91' lang='lat' dir='ltr'>in</span> <span class='ocrx_word' id='word_1_535' title='bbox 2560 4812 2815 4881; x_wconf 90' lang='lat' dir='ltr'>sequenti</span> <span class='ocrx_word' id='word_1_536' title='bbox 2849 4812 2984 4867; x_wconf 85' lang='lat' dir='ltr'>feria</span> <span class='ocrx_word' id='word_1_537' title='bbox 3013 4820 3140 4885; x_wconf 91' lang='lat' dir='ltr'>post</span> <span class='ocrx_word' id='word_1_538' title='bbox 3183 4820 3469 4885; x_wconf 90' lang='lat' dir='ltr'>acceptam</span> 
     </span>
    </p>
   </div>
   <div class='ocr_carea' id='block_1_55' title="bbox 1871 4897 3470 4969">
    <p class='ocr_par' dir='ltr' id='par_1_55' title="bbox 1871 4897 3470 4969">
     <span class='ocr_line' id='line_1_55' title="bbox 1871 4897 3470 4969; baseline 0.004 -18"><span class='ocrx_word' id='word_1_539' title='bbox 1871 4899 2193 4969; x_wconf 68' lang='lat' dir='ltr'>praedictam</span> <span class='ocrx_word' id='word_1_540' title='bbox 2218 4897 2659 4951; x_wconf 90' lang='lat' dir='ltr'>benedictionem</span> <span class='ocrx_word' id='word_1_541' title='bbox 2683 4899 2884 4954; x_wconf 86' lang='lat' dir='ltr'>anima</span> <span class='ocrx_word' id='word_1_542' title='bbox 2920 4918 3056 4956; x_wconf 87' lang='lat' dir='ltr'>mea</span> <span class='ocrx_word' id='word_1_543' title='bbox 3084 4903 3293 4957; x_wconf 80' lang='lat' dir='ltr'>faciant</span> <span class='ocrx_word' id='word_1_544' title='bbox 3316 4919 3470 4957; x_wconf 89' lang='lat' dir='ltr'>com-</span> 
     </span>
    </p>
   </div>
   <div class='ocr_carea' id='block_1_56' title="bbox 1873 4986 3471 5060">
    <p class='ocr_par' dir='ltr' id='par_1_56' title="bbox 1873 4986 3471 5060">
     <span class='ocr_line' id='line_1_56' title="bbox 1873 4986 3471 5060; baseline 0.004 -20"><span class='ocrx_word' id='word_1_545' title='bbox 1873 4986 2309 5040; x_wconf 87' lang='lat' dir='ltr'>mendationem.</span> <span class='ocrx_word' id='word_1_546' title='bbox 2342 4986 2501 5050; x_wconf 86' lang='lat' dir='ltr'>Quod</span> <span class='ocrx_word' id='word_1_547' title='bbox 2534 4986 2600 5051; x_wconf 91' lang='lat' dir='ltr'>si,</span> <span class='ocrx_word' id='word_1_548' title='bbox 2632 4987 2980 5057; x_wconf 81' lang='lat' dir='ltr'>exigentibus</span> <span class='ocrx_word' id='word_1_549' title='bbox 3001 4992 3259 5060; x_wconf 76' lang='lat' dir='ltr'>peccatis,</span> <span class='ocrx_word' id='word_1_550' title='bbox 3294 5008 3471 5046; x_wconf 85' lang='lat' dir='ltr'>vacca</span> 
     </span>
    </p>
   </div>
   <div class='ocr_carea' id='block_1_57' title="bbox 1872 5076 3474 5155">
    <p class='ocr_par' dir='ltr' id='par_1_57' title="bbox 1872 5076 3474 5155">
     <span class='ocr_line' id='line_1_57' title="bbox 1872 5076 3474 5155; baseline 0.006 -26"><span class='ocrx_word' id='word_1_551' title='bbox 1872 5076 1979 5131; x_wconf 90' lang='lat' dir='ltr'>illa</span> <span class='ocrx_word' id='word_1_552' title='bbox 1991 5094 2186 5131; x_wconf 91' lang='lat' dir='ltr'>omnes</span> <span class='ocrx_word' id='word_1_553' title='bbox 2207 5082 2441 5130; x_wconf 87' lang='lat' dir='ltr'>mortua</span> <span class='ocrx_word' id='word_1_554' title='bbox 2462 5076 2547 5129; x_wconf 90' lang='lat' dir='ltr'>vel</span> <span class='ocrx_word' id='word_1_555' title='bbox 2568 5077 2899 5147; x_wconf 87' lang='lat' dir='ltr'>depradata</span> <span class='ocrx_word' id='word_1_556' title='bbox 2914 5077 3143 5146; x_wconf 89' lang='lat' dir='ltr'>fuerint,</span> <span class='ocrx_word' id='word_1_557' title='bbox 3164 5082 3310 5151; x_wconf 90' lang='lat' dir='ltr'>quod</span> <span class='ocrx_word' id='word_1_558' title='bbox 3327 5099 3474 5155; x_wconf 86' lang='lat' dir='ltr'>sape</span> 
     </span>
    </p>
   </div>
   <div class='ocr_carea' id='block_1_58' title="bbox 1874 5165 3474 5240">
    <p class='ocr_par' dir='ltr' id='par_1_58' title="bbox 1874 5165 3474 5240">
     <span class='ocr_line' id='line_1_58' title="bbox 1874 5165 3474 5240; baseline 0.005 -21"><span class='ocrx_word' id='word_1_559' title='bbox 1874 5166 2166 5237; x_wconf 89' lang='lat' dir='ltr'>contingit,</span> <span class='ocrx_word' id='word_1_560' title='bbox 2193 5183 2291 5220; x_wconf 92' lang='lat' dir='ltr'>oro</span> <span class='ocrx_word' id='word_1_561' title='bbox 2313 5165 2608 5219; x_wconf 87' lang='lat' dir='ltr'>canonicos</span> <span class='ocrx_word' id='word_1_562' title='bbox 2633 5170 2747 5218; x_wconf 88' lang='lat' dir='ltr'>tam</span> <span class='ocrx_word' id='word_1_563' title='bbox 2787 5173 3087 5236; x_wconf 85' lang='lat' dir='ltr'>prasentes</span> <span class='ocrx_word' id='word_1_564' title='bbox 3119 5186 3288 5240; x_wconf 89' lang='lat' dir='ltr'>quam</span> <span class='ocrx_word' id='word_1_565' title='bbox 3319 5171 3474 5227; x_wconf 87' lang='lat' dir='ltr'>futu-</span> 
     </span>
    </p>
   </div>
   <div class='ocr_carea' id='block_1_59' title="bbox 1874 5253 3472 5328">
    <p class='ocr_par' dir='ltr' id='par_1_59' title="bbox 1874 5253 3472 5328">
     <span class='ocr_line' id='line_1_59' title="bbox 1874 5253 3472 5328; baseline 0.004 -20"><span class='ocrx_word' id='word_1_566' title='bbox 1874 5272 1987 5320; x_wconf 89' lang='lat' dir='ltr'>ros,</span> <span class='ocrx_word' id='word_1_567' title='bbox 2021 5272 2121 5326; x_wconf 91' lang='lat' dir='ltr'>pro</span> <span class='ocrx_word' id='word_1_568' title='bbox 2157 5257 2267 5308; x_wconf 82' lang='lat' dir='ltr'>Deo</span> <span class='ocrx_word' id='word_1_569' title='bbox 2288 5263 2344 5308; x_wconf 90' lang='lat' dir='ltr'>et</span> <span class='ocrx_word' id='word_1_570' title='bbox 2361 5271 2461 5326; x_wconf 90' lang='lat' dir='ltr'>pro</span> <span class='ocrx_word' id='word_1_571' title='bbox 2482 5253 2809 5307; x_wconf 90' lang='lat' dir='ltr'>remissione</span> <span class='ocrx_word' id='word_1_572' title='bbox 2834 5260 3191 5324; x_wconf 88' lang='lat' dir='ltr'>peccatorum</span> <span class='ocrx_word' id='word_1_573' title='bbox 3221 5275 3472 5328; x_wconf 90' lang='lat' dir='ltr'>suorum,</span> 
     </span>
    </p>
   </div>
   <div class='ocr_carea' id='block_1_60' title="bbox 1877 5343 3478 5414">
    <p class='ocr_par' dir='ltr' id='par_1_60' title="bbox 1877 5343 3478 5414">
     <span class='ocr_line' id='line_1_60' title="bbox 1877 5343 3478 5414; baseline 0.004 -17"><span class='ocrx_word' id='word_1_574' title='bbox 1877 5349 1942 5397; x_wconf 90' lang='lat' dir='ltr'>ut</span> <span class='ocrx_word' id='word_1_575' title='bbox 1977 5360 2089 5397; x_wconf 91' lang='lat' dir='ltr'>non</span> <span class='ocrx_word' id='word_1_576' title='bbox 2115 5344 2408 5398; x_wconf 87' lang='lat' dir='ltr'>annullare</span> <span class='ocrx_word' id='word_1_577' title='bbox 2436 5343 2767 5414; x_wconf 89' lang='lat' dir='ltr'>permittant</span> <span class='ocrx_word' id='word_1_578' title='bbox 2786 5344 2889 5398; x_wconf 91' lang='lat' dir='ltr'>hoc</span> <span class='ocrx_word' id='word_1_579' title='bbox 2908 5360 3207 5399; x_wconf 91' lang='lat' dir='ltr'>commune</span> <span class='ocrx_word' id='word_1_580' title='bbox 3235 5363 3478 5404; x_wconf 89' lang='lat' dir='ltr'>commo-</span> 
     </span>
    </p>
   </div>
   <div class='ocr_carea' id='block_1_61' title="bbox 1879 5432 3477 5509">
    <p class='ocr_par' dir='ltr' id='par_1_61' title="bbox 1879 5432 3477 5509">
     <span class='ocr_line' id='line_1_61' title="bbox 1879 5432 3477 5509; baseline 0.004 -22"><span class='ocrx_word' id='word_1_581' title='bbox 1879 5433 2013 5487; x_wconf 90' lang='lat' dir='ltr'>dum</span> <span class='ocrx_word' id='word_1_582' title='bbox 2043 5433 2284 5488; x_wconf 89' lang='lat' dir='ltr'>illorum.</span> <span class='ocrx_word' id='word_1_583' title='bbox 2310 5433 2457 5504; x_wconf 89' lang='lat' dir='ltr'>quod</span> <span class='ocrx_word' id='word_1_584' title='bbox 2478 5433 2571 5504; x_wconf 89' lang='lat' dir='ltr'>pia</span> <span class='ocrx_word' id='word_1_585' title='bbox 2591 5432 2883 5488; x_wconf 87' lang='lat' dir='ltr'>devotione</span> <span class='ocrx_word' id='word_1_586' title='bbox 2903 5434 3184 5501; x_wconf 89' lang='lat' dir='ltr'>ordinavi;</span> <span class='ocrx_word' id='word_1_587' title='bbox 3208 5437 3305 5490; x_wconf 90' lang='lat' dir='ltr'>sed</span> <span class='ocrx_word' id='word_1_588' title='bbox 3327 5439 3477 5509; x_wconf 88' lang='lat' dir='ltr'>quod</span> 
     </span>
    </p>
   </div>
   <div class='ocr_carea' id='block_1_62' title="bbox 1882 5522 3480 5597">
    <p class='ocr_par' dir='ltr' id='par_1_62' title="bbox 1882 5522 3480 5597">
     <span class='ocr_line' id='line_1_62' title="bbox 1882 5522 3480 5597; baseline 0.004 -22"><span class='ocrx_word' id='word_1_589' title='bbox 1882 5522 1975 5576; x_wconf 90' lang='lat' dir='ltr'>ille</span> <span class='ocrx_word' id='word_1_590' title='bbox 2005 5523 2261 5576; x_wconf 90' lang='lat' dir='ltr'>minister</span> <span class='ocrx_word' id='word_1_591' title='bbox 2286 5523 2354 5575; x_wconf 91' lang='lat' dir='ltr'>de</span> <span class='ocrx_word' id='word_1_592' title='bbox 2376 5522 2687 5576; x_wconf 89' lang='lat' dir='ltr'>redditibus</span> <span class='ocrx_word' id='word_1_593' title='bbox 2717 5522 2871 5577; x_wconf 92' lang='lat' dir='ltr'>illius</span> <span class='ocrx_word' id='word_1_594' title='bbox 2900 5524 3067 5579; x_wconf 88' lang='lat' dir='ltr'>alodii</span> <span class='ocrx_word' id='word_1_595' title='bbox 3094 5524 3480 5597; x_wconf 88' lang='lat' dir='ltr'>redintegrare</span> 
     </span>
    </p>
   </div>
   <div class='ocr_carea' id='block_1_63' title="bbox 1883 5612 3480 5681">
    <p class='ocr_par' dir='ltr' id='par_1_63' title="bbox 1883 5612 3480 5681">
     <span class='ocr_line' id='line_1_63' title="bbox 1883 5612 3480 5681; baseline 0.004 -17"><span class='ocrx_word' id='word_1_596' title='bbox 1883 5628 1994 5665; x_wconf 90' lang='lat' dir='ltr'>non</span> <span class='ocrx_word' id='word_1_597' title='bbox 2051 5612 2274 5681; x_wconf 88' lang='lat' dir='ltr'>poterit,</span> <span class='ocrx_word' id='word_1_598' title='bbox 2335 5613 2646 5666; x_wconf 90' lang='lat' dir='ltr'>concedant</span> <span class='ocrx_word' id='word_1_599' title='bbox 2694 5612 2813 5666; x_wconf 87' lang='lat' dir='ltr'>fieri</span> <span class='ocrx_word' id='word_1_600' title='bbox 2868 5613 2937 5668; x_wconf 86' lang='lat' dir='ltr'>de</span> <span class='ocrx_word' id='word_1_601' title='bbox 2983 5613 3284 5669; x_wconf 90' lang='lat' dir='ltr'>communi.</span> <span class='ocrx_word' id='word_1_602' title='bbox 3340 5616 3480 5671; x_wconf 88' lang='lat' dir='ltr'>Volo</span> 
     </span>
    </p>
   </div>
   <div class='ocr_carea' id='block_1_64' title="bbox 1882 5700 3481 5777">
    <p class='ocr_par' dir='ltr' id='par_1_64' title="bbox 1882 5700 3481 5777">
     <span class='ocr_line' id='line_1_64' title="bbox 1882 5700 3481 5777; baseline 0.005 -24"><span class='ocrx_word' id='word_1_603' title='bbox 1882 5701 2051 5754; x_wconf 89' lang='lat' dir='ltr'>etiam</span> <span class='ocrx_word' id='word_1_604' title='bbox 2100 5707 2157 5754; x_wconf 89' lang='lat' dir='ltr'>et</span> <span class='ocrx_word' id='word_1_605' title='bbox 2199 5700 2435 5771; x_wconf 92' lang='lat' dir='ltr'>dispono</span> <span class='ocrx_word' id='word_1_606' title='bbox 2484 5707 2548 5754; x_wconf 91' lang='lat' dir='ltr'>ut</span> <span class='ocrx_word' id='word_1_607' title='bbox 2600 5701 2851 5755; x_wconf 89' lang='lat' dir='ltr'>canonici</span> <span class='ocrx_word' id='word_1_608' title='bbox 2899 5703 3089 5759; x_wconf 89' lang='lat' dir='ltr'>Sancti</span> <span class='ocrx_word' id='word_1_609' title='bbox 3126 5703 3375 5777; x_wconf 84' lang='lat' dir='ltr'>Dionysii</span> <span class='ocrx_word' id='word_1_610' title='bbox 3419 5705 3481 5761; x_wconf 88' lang='lat' dir='ltr'>in</span> 
     </span>
    </p>
   </div>
   <div class='ocr_carea' id='block_1_65' title="bbox 179 5788 3483 5859">
    <p class='ocr_par' dir='ltr' id='par_1_65' title="bbox 179 5788 3483 5859">
     <span class='ocr_line' id='line_1_65' title="bbox 179 5788 3483 5859; baseline 0.002 -15"><span class='ocrx_word' id='word_1_611' title='bbox 179 5788 438 5846; x_wconf 83' lang='lat' dir='ltr'>nendam</span> <span class='ocrx_word' id='word_1_612' title='bbox 471 5789 786 5859; x_wconf 83' lang='lat' dir='ltr'>vacariam;</span> <span class='ocrx_word' id='word_1_613' title='bbox 818 5791 888 5845; x_wconf 90' lang='lat' dir='ltr'>de</span> <span class='ocrx_word' id='word_1_614' title='bbox 917 5791 1093 5847; x_wconf 88' lang='lat' dir='ltr'>caseis</span> <span class='ocrx_word' id='word_1_615' title='bbox 1138 5807 1270 5847; x_wconf 88' lang='lat' dir='ltr'>vero</span> <span class='ocrx_word' id='word_1_616' title='bbox 1317 5791 1476 5848; x_wconf 90' lang='lat' dir='ltr'>dabit</span> <span class='ocrx_word' id='word_1_617' title='bbox 1518 5789 1801 5847; x_wconf 87' lang='lat' dir='ltr'>canonicis</span> <span class='ocrx_word' id='word_1_618' title='bbox 1881 5790 2136 5847; x_wconf 86' lang='lat' dir='ltr'>custodia</span> <span class='ocrx_word' id='word_1_619' title='bbox 2162 5789 2415 5846; x_wconf 84' lang='lat' dir='ltr'>habeant</span> <span class='ocrx_word' id='word_1_620' title='bbox 2441 5794 2501 5847; x_wconf 90' lang='lat' dir='ltr'>et</span> <span class='ocrx_word' id='word_1_621' title='bbox 2526 5790 2786 5848; x_wconf 83' lang='lat' dir='ltr'>excolant</span> <span class='ocrx_word' id='word_1_622' title='bbox 2810 5791 3061 5850; x_wconf 86' lang='lat' dir='ltr'>alodium</span> <span class='ocrx_word' id='word_1_623' title='bbox 3100 5793 3174 5852; x_wconf 86' lang='lat' dir='ltr'>de</span> <span class='ocrx_word' id='word_1_624' title='bbox 3219 5793 3483 5853; x_wconf 82' lang='lat' dir='ltr'>mutatio-</span> 
     </span>
    </p>
   </div>
   <div class='ocr_carea' id='block_1_66' title="bbox 437 5887 883 5957">
    <p class='ocr_par' dir='ltr' id='par_1_66' title="bbox 437 5887 883 5957">
     <span class='ocr_line' id='line_1_66' title="bbox 437 5887 883 5957; baseline 0.016 -7"><span class='ocrx_word' id='word_1_625' title='bbox 437 5887 706 5956; x_wconf 68' lang='grc' dir='ltr'>Ρηιοι.</span> <span class='ocrx_word' id='word_1_626' title='bbox 761 5890 883 5957; x_wconf 86' lang='lat' dir='ltr'>CL.</span> 
     </span>
    </p>
   </div>
   <div class='ocr_carea' id='block_1_67' title="bbox 3160 5893 3244 5958">
    <p class='ocr_par' dir='ltr' id='par_1_67' title="bbox 3160 5893 3244 5958">
     <span class='ocr_line' id='line_1_67' title="bbox 3160 5893 3244 5958; baseline 0.012 -1"><span class='ocrx_word' id='word_1_627' title='bbox 3160 5893 3244 5958; x_wconf 70' lang='grc'><strong>49</strong></span> 
     </span>
    </p>
   </div>
  </div>
