3944 6366
491 377 2022 408 W

2029 385 3764 416 Μ

1851 552 2132 597 EXEUNTE
2177 552 2411 598 δεουιο

499 735 2298 947 CONSTANTINUS
2393 745 3784 952 AFRICANUS

1285 1080 2117 1180 CASINENSIS
2189 1083 2981 1182 MONACHUS
3765 1114 3774 1122 '

649 1503 1326 1640 ΝΟΤΙΤΙΑ
1388 1500 2077 1637 HISTORI

2186 1505 2297 1636 A
2357 1506 2550 1639 ET
2616 1510 3620 1650 LITTERARIA

1125 1775 1371 1855 (OUDIN,
1408 1773 1736 1836 Comment.
1769 1772 1842 1834 de
1867 1771 2260 1852 scriptoribus
2286 1785 2354 1835 et
2375 1778 2581 1858 script.
2619 1779 2820 1842 eccles.
2859 1783 2936 1860 Il,
2969 1781 3138 1866 694.)

1906 1949 2341 1980 σ--Διυῂ

572 2126 977 2184 Constantinus
1043 2125 1356 2188 Africanus,
1419 2125 1739 2180 Casinensis
1783 2123 2160 2185 monachusA
2177 2125 2293 2181 fere
2320 2128 2390 2182 ab
2419 2128 2542 2201 ipso
2559 2147 2626 2186 ex
2641 2133 2881 2188 Arabica
2908 2134 3103 2206 lingua
3125 2137 3184 2190 in
3207 2136 3464 2192 Latinam
3492 2135 3784 2192 translata

495 2223 752 2288 tempore
809 2214 1051 2286 Alphani
1108 2213 1449 2269 Salernitani
1513 2215 1930 2286 archiepiscopi,
1990 2215 2086 2285 qui

495 2323 647 2362 anno
685 2303 814 2362 1057
863 2304 1169 2359 Ecclesiam
1213 2303 1622 2359 Salernitanam
1659 2304 1969 2375 suscipiens
1997 2319 2088 2356 re-

496 2396 760 2468 gendam,
784 2411 876 2448 an.
915 2391 1066 2458 1086,
1099 2393 1453 2464 episcopatus
1479 2394 1566 2448 sui
1586 2391 1674 2449 29.
1706 2401 1960 2448 mortuus
1981 2399 2082 2457 est,

497 2485 708 2540 ﬂoruit.
742 2483 885 2537 Huic
914 2481 1118 2535 librum
1149 2498 1314 2536 suum
1344 2483 1416 2535 De
1437 2483 1704 2535 stomachi
1734 2485 2088 2536 naturalibus

499 2579 548 2628 et
585 2590 697 2627 non
741 2571 1098 2626 naturalibus
1145 2572 1519 2636 affectionibus
1553 2571 1910 2641 nuncupavit.
1947 2572 2088 2626 Ortu

499 2659 977 2731 Carthaginensis.
1013 2658 1260 2712 medicus
1306 2665 1364 2711 et
1406 2659 1771 2729 philosophus
1815 2667 2085 2731 praestan-

496 2751 770 2814 tissimus,
794 2749 945 2802 varia
965 2747 1212 2802 Orientis
1232 2747 1353 2800 loca
1372 2748 1707 2818 peragravit,
1733 2754 1789 2801 et
1807 2749 2088 2820 Babylone

496 2839 807 2914 praisertim
820 2843 1218 2899 commoratus,
1233 2836 1387 2890 omni
1403 2837 2084 2905 Chaldaeorum,Arabum,

494 2931 814 2985 Persarum.
853 2927 1260 2981 Saracenorum
1285 2924 1578 2995 disciplina
1609 2927 1900 2996 ingenium
1928 2944 2087 2981 exco-

493 3019 619 3074 luit.
645 3015 954 3088 Babylonia
979 3014 1268 3068 discedens
1299 3014 1515 3068 Indiam
1542 3015 1701 3077 adiit,
1725 3016 1854 3069 hinc
1876 3017 2090 3070 {Ethio-

494 3109 646 3180 piam
677 3105 857 3178 petiit,
893 3121 958 3158 ac
998 3103 1302 3174 Egyptum
1333 3103 1582 3167 tandem,
1631 3105 1874 3175 cujusvis
1902 3107 2088 3176 gentis

493 3197 676 3268 spolia
721 3201 778 3249 et
825 3193 1123 3248 thesauros
1165 3208 1354 3245 secum
1401 3191 1664 3246 referens.
1719 3193 1937 3248 Exactis
1983 3195 2090 3248 hoc

2169 2222 2324 2286 sunt,
2345 2218 2478 2273 licet
2513 2221 2780 2276 audacter
2808 2223 2865 2276 in
2894 2223 3028 2278 folio
3059 2225 3164 2280 sub
3194 2227 3318 2297 ejus
3345 2227 3574 2281 nomine
3614 2227 3776 2280 Basi-

2170 2304 2268 2360 leae
2307 2311 2470 2362 annis
2524 2309 2658 2364 1536
2693 2311 2918 2368 et-1539
2955 2314 3104 2384 apud
3139 2315 3441 2372 Henricum
3473 2315 3630 2371 Petri
3659 2315 3779 2372 hoc

2171 2396 2366 2450 ordine
2397 2397 2549 2452 edita
2573 2399 2687 2453 sint
2699 2444 2712 2456 .

2255 2487 2521 2540 Viaticum
2561 2489 2625 2540 de
2671 2491 2994 2544 morborum
3040 2494 3349 2560 cognitione
3390 2497 3442 2548 et
3480 2497 3776 2549 curatione

2169 2573 2331 2628 libris
2350 2591 2446 2632 vn.

2242 2663 2313 2716 De
2343 2667 2714 2718 remediorum
2743 2671 2794 2719 et
2815 2667 3218 2734 aegritudinum
3236 2669 3544 2735 cognitione
3575 2667 3684 2727 lib.
3723 2683 3768 2722 Ι.

2243 2752 2316 2804 De
2345 2755 2534 2806 urinis
2563 2753 2660 2807 lib.
2693 2768 2736 2808 Ι.
3311 2751 3318 2757 ’

2243 2839 2396 2911 Opus
2426 2842 2782 2897 Constantini
2810 2843 3102 2914 proprium
3131 2843 3206 2896 De
3239 2845 3506 2898 stomachi
3528 2847 3778 2912 affectio-

2171 2930 2336 2983 nibus
2366 2934 2724 2986 naturalibus
2751 2937 2800 2986 et
2822 2949 2934 2986 non
2961 2933 3318 2986 naturalibus
3347 2932 3446 2986 lib.
3469 2946 3504 2987 ι.

2241 3020 2314 3072 De
2341 3023 2516 3073 victus
2557 3025 2772 3076 ratione
2799 3025 3091 3075 variorum
3123 3023 3445 3076 morborum
3486 3023 3583 3077 lib.
3611 3037 3652 3077 Ι.
3683 3025 3762 3078 De

2170 3109 2540 3163 melancholia
2561 3109 2659 3164 lib.
2689 3116 2750 3166 Ii.

2234 3198 2310 3250 De
2343 3201 2490 3251 coitu
2535 3197 2630 3252 lib.
2679 3213 2720 3253 Ι.
2752 3200 2826 3254 De
2856 3203 3061 3254 animae
3097 3203 3147 3254 et
3177 3201 3412 3268 spiritus
3439 3201 3772 3256 discrimine

492 3285 660 3339 modo
687 3285 746 3338 in
776 3285 1056 3340 variarum
1090 3285 1344 3356 gentium
1383 3286 1586 3340 studiis
1613 3285 1932 3356 linguisque
1963 3285 2089 3339 edi-
2171 3285 2268 3339 lib.
2297 3303 2336 3340 1.

493 3373 714 3428 scendis
761 3375 1134 3444 quadraginta
1180 3391 1352 3446 prope
1401 3375 1586 3437 annis,
1626 3375 1857 3429 domum
1895 3373 2082 3436 rediit,
2105 3357 2154 3418 B
2245 3375 2316 3440 De
2358 3377 2736 3432 incantatione
2781 3383 2832 3432 et
2867 3379 3239 3446 adjuratione,
3281 3380 3513 3446 collique
3547 3393 3775 3446 suspen-

491 3462 592 3516 ubi
620 3461 841 3516 insidiis
870 3479 1021 3532 aegre
1056 3463 1297 3534 elapsus,
1332 3464 1403 3518 ad
1443 3463 1746 3518 Casinense
1775 3462 2088 3518 cmnobium

492 3567 554 3606 se
583 3551 814 3621 recepit,
848 3550 1037 3622 ibique
1068 3553 1401 3606 monachum
1439 3552 1640 3611 induit,
1673 3558 1730 3605 et
1756 3551 2088 3622 grandaevus

492 3640 553 3694 in
581 3639 821 3694 Domino
864 3639 1219 3695 obdormivit.
1276 3641 1525 3696 Plurima
1563 3640 1666 3694 sub
1708 3641 1831 3710 ejus
1860 3639 2088 3694 nomine

494 3728 648 3783 edita
683 3733 834 3788 sunt.
887 3745 1012 3800 quae
1039 3737 1233 3784 tamen
1261 3731 1378 3784 fere
1405 3729 1595 3784 omnia
1623 3746 1690 3783 ex
1716 3727 1957 3782 Arabica
1976 3728 2087 3782 lin-

489 3833 604 3888 gua
642 3817 701 3870 in
740 3817 1018 3883 Latinam,
1052 3835 1118 3872 ex
1149 3819 1511 3890 antiquorum
1554 3817 1901 3872 medicorum
1929 3816 2087 3870 libris

491 3907 768 3961 translata
811 3913 962 3962 sunt.
1014 3907 1144 3962 Hzec
1181 3907 1252 3961 ad
1297 3907 1618 3961 institutum
1657 3911 1914 3960 nostrum
1945 3905 2087 3959 nihil

490 4001 764 4067 spectant,
795 3996 890 4050 sed
921 3996 1056 4067 quia
1077 3996 1385 4050 monachus
1414 3996 1645 4061 exstitit,
1678 3995 1749 4048 ad
1771 3995 2083 4064 Scriptores

490 4085 663 4140 etiam
693 4085 1094 4139 ecclesiasticos
1119 4090 1404 4155 utcunque
1425 4083 1708 4155 pertinere
1738 4089 1941 4154 potest,
1983 4099 2084 4137 cu-

481 4175 579 4244 jus
600 4172 880 4244 Operibus
908 4174 1262 4228 recensendis
1285 4173 1734 4227 immorabimur.

560 4263 796 4317 Exstant
827 4262 932 4316 sub
960 4263 1080 4333 ejus
1110 4263 1339 4316 nomine
1364 4262 1635 4333 opuscula
1674 4260 1892 4315 medica
1929 4261 2086 4315 varia

487 4349 546 4404 in
576 4351 844 4420 Catalogo
892 4350 1166 4421 impresso
1211 4349 1487 4404 librorum
1534 4348 1851 4403 Bodleianae
1882 4348 2082 4402 biblio-

483 4440 678 4503 thecae,
711 4440 937 4495 Oxoniaa
964 4438 1116 4505 1674,
1142 4439 1421 4505 in-folio,a
1443 4439 1660 4492 Thoma
1681 4438 1866 4506 Hidio,
1898 4437 2087 4492 littera

487 4530 550 4596 Ο,
577 4545 705 4600 pag.
738 4527 856 4590 171,
881 4529 990 4585 col.
1029 4529 1076 4593 1,
1109 4529 1379 4582 nimirum
1410 4548 1422 4581 :

558 4617 740 4687 Opera
773 4617 1003 4672 Basileaa
1035 4614 1186 4682 1539,
1213 4619 1272 4672 C.
1303 4613 1436 4686 2,9.
1469 4616 1613 4671 Med.

554 4704 902 4760 Breviarium
928 4706 1138 4759 dictum
1193 4707 1462 4758 Vialicum
1492 4706 1561 4758 de
1587 4703 1798 4759 morbis
1827 4706 2078 4776 corporis

481 4793 718 4848 humani
754 4795 918 4860 Lugd.
945 4789 1102 4855 1570,
1137 4791 1216 4857 8°,
1241 4793 1307 4846 A.
1338 4791 1390 4856 4,
1417 4793 1566 4848 Med.

554 4872 801 4928 Libellus
829 4875 902 4926 De
929 4875 1274 4926 animalium
1295 4888 1402 4926 usu
1431 4875 1496 4926 in
1525 4873 1821 4936 medicina,
1844 4873 2077 4928 Basileae

484 4958 644 5025 1560,
675 4961 752 5026 8°,
786 4961 846 5016 Ο.
873 4957 961 5014 34.
998 4957 1146 5012 Med.

551 5049 718 5105 Liber
753 5051 827 5105 De
868 5049 1111 5116 febribus
1137 5063 1266 5118 pag.
1298 5043 1422 5103 202.
1458 5048 1706 5103 Venetiis
1739 5047 1894 5113 1576,
1926 5051 1987 5104 F.
2017 5052 2070 5106 1.

521 5180 534 5193 .
572 5137 718 5193 Med.

521 5180 534 5193 .
572 5139 718 5193 Med.

481 5139 515 5196 9
549 5229 623 5282 De
641 5227 1052 5294 principalibus
1080 5227 1341 5278 memsz
1375 5229 1619 5295 corporis
1649 5229 1907 5289 humani,
1943 5245 2069 5300 pag.

404 5341 410 5348 ι
477 5315 602 5382 313,
625 5317 683 5371 in
716 5316 899 5370 medio
931 5315 1076 5369 libri.
1111 5315 1342 5370 Basileae
1379 5315 1529 5372 1541.
1556 5320 1620 5369 Α.
1646 5315 1698 5372 2.
1733 5317 1784 5370 5.
1816 5317 1963 5370 Med.

549 5408 759 5461 Prmter
789 5405 992 5459 librum
1010 5407 1080 5458 [Ie
1109 5407 1378 5458 stomachi
1399 5407 1821 5458 natm-alii)th
1851 5423 2072 5460 nonna-

477 5499 755 5551 turalibus
787 5496 1178 5561 affectionibus,
1216 5512 1377 5564 quem
1413 5496 1668 5563 Alphano
1702 5496 2066 5550 Salernitanae

2170 3465 2338 3529 sione,
2372 3464 2609 3536 epistola
2635 3467 2707 3520 ad
2739 3465 2938 3522 ﬁlium.

2240 3554 2314 3606 De
2342 3556 2647 3606 mulierum
2668 3556 2874 3607 morbis
2899 3552 2996 3607 lib.
3025 3566 3065 3606 1.
3096 3553 3170 3606 De
3200 3552 3493 3621 chirurgia
3511 3553 3608 3609 lib.
3635 3558 3768 3611 LDe

2169 3643 2434 3706 gradibus
2462 3644 2802 3709 simplicium
2838 3642 2934 3696 lib.
2971 3659 3004 3696 ι.

2243 3729 2322 3782 Ex
2353 3746 2487 3783 mss.
2518 3730 2622 3784 cod
2645 3729 2802 3784 cibus
2829 3729 3144 3784 Bodleianae
3167 3729 3513 3788 bibliotheca
3541 3733 3594 3787 ei
3627 3734 3771 3790 alia-

2169 3833 2295 3870 rum
2344 3817 2806 3874 bibliothecarum
2850 3819 3009 3873 facile
3049 3818 3330 3873 constabit
3357 3821 3548 3876 omnia
3575 3823 3693 3878 fere
3732 3841 3769 3878 a

2170 3907 2542 3960 Constantino
2578 3923 2692 3962 non
2734 3910 3062 3978 composita.
3095 3908 3190 3962 sed
3223 3910 3500 3964 translata
3535 3927 3662 3967 esse
3699 3929 3769 3968 ex

2171 3995 2376 4050 Graecis
2406 3997 2490 4050 vel
2521 3995 2772 4050 Arabicis
2799 3997 3234 4067 antiquioribus.
3269 3999 3509 4052 Etenim.

2237 4086 2392 4138 Inter
2417 4101 2550 4138 mss.
2584 4084 2802 4138 codices
2837 4084 3156 4140 Bodleianae
3201 4085 3548 4142 bibliothecae
3579 4089 3768 4145 codice

2167 4169 2290 4236 708,
2323 4172 2383 4224 in
2429 4187 2564 4225 mss.
2595 4172 2880 4227 codicibus
2919 4173 3204 4226 Guillelmi
3253 4171 3433 4228 Laudi
3479 4174 3672 4229 littera
3695 4177 3760 4245 Ο,

2167 4259 2353 4315 codice
2396 4259 2482 4323 56,
2531 4275 2686 4314 num.
2733 4259 2786 4324 2,
2829 4263 3184 4317 Constantini
3230 4263 3430 4316 medici
3488 4263 3762 4318 Vialicum

2167 4347 2324 4402 libris
2345 4362 2454 4414 vn;
2487 4350 2560 4402 Ile
2589 4351 2766 4402 diaetis
2789 4351 3200 4404 universa/ibus
3228 4355 3275 4403 et
3293 4353 3756 4418 particularibus.

2170 4437 2360 4491 Graece
2379 4437 2557 4491 in-fol.
2593 4436 2805 4491 Ibidem
2823 4438 3012 4491 codice
3044 4437 3194 4500 I252,
3227 4439 3287 4492 in
3316 4455 3430 4492 mss
3473 4439 3762 4495 Guillelmi

2162 4527 2339 4581 Laudi
2362 4527 2552 4580 littera
2579 4525 2645 4589 G,
2671 4526 2860 4580 codice
2879 4525 2968 4590 87,
2997 4543 3153 4580 num.
3185 4527 3242 4592 6,
3273 4529 3630 4583 Constantini
3651 4547 3760 4584 mo-

2099 4618 2334 4690 cnachi
2390 4617 2653 4670 Vialicum
2698 4615 2856 4669 libris
2901 4629 2998 4670 vn.
3040 4617 3112 4670 De
3139 4617 3384 4682 febribus
3431 4616 3562 4671 libri
3593 4635 3645 4672 ν.
3680 4621 3754 4674 De

2161 4707 2370 4768 urinis,
2401 4703 2594 4758 omnia
2621 4721 2687 4758 ex
2722 4703 2982 4758 Arabico.
3030 4702 3248 4758 Ibidem
3295 4705 3482 4760 codice
3512 4705 3666 4772 1507,
3698 4707 3758 4764 in

2162 4810 2294 4847 mss.
2323 4793 2607 4847 Guillelmi
2636 4793 2813 4846 Laudi
2845 4793 3036 4846 littera
3063 4793 3131 4857 H,
3165 4792 3356 4847 codice
3381 4791 3470 4860 81,
3497 4795 3758 4851 Constan-

2161 4885 2273 4936 tini
2296 4883 2556 4949 Africani
2579 4883 2777 4935 Montis
2789 4881 3102 4936 Casinensis
3119 4882 3378 4935 monachi
3404 4884 3755 4940 Breviarium

2157 4972 2368 5024 dictum
2407 4971 2745 5024 Vialicumde
2766 4971 3225 5037 morbiscorporis
3255 4971 3513 5024 humani.
3539 4970 3751 5028 Ibidem

2158 5058 2348 5112 codice
2383 5055 2542 5122 2069,
2571 5057 2630 5110 in
2673 5073 2802 5112 mss.
2851 5057 3078 5111 Thomas
3107 5057 3319 5112 Bodleii
3351 5057 3540 5112 littera
3570 5061 3632 5126 Ο,
3665 5079 3754 5118 co-

2157 5145 2279 5200 dice
2314 5145 2362 5210 1,
2397 5148 2748 5202 Constantini
2774 5147 3037 5213 Africani
3077 5146 3346 5199 Vialicum
3362 5151 3621 5214 praclicae
3642 5167 3747 5205 me-

2155 5237 2354 5289 dicina
2381 5234 2475 5288 lib.
2510 5249 2599 5288 vu.
2627 5234 3065 5296 Ibidem,codice
3085 5233 3244 5298 2444,
3273 5235 3333 5288 in
3365 5251 3494 5289 mss.
3529 5237 3750 5295 Thoma;

2158 5323 2368 5376 Bodleii
2399 5323 2586 5376 littera
2616 5323 2676 5384 F,
2716 5321 2769 5383 8,
2818 5322 3006 5376 codice
3035 5321 3088 5386 4,
3123 5338 3277 5376 num.
3315 5323 3367 5386 4,
3403 5325 3580 5378 lsaaci
3613 5328 3744 5381 Dia-

2157 5415 2490 5465 larimnsiu’
2511 5414 2578 5465 De
2599 5415 2772 5465 diartis
2804 5413 3230 5464 universalibus.
3259 5412 3424 5465 Num.
3459 5413 3489 5465 5
3512 5418 3744 5480 ejusdem

2154 5505 2291 5554 liber
2327 5503 2633 5553 uri/larum
2665 5507 2710 5553 vl
2745 5503 2881 5553 liber
2908 5503 3162 5553 Fv’brium
3193 5517 3228 5552 a
3257 5502 3614 5556 Constantino
3643 5522 3744 5559 mo-

476 5584 737 5639 Ecclesiae
781 5583 1195 5653 archiepiscopo
1235 5584 1596 5654 nuncupavit,
1638 5593 1840 5638 caetera
1877 5587 2067 5641 omnia
2150 5591 2621 5644 nachotranslati.
2643 5589 2856 5644 Ibidem
2873 5588 3060 5644 codice
3085 5587 3243 5645 2753.
3277 5589 3338 5643 in
3367 5605 3498 5645 mss.
3523 5592 3742 5650 Thoma
