3944 6384
161 323 323 384 ·1561

709 336 1264 394 CONSTANTIN'US
1301 338 1536 396 OASIN.
1576 340 1903 397 MONACH.
1943 373 2015 387 --
2051 342 2350 400 NOTITIA
2385 343 2571 398 HIST.
2613 340 2702 396 ET
2739 339 2920 395 LITT.

3315 335 3454 397 1562

187 453 421 524 Bodleii,
457 476 631 532 supra
657 478 714 517 n.
744 461 800 530 2,
831 465 952 518 Art.
999 465 1190 520 codice
1224 464 1308 532 11,
1341 482 1504 524 num.
1541 465 1578 520 6
1599 443 2177 528 DiataACasinensis
2223 467 2498 522 monachi.
2546 463 2760 520 Ibidem
2801 463 2990 517 codice
3029 459 3152 528 956,
3203 463 3263 518 in
3293 479 3438 522 mss.

187 551 529 604 universales
577 556 625 604 et
673 555 1049 620 particulares
1089 571 1188 622 per
1224 558 1560 622 magistrum
1602 557 1774 610 Isaac.

186 637 357 692 Num.
390 643 422 694 7
442 639 692 709 ejusdem
713 643 1210 696 Liberurinarum.
1237 643 1404 697 Num.
1435 643 1486 707 8,
1515 645 1780 699 Constan-

186 729 300 780 tini
310 726 573 795 Africani
592 731 730 782 liber
765 731 839 783 De
868 731 1162 785 stomacho.
1195 731 1371 789 Num.
1395 731 1429 786 9
1447 733 1688 800 ejusdem
1716 732 1779 785 de

188 817 555 882 regendorum
584 833 862 872 canonum
883 823 1117 881 ratione,
1147 821 1282 874 liber
1299 821 1663 889 imperfectus.
1673 819 1781 874 Ibi-

187 902 316 958 dem
347 904 536 960 codice
563 903 726 974 6749,
755 905 815 960 in
841 923 974 960 mss.
1006 907 1405 974 Ashmolianis,
1430 909 1784 962 Constantini

186 994 624 1048 Introductiones
651 995 1114 1057 astronomicajn
1138 996 1469 1050 membrana
1481 995 1777 1068 1174,pag.

191 1081 536 1141 183.1bidem
564 1081 751 1136 codice
777 1081 936 1149 7529,
962 1083 1021 1138 in
1050 1100 1186 1138 mss.
1221 1085 1618 1150 Ashmolianis,
1649 1086 1781 1139 Con-

187 1175 426 1226 stantini
455 1173 592 1224 liber
613 1173 676 1225 de
705 1174 872 1237 coitu,
897 1171 957 1226 in
981 1173 1307 1227 membrana
1343 1173 1494 1239 1471,
1519 1191 1644 1245 pag.
1663 1171 1778 1230 173.

184 1258 244 1314 b.
274 1257 493 1314 Ibidem
525 1259 714 1314 codice
745 1257 900 1328 7781,
933 1259 1094 1328 7782,
1120 1263 1180 1317 in
1207 1280 1348 1321 mss.
1381 1263 1780 1330 Ashmolianis,

184 1350 342 1404 Isaac
370 1350 508 1402 liber
536 1351 798 1416 febrium,
825 1366 986 1418 quem
1015 1352 1411 1407 Constantinus
1429 1356 1494 1407 in
1519 1354 1782 1407 Latinum

187 1439 504 1492 transtulit.
537 1437 867 1492 Membrana
883 1437 1120 1506 in-folio,
1149 1439 1469 1496 1470.Liber
1485 1441 1782 1494 diatarum

181 1529 648 1594 particularium,
680 1526 739 1581 in
765 1527 1093 1582 membrana
1116 1527 1324 1582 ibidem
1349 1527 1406 1585 2.

257 1613 416 1670 Inter
431 1633 564 1670 mss.
583 1617 801 1670 codices
819 1617 1209 1672 Universitatis
1229 1618 1576 1674 Oxoniensis.
1595 1619 1782 1674 codice

189 1700 316 1772 686,
385 1706 444 1759 in
495 1720 630 1759 mss.
681 1705 901 1776 collegii
964 1707 1336 1762 Mertoncnsis
1399 1709 1587 1762 codice
1651 1707 1774 1772 219,

1860 555 2140 611 codicibus
2155 555 2372 626 collegii
2396 550 2936 624 Cajo-Gonritensis.
2970 550 3028 605 in
3053 549 3211 605 libris
3240 553 3312 606 De
3334 569 3448 606 me-

1859 647 2048 699 dicina
2078 643 2276 698 Latine
2305 641 2630 713 compositis
2649 638 2838 692 codice
2865 637 2918 700 6,
2944 655 3100 693 num.
3118 641 3138 691 1
3157 682 3170 704 ,
3204 641 3439 696 Viaticus

1859 735 1923 788 de
1951 734 2218 787 curandis
2238 734 2442 786 morbis
2462 743 2538 784 vn
2569 727 2729 784 libris
2750 728 2836 780 vel
2869 725 3122 798 partibus
3149 726 3450 783 concinna-

1861 829 1972 878 tus.
2007 822 2223 878 Ibidem
2255 823 2443 878 codice
2471 820 2596 887 962,
2629 823 2688 876 in
2730 821 2928 875 iisdem
2966 837 3099 874 mss.
3141 819 3330 874 codice
3363 817 3448 887 12,

1861 929 1998 967 num
2054 911 2106 978 3,
2139 914 2536 968 Constantinus
2574 911 2639 964 de
2684 911 2974 964 stomacho.
3018 906 3236 963 Ibidem
3265 907 3454 962 codice

1861 1001 1986 1068 976,
2016 1001 2076 1056 in
2107 1001 2305 1056 iisdem
2346 1017 2480 1056 mss.
2526 998 2828 1061 codicibus,
2869 997 3057 1053 codice
3083 995 3174 1064 26,
3203 1013 3360 1051 num.
3395 997 3450 1064 1,

1861 1093 1936 1146 De
1961 1093 2167 1146 morbis
2204 1097 2257 1144 et
2283 1105 2472 1145 eorum
2511 1089 2896 1144 curationibus
2922 1085 3052 1140 libri
3077 1101 3172 1150 vn,
3201 1102 3356 1140 num.
3391 1083 3446 1144 2.

1863 1182 2256 1236 Constantinus
2279 1181 2580 1248 Africanus
2599 1179 2804 1233 Montis
2815 1177 3126 1232 Casinensis
3149 1177 3213 1230 de
3241 1178 3452 1230 melan-

1861 1271 2060 1335 cholia,
2091 1285 2252 1326 num.
2277 1268 2310 1321 3
2354 1268 2612 1337 Ejusdem
2643 1267 2784 1320 liber
2801 1266 2865 1319 de
2887 1265 3190 1322 stomacho.
3211 1261 3450 1330 Num.4,

1863 1360 2104 1429 ejusdem
2133 1360 2272 1413 liber
2297 1359 2361 1412 de
2397 1359 2682 1412 oblivione.
2715 1355 2884 1409 Num.
2919 1353 2970 1416 5,
3001 1355 3158 1408 Liber
3187 1355 3452 1421 magistri

1863 1449 2216 1504 Constantini
2228 1448 2490 1514 Africani
2507 1447 2570 1500 de
2597 1444 2944 1499 coitu.Num.
2972 1442 3027 1499 6.
3047 1442 3205 1496 Alius
3222 1441 3364 1496 liber
3379 1441 3450 1496 de

1861 1534 2390 1606 eodem,prasertim
2413 1536 2475 1586 de
2501 1535 2848 1587 delectatione
2867 1534 3209 1586 animalium
3220 1534 3284 1586 in
3303 1535 3450 1584 coitu

1861 1625 2029 1680 Num.
2051 1623 2105 1690 7,
2130 1625 2285 1680 Liber
2295 1624 2634 1688 elephantis.
2660 1620 2979 1684 Num.8,De
2994 1620 3154 1674 modo
3175 1621 3446 1674 medendi.

1861 1716 2032 1770 Num.
2051 1713 2510 1775 9,Constantinus
2539 1712 2741 1764 Montis
2762 1709 3074 1766 Casinensis
3091 1709 3154 1762 de
3173 1709 3451 1763 Febribus.

187 1793 253 1852 P.
282 1791 374 1862 22,
404 1794 529 1848 Art.
562 1810 718 1848 num.
752 1794 806 1860 3,
835 1796 1231 1851 Constantinus
1260 1798 1560 1864 Africanus
1589 1799 1652 1850 de
1679 1780 1844 1851 διο-Β
1865 1803 2078 1858 Ibidem
2123 1801 2314 1855 codice
2345 1797 2503 1860 1866,
2535 1799 2595 1854 in
2638 1815 2772 1852 mss.
2819 1797 3103 1852 codicibus
3139 1797 3340 1852 domus
3393 1796 3452 1852 S.

187 1883 404 1945 macho,
428 1883 493 1936 de
522 1884 908 1946 melancholia,
935 1889 1040 1938 etc.
1061 1883 1276 1938 Ibidem
1307 1884 1493 1940 codice
1511 1883 1637 1950 698,
1655 1881 1779 1952 699,

1865 1892 2037 1946 Petri.
2072 1890 2263 1944 codice
2291 1888 2419 1948 204.
2469 1904 2624 1942 num.
2664 1886 2711 1943 1.
2760 1888 3080 1954 Aphorismi
3109 1887 3456 1954 Hippocratis

189 1969 252 2026 in
279 1987 414 2025 mss.
445 1971 668 2040 collegii
703 1972 1072 2027 Mertonensis
1117 1973 1304 2028 codice
1347 1971 1472 2039 231,
1519 1975 1784 2027 Theo‘rica:
1864 1997 1991 2034 cum
2008 1977 3174 2044 cammentarioGaleni,e:cinterpretatione
3191 1974 3454 2028 Constan-

193 2063 472 2128 Pantegni
498 2061 851 2114 medicinalis
871 2063 1226 2117 Constantini
1251 2062 1516 2130 Africani
1543 2061 1702 2116 libris
1723 2079 1780 2116 x.
1868 2072 1980 2124 tim‘
2013 2067 2295 2135 Africani,
2324 2067 2524 2120 Montis
2545 2065 2860 2121 Casinensis
2877 2063 3152 2123 monachi,
3171 2063 3456 2117 medicina

193 2149 258 2204 P.
291 2147 415 2206 214.
430 2149 550 2202 Art.
579 2149 766 2204 codice
792 2147 918 2212 232,
953 2151 1306 2205 Constantini
1333 2153 1594 2220 Africani
1623 2152 1786 2205 Viati-
1861 2160 2050 2228 periti.
2085 2155 2300 2210 Ibidem
2321 2154 2510 2208 codice
2540 2150 2694 2220 1880,
2726 2153 2785 2208 iu
2813 2169 2946 2207 mss.
2971 2151 3218 2222 ejusdem
3250 2151 3455 2206 domus

193 2253 322 2291 cum
349 2253 476 2290 cum
500 2241 676 2304 classa
707 2237 930 2292 Geraldi
948 2239 1009 2293 Ρ.
1039 2239 1162 2293 ‘215.
1185 2239 1426 2294 Artium.
1461 2237 1676 2293 Ibidem
1697 2255 1786 2293 co-
1868 2247 1926 2302 s.
1975 2245 2126 2299 Petri
2155 2243 2344 2298 codice
2370 2240 2494 2307 218,
2524 2259 2681 2297 num.
2717 2242 2766 2309 1,
2811 2243 3076 2297 l’iaticum
3105 2241 3458 2296 Constantini

193 2325 318 2380 dice
340 2323 460 2386 722,
489 2325 549 2380 in
577 2341 712 2380 mss.
745 2327 963 2397 collegii
1000 2327 1390 2391 Mertonensis,
1425 2328 1612 2382 codice
1655 2327 1782 2392 255,
1867 2349 1994 2388 cum
2028 2333 2283 2400 glossulis
2314 2330 2560 2385 Gerardi.

194 2431 355 2470 num.
389 2414 440 2478 5,
461 2414 856 2470 Constantinus
886 2418 1192 2484 Africanus
1218 2418 1282 2470 de
1299 2419 1632 2484 aegritudine
1649 2422 1701 2470 et
1724 2418 1788 2470 de
1939 2419 2094 2474 Inter
2117 2435 2250 2476 mss.
2273 2419 2488 2472 codices
2517 2417 2876 2472 ecclesiarum
2905 2415 3117 2486 Anglia
3157 2414 3456 2470 cathedra-

193 2506 486 2559 anatomia
514 2505 804 2558 stomachi.
828 2505 890 2560 P.
914 2505 966 2558 4.
986 2503 1037 2559 6.
1062 2505 1182 2559 Art.
1208 2503 1422 2560 Ibidem
1448 2505 1636 2560 codice
1659 2502 1784 2569 907,
1869 2509 2008 2563 lium
2038 2514 2094 2562 et
2122 2507 2360 2562 aliarum
2407 2506 2708 2560 celebrium
2742 2505 3227 2569 bibliothecarum,
3267 2503 3456 2558 codice

196 2593 256 2647 in
287 2609 421 2650 mss.
470 2592 689 2663 collegii
735 2593 1041 2648 Orielensis
1081 2593 1271 2648 codice
1311 2595 1400 2659 55,
1434 2595 1788 2649 Constantini
1869 2597 1997 2667 235,
2021 2598 2078 2652 in
2112 2613 2243 2651 mss.
2275 2595 2554 2650 codicibus
2584 2595 2830 2649 ecclesia
2871 2593 3209 2648 cathedralis
3246 2593 3458 2648 Dunel-

193 2683 476 2750 Africani,
516 2685 718 2735 montis
738 2685 1054 2738 Casinensis
1081 2685 1640 2738 monachi.Medicina
1657 2699 1788 2752 pra-
1868 2688 2095 2747 mensis.
2131 2687 2320 2742 littera
2337 2685 2400 2751 C,
2421 2685 2610 2740 codice
2640 2682 2754 2748 I70,
2781 2686 3134 2740 Constantini
3165 2685 3454 2737 Viaticum.

195 2773 356 2824 ctica.
382 2769 599 2824 Ibidem
618 2771 806 2824 codice
841 2770 965 2835 914,
998 2771 1057 2826 in
1083 2789 1214 2826 mss.
1247 2771 1446 2826 iisdem
1476 2771 1667 2826 codice
1694 2769 1782 2837 62,
1875 2779 2160 2830 Tractatus
2187 2777 2250 2828 de
2273 2779 2416 2829 coitu
2445 2775 2840 2834 animaliuma
2869 2779 3078 2826 natura
3100 2773 3354 2826 instituto
3383 2772 3458 2825 ad

195 2859 836 2927 ConstantiniA/ricani,
857 2863 1058 2914 montis
1071 2862 1382 2916 Casinensis
1396 2861 1653 2915 monachi
1669 2862 1788 2915 Via-
1870 2867 2336 2920 conservationem
2365 2865 2666 2932 specierum
2718 2864 2782 2915 in
2811 2862 3132 2924 individuis,
3168 2875 3296 2930 pag.
3329 2857 3453 2916 107.

195 2951 391 3001 ticum.
439 2950 590 3002 Isaac
617 2949 857 3003 medicus
895 2949 962 3002 de
1009 2952 1217 3002 urinis.
1267 2950 1523 3017 Eiusdem
1561 2951 1698 3003 liber
1723 2949 1787 3002 de
1869 2956 1942 3008 De
1972 2956 2240 3008 memoria
2267 2958 2316 3006 et
2335 2968 2456 3006 eam
2473 2953 2806 3021 juvantibus
2832 2950 3139 3010 medicinis,
3171 2965 3298 3019 pag.
3326 2945 3452 3004 224.

191 3037 458 3104 febribus.
488 3036 745 3106 Ejusdem
777 3037 1101 3092 Diaetarium
1131 3039 1445 3092 universale
1475 3044 1525 3092 et
1539 3042 1788 3106 particu-
1815 3045 1942 3112 “De
1951 3045 2204 3112 passione
2226 3043 2394 3094 iliaca
2418 3046 2469 3094 et
2491 3042 2606 3107 ejus
2642 3040 2949 3100 curatione,
2977 3053 3104 3108 pag.
3123 3035 3246 3102 225,
3280 3035 3456 3090 iii-40.

201 3127 338 3178 lare.
364 3123 576 3179 Ibidem
600 3125 790 3178 codice
827 3123 978 3191 1131,
1003 3125 1060 3180 in
1099 3143 1232 3180 mss.
1272 3125 1555 3181 codicibus
1569 3127 1787 3198 collegii
1811 3123 2108 3194 “Ibidem,
2141 3129 2329 3183 codice
2349 3127 2476 3193 745,
2510 3127 2569 3182 in
2606 3143 2740 3181 mss.
2772 3124 3056 3180 codicibus
3087 3123 3332 3180 ecclesia
3360 3139 3456 3178 ca-

195 3213 360 3278 Novi,
391 3213 580 3267 codice
606 3212 732 3274 167,
762 3230 916 3268 num.
943 3213 994 3277 3,
1041 3217 1310 3268 Viaticum
1341 3217 1694 3270 Constantini
1723 3219 1786 3270 in
1867 3219 2140 3272 thedralis
2169 3216 2574 3288 Wigorniensis
2618 3215 2806 3270 codice
2845 3211 2931 3277 70,
2990 3215 3270 3276 Theorica,
3317 3213 3459 3267 Con-

193 3317 276 3356 vn
297 3303 457 3356 libris
483 3318 608 3356 cum
631 3303 1269 3358 adnotationibus.Liber
1291 3305 1444 3358 Isaac
1471 3305 1534 3357 de
1543 3305 1786 3370 febribus
1869 3311 2110 3361 stantini
2137 3309 2338 3361 Montis
2367 3307 2557 3361 Casini
2584 3303 2709 3358 libri
2741 3319 2794 3358 x.
2813 3301 3033 3358 Ibidem
3051 3301 3384 3368 codice.760,
3399 3299 3459 3354 in

192 3407 228 3446 a
249 3393 612 3448 Constantino
633 3394 942 3445 translatus
959 3392 1028 3445 ab
1057 3393 1294 3447 Arabica
1309 3397 1372 3447 in
1406 3395 1658 3449 Latinam
1681 3395 1788 3446 lin-
1869 3412 2002 3450 mss.
2030 3395 2310 3449 codicibus
2341 3395 2592 3465 ejusdem
2617 3393 2862 3448 ecclesia
2881 3390 3218 3447 cathedralis
3234 3389 3462 3460 Wigor-

192 3496 386 3550 guam.
418 3479 629 3534 Ibidem
659 3479 938 3534 codicibus
967 3479 1117 3540 17511.
1159 3481 1311 3548 1742,
1356 3483 1416 3536 in
1453 3499 1586 3536 mss.
1633 3481 1787 3536 codi-
1869 3484 2102 3540 niensis.
2146 3483 2334 3538 codice
2384 3483 2473 3550 85,
2493 3498 2647 3538 num.
2689 3479 2769 3538 ’10.
2823 3482 2960 3534 liber
3007 3479 3364 3534 Constantini
3395 3478 3460 3532 de

194 3568 353 3623 cibus
391 3568 610 3638 collegii
643 3569 698 3622 S.
723 3569 954 3624 Joannis
988 3571 1318 3640 Baptistain
1350 3573 1534 3626 Abaco
1547 3573 1789 3627 secundo
1870 3575 2112 3642 febribus
2161 3573 2332 3628 Num.
2379 3571 2461 3628 11.
2499 3574 2634 3625 liber
2662 3573 2970 3624 urinarum
3003 3571 3158 3622 Isaac
3183 3569 3253 3621 ab
3281 3567 3461 3620 eodem

191 3661 262 3714 A.
295 3655 482 3710 codice
507 3655 560 3719 3,
598 3655 958 3712 Constantino
993 3660 1256 3726 Africani
1287 3663 1422 3714 liber
1448 3661 1794 3727 medicus,di-
1875 3666 2198 3715 translatus.
2225 3660 2462 3722 Ibidem,
2482 3657 2802 3714 codice883.
2819 3659 2877 3712 in
2905 3673 3037 3710 mss.
3058 3656 3342 3710 codicibus
3369 3655 3462 3708 in-

192 3751 315 3800 ctus
345 3748 678 3812 Pantegnus.
713 3746 915 3800 Codice
940 3745 973 3802 4
1004 3747 1151 3800 idem
1177 3747 1234 3801 in
1265 3749 1406 3802 duas
1439 3756 1628 3820 partes
1657 3749 1792 3803 divi—
1871 3749 1930 3806 4ο
1948 3750 2066 3804 illic
2093 3748 2474 3812 existentibus,
2503 3749 2691 3802 codice
2712 3745 2798 3806 39.
2833 3748 3088 3801 Theorica
3109 3746 3463 3799 Constantini

193 3850 314 3888 sus.
345 3832 562 3888 Ibidem
589 3834 776 3888 codice
799 3833 959 3894 2192,
993 3835 1053 3888 in
1084 3853 1214 3890 mss.
1247 3837 1466 3907 collegii
1508 3838 1565 3892 S.
1599 3838 1789 3892 Maria
1870 3840 2069 3893 Montis
2093 3839 2423 3893 Casinensis.
2457 3835 2888 3891 Ibidem.codice
2918 3831 3041 3896 885,
3078 3833 3138 3887 in
3159 3849 3290 3886 mss.
3315 3831 3464 3886 codi-

193 3923 541 3994 Magdalena
553 3923 740 3976 codice
771 3922 858 3988 51,
883 3925 1277 3978 Constantinus
1295 3925 1792 3994 Africanus.Liber
1873 3925 2028 3980 cibus
2043 3923 2185 3978 in-4°
2209 3925 2461 3996 ejusdem
2483 3925 2727 3979 ecclesia
2747 3921 3084 3978 cathedralis
3103 3919 3464 3991 Wigornien-

195 4026 435 4066 excusus
466 4009 699 4064 Basilea
736 4009 870 4066 1539
901 4011 1049 4064 hunc
1071 4011 1298 4066 titulum
1328 4013 1516 4080 habet,
1551 4016 1623 4068 De
1653 4029 1794 4068 com-
1876 4015 1972 4075 sis,
2017 4013 2205 4068 codice
2247 4010 2338 4076 41,
2382 4014 2652 4066 Vialicum
2687 4013 3039 4068 Constantini
3066 4012 3129 4063 de
3172 4008 3377 4062 morbis
3413 4011 3464 4062 et

193 4101 460 4154 munibus
481 4099 686 4153 medico
707 4101 928 4166 cognitu
956 4105 1276 4156 necessariis
1330 4105 1478 4156 locis.
1511 4103 1626 4156 lllic
1653 4119 1789 4156 con-
1873 4105 2156 4158 curatione
2185 4117 2377 4156 eorum
2405 4101 2560 4154 libris
2596 4115 2694 4157 vn.
2739 4103 2892 4154 Liber
2918 4103 3246 4154 urinarum.
3285 4099 3466 4152 Diaeta

195 4188 453 4244 tinentur
485 4189 830 4242 Pantechnon
847 4187 962 4242 sive
989 4190 1266 4244 Theorica.
1290 4191 1792 4260 Enumeratiopar-
1871 4193 2148 4260 generales
2183 4191 2352 4244 Isaac.
2391 4188 2629 4251 Ibidem,
2661 4189 2852 4243 codice
2893 4185 3051 4253 3088,
3090 4187 3148 4240 in
3196 4203 3330 4240 mss.
3365 4201 3468 4240 co-

197 4280 342 4332 tium
371 4278 614 4344 corporis
643 4277 884 4329 humani
919 4279 1686 4346 etymologica-practica,sive
1715 4284 1790 4336 De
1873 4279 2086 4334 dicibus
2117 4277 2483 4333 Norfalciana
2530 4277 2894 4340 bibliotheca,
2931 4276 3120 4330 codice
3155 4272 3270 4341 189,
3305 4291 3460 4329 num.

195 4367 468 4433 regimine
496 4366 898 4428 sanitatis,una
923 4383 1050 4420 cum
1081 4369 1220 4420 libro
1247 4368 1320 4421 De
1349 4369 1616 4422 divisione
1645 4386 1791 4424 cura
1875 4367 1927 4434 3,
1954 4371 2104 4423 Isaac
2132 4369 2200 4422 De
2229 4368 2415 4420 urinis
2443 4383 2478 4420 a
2508 4367 2866 4419 Constantino
2913 4369 3220 4420 translatus
3263 4367 3326 4418 in
3356 4366 3466 4418 lin-

194 4454 620 4522 agritndinum.
653 4451 868 4506 Ibidem
892 4454 1080 4508 codice
1102 4453 1262 4517 2198,
1291 4457 1352 4510 in
1371 4473 1505 4510 mss.
1539 4453 1856 4528 ejusdemD
1873 4475 2043 4526 guam
2083 4459 2388 4523 vulgarem.
2429 4453 2666 4509 Ibidem.
2699 4454 2887 4508 codice
2917 4451 3076 4514 3238,
3116 4453 3177 4506 in
3207 4469 3338 4507 mss.
3371 4469 3466 4507 co-

196 4541 420 4612 collegii
447 4541 636 4594 codice
660 4539 744 4604 57,
781 4558 936 4596 num.
966 4543 1018 4607 5,
1056 4544 1452 4599 Constantinus
1489 4549 1792 4613 Africanus
1876 4545 2092 4600 dicibus
2116 4545 2364 4616 ejusdem
2395 4543 2744 4596 bibliOtheca
2772 4542 2962 4596 codice
2983 4541 3470 4608 339,Constantini

195 4633 262 4686 de
293 4632 679 4684 metancholia.
713 4629 926 4684 Ibidem
955 4632 1145 4686 codice
1182 4631 1344 4700 2314,
1383 4634 1444 4687 in
1477 4651 1612 4688 mss.
1647 4636 1793 4706 ejus-
1877 4637 2074 4688 medici
2118 4637 2399 4688 Viaticum.
2431 4631 3128 4702 Principium,Capitlusea:
3147 4633 3322 4698 fumo,
3357 4635 3464 4686 etc.

195 4720 324 4774 dem
357 4717 574 4788 collegii
613 4719 802 4773 codice
845 4718 960 4786 173,
995 4725 1264 4776 tractatus
1304 4724 1367 4776 de
1396 4726 1604 4788 urinis,
1634 4726 1697 4776 de
1717 4727 1794 4791 fe-
1875 4722 2113 4786 Ibidem,
2147 4722 2334 4776 codice
2379 4716 2537 4786 3633,
2580 4719 2640 4772 in
2687 4735 2821 4772 mss.
2855 4719 3142 4774 codicibus
3182 4719 3468 4774 Francisci

197 4809 408 4873 bribus,
443 4809 838 4860 Constantinus
866 4811 929 4862 de
961 4814 1150 4876 oculis,
1181 4813 1245 4865 de
1269 4815 1656 4868 melancholia.
1687 4813 1794 4868 lbi-
1878 4811 2164 4870 Bernardi.
2199 4810 2386 4864 codice
2409 4805 2496 4872 64,
2529 4824 2682 4862 num.
2724 4805 2802 4871 12,
2832 4808 3187 4862 Constantini
3213 4810 3466 4862 Practica

195 4897 328 4952 dem
355 4894 638 4950 codicibus
669 4894 829 4961 2315,
859 4894 1019 4963 2316,
1051 4899 1110 4952 in
1141 4917 1273 4954 mss.
1295 4901 1546 4971 ejusdem
1569 4903 1790 4973 collegii
1871 4903 1936 4954 de
1961 4902 2166 4955 morbis
2189 4901 2457 4954 curandis
2489 4898 2789 4952 secundum
2817 4897 3054 4950 diversos
3078 4899 3318 4952 doctores
3355 4896 3468 4952 Ibi-

195 4986 255 5042 S.
281 4984 472 5040 Maria
505 4983 841 5054 Magdalena
869 4985 1058 5040 codice
1095 4985 1192 5044 174
1223 4991 1404 5044 Diale:
1451 4994 1789 5045 universales
1871 4990 2025 5057 dem,
2056 4989 2245 5042 codice
2267 4985 2430 5054 6410,
2465 4987 2524 5040 in
2553 5003 2687 5041 mss.
2721 4984 3003 5040 codicibus
3025 4985 3214 5040 Caroli
3227 4985 3468 5059 Theyeri

194 5079 246 5130 et
271 5075 644 5144 particulares
669 5075 866 5128 lsaaci.
899 5074 1101 5130 Codice
1134 5075 1254 5144 175,
1277 5080 1536 5147 Ejusdem
1563 5082 1702 5134 liber
1727 5081 1791 5134 de
1871 5077 2060 5132 codice
2085 5077 2175 5135 40.
2215 5078 2452 5130 Viaticus
2491 5077 2858 5137 Constantini,
2894 5079 2943 5128 el
2972 5076 3129 5130 Isaac
3153 5075 3216 5128 de
3251 5078 3460 5130 urinis.

195 5163 440 5232 febribus
481 5178 516 5215 a
563 5161 923 5218 Constantino
970 5170 1298 5221 translatus.
1347 5169 1421 5222 De
1468 5171 1678 5230 urinis,
1727 5169 1790 5222 de
1873 5165 2320 5230 Ibidem,codice
2339 5163 2575 5227 6441,in
2596 5163 3468 5236 mss.codicibusCaroliTheyeri

197 5255 506 5308 elementis.
1873 5255 2124 5324 ejusdem
2153 5253 2340 5307 codice
2362 5250 2450 5315 71,
2475 5256 2899 5308 Antidotarium
2935 5254 3308 5308 Constantini.
3347 5251 3466 5306 Ibi-

269 5344 426 5399 Inter
445 5361 578 5400 mss.
607 5345 824 5400 codices
854 5344 1247 5400 Universitatis
1287 5343 1788 5416 Cantabrigiensis,
1873 5345 2021 5406 dem,
2045 5343 2231 5396 codice
2253 5341 2410 5407 6605,
2433 5342 2492 5396 in
2523 5359 2656 5397 mss.
2687 5341 2966 5397 codicibus
3003 5340 3254 5412 ejusdem
3276 5341 3464 5395 Caroli

195 5433 385 5488 codice
424 5433 550 5501 392,
581 5435 638 5488 in
670 5451 799 5489 mss.
828 5435 1108 5488 codicibus
1139 5433 1357 5504 collegii
1407 5436 1460 5490 S.
1501 5436 1790 5490 Trinitatis
1873 5434 2026 5503 They
2053 5433 2112 5485 ~ri
2140 5431 2327 5485 codice
2342 5429 3061 5500 235,11um.1,Pantegnum
3091 5431 3464 5485 Constantini.

196 5521 256 5578 in
277 5529 436 5592 parte
469 5523 818 5578 bibliotheca
847 5524 1102 5576 australi.
1129 5523 1324 5578 classis
1349 5522 1438 5589 23,
1472 5525 1616 5577 serie
1662 5525 1790 5578 infi-
1873 5522 2110 5583 Ibidem,
2171 5520 2360 5574 codice
2388 5517 2546 5583 7671,
2600 5521 2658 5573 in
2706 5537 2837 5574 mss.
2895 5519 3172 5575 codicibus
3232 5517 3463 5573 Roberti

202 5628 315 5679 ma,
349 5611 538 5666 codice
567 5615 618 5680 3,
655 5629 812 5668 num.
841 5623 893 5683 4,
925 5615 1083 5666 Liber
1109 5613 1400 5668 Graduum
1438 5614 1792 5670 Constantini
1873 5611 2242 5682 Burscough.,
2295 5609 2485 5664 codice
2531 5607 2618 5675 52,
2663 5625 2823 5664 num.
2862 5612 2918 5678 8,
2957 5611 3119 5665 Liber
3157 5613 3466 5665 urinarum
