3944 6368
478 320 614 380 1567

1676 315 2112 373 GARDINALIS
2147 309 2554 369 DEUSDEDIT

3606 290 3754 350 1568

471 445 816 502 Athanasius
846 446 1139 517 episcopus
1169 443 1577 499 Alexandrinus
1596 442 1788 497 scribit
1811 443 1869 496 Β.
1894 440 2062 496 Felici
2079 440 2133 500 A
2151 440 2346 500 locavi,
2377 436 2510 508 quia
2539 447 2678 505 pene
2706 444 2901 484 omnes
2926 427 3050 481 alia:
3073 425 3227 517 bina,
3257 423 3382 477 alia:
3404 422 3568 493 plura
3592 420 3654 473 in
3684 431 3755 473 se

471 542 656 607 papae)
685 552 797 589 non
834 535 1039 588 debere
1069 533 1278 603 absque
1323 532 1561 587 Romani
1616 531 1893 602 pontiﬁcis
1939 547 2065 584 sen-

471 625 654 679 tentia
681 624 917 678 concilia
940 622 1229 679 celebrari.
1259 639 1362 675 nec
1391 623 1677 692 episcopos
1704 620 1984 680 damnari,
2012 625 2069 672 et

475 715 669 768 omnia
689 714 905 782 majora
930 712 1155 781 negotia
1185 711 1252 763 ad
1285 711 1533 780 ejusdem
1559 710 1833 780 judicium
1864 708 2069 762 debere

473 801 699 856 deferri.
728 801 835 855 Sed
860 806 918 854 et
945 799 1271 853 Sardicense
1295 798 1612 859 concilium,
1646 796 1792 867 quod
1824 793 1926 851 300
1956 796 2069 866 epi-

475 906 671 960 scopos
716 887 913 942 habuit
960 893 1103 941 teste
1132 886 1433 940 universali
1463 885 1697 955 synodo,
1739 901 1861 954 qua:
1890 900 1923 936 a
1953 883 2071 937 suis

472 976 853 1032 conditoribus
882 982 1075 1030 octava
1100 975 1325 1038 dicitur,
1348 974 1592 1044 capitulo
1612 973 1665 1035 3,
1691 979 1748 1027 et
1768 976 1818 1035 li,
1840 978 1897 1027 et
1923 974 2060 1036 (Cor.

467 1079 544 1120 vn
586 1071 635 1119 et
673 1072 726 1131 κ)
755 1065 806 1128 6,
836 1071 893 1119 et
917 1063 971 1131 9,
1003 1064 1198 1119 eadem
1241 1064 1459 1118 statuit.
1493 1069 1550 1116 et
1578 1063 1657 1116 ita
1690 1062 1839 1116 inter
1867 1068 2067 1116 caetera

469 1154 531 1209 B.
553 1171 711 1226 papae
730 1154 877 1209 Julio
891 1154 1138 1224 scripsit:
1165 1155 1445 1221 Optimum
1462 1158 1508 1205 et
1525 1152 1679 1205 valde
1693 1154 2067 1218 congruentis-

467 1246 679 1298 simum
699 1260 804 1297 esse
833 1244 1127 1304 videbitur,
1157 1245 1207 1295 si
1235 1244 1309 1295 ad
1336 1245 1519 1308 caput,
1542 1241 1603 1294 id
1629 1246 1703 1293 est
1723 1240 1795 1292 ad
1827 1242 1882 1293 Β.
1917 1242 2067 1293 Petri

467 1334 702 1402 apostoli
710 1334 886 1385 sedem
896 1333 959 1385 de
968 1333 1207 1399 singulis
1219 1331 1519 1397 quibusque
1530 1330 1831 1396 provinciis
1844 1330 2069 1382 Domini

467 1422 717 1488 referant
746 1421 1062 1473 sacerdotes.
1088 1418 1230 1472 Huic
1256 1423 1424 1471 etiam
1450 1422 1582 1470 ante
1609 1415 1763 1469 illam
1790 1416 2066 1486 synodum

465 1512 693 1563 tantum
724 1507 1047 1561 reverentiae
1071 1507 1141 1560 ab
1170 1507 1415 1576 antiquis
1444 1504 1704 1558 Patribus
1732 1504 1938 1573 legitur
1968 1503 2069 1555 im-

468 1614 707 1670 pensum
749 1597 940 1658 fuisse,
974 1601 1039 1650 ut
1082 1596 1176 1648 ille
1214 1595 1450 1663 insignis
1481 1600 1693 1663 martyr
1731 1593 2063 1662 Cyprianus,

468 1686 746 1741 Africanae
772 1685 1067 1756 provinciae
1095 1683 1326 1754 primas,
1348 1684 1568 1752 legatur
1595 1682 1651 1733 in
1677 1680 1794 1733 suis
1819 1679 2068 1750 epistolis

2149 527 2373 598 negotia
2397 525 2715 584 continent;
2746 529 2803 573 et
2830 519 2878 572 si
2907 516 3213 571 secundum
3244 527 3541 566 numerum
3568 525 3751 578 nego-

2150 597 2355 671 tiorum
2384 616 2453 668 de
2478 613 2679 684 quibus
2707 614 2885 678 agunt
2907 605 3223 673 acciperent
3248 602 3570 659 sectionem,
3604 597 3752 651 mihi

2149 706 2396 759 laborem
2430 701 2754 774 plurimum.
2785 702 2843 750 et
2871 692 3189 749 auctoritati
3210 690 3473 743 afferrent
3502 688 3750 755 deroga-

2152 796 2359 849 tionem
2382 808 2395 842 :
2422 792 2658 860 ideoque
2681 802 2878 841 moneo
2898 783 3245 853 scriptorem,
3270 795 3340 832 ne
3371 780 3544 830 lector
3565 774 3753 845 gravi-

2150 891 2240 938 ter
2258 881 2591 943 oﬁendatur,
2616 882 2679 931 ut
2696 892 2807 929 non
2825 874 3003 928 solum
3025 872 3083 924 in
3105 867 3493 923 emendatione
3513 863 3745 924 codicis,

2152 988 2344 1027 verum
2375 970 2544 1023 etiam
2575 967 2634 1020 in
2662 964 2915 1034 utrisque
2936 958 3186 1017 numeris
3215 963 3367 1010 recte
3389 972 3448 1008 se
3473 952 3750 1006 habendis

2150 1070 2207 1118 et
2234 1059 2551 1116 cautissime
2577 1053 2941 1110 emendandis
2961 1047 3309 1119 diligentiam
3332 1044 3614 1107 adhibeat,
3638 1042 3752 1095 sci-

2148 1153 2279 1206 licet
2301 1153 2359 1204 in
2379 1167 2444 1203 eo
2465 1149 2562 1220 qui
2590 1144 2910 1216 suppositus
2931 1149 3017 1195 est
3041 1137 3355 1210 quibusque
3378 1132 3656 1203 capitulis,
3684 1137 3751 1186 et

2148 1242 2282 1295 item
2309 1240 2367 1293 in
2397 1256 2462 1293 eo
2510 1236 2606 1308 qui
2633 1251 2733 1306 per
2764 1238 2947 1287 totum
2997 1228 3242 1283 codicem
3287 1222 3618 1295 praepositus
3657 1224 3751 1274 est

2149 1330 2382 1399 singulis
2410 1323 2889 1381 deﬂorationibus.

2219 1420 2393 1473 Porro
2422 1417 2468 1470 si
2499 1431 2609 1486 qua
2650 1413 2740 1466 hic
2769 1412 2996 1473 inserta,
3030 1405 3178 1478 quod
3216 1403 3382 1457 etiam
3411 1400 3471 1454 in
3499 1414 3746 1467 evange-

2150 1508 2294 1562 listis
2339 1521 2484 1575 saepe
2530 1501 2822 1570 contingit,
2864 1497 2969 1551 sibi
3012 1495 3245 1548 invicem
3275 1487 3559 1543 contraria
3586 1486 3747 1539 vide-

2150 1573 2775 1650 humum—discretione
2822 1584 3072 1640 adhibita
3117 1581 3276 1634 facile
3320 1575 3551 1647 patebit,
3593 1573 3747 1643 quod

2151 1701 2331 1754 neque
2362 1682 2486 1745 sibi,
2512 1697 2614 1734 nec
2644 1684 2799 1731 extra
2820 1674 3016 1745 positis
3041 1667 3333 1738 scripturis
3353 1664 3745 1718 adversentur.

468 1775 924 1851 presbyterorum
947 1779 1004 1826 et
1031 1773 1392 1825 diaconorum
1427 1771 1734 1824 Romanam
1763 1768 2063 1822 Ecclesiam
2086 1794 2130 1853 Β
2151 1752 2306 1836 Quod
2332 1772 2375 1824 si
2399 1776 2654 1841 patenter
2674 1762 2956 1819 adversari
2972 1757 3284 1828 contigerit.
3307 1752 3539 1806 inferior
3558 1756 3751 1803 aucto-

470 1872 599 1935 post
612 1862 943 1934 martyrium
958 1861 1186 1915 Fabiani
1201 1860 1633 1930 gubernantium
1649 1859 1874 1911 statutis
1888 1857 2065 1910 humi-

470 1952 604 2007 liter
623 1951 895 2022 paruisse,
919 1957 975 2004 et
1002 1967 1194 2004 eorum
1226 1965 1348 2019 quae
1369 1948 1516 2019 apud
1543 1945 1701 2000 suam
1730 1946 2068 2016 provinciam

470 2045 830 2110 gerebantur,
851 2040 1078 2093 directis
1094 2040 1164 2092 ad
1186 2055 1280 2091 eos
1304 2038 1573 2107 epistolis.
1597 2037 1866 2089 rationem
1890 2036 2070 2089 reddi-

473 2128 643 2183 disse.
668 2129 814 2193 Quin
841 2129 1010 2183 etiam
1032 2128 1181 2181 idem
1203 2128 1385 2180 clerus
1411 2126 1615 2195 legitur
1641 2126 1699 2178 in
1730 2124 1978 2195 epistolis
1999 2124 2069 2177 ad

475 2219 736 2272 eumdem
761 2218 1105 2289 Cyprianum
1127 2216 1332 2279 missis,
1356 2222 1413 2268 et
1440 2215 1508 2268 ad
1534 2214 1800 2273 Siciliam,
1827 2220 1882 2266 et
1901 2214 1970 2266 ad
1992 2213 2072 2265 di-

470 2322 663 2360 versas
693 2312 879 2377 partes
910 2305 1176 2375 epistolas
1205 2305 1494 2367 direxisse,
1523 2309 1581 2355 et
1608 2303 1854 2355 nondum
1887 2302 2072 2371 praesi-

474 2394 644 2448 dente
656 2395 915 2449 Cornelio
938 2411 1038 2465 pro
1054 2392 1481 2447 imminentibus
1500 2398 1635 2445 tunc
1650 2391 1888 2460 negotiis
1902 2391 2072 2444 etiam

474 2483 548 2536 ad
587 2483 979 2536 celebrandam
1025 2483 1215 2536 Romae
1244 2481 1522 2552 synodum
1556 2481 1845 2550 episcopos
1871 2495 2073 2533 convo-

476 2588 634 2626 casse
644 2613 655 2624 .

550 2660 685 2723 Quae
713 2676 840 2714 cum
884 2659 965 2713 ita
1012 2658 1143 2722 sint,
1178 2658 1314 2711 satis
1353 2657 1584 2727 impium
1629 2656 1849 2709 videtur
1877 2671 2073 2725 quem-

474 2749 614 2803 libet
658 2749 753 2819 qui
785 2749 1103 2802 Christiano
1149 2747 1377 2801 nomine
1422 2746 1713 2816 glorietur,
1745 2744 2076 2798 Christianis

474 2837 825 2909 temporibus
855 2838 1120 2891 Romanae
1150 2836 1408 2890 Ecclesiae
1456 2834 1682 2887 monitis
1710 2849 1821 2887 non
1851 2832 2076 2903 acquie-

477 2944 654 2989 scere,
687 2944 815 2982 cum
844 2926 948 2981 sub
977 2925 1380 2997 persecutionis
1420 2924 1751 2978 crudelitate
1777 2923 1893 2975 Deo
1922 2922 2077 2991 digni

475 3018 769 3089 pontiﬁces
796 3022 913 3070 tam
944 3016 1141 3069 devote
1166 3013 1458 3085 paruerint
1500 3013 1670 3066 etiam
1698 3011 1830 3064 dum
1861 3016 2079 3064 careret

474 3107 756 3179 pontiﬁce.
799 3104 1072 3159 Arbitrati
1117 3103 1321 3174 quippe
1356 3108 1489 3156 sunt
1523 3101 1719 3154 Patres
1748 3100 1948 3170 spiritu
1978 3099 2076 3153 Dei

472 3197 645 3267 pleni,
670 3195 863 3250 beatos
892 3194 1175 3264 apostolos
1206 3193 1435 3246 Petrum
1457 3198 1514 3245 et
1535 3191 1770 3245 Paulum
1791 3191 1849 3244 in
1868 3208 1935 3244 ea
1955 3206 2075 3243 ma-

468 3285 690 3356 gniﬁcis
720 3283 936 3337 meritis
966 3283 1149 3335 vivere
1187 3286 1245 3334 et
1285 3297 1541 3351 praeesse,
1572 3280 1874 3349 ﬁdemque,
1907 3296 2075 3350 quam

472 3378 545 3431 ab
575 3376 785 3430 eisdem
824 3375 1088 3445 suscepit,
1132 3390 1254 3444 quae
1283 3374 1340 3426 in
1372 3380 1490 3427 toto
1522 3373 1749 3433 mundo,
1788 3372 1981 3425 eodem
2008 3372 2069 3424 B.

472 3466 654 3521 Paulo
674 3468 997 3527 attestante,
1014 3461 1347 3515 annuntiata
1369 3467 1454 3514 est
1469 3465 1525 3514 et
1540 3460 1785 3523 laudata,
1805 3459 1863 3511 in
1879 3458 2076 3511 eadem

471 3569 651 3623 usque
670 3552 728 3605 in
747 3552 949 3606 saecula
967 3568 1080 3605 non
1104 3551 1367 3615 deﬁcere;
1400 3550 1495 3603 sed
1530 3555 1592 3601 ut
1619 3548 1797 3602 eidem
1823 3547 1884 3599 B.
1910 3547 2075 3599 Petro

475 3641 815 3712 imperatum
863 3640 1063 3703 fuerat,
1101 3655 1501 3709 usquequaque
1543 3638 1752 3707 positos
1788 3635 1989 3688 fratres
2019 3635 2076 3688 in

477 3730 672 3785 eadem
704 3730 812 3783 ﬁde
839 3730 1191 3782 conﬁrrnare.
1232 3728 1359 3780 Haec
1388 3726 1490 3780 etsi
1521 3726 1802 3780 interdum
1834 3724 2079 3777 adversis

474 3819 670 3873 mundi
690 3818 914 3872 flatibus
935 3817 1291 3889 opprimitur,
1316 3815 1529 3868 meritis
1550 3820 1738 3867 tamen
1761 3811 2075 3883 principum

472 3908 874 3980 apostolorum,
908 3908 1002 3978 qui
1038 3908 1094 3960 in
1125 3923 1191 3960 ea
1220 3912 1277 3959 et
1304 3906 1497 3958 vivunt
1523 3908 1580 3955 et
1617 3902 1933 3972 praesident,
1967 3917 2075 3954 non

472 3997 748 4051 obruitur.
783 3996 1058 4061 Quoniam
1089 3995 1192 4049 etsi
1240 3993 1544 4064 aliquando
1592 3993 1661 4045 ad
1691 3991 2078 4062 probationem

452 4096 650 4158 spartae
695 4086 857 4140 inferi
905 4085 1171 4139 adversus
1197 4100 1323 4137 eam
1351 4082 1557 4147 valent,
1586 4088 1777 4135 tamen
1804 4081 1937 4134 Jesu
1969 4081 2078 4132 Do-

474 4176 630 4229 mino
659 4181 857 4229 orante
888 4190 989 4245 pro
1035 4173 1143 4226 ﬁde
1190 4172 1343 4227 Petri
1382 4188 1451 4225 ne
1482 4171 1726 4234 deﬁciat,
1759 4170 2079 4223 nullatenus

474 4264 797 4335 pmvalent.
814 4261 1013 4332 Itaque
1030 4278 1131 4332 ego
1148 4260 1497 4315 auctoritatis
1514 4261 1690 4331 ipsius
1703 4258 2076 4330 privilegium,

2150 1863 2288 1915 ritas
2304 1836 2506 1932 pmiori
2527 1859 2723 1911 cedere
2743 1852 2984 1907 debebit.
3000 1851 3197 1918 Itaque
3219 1844 3459 1932 primum
3477 1836 3748 1932 defloravi

2152 1926 2386 2022 quaeq-ue
2398 1949 2610 2017 optima
2627 1946 2695 1998 de
2714 1940 3044 2013 quibusdam
3064 1931 3473 1990 universalibus
3488 1926 3746 1998 synodis,

2153 2016 2209 2093 id
2231 2016 2316 2093 est
2344 2016 2587 2093 Nicaena,
2613 2032 2893 2103 Ephesina
2917 2027 3119 2099 prima,
3135 2016 3571 2076 Chalcedonensi
3593 2022 3649 2068 et
3667 2028 3746 2079 v1,

2153 2136 2211 2182 et
2239 2142 2337 2193 VII,
2373 2132 2429 2179 et
2458 2139 2570 2185 vm,
2594 2139 2715 2193 quae
2746 2119 2949 2190 partim
2979 2133 3010 2169 a
3034 2122 3291 2185 quatuor.
3317 2103 3749 2174 siveaquinque

2153 2215 2505 2287 patriarchis,
2543 2212 2612 2265 ab
2655 2225 2847 2264 eorum
2891 2204 3096 2277 partim
3135 2197 3355 2252 vicariis
3382 2194 3484 2248 sub
3512 2190 3750 2245 diversis

2153 2285 2500 2376 temporibus
2524 2297 2915 2356 universaliter
2932 2292 3211 2347 celebrata
3223 2288 3395 2341 fuisse
3413 2285 3745 2337 noscuntur.

2154 2397 2234 2449 De
2264 2409 2501 2464 quarum
2530 2389 2884 2447 auctoritate,
2906 2383 3015 2437 nisi
3045 2380 3138 2451 qui
3169 2375 3432 2437 insaniat,
3460 2387 3624 2425 nemo
3647 2369 3749 2422 du-

2154 2461 2314 2537 bitat.
2348 2483 2455 2537 Sed
2487 2488 2543 2534 et
2567 2482 2636 2534 de
2666 2475 2897 2546 reliquis
2935 2469 3183 2526 conciliis
3220 2461 3602 2521 Orientalibus
3632 2474 3750 2511 non

2157 2574 2255 2627 abs
2282 2591 2342 2627 re
2363 2570 2551 2642 putavi
2577 2585 2700 2639 qua:
2720 2580 2966 2634 congrua
2988 2561 3105 2615 visa
3120 2564 3252 2612 sunt
3271 2561 3552 2609 mutuare.
3572 2566 3606 2602 a
3628 2548 3751 2619 qui-

2156 2663 2261 2716 bus
2289 2638 2539 2715 videbam
2570 2638 2852 2712 Eomanos
2893 2651 3184 2724 pontiﬁces
3223 2646 3283 2699 in
3326 2642 3442 2697 suis
3471 2638 3750 2696 constitu-

2157 2750 2422 2813 tionibus,
2448 2747 2596 2818 quod
2624 2753 2680 2799 et
2711 2742 2966 2797 curiosus
2997 2740 3169 2791 lector
3196 2728 3617 2803 deprehendere
3647 2742 3750 2795 p0—

2156 2841 2308 2905 terit,
2330 2838 2721 2892 auctoritatem
2746 2831 3042 2899 accepisse.
3065 2828 3343 2881 Praeterea
3370 2818 3626 2890 quadam
3656 2832 3752 2905 as:

2159 2903 2374 2998 sumpsi
2402 2928 2471 2981 de
2501 2920 2930 2992 Carthaginensi
2959 2916 3191 2989 synodo,
3225 2927 3348 2983 qua:
3388 2924 3424 2960 a
3447 2906 3643 2998 2llﬁ_et
3689 2903 3749 2998 l'l

2160 2994 2432 3088 episcOpis
2456 3014 2558 3069 sub
2591 3029 2734 3084 papa
2762 3011 2979 3064 Zosimo
3009 3011 3135 3059 acta
3163 3008 3266 3065 est,
3298 2994 3665 3088 praesentibus
3693 2997 3755 3046 et

2160 3086 2578 3177 ipsiusilegatis
2624 3100 2893 3155 Faustino
2941 3095 3218 3166 episcopo,
3263 3094 3320 3144 et
3366 3086 3644 3177 Philippo,
3694 3087 3755 3137 et

2157 3174 2343 3248 Alsello
2375 3190 2730 3264 presbyteris,
2762 3189 2820 3241 in
2848 3203 2959 3257 qua
2996 3184 3201 3237 eisdem
3233 3174 3600 3250 praesentibus
3624 3188 3755 3225 con-

2159 3285 2385 3337 ﬁrmata
2412 3290 2546 3335 sunt
2569 3286 2627 3333 et
2650 3279 2863 3332 inserta
2886 3274 3065 3328 eidem
3090 3268 3323 3342 synodo,
3344 3265 3605 3319 Africana
3624 3277 3757 3314 con-

2159 3372 2285 3425 cilia
2335 3370 2566 3424 diversis
2617 3365 2909 3437 capitibus,
2949 3363 3018 3416 de
3064 3359 3264 3430 quibus
3307 3353 3660 3415 Ccelestinus,
3694 3357 3756 3403 et

2160 3461 2548 3531 Symmachus,
2582 3463 2637 3510 et
2663 3454 2981 3509 Hadrianus
3002 3448 3257 3520 quaedam
3278 3445 3537 3497 videntur
3555 3441 3613 3493 in
3635 3439 3755 3493 suis

2159 3549 2396 3602 decretis
2424 3549 2689 3600 inserere.
2722 3545 2785 3597 Et
2815 3540 3079 3612 quoniam
3112 3534 3480 3596 adversarius,
3504 3531 3637 3584 dum
3667 3546 3758 3581 ra-

2158 3638 2296 3692 tioni
2322 3636 2653 3691 succumbit.
2671 3632 3058 3686 auctoritatem
3081 3627 3336 3686 infamat,
3359 3622 3648 3675 sciendum
3666 3628 3759 3672 est

2162 3727 2426 3797 quoniam
2458 3724 2648 3778 omnia
2681 3720 2911 3775 concilia
2941 3718 3055 3771 sive
3094 3712 3447 3771 universalia,
3478 3710 3590 3763 sive
3621 3725 3757 3778 pro-

2162 3815 2439 3879 vincialia,
2468 3830 2589 3883 quae
2628 3817 2757 3865 ante
2788 3806 3297 3862 Chalcedonenscm
3323 3799 3595 3870 synodum
3628 3806 3759 3849 acta

2160 3905 2401 3969 fuerant,
2427 3913 2621 3973 postea
2638 3900 2969 3954 conﬁrmata
2995 3901 3051 3948 et
3071 3891 3430 3947 corroborata
3448 3887 3676 3941 fuerunt
3698 3886 3756 3938 in

2162 3995 2355 4048 eadem
2382 4009 2500 4062 cap.
2527 3991 2580 4051 1,
2605 3989 2752 4060 quod
2774 3988 2853 4040 ita
2879 4003 2937 4039 se
2957 3982 3159 4037 habet:
3185 3983 3411 4046 Reguius
3431 3981 3757 4029 sanctorum

2161 4087 2395 4138 Patrum
2420 4096 2518 4149 per
2537 4081 2763 4145 singula
2790 4091 2939 4129 nunc
2958 4088 3129 4140 usque
3152 4069 3386 4121 concilia
3407 4067 3754 4127 constitutas,

2156 4174 2451 4240 proprium
2474 4170 2645 4222 robur
2668 4168 2907 4219 obtinere
2923 4162 3278 4215 decrevimus.
3294 4156 3434 4208 Nam
3457 4152 3761 4207 Chalcedo-

2162 4277 2334 4314 nensc
2381 4257 2674 4313 concilium
2722 4271 2757 4307 a
2800 4250 2906 4308 630
2958 4247 3211 4304 Patribus
3248 4244 3351 4298 sub
3393 4244 3576 4296 Leone
3611 4257 3760 4310 papa

428 4348 431 4353 ’
477 4368 587 4422 quo
618 4352 769 4405 omni
812 4350 1114 4404 christiano
1152 4349 1272 4403 orbi
1314 4350 1657 4419 praeeminet,
1690 4348 2079 4418 ignorantibus
2097 4415 2136 4422 ﬁ
2159 4354 2401 4417 gestum,
2423 4350 2505 4399 est
2527 4345 2649 4413 ejus
2669 4338 3020 4394 auctoritatis
3040 4353 3105 4389 ac
3125 4330 3506 4388 ﬁrmitudinis,
3527 4335 3592 4382 ut
3611 4330 3758 4398 quis.

477 4440 795 4511 patefacere
823 4440 1069 4510 cupiens,
1106 4438 1348 4492 Domino
1379 4438 1516 4491 mihi
1546 4455 1705 4507 opem
1738 4438 1970 4501 ferente,
2014 4453 2078 4490 ex
2097 4415 2143 4470 Β

476 4529 647 4582 variis
661 4533 979 4581 sanctorum
994 4529 1223 4581 Patrum
1238 4536 1293 4580 et
1306 4527 1749 4581 Christianorum
1765 4526 2077 4596 principum

479 4615 927 4673 auctoritatibus.
952 4615 1258 4686 potioribus
1280 4615 1591 4686 quibusque
1612 4614 1669 4667 in
1690 4630 1863 4667 unum
1884 4630 2058 4682 conge

480 4706 602 4771 stis,
628 4720 872 4776 praesens
886 4704 1149 4758 deﬂoravi
1165 4705 1494 4774 opusculum
1511 4702 1852 4772 quadrifaria
1871 4702 2081 4771 disper-

478 4794 644 4850 titum
666 4793 987 4866 partitione.
1011 4795 1155 4847 Nam
1187 4793 1402 4863 primus
1426 4791 1568 4844 liber
1590 4792 1839 4844 continet
1868 4791 2084 4860 privile-

477 4884 635 4955 gium
691 4882 1043 4937 auctoritatis
1098 4881 1348 4951 ejusdem
1399 4880 1664 4933 Romanae
1710 4879 1962 4933 Ecclesiae
2017 4880 2085 4933 Et

479 4973 746 5044 quoniam
779 4971 1022 5026 Ecclesia
1063 4971 1183 5023 sine
1217 4971 1364 5023 clero
1412 4985 1513 5022 suo
1561 4984 1682 5022 esse
1726 4985 1835 5021 non
1876 4974 2079 5038 potest,

477 5078 662 5133 neque
686 5062 869 5115 clerus
897 5060 1109 5130 absque
1138 5058 1306 5112 rebus
1327 5056 1528 5127 quibus
1546 5057 1935 5127 temporaliter
1957 5056 2084 5109 sub-

478 5151 675 5217 sistat;
708 5150 838 5203 huic
867 5148 1128 5218 subjunxi
1157 5146 1462 5203 secundum
1493 5152 1551 5198 et
1576 5146 1805 5199 tertium
1835 5146 1904 5198 de
1935 5146 2082 5199 clero

478 5246 536 5295 et
561 5240 731 5294 rebus
752 5238 1002 5308 ejusdem
1024 5235 1299 5290 Ecclesiae.
1316 5233 1459 5298 Quia
1480 5250 1608 5287 vero
1631 5233 1814 5286 saeculi
1837 5239 2083 5302 potestas

474 5329 578 5384 Dei
600 5327 905 5382 Ecclesiam
938 5325 1041 5379 sibi
1079 5327 1382 5394 subjugare
1409 5323 1623 5381 nititur.
1660 5323 1888 5374 libertas
1912 5321 2083 5390 ipsius

478 5424 536 5472 et
564 5417 697 5470 cleri
722 5423 777 5470 ct
804 5432 994 5469 rerum
1017 5416 1158 5485 ejus,
1185 5414 1349 5467 tertio
1371 5417 1427 5465 et
1450 5411 1686 5464 maxime
1709 5417 1908 5480 quarto
1939 5409 2078 5462 libro

478 5506 765 5559 evidenter
793 5505 1124 5558 ostenditur.
1170 5503 1430 5571 Singulas
1460 5506 1646 5553 autem
1689 5499 2081 5551 deﬂorationes

480 5592 612 5645 huic
622 5610 654 5646 ο
660 5594 777 5662 peri
785 5593 1024 5647 insertas
1029 5595 1051 5662 j
1062 5602 1192 5646 uxta
1203 5591 1454 5647 ordinem
1468 5588 1841 5660 capitulorum
1853 5587 2081 5640 minime

2164 4437 2287 4507 quis
2308 4436 2428 4504 ejus
2449 4433 2786 4487 soliditatem
2809 4445 2920 4482 non
2939 4430 3108 4481 tenet.
3133 4420 3429 4492 cujuslibet
3446 4419 3565 4472 vitae
3586 4425 3759 4488 atque

2163 4524 2398 4577 actionis
2428 4522 2646 4584 existat,
2680 4524 2745 4573 ut
2788 4519 2848 4571 B.
2883 4513 3188 4584 Gregorius
3222 4511 3320 4574 ait,
3363 4506 3583 4561 etiamsi
3615 4507 3759 4576 lapis

2163 4630 2285 4666 esse
2307 4612 2579 4673 videatur,
2603 4615 2760 4663 extra
2789 4606 2889 4660 Dei
2918 4602 3214 4657 aediﬁcium
3238 4601 3440 4669 jaceat.
3467 4595 3575 4650 Sed
3604 4601 3663 4649 et
3690 4596 3759 4647 de

2163 4702 2496 4756 auctoritate
2506 4714 2780 4753 canonum
2794 4694 3171 4765 apostolorum
3183 4689 3296 4760 ,qui
3308 4686 3756 4758 perClementem

2164 4792 2476 4844 Romanum
2505 4788 2822 4859 pontiﬁcem
2846 4785 2914 4836 de
2929 4784 3117 4835 Graeco
3138 4780 3197 4832 in
3217 4777 3478 4831 Latinum
3498 4773 3759 4827 translati

2165 4878 2449 4941 dicuntur,
2498 4891 2732 4946 quorum
2764 4872 2932 4925 etiam
2964 4868 3295 4923 auctoritate
3322 4879 3398 4917 vn
3426 4863 3759 4917 universalis

2166 4967 2413 5037 synodus
2436 4967 2665 5018 Patrum
2690 4975 2832 5016 CCCL
2862 4967 2919 5013 et
2944 4959 3093 5012 idem
3118 4955 3420 5026 Gregorius
3439 4952 3499 5005 in
3528 4968 3630 5005 suo
3660 4951 3761 5004 Rc-

2164 5058 2340 5127 gistro
2366 5057 2448 5108 uti
2478 5054 2713 5117 videtur,
2733 5053 2802 5104 de
2827 5065 3084 5119 quorum,
3118 5048 3369 5116 inquam,
3401 5048 3458 5096 et
3486 5058 3761 5112 quorum-

2166 5144 2303 5197 libet
2330 5143 2567 5195 aliorum
2599 5156 2873 5194 canonum
2920 5135 3251 5190 auctoritate
3287 5131 3618 5185 Anastasius
3649 5130 3759 5183 Ro-

2167 5247 2345 5284 manae
2376 5229 2631 5282 Ecclesia}
2662 5225 3113 5279 bibliothecarius
3144 5223 3200 5274 in
3245 5220 3474 5290 prologo
3506 5218 3757 5287 ejusdem

2167 5334 2243 5373 vn
2275 5319 2605 5372 universalis
2634 5315 2853 5387 synodi,
2892 5330 3058 5383 quam
3091 5312 3159 5364 de
3189 5310 3379 5364 Graeco
3409 5308 3467 5360 in
3495 5306 3759 5360 Latinum

2164 5408 2467 5463 transtulit.
2484 5406 2685 5460 Joanni
2707 5406 2831 5458 VIII
2854 5420 3010 5474 papae
3032 5402 3110 5455 ita
3130 5399 3352 5453 scribit:
3376 5398 3762 5450 Pradeccssore

2163 5504 2335 5550 vestro
2380 5499 2475 5549 PP.
2508 5497 2780 5561 Stephano
2811 5500 2856 5545 ct
2890 5494 3195 5558 apostolatu
3236 5491 3407 5540 uestro
3444 5487 3763 5537 decerneme

2165 5602 2278 5640 non
2300 5590 2521 5639 tantum
2543 5588 2679 5637 solos
2700 5584 3071 5648 apostolorum
3095 5579 3509 5646 quinquaginta
3528 5590 3762 5627 canones
