3944 6360
168 380 189 435 1
202 375 309 435 569

664 373 1112 431 FRAGMENTA
1148 372 1243 426 DE
1281 370 1722 427 PRIVILEGIIS
1760 369 1852 424 ET
1886 368 2392 426 AUCTORITATE
2429 368 2606 424 ROM.
2648 368 2935 427 EOCLES.

3299 372 3438 432 1570

156 509 396 561 Ecclesia
422 507 631 573 recipit,
665 509 846 571 utpote
878 504 1141 557 tubarum
1171 498 1420 568 Spiritus
1446 500 1642 559 sancti,
1663 498 1754 550 sed
1775 501 1817 553 A
1836 497 2065 567 quidam
2078 497 2210 550 olim
2225 496 2283 549 in
2298 496 2396 550 Dei
2409 500 2463 549 et
2475 502 2795 551 sanctorum
2809 498 3040 553 Patrum
3053 500 3434 555 sanctionibus

157 599 328 650 etiam
342 597 597 648 omnium
618 597 846 646 omnino
860 579 1232 660 probabilium
1250 592 1501 655 Patrum,
1514 592 1564 640 et
1581 602 1759 640 sacro-

159 700 293 737 rum
315 685 680 736 conciliorum
700 683 919 747 regulas
931 685 981 731 et
1009 682 1383 731 institutiones
1404 678 1671 739 admittit,
1690 678 1756 728 it-

161 776 244 826 las
255 773 533 825 duntaxat
548 788 664 838 qua;
676 786 770 822 nec
788 775 942 822 recte?
958 769 1210 834 ﬁdei,nec
1232 768 1385 819 bonis
1397 768 1643 819 moribus
1660 766 1753 818 ob-

160 862 437 921 viant,sed
449 876 543 912 nec
557 861 697 911 sed-is
716 859 968 912 Romana:
978 858 1203 909 decretis
1217 856 1517 908 admodum
1529 856 1664 923 quid
1678 869 1759 907 re-

156 952 393 1013 sultant,
418 950 556 1016 quin
568 951 748 1007 potius
768 948 1114 998 adversarios
1128 948 1372 1012 potenter
1397 947 1752 1010 impugnant.

156 1039 436 1110 Epistolas
465 1042 654 1090 autem
676 1035 981 1090 Clementis
1002 1034 1069 1087 ad
1092 1033 1382 1096 Jacobum,
1398 1036 1594 1085 contra
1613 1047 1755 1100 quas

156 1127 385 1199 quidam
406 1126 623 1197 garrire
636 1125 912 1187 videntur,
938 1122 1291 1177 authenticas
1306 1120 1610 1174 ostendunt
1626 1136 1753 1173 suc-

157 1233 408 1271 cessores
448 1216 567 1285 ejus
605 1215 910 1268 Anacletus
956 1218 1013 1266 et
1061 1211 1393 1275 Alexander,
1426 1215 1483 1263 et
1522 1209 1748 1280 quidam

155 1305 250 1359 alii
280 1304 590 1376 pontiﬁces,
635 1308 693 1357 et
736 1319 770 1356 a
816 1303 933 1355 Deo
962 1300 1298 1355 Benedictus
1347 1299 1749 1352 monachorum

153 1398 333 1463 pater,
371 1393 468 1463 qui
497 1409 563 1445 ex
590 1391 700 1445 illis
730 1391 917 1461 plures
950 1388 1258 1443 sententias
1292 1388 1351 1441 in
1380 1387 1499 1441 suis
1528 1386 1749 1457 scriptis

154 1482 490 1535 inseruerat.
507 1481 615 1535 Sed
633 1486 689 1533 et
707 1480 776 1533 de
792 1479 1112 1549 apostolicae
1133 1477 1279 1532 sedis
1299 1476 1634 1531 auctoritate
1655 1476 1748 1529 hic

153 1571 398 1639 plurima
427 1570 696 1639 congessi.
730 1569 996 1634 Quaedam
1037 1568 1209 1621 etiam
1246 1567 1315 1620 de
1354 1566 1636 1636 opusculis
1669 1566 1739 1622 B.

153 1659 505 1729 Hieronymi,
541 1660 702 1728 cujus
746 1657 1049 1728 eloquium.
1095 1662 1159 1709 ut
1208 1656 1553 1725 Augustinus
1584 1655 1652 1708 de
1681 1671 1746 1707 eo

150 1749 231 1802 ait
243 1748 756 1811 contraJulianum,
776 1746 845 1799 ab
866 1744 1096 1800 Oriente
1111 1746 1166 1797 in
1189 1745 1549 1800 Occidentem
1568 1744 1749 1797 instar

1841 590 2227 655 contemptum
2266 584 2335 637 ad
2379 584 2464 637 sui
2498 587 2930 640 ostentationem
2961 594 3019 640 et
3046 589 3433 643 ascribendam

1837 674 1943 728 sibi
1974 679 2258 727 ventosam
2292 673 2706 739 auctoritatem,
2723 691 2845 745 quae
2867 676 3034 730 nullis
3054 678 3335 731 canonicis
3355 680 3435 732 le-

1837 762 2000 833 gibus
2015 771 2162 816 stare
2186 768 2384 832 potest.
2407 761 2754 833 scripserunt
2774 763 2877 817 sibi
2894 781 3094 819 novam
3124 766 3434 820 ordinatio-

1839 870 1967 906 nem
1989 852 2223 907 Romani
2242 852 2545 922 pontificis:
2575 852 2633 905 in
2656 869 2767 923 qua
2787 869 2956 924 quam
2983 853 3242 918 nefanda,
3267 872 3437 928 quam

1839 942 1954 995 Deo
1982 941 2215 994 inimica
2247 946 2586 1005 statuerunt,
2618 941 2818 995 horreo
2857 942 3120 998 scribere.
3154 944 3260 1008 Qui
3298 944 3439 1014 legit

1838 1029 2136 1100 intelligat.
2170 1028 2345 1083 Porro
2374 1030 2443 1083 de
2472 1029 2638 1083 modo
2686 1030 2920 1084 docendi
2952 1031 3208 1086 subditos
3250 1049 3434 1103 pauca

1838 1122 1928 1176 hic
1954 1123 2168 1176 inserta
2196 1128 2329 1176 sunt
2353 1141 2364 1174 :
2384 1121 2650 1193 quoniam
2676 1127 2731 1176 et
2763 1122 3107 1178 laboriosum
3128 1130 3185 1178 et
3203 1124 3436 1180 alterius

1834 1212 2018 1283 operis
2040 1211 2344 1265 arbitratus
2364 1228 2487 1265 sum
2509 1211 2581 1265 ad
2612 1212 2718 1265 hoc
2734 1228 2953 1266 sacram
2982 1213 3260 1268 deﬂorare
3290 1214 3433 1268 Scri-

1833 1305 2079 1372 pturam.
2110 1299 2410 1354 Potissima
2461 1306 2651 1354 autem
2698 1300 2769 1353 ad
2799 1301 2858 1354 id
2910 1301 3095 1371 operis
3138 1302 3276 1356 mihi
3314 1303 3435 1358 visa

1832 1393 1965 1442 sunt
1994 1389 2375 1459 Evangelium,
2407 1394 2465 1443 et
2492 1390 2875 1459 apostolorum
2915 1390 3195 1461 Epistolae,
3228 1396 3285 1445 et
3313 1391 3434 1447 Cle-

1830 1478 2056 1545 mentis,
2092 1483 2149 1531 et
2177 1478 2458 1549 pastorale
2507 1478 2781 1548 Gregorii,
2826 1484 2883 1533 et
2921 1495 3091 1551 super
3134 1481 3435 1552 Evangelia

1830 1566 2074 1621 homiliae
2115 1568 2365 1637 ejusdem
2410 1566 2498 1631 40,
2542 1573 2600 1622 et
2643 1566 2696 1633 8,
2750 1574 2805 1622 et
2831 1568 2867 1623 9
2892 1574 2947 1623 et
2982 1568 3067 1635 l0,
3093 1587 3263 1642 super
3294 1571 3432 1626 Eze-

1831 1656 2089 1710 chielem.
2125 1656 2198 1710 Et
2228 1658 2490 1727 quoniam
2513 1658 2646 1711 dum
2670 1657 2931 1712 brevitati
2948 1659 3165 1719 studeo,
3188 1660 3431 1730 plurima

1828 1744 1991 1799 utilia
2029 1763 2120 1799 me
2159 1746 2445 1817 praeterire
2483 1747 2664 1810 doleo,
2697 1764 2898 1801 moneo
2927 1748 3210 1803 curiosum
3254 1750 3430 1804 lecto-

150 1838 285 1891 solis
316 1838 554 1907 refulget
606 1836 869 1899 Quaedam
900 1835 970 1888 de
999 1834 1278 1904 opusculis
1304 1833 1597 1887 beatorum
1628 1835 1743 1904 Cy-
1766 1851 1944 1912 Brem
1977 1840 2040 1886 ut
2066 1851 2194 1888 cum
2225 1840 2401 1899 vacat,
2434 1834 2522 1889 his
2551 1851 2584 1888 a
2610 1835 2812 1905 quibus
2841 1836 2958 1890 haec
2980 1836 3252 1891 deﬂorata
3295 1844 3429 1893 sunt

151 1927 353 1997 priani,
388 1926 682 1989 Ambrosii,
718 1924 1019 1994 Augustini
1051 1929 1107 1976 et
1135 1923 1371 1976 aliorum
1396 1924 1647 1976 Patrum.
1680 1922 1747 1975 Et

149 2015 484 2069 cinnimodis
514 2032 741 2085 operam
787 2014 1035 2083 impendi
1084 2019 1145 2067 ut
1193 2020 1380 2066 essent
1423 2011 1747 2082 plenissima

150 2105 485 2159 auctoritate
507 2122 628 2174 quae
651 2105 737 2157 hic
758 2103 1012 2171 congessi
1067 2101 1343 2165 Quoniam
1370 2102 1516 2155 sicut
1531 2101 1746 2171 aliquos

151 2194 355 2264 quibus
400 2195 517 2247 haec
556 2194 851 2264 placerent.
891 2192 969 2245 ita
996 2208 1108 2244 non
1148 2191 1437 2243 defuturos
1476 2190 1745 2260 quosdam

152 2284 246 2353 qui
269 2284 355 2336 his
376 2283 706 2344 inviderent,
726 2299 837 2336 non
858 2281 1127 2351 ignoravi.
1154 2281 1430 2334 Praeterea
1451 2280 1745 2349 antiquum

152 2372 404 2426 ordinem
436 2371 722 2426 electionis
752 2389 852 2425 seu
889 2369 1324 2424 consecrationis
1339 2368 1576 2423 Romani
1604 2386 1744 2439 pon-

149 2462 317 2516 tificis
346 2467 403 2515 et
432 2462 566 2515 cleri
595 2463 717 2531 ejus
745 2460 876 2515 huic
913 2459 1069 2530 operi
1106 2459 1354 2513 inserere
1382 2458 1566 2512 libuit.
1599 2459 1745 2512 Nam

1828 1923 2075 1977 studium
2108 1923 2399 1991 adhibeat;
2433 1941 2543 1977 non
2565 1929 2628 1977 ut
2657 1924 2943 1978 defloratis
2972 1925 3184 1996 aliquid
3219 1927 3430 1997 adjun-
3510 1954 3520 1969 ι

1826 2018 1943 2082 gat.
1983 2012 2078 2066 sed
2122 2017 2185 2066 ut
2225 2030 2326 2066 suo
2378 2012 2651 2065 desiderio
2694 2012 3019 2066 satisfaciat.
3075 2014 3192 2068 Hoc
3230 2015 3423 2086 itaque

1790 2104 1793 2107 λ
1829 2118 1970 2172 opus
2000 2107 2192 2155 vestra:
2232 2101 2556 2162 paternitati
2602 2101 2871 2165 dedicavi,
2907 2102 3055 2171 quod
3099 2119 3211 2157 non
3240 2105 3425 2160 solum

1828 2196 2034 2244 sanctas
2058 2191 2376 2260 apostolicae
2404 2191 2544 2252 sedi,
2586 2190 2679 2244 sed
2714 2189 2868 2243 omni
2898 2190 3154 2247 Ecclesiae
3183 2198 3240 2246 et
3271 2192 3425 2248 omni

1829 2280 1976 2332 clero
2007 2280 2362 2349 profuturum
2391 2279 2599 2350 putavi.
2637 2277 2880 2333 Obsecro
2921 2286 3112 2334 autem
3143 2280 3424 2352 legentem

1826 2367 1885 2421 in
1910 2368 2164 2422 Domino.
2192 2374 2256 2423 ut
2281 2385 2383 2440 pro
2412 2367 2552 2422 meis
2573 2367 2887 2423 excessibus
2912 2367 2983 2422 ad
3000 2368 3302 2425 Dominum
3331 2369 3422 2425 in-

1826 2457 2098 2512 tercedat.

1149 2790 1964 2901 FRAGMENTA
2055 2789 2426 2897 LIBRI

145 3010 237 3074 De
270 3009 658 3092 privilegiis
682 3015 749 3075 et
779 3012 1181 3075 auctoritate
1208 3008 1521 3073 Ecclesiae
1540 3009 1857 3072 Romanae
1887 3014 2236 3090 statusque
2269 3006 2732 3082 ecclesiastici,
2752 3012 2819 3070 et
2839 3006 3165 3071 adversus
3181 3026 3417 3071 rerum

235 3099 851 3164 ecclesiasticarum
868 3101 1244 3176 invasores,
1268 3098 1689 3162 Simoniacos
1709 3104 1776 3161 et
1793 3098 2282 3174 schismaticos,
2304 3096 2737 3161 Guibertinos
2760 3101 2828 3159 et
2847 3094 3313 3160 Henricianos.

801 3275 1037 3345 (BARON.
1068 3276 1278 3329 Annal.
1302 3274 1374 3328 ad
1398 3289 1490 3327 an.
1527 3270 1683 3334 1059,
1717 3288 1772 3325 n.
1798 3272 1897 3338 31;
1934 3268 2086 3338 1080,
2120 3287 2177 3325 n.
2200 3269 2267 3327 31
2297 3289 2311 3339 ;
2352 3268 2503 3336 1080,
2534 3288 2591 3326 n.
2624 3270 2734 3339 32.)

915 3547 961 3600 Ι.
1750 3553 1793 3608 C
1814 3549 1926 3604 tur,
1957 3551 2014 3599 et
2041 3551 2238 3616 postea
2256 3547 2642 3603 notiﬁcaretur
2669 3547 3110 3619 ipsi,pr:efatum
3139 3551 3412 3608 violantes

431 3638 502 3691 De
532 3638 750 3690 Nicolai
766 3639 1019 3704 junioris
1043 3651 1195 3702 papa:
1223 3636 1448 3687 decreto.
1818 3636 2123 3695 decretum,
2159 3636 2382 3703 elegere
2420 3637 2585 3706 (quod
2613 3637 2695 3691 eis
2724 3654 2835 3692 non
2867 3639 3084 3703 licebat)
3117 3642 3273 3712 prius
3302 3643 3411 3697 Ca-

216 3726 362 3781 Sunt
389 3732 578 3779 autem
630 3726 723 3795 qui
774 3724 1059 3793 objiciunt,
1105 3724 1396 3777 Nicolaum
1445 3723 1732 3775 Juniorem
1818 3724 2042 3777 daloum
2100 3725 2481 3788 Parmensem,
2524 3733 2717 3795 postea
2749 3727 3080 3782 Guibertum
3120 3731 3414 3785 Ravenna-

142 3816 368 3868 decreto
410 3816 674 3885 synodico
724 3815 986 3867 statuisse
1035 3819 1099 3866 ut
1143 3813 1383 3867 abeunte
1432 3813 1735 3882 apostolico
1817 3819 1951 3875 tem,
1984 3814 2280 3868 induentes
2308 3832 2400 3868 eos
2426 3816 2746 3885 apostolicis
2775 3816 3105 3887 insignibus,
3150 3828 3408 3874 vocantes

142 3905 427 3974 pontiﬁce,
473 3921 762 3957 successor
798 3904 1115 3973 eligeretur,
1150 3909 1206 3956 et
1235 3902 1432 3956 electio
1466 3904 1587 3971 ejus
1617 3902 1733 3971 regi
1820 3904 2172 3973 apostolicos,
2219 3909 2505 3974 apostatas
2546 3910 2603 3958 et
2649 3906 2980 3961 Antichristi
3021 3925 3411 3977 praecursores.

141 3994 547 4047 notiﬁcaretur.
582 3994 751 4045 Facta
796 4009 921 4045 vero
968 3991 1259 4047 electione.
1286 3998 1342 4044 et
1368 3998 1429 4044 ut
1460 3992 1614 4060 prius
1643 3991 1724 4044 di-
1822 3993 2100 4046 Praeterea
2149 4000 2337 4045 autem
2390 3994 2653 4064 praefatus
2695 3994 3018 4061 Guibertus,
3059 4001 3160 4050 aut
3205 3997 3313 4057 sui.
3349 4003 3412 4052 ut

140 4088 293 4135 ctum
325 4088 431 4149 est,
464 4082 582 4152 regi
613 4083 915 4143 notiﬁcata,
945 4082 1025 4135 ita
1050 4082 1275 4134 demum
1327 4080 1569 4151 pontifex
1601 4097 1736 4133 con-
1816 4100 1929 4137 suae
1956 4083 2101 4152 parti
2133 4084 2374 4135 favorem
2432 4083 2795 4148 ascriberent,
2839 4085 3094 4155 quaedam
3126 4085 3183 4140 in
3214 4087 3411 4141 eodem

140 4178 475 4225 sacraretur.
512 4172 670 4234 Quod
716 4171 760 4224 si
805 4171 1215 4225 admittendum
1258 4176 1361 4234 est,
1410 4176 1470 4222 ut
1518 4169 1735 4222 ratione
1817 4172 2039 4224 decreto
2055 4170 2328 4233 addendo,
2355 4171 2608 4239 quaedam
2634 4173 2920 4229 mutando.
2950 4172 3031 4227 ita
3066 4174 3200 4227 illud
3233 4174 3415 4228 reddi-

138 4262 348 4315 factum
403 4261 644 4318 dicatur.
700 4260 992 4329 objicimus
1033 4261 1101 4312 ad
1156 4260 1257 4312 hoc
1310 4259 1729 4315 confutandam.
1818 4261 2023 4314 derunt
2047 4277 2081 4313 a
2108 4278 2169 4311 se
2193 4259 2490 4321 dissidens,
2516 4268 2577 4313 ut
2609 4267 2709 4314 aut
2738 4278 2933 4331 pauca,
2950 4268 3050 4315 aut
3067 4263 3415 4317 nullaexem-

140 4352 433 4420 praefatum
466 4367 674 4420 regem,
708 4357 764 4403 et
789 4349 1088 4420 optimates
1135 4350 1257 4418 ejus
1288 4366 1345 4401 se
1376 4366 1443 4401 ea
1471 4347 1737 4401 constitu-
1818 4349 1997 4419 plaria
2051 4347 2155 4401 sibi
2207 4348 2604 4403 concordantia
2660 4351 2881 4404 valeant
2928 4351 3184 4405 inveniri.
3233 4353 3410 4416 Quale

150 4441 302 4493 tione
330 4439 591 4509 indignos
617 4439 810 4492 fecisse
840 4457 849 4491 :
886 4438 1153 4508 primum,
1190 4438 1334 4507 quod
1367 4443 1575 4507 postea,
1610 4453 1733 4490 cum
1820 4446 2008 4492 autem
2039 4438 2322 4491 decretum
2353 4443 2453 4497 est,
2492 4438 2636 4507 quod
2669 4455 2703 4492 a
2730 4456 2790 4492 se
2813 4439 2893 4492 ita
2921 4440 3237 4512 discrepare
3265 4441 3415 4496 vide-

150 4529 415 4599 przefatus
444 4528 705 4581 Nicolaus
727 4528 1111 4580 Coloniensem
1136 4526 1612 4596 archiepiscopum
1642 4543 1740 4597 pro
1824 4533 1936 4591 tur,
1962 4531 2024 4579 ut
2042 4524 2175 4594 quid
2198 4524 2255 4576 in
2278 4540 2342 4576 eo
2370 4523 2722 4593 potissimum
2763 4526 2912 4580 credi
2943 4528 3167 4595 debeat,
3194 4528 3414 4598 ignore-

151 4617 267 4671 suis
288 4617 600 4670 excessibus
620 4615 999 4686 corripuisset.
1022 4614 1741 4684 gravitertulere,eumque
1824 4622 1918 4668 tur
1937 4615 2050 4667 ?....
2094 4612 2601 4666 Excommunicatio
2645 4620 2836 4667 autem
2894 4632 3019 4685 quin
3070 4617 3129 4671 in
3180 4618 3411 4687 praefato

151 4706 322 4776 hujus
347 4706 425 4759 rei
454 4706 635 4775 gratia
664 4711 957 4775 (quantum
990 4704 1043 4756 in
1077 4721 1135 4757 se
1166 4712 1302 4763 erat)
1338 4720 1371 4756 a
1400 4712 1608 4773 papatu
1641 4705 1739 4756 de-
1825 4704 2047 4756 decreto
2077 4701 2402 4755 terribiliter
2423 4702 2768 4771 profertur,a
2788 4703 3077 4771 Guiberto,
3109 4711 3209 4760 aut
3236 4724 3271 4760 a
3297 4707 3414 4762 suis

150 4812 407 4866 posuere,
426 4811 744 4865 nomenque
772 4794 1023 4864 ejusdem
1052 4792 1109 4846 in
1134 4809 1343 4846 canone
1374 4793 1740 4846 consecratio—
1822 4792 2134 4846 fautoribus
2160 4791 2337 4845 indita
2375 4791 2725 4845 solummodo
2762 4793 3028 4857 creditur,
3061 4795 3327 4866 quoniam
3353 4796 3413 4851 in

146 4885 234 4939 nis
263 4884 546 4939 nominari
581 4891 834 4941 vetuere;
870 4883 1109 4953 ideoque
1152 4883 1439 4936 decretum
1485 4882 1737 4952 ejusdem
1760 4882 2232 4973 Dantiquioribus
2244 4881 2409 4951 hujus
2428 4879 2636 4933 decreti
2649 4882 3233 4955 exemplaribuslonge
3249 4884 3413 4940 aliter

138 4976 268 5046 jure
288 4975 513 5028 irritum
540 4990 663 5027 esse
689 4971 932 5037 debebit,
958 4972 1070 5041 qui,
1090 4988 1214 5024 cum
1242 4988 1275 5025 a
1292 4977 1411 5025 toto
1436 4971 1568 5025 orbe
1594 4989 1740 5042 papa
1760 4969 1794 4973 ”
1821 4971 2079 5026 habetur.
2131 4970 2205 5024 Et
2245 4971 2361 5025 haec
2415 4969 2637 5041 quidem
2694 4986 2864 5041 super
2912 4987 3008 5026 eos
3063 4974 3267 5037 veniet,
3315 4974 3412 5047 qui

143 5064 467 5126 haberetur,
487 5064 649 5133 juxta
670 5061 997 5115 eorumdem
1016 5060 1353 5114 sententiam
1367 5060 1575 5114 eisdem
1593 5077 1737 5131 papa
1821 5077 1945 5113 eam
1978 5061 2035 5113 in
2065 5060 2153 5113 sui
2180 5061 2424 5114 favorem
2478 5058 2682 5113 ibidem
2716 5060 2986 5126 indidere,
3026 5066 3083 5115 et
3123 5078 3294 5134 super
3318 5080 3413 5119 eos

143 5171 258 5208 non
283 5153 407 5216 fuit,
439 5152 600 5224 quasi
628 5168 740 5205 non
782 5168 847 5205 ex
888 5151 1007 5213 Dei,
1042 5151 1139 5204 sed
1185 5165 1249 5204 ex
1291 5167 1484 5204 eorum
1516 5157 1737 5204 tantum
1822 5148 1917 5219 qui
1961 5166 2085 5201 eam
2130 5148 2439 5202 timendam
2478 5148 2665 5202 dicere
2704 5155 3074 5219 praesumunt.
3121 5151 3303 5222 Super
3350 5153 3415 5206 il-

142 5243 416 5315 penderet
456 5243 759 5303 voluntate,
793 5240 1112 5311 quempiam
1155 5240 1444 5310 quodlibet
1489 5257 1609 5293 esse
1652 5239 1738 5293 vel
1820 5238 1902 5291 los
1951 5238 2197 5309 quidem,
2230 5244 2293 5292 ut
2321 5238 2573 5292 incidant
2615 5238 2676 5292 in
2721 5239 2936 5292 foveam
2989 5255 3155 5309 quam
3198 5241 3411 5308 fodere,

144 5350 259 5387 non
290 5349 430 5386 esse.
464 5332 752 5385 Romanus
774 5330 921 5384 enim
954 5328 1217 5399 pontifex,
1250 5335 1314 5382 ut
1341 5328 1623 5399 sapientes
1643 5345 1739 5383 no-

143 5430 302 5491 runt,
322 5439 434 5477 non
465 5422 629 5476 modo
660 5421 860 5491 deponi
888 5436 1001 5473 non
1031 5424 1232 5489 potest,
1262 5419 1361 5472 sed
1381 5418 1548 5472 etiam
1572 5418 1735 5473 Chri-

144 5514 330 5567 stiano
357 5513 486 5582 jure
508 5528 542 5565 a
569 5510 818 5581 quolibet
850 5525 963 5561 non
1008 5514 1192 5571 potest
1223 5508 1488 5579 judicari.
1524 5507 1735 5561 Deinde

146 5602 283 5673 quia
309 5618 435 5655 cum
464 5602 522 5653 in
549 5600 743 5653 eodem
772 5599 994 5652 decreto
1025 5605 1253 5652 cautum
1281 5604 1447 5663 esset,
1466 5603 1527 5651 ut
1546 5598 1737 5651 Romae

144 5690 428 5764 pontiﬁcis
456 5688 653 5745 electio
682 5704 719 5742 a
747 5688 1001 5743 Romano
1049 5687 1198 5742 clero
1227 5692 1286 5743 et
1314 5688 1520 5761 populo
1549 5702 1740 5758 agere-

1821 5332 1877 5380 et
1919 5332 1984 5380 ut
2022 5327 2409 5397 apprehendat
2455 5343 2550 5381 eos
2603 5328 2786 5398 captio
2835 5343 3005 5399 quam
3040 5329 3406 5397 occultavere,

1822 5421 1927 5469 etc.

2580 5506 2653 5560 II.

2296 5595 2369 5646 De
2394 5593 2646 5647 Guiberto
2667 5596 2955 5663 antipapa.

1892 5684 2027 5739 Post
2070 5681 2322 5755 praestita
2370 5681 2599 5737 domino
2633 5699 2735 5738 suo
2786 5681 2963 5739 beata:
3007 5685 3293 5742 memoria:
3318 5702 3409 5742 se-
