3944 6412
195 393 333 453 1577

198 522 3127 560 Μ

958 401 1397 457 JOANleuDE
1436 404 1859 465 GARLANDIA
1896 408 2086 465 OPUS
2125 409 2702 468 SYNONYMORUM.

3308 417 3334 472 1
3344 415 3448 475 578

3129 533 3456 565 *I—I—III

314 665 397 819 J
406 665 729 822 OAN
737 671 848 823 N
858 669 1009 827 IS
1105 673 1310 825 DE
1408 672 2401 834 GARLANDIA
2496 680 3329 841 OPUSCULA

1039 935 1278 1018 (Polyc.
1311 942 1574 1016 LEYSER,
1608 941 1768 1004 Hist.
1799 951 1957 1022 poet.
1991 942 2328 1022 medz'z'wvz‘,
2361 963 2425 1023 p.
2459 945 2627 1025 311.)

905 1267 1337 1406 OPUS
1429 1273 2748 1414 SYNONYMORUM.

191 1650 278 1704 Ad
305 1666 464 1705 mare
491 1668 564 1707 ne
589 1653 781 1709 videar
808 1655 1002 1711 latices
1036 1657 1270 1729 deferre,
1304 1661 1524 1717 camino

196 1736 534 1809 Igniculum,
568 1742 758 1797 densis
783 1750 842 1799 et
869 1745 1092 1801 frondes
1117 1748 1321 1802 addere
1351 1750 1538 1821 sylvis,

194 1828 522 1900 Hospitibus
549 1848 688 1902 pyra
719 1833 995 1899 Calabris,
1034 1837 1169 1890 dare
1200 1837 1329 1891 vina
1352 1840 1527 1905 Leaeo,

193 1918 307 1974 Aut
336 1919 527 1973 Cereri
558 1920 766 1991 fruges,
794 1922 992 1994 apibus
1012 1926 1141 1990 mel,
1176 1926 1259 1978 vel
1289 1928 1484 1998 thyma
1504 1929 1697 2000 pratis,

194 2007 370 2061 Poma
397 2009 482 2062 vel
510 2010 766 2076 Alcinno,
802 2013 885 2065 vel
916 2014 1105 2067 mollia
1134 2015 1304 2069 thura
1334 2017 1546 2084 Sabaeo,

198 2096 290 2151 Ad
313 2104 563 2152 veterum
597 2116 761 2154 curas
780 2118 914 2155 curo
944 2104 1323 2173 superaddere
1352 2112 1589 2161 nostras.

199 2186 307 2240 Sed
337 2187 473 2241 dare
503 2189 587 2241 lac
609 2190 816 2260 pueris.
851 2208 1169 2262 proponens
1200 2211 1394 2263 pauca,
1429 2197 1666 2266 pusillis,

197 2274 346 2339 Quos
374 2276 554 2331 solum
585 2278 770 2333 ditant
798 2285 1065 2335 maternae
1096 2299 1333 2336 munera
1361 2284 1583 2354 linguae.

197 2364 484 2419 Sermonis
507 2366 693 2420 tribuo
717 2370 906 2438 pueris
931 2371 1213 2425 elementa
1241 2372 1419 2438 latini,

200 2453 450 2517 Quorum
482 2455 849 2526 multiplicem
880 2458 1056 2512 lector
1080 2462 1450 2531 praeconspice
1481 2463 1746 2519 fructum.

196 2542 460 2614 Quisquis
488 2544 773 2598 abundare
793 2548 948 2617 cupit
974 2548 1033 2600 in
1063 2565 1323 2603 sermone
1354 2552 1548 2613 latino,

198 2634 383 2702 Atque
414 2649 718 2699 reservare,
762 2652 886 2704 qua:
924 2653 1082 2690 mens
1112 2637 1222 2691 cito
1254 2638 1464 2694 lubrica
1490 2641 1695 2709 fundit,

196 2722 379 2791 Eligat
407 2737 436 2775 e
469 2722 663 2775 multis
701 2723 786 2776 hic
818 2726 1122 2778 mutatoria
1150 2744 1367 2780 vocum.

193 2807 271 2863 Ut
295 2806 664 2861 diversimode
684 2824 802 2861 rem
825 2808 1162 2878 signiﬁcabit
1183 2813 1436 2877 eandem,

204 2892 411 2948 Edocet
437 2894 732 2965 aequivocis
763 2913 902 2967 Opus
933 2898 1054 2959 hoc,
1079 2916 1394 2970 synonyma
1420 2902 1665 2971 jungens

204 2981 493 3050 Versibus,
543 2990 602 3038 et
648 2984 840 3039 ricinis
879 2986 1010 3057 [lege
1040 2988 1225 3041 ricmis
1261 3006 1363 3057 pro
1407 2992 1703 3063 rhythmis]
1734 2973 1858 3046 utB

1170 3077 1383 3146 [vocum
1415 3080 1578 3147 capia
1607 3082 1790 3136 detur.

206 3161 486 3232 Exemplis
510 3162 677 3216 variis
702 3161 900 3228 brevis,
924 3169 982 3217 et
1009 3165 1299 3235 producta,
1332 3167 1579 3222 docetur.

201 3247 316 3305 Sub
348 3250 539 3303 multis
570 3251 756 3320 plures
784 3267 895 3315 res,
927 3268 1096 3306 unam
1126 3271 1257 3308 voce
1286 3254 1390 3308 sub
1419 3272 1552 3310 una.

200 3339 277 3392 Ut
305 3339 428 3393 ﬁeri
457 3357 696 3410 semper,
727 3341 874 3411 quod
905 3343 969 3394 ﬁt
993 3344 1340 3414 plerumque,
1373 3351 1655 3415 putamus.

197 3427 470 3482 Fallimus
500 3429 629 3484 hinc
658 3430 816 3491 alios,
852 3435 910 3484 et
936 3431 1007 3484 ab
1036 3431 1171 3502 ipsis
1211 3434 1458 3487 fallimur
1485 3436 1614 3504 ipsi.

199 3517 301 3571 Est
324 3534 466 3588 opus
491 3518 696 3572 idcirco
726 3535 1079 3588 cognoscere.
1118 3523 1360 3591 qualiter
1382 3529 1437 3577 et
1458 3540 1567 3594 quo

196 3606 518 3676 Equivocis
548 3607 618 3661 ab
643 3607 895 3663 univocis
920 3626 1234 3681 synonyma
1265 3612 1492 3667 distent.

200 3695 494 3764 Significat
522 3696 730 3750 multas
761 3713 848 3751 res
878 3698 1044 3752 unius
1076 3699 1326 3753 rationis.

197 3784 526 3839 Univocum.
561 3785 707 3839 sicut
734 3784 902 3839 homo
933 3787 1296 3857 particularia
1323 3789 1538 3859 signat;

197 3872 562 3942 Equivocum
586 3874 731 3927 celat
760 3874 863 3928 sub
893 3877 1087 3930 eadem
1120 3877 1366 3946 plurima
1394 3895 1543 3941 voce,

198 3959 451 4024 Quorum
481 3976 684 4014 nomen
705 3960 874 4026 idem,
901 3963 1043 4016 ratio
1072 3963 1292 4017 diversa
1320 3963 1422 4017 sub
1453 3964 1548 4017 illo
1581 3969 1683 4018 est.

199 4049 359 4113 Quod
384 4055 563 4115 natat,
585 4066 827 4120 aequore;
861 4051 1135 4122 splendet,
1168 4052 1228 4106 in
1254 4054 1479 4119 aethere;
1512 4054 1701 4118 latrat,
1732 4053 1791 4107 in

1000 4212 1005 4217 ἡ
1515 4143 1674 4212 [aede,

199 4226 493 4297 Signiﬁcat
518 4229 722 4299 triplici
753 4229 906 4283 canis
931 4229 1049 4284 haec
1071 4229 1182 4283 tria
1209 4230 1311 4285 sub
1341 4231 1575 4286 ratione.

196 4315 426 4370 Diversa
456 4317 776 4387 signiﬁcant
801 4335 916 4372 una
943 4336 1257 4390 synonyma
1287 4338 1416 4375 voce
1451 4338 1463 4374 :

198 4404 278 4459 Ut
304 4421 524 4471 mucro;
548 4407 805 4476 gladius;
832 4408 981 4460 ensis
1014 4425 1024 4459 :
1057 4424 1146 4461 res
1168 4425 1281 4462 una
1307 4415 1533 4463 vocatur

197 4494 552 4549 Nominibus.
586 4496 772 4550 Rebus
794 4497 881 4549 his
911 4498 1106 4550 eadem
1138 4515 1227 4551 res
1259 4500 1622 4568 significatur.

201 4583 311 4638 Sed
343 4583 475 4652 quia
498 4583 755 4651 dactylici
776 4592 908 4637 sunt
938 4586 1117 4638 multa
1142 4585 1410 4639 vocabula
1431 4586 1614 4653 metri,

201 4672 309 4736 Qui
336 4673 514 4741 legem
545 4672 764 4741 fugiant
792 4673 946 4743 operi
993 4672 1193 4742 quibus
1206 4680 1291 4726 est
1319 4691 1479 4745 opus,
1510 4675 1629 4728 isti:

201 4760 361 4825 Quod
395 4760 557 4814 breve
586 4761 804 4831 longari
835 4763 1032 4834 placet,
1069 4770 1125 4816 et
1146 4764 1370 4833 longum
1396 4764 1632 4818 breviari
1662 4782 1673 4817 :

199 4848 284 4904 De
305 4849 499 4902 multis
528 4850 749 4904 valeant
778 4854 841 4903 ut
866 4867 1057 4904 versus
1085 4859 1242 4921 parte
1271 4852 1461 4906 locari.

199 4936 327 4991 Non
348 4937 514 4991 aliter
539 4943 805 5008 poterunt
827 4955 1139 5011 synonyma
1167 4940 1497 4996 consociari.

200 5026 503 5080 Particulis
533 5044 672 5099 Opus
701 5028 805 5082 hoc
828 5029 1041 5099 placuit
1067 5031 1348 5100 complere
1368 5029 1585 5085 duabus
1618 5047 1628 5083 :

271 5184 385 5263 (13)
415 5186 541 5263 Non
564 5202 705 5263 ergo
728 5204 886 5243 mens
907 5189 1057 5243 dicta
1081 5190 1241 5262 quasi
1261 5184 1513 5245 eminens
1532 5208 1662 5263 pars
1680 5190 1798 5245 ani-

198 5256 298 5320 mi,
330 5262 395 5311 ut
418 5257 537 5311 vult
564 5256 757 5313 Faber.

277 5328 383 5393 (l4!
416 5328 558 5403 Hinc
586 5329 818 5403 animus
836 5331 1058 5402 prOprie
1079 5349 1191 5386 non
1218 5332 1362 5385 idem
1386 5338 1471 5387 est
1497 5334 1644 5403 quod
1673 5332 1796 5386 ani-

201 5415 317 5473 ma,
348 5399 698 5473 ut_perbibet
726 5400 924 5460 Faber.
940 5399 1119 5473 'cujus
1174 5420 1377 5458 nomen
1434 5405 1493 5457 in
1512 5399 1796 5459 secuturis

200 5470 784 5525 animadversionibus
812 5470 1073 5528 reticebo.

280 5540 390 5613 (15)
415 5542 699 5612 Plerazque
726 5544 1159 5613 signiﬁcationes
1179 5546 1396 5601 omissae
1419 5547 1475 5600 in
1506 5546 1721 5600 Lexico.

1812 4327 1856 4386 G

1799 1668 1853 1726 Α
1871 1664 2186 1719 Multivocis
2208 1664 2384 1735 prior,
2426 1665 2722 1735 aequivocis
2749 1682 2881 1736 pars
2902 1666 3084 1722 altera
3110 1667 3279 1736 cedit,

1874 1753 1951 1808 Ut
1975 1754 2276 1824 quaerenda
2304 1754 2426 1807 loco
2455 1758 2779 1809 statuantur
2802 1755 3027 1826 singula
3053 1762 3224 1812 certo-

1874 1842 1995 1896 Hoc
2023 1842 2303 1913 alphabeti
2330 1842 2589 1911 geminus
2620 1843 2972 1898 discriminat
2996 1844 3152 1900 ordo.

1834 1944 1843 1951 ‘
1871 1929 2137 1984 Pluribus
2165 1929 2364 1983 ofﬁciis
2389 1934 2593 1984 animae
2616 1936 2750 1984 sunt
2774 1931 3004 1985 nomina
3032 1931 3228 2002 plura:

1872 2018 2016 2072 Dum
2045 2019 2214 2071 sentit
2244 2033 2459 2082 sensus,
2495 2018 2639 2072 ratio
2665 2019 2798 2072 dum
2828 2018 3066 2086 indicat;
3093 2025 3182 2073 est
3209 2035 3370 2076 mens

1874 2107 2023 2161 Dum
2035 2107 2169 2177 quid
2181 2112 2605 2175 commemorat(
2615 2107 2633 2162 l
2644 2105 2692 2176 3)
2703 2107 2943 2175 ;animus
2955 2107 3090 2162 dum
3106 2107 3322 2178 cogitat
3332 2107 3464 2180 (i4);

3113 2194 3221 2267 [est
3246 2212 3345 2250 cor

1876 2281 2110 2345 Quando
2132 2283 2265 2353 quid
2287 2283 2539 2350 affectat;
2560 2298 2687 2337 cum
2716 2283 2835 2337 vult
2870 2287 2956 2338 est
2991 2283 3143 2339 dicta
3171 2284 3458 2345 voluntas.

1875 2370 2115 2441 Spiritus
2142 2377 2227 2425 est
2253 2373 2459 2431 anima,
2494 2387 2702 2431 manes.
2740 2371 3027 2441 perfectio,
3053 2372 3185 2440 vita,

1871 2458 1989 2526 Vis,
2023 2461 2363 2525 endelechia,
2396 2466 2621 2525 natura,
2645 2459 2915 2530 potentia,
2943 2459 3119 2514 virtus

1871 2547 2135 2612 Interior,
2171 2552 2253 2603 vel
2284 2551 2482 2616 homo;
2506 2548 2784 2620 praedictis
2812 2548 3039 2603 additur
3068 2548 3270 2604 umbra
3288 2547 3427 2620 (15).

1873 2636 2050 2691 Orcus
2071 2637 2241 2690 habet
2269 2653 2462 2690 manes
2488 2634 2624 2700 (‘16);
2660 2634 2953 2688 animabus
2994 2653 3229 2707 corpora
3251 2637 3463 2704 vivunt,

1875 2724 2117 2794 Spiritus
2147 2725 2203 2778 in
2237 2724 2391 2777 caelis
2419 2744 2432 2790 ;
2458 2724 2669 2778 umbrae
2696 2739 2794 2792 per
2835 2724 2996 2776 busta
3044 2730 3317 2794 vagantur
3331 2724 3468 2796 (17).

1871 2812 2033 2873 Aula,
2068 2813 2227 2870 atria.
2264 2818 2464 2869 castra.
2488 2810 2693 2880 palatia
2722 2810 2875 2878 regia
2903 2826 3119 2878 regum-

1874 2898 2082 2967 Aliger,
2117 2898 2252 2951 ales.
2280 2901 2418 2959 avis,
2447 2898 2796 2967 volucrisque
2824 2896 3067 2961 volatile,
3097 2915 3331 2970 prmpes.

1881 2986 1937 3039 Si
1963 2986 2037 3039 sit
2057 2986 2170 3039 avis
2202 2985 2385 3055 specie
2413 2985 2592 3054 capio,
2626 2985 2700 3038 sit
2727 2985 2916 3052 garrio
2950 2986 3218 3040 vinctum.

1877 3076 2170 3146 Auspicor,
2198 3075 2529 3146 auspicium,
2561 3074 2732 3128 simul
2760 3090 3001 3145 auspex;
3045 3076 3329 3147 Aucupor,
3361 3093 3468 3133 au-

3223 3161 3398 3237 [ceas-

1875 3254 2090 3323 Augur,
2119 3256 2176 3306 et
2195 3251 2515 3322 augurium,
2542 3250 2710 3305 simul
2742 3267 3007 3321 auguror,
3040 3252 3378 3311 efﬁciantur.

1875 3342 1978 3396 Dic
1996 3357 2172 3401 arcas,
2204 3341 2415 3406 thecas,
2445 3340 2631 3401 cistas,
2665 3340 2751 3392 vel
2777 3339 3002 3405 scrinia,
3037 3357 3249 3413 capsas.

1875 3430 2137 3501 Capsula,
2170 3430 2430 3500 capsella,
2454 3428 2525 3483 de
2554 3445 2722 3499 capsa
2739 3428 3089 3484 diminutiva.

1873 3518 2120 3584 Arduus,
2149 3519 2415 3581 excelsus,
2451 3518 2654 3579 celsus.
2687 3515 2963 3583 sublimis,
2988 3522 3046 3571 et
3071 3519 3240 3583 altus,

1877 3608 2159 3661 Summus.
2193 3614 2250 3660 et
2278 3608 2479 3671 elatus,
2511 3606 2984 3674 sublimatusque,
3020 3607 3257 3675 levatus,

1874 3696 1944 3750 Et
1970 3697 2051 3749 sic
2080 3695 2333 3749 sublatus
2364 3693 2643 3765 praedictis
2674 3693 3005 3748 associatur.

1872 3786 2185 3849 Auxilium,
2220 3784 2303 3835 vel
2332 3800 2520 3852 opem,
2544 3781 2812 3851 suffragia
2837 3780 2942 3843 dic,
2977 3782 3062 3836 vel
3081 3782 3303 3851 asilum,

1873 3871 2222 3929 Praesidium.
2255 3871 2340 3924 vel
2361 3871 2695 3936 subsidium,
2719 3869 2923 3938 quibus
2950 3870 3095 3925 adde
3116 3872 3404 3942 juvamen,

1875 3962 1975 4016 His
2006 3961 2414 4030 adjumentum,
2447 3960 2615 4014 simul
2643 3958 2922 4029 adjutoria
2944 3959 3168 4030 junges,

1876 4051 1978 4104 His
1999 4049 2400 4103 adminiculum
2432 4049 2600 4102 simul
2627 4047 2820 4114 addas,
2853 4045 3350 4122 opitulamen(18).

1875 4139 1945 4192 Et
1971 4139 2039 4191 de
2070 4137 2311 4207 pr0pitio
2342 4138 2407 4189 ﬁt
2433 4136 2502 4189 de
2531 4131 2855 4206 propitiatio
2884 4148 3107 4190 nomen.

1872 4228 2133 4291 Torrens,
2193 4226 2423 4288 ﬂumen,
2483 4240 2650 4291 aqua,
2702 4219 2922 4287 ﬂuvius,
2968 4222 3143 4293 lacus,
3177 4225 3458 4298 undaque,

3109 4312 3359 4386 [lympha
3374 4334 3390 4385 ;

1872 4403 1974 4457 Dic
2002 4402 2169 4462 rivos,
2201 4400 2412 4465 latices,
2436 4405 2653 4471 puteos,
2679 4401 2769 4456 dic
2796 4406 3015 4473 stagna,
3039 4401 3307 4473 paludes;

1874 4493 1991 4548 Illis
2017 4491 2257 4545 addatur
2281 4489 2503 4552 smmis,
2538 4489 2707 4544 simul
2727 4497 2896 4561 atque
2924 4492 3199 4545 ﬂuentum

1876 4580 2071 4636 Amnis
2093 4580 2387 4649 jungatur,
2416 4580 2576 4648 Aqua
2604 4580 2927 4635 mediarana
2957 4578 3065 4647 (19)
3096 4585 3350 4641 vocatur.

1877 4673 2097 4731 Glarea,
2133 4669 2215 4721 vel
2236 4669 2478 4739 gyphus,
2512 4667 2619 4737 glis
2649 4675 2754 4733 est,
2786 4670 3000 4740 argilla,
3038 4669 3309 4725 bitumen.

1876 4763 1989 4818 Glis
2018 4758 2253 4824 animal;
2310 4758 2416 4824 gitis
2464 4762 2620 4810 terra
2673 4761 2874 4825 tenax;
2931 4759 3041 4826 glz’s
3090 4758 3257 4829 lappa
3299 4774 3466 4815 voca-

3077 4840 3194 4915 [tur
3225 4864 3236 4899 :
3260 4842 3377 4915 (20)

1876 4940 1968 4993 Bis
1995 4932 2111 5005 (21)
2139 4932 2375 4999 animal;
2401 4935 2475 4985 sis
2494 4936 2648 4985 terra
2664 4935 2833 4987 tenax
2856 4949 2868 4999 ;
2902 4935 2972 4986 tis
2994 4931 3165 5003 lappa
3189 4936 3421 4988 vocatur
3446 4950 3458 4985 :

1877 5026 1968 5081 Sic
1985 5040 2165 5095 genus
2183 5022 2345 5076 istius
2372 5018 2721 5091 dignoscitur
2745 5023 2802 5074 et
2826 5018 3125 5090 genitivus.

1947 5184 2061 5256 (17)
2088 5184 2213 5240 Non
2240 5200 2372 5255 ergo
2403 5199 2595 5238 manes
2625 5187 2775 5238 sunt.

1952 5257 2053 5323 (l8)
2080 5257 2245 5310 Deest
2268 5257 2324 5309 in
2356 5256 2571 5323 Lexico.

1951 5322 2053 5394 (19)
2079 5328 2203 5381 Non
2226 5326 2393 5381 habet
2412 5322 2878 5397 signiﬁcationem
2908 5322 3161 5397 Lexicon.

1950 5398 2058 5467 (20)
2090 5399 2250 5453 Hunc
2276 5395 2500 5452 versum
2548 5399 2685 5451 citat
2722 5395 2901 5451 Faber
2923 5397 2983 5454 in
3030 5395 3248 5465 Lexico,
3280 5400 3469 5456 aucta

1880 5487 2113 5542 remque
2140 5471 2262 5542 ejus
2291 5470 2425 5522 facit
2452 5469 2795 5542 Silvaticum.

1957 5539 2060 5613 (2i)
2094 5541 2316 5596 Scilicet
2333 5540 2617 5611 genitivus
2648 5539 2838 5595 Gliris.

277 5611 392 5701 (.6)
420 5611 762 5701 Manes’ergo
781 5611 901 5669 non
929 5623 1065 5671 sunt
1093 5618 1421 5690 simpliciter
1442 5618 1641 5673 animm
1671 5633 1795 5673 cor-
1813 5641 1864 5701 ι)

200 5682 438 5756 poribus
464 5689 663 5740 exutae.

444 5782 709 5867 Damon.
754 5786 871 5850 CL.
