3944 6376
387 374 525 435 1583

383 500 497 556 Res
521 500 719 556 eadem
740 500 1037 555 femoralia
1066 505 1211 554 sunt.
1246 500 1605 571 perizomata,
1636 498 1873 552 brachaa.

385 591 433 643 A
463 589 658 643 bracos
690 589 912 642 bracale
943 589 1112 649 venit,
1139 588 1501 657 lumbareque
1524 588 1747 642 lumbis.

385 678 569 740 Fiber,
591 676 741 730 idem
773 685 1088 745 castorque,
1120 678 1294 744 giver,
1321 677 1563 728 castoria
1593 676 1750 744 cujus

384 766 553 820 Fiunt
584 765 825 818 testiculi
852 771 1124 818 castratos
1156 765 1395 817 dicimus
1417 771 1628 817 tamen.

384 854 571 909 Unum
599 853 882 923 signiﬁcat
912 854 1149 911 boletus,
1186 852 1614 921 tubera,‘fungi.

384 942 538 1007 Quos
559 943 773 997 fructus
797 948 959 996 terrae
988 942 1206 995 faciunt
1234 959 1537 995 concursus
1569 941 1905 1012 pluviarum.

382 1031 624 1087 Additur
642 1047 963 1101 asparagus.
992 1030 1093 1084 His
1123 1046 1320 1084 sensus
1354 1029 1613 1083 convenit
1640 1046 1806 1083 unus.

382 1119 647 1191 Dragma,
688 1119 776 1172 vel
805 1134 1031 1183 aureus,
1066 1133 1220 1182 uma,
1248 1116 1554 1180 besantius,
1597 1123 1767 1188 atque
1794 1118 1979 1172 talen-

1698 1206 1867 1278 [tum.

384 1295 493 1352 Sed
523 1296 814 1367 dragmam
842 1295 1067 1365 proprie
1097 1294 1339 1365 speciem
1362 1295 1451 1348 dic
1472 1295 1736 1365 ponderis
1761 1313 1901 1350 esse.

380 1385 478 1440 Est
505 1391 772 1440 neutrum
795 1384 1033 1453 dragma
1061 1382 1183 1447 tibi,
1218 1384 1527 1454 dragmatis
1559 1389 1645 1437 est
1671 1385 1972 1454 genitivus.

380 1474 626 1539 Quaestio
655 1472 1027 1527 dramaticum
1052 1472 1204 1526 dicas
1225 1488 1406 1541 genus
1428 1488 1548 1525 esse
1578 1472 1863 1541 loquendi.

378 1560 626 1631 Dragma
657 1561 831 1614 melos
853 1559 1089 1630 pondus,
1123 1559 1204 1612 sic
1226 1560 1535 1628 dragmatis
1565 1566 1652 1613 est
1671 1561 1970 1629 genitivus.

379 1648 493 1704 Sed
520 1650 596 1703 sit
622 1648 899 1719 genitivus
920 1648 1185 1717 dragmae,
1204 1649 1423 1717 pondus
1446 1648 1546 1701 tibi
1579 1648 1809 1703 denotat
1830 1667 1967 1703 esse.

373 1739 635 1802 Pulcher,
659 1738 954 1795 formosus,
989 1753 1271 1807 procerus.
1308 1738 1390 1789 vel
1421 1737 1723 1807 speciosus,

373 1829 631 1898 Agnosce
662 1839 953 1896 procerem
982 1842 993 1877 :
1028 1826 1352 1878 Juvenalem
1386 1826 1604 1895 suscipe
1638 1832 1857 1881 testem.

379 1915 738 1986 Splendidus,
765 1914 1023 1983 egregius
1051 1914 1249 1979 forma,
1274 1916 1569 1984 specieque
1599 1924 1884 1980 venustus,

372 2005 704 2069 Praeclarus,
740 2003 970 2062 nitidus,
1005 2002 1202 2063 bellus,
1233 2003 1552 2073 pariterque
1574 2004 1827 2058 decorus.

372 2092 716 2149 Cunctorum
746 2108 1039 2163 procerum
1072 2109 1274 2162 corpus
1294 2092 1380 2144 dic
1405 2109 1526 2145 esse
1560 2110 1872 2162 procerum.

371 2181 742 2252 Marsupium,
775 2181 963 2243 bursa,
991 2181 1222 2244 forulus,
1253 2181 1601 2250 loculusque,
1632 2189 1897 2236 tumetra.

370 2272 471 2327 Est
499 2272 672 2335 canis,
702 2277 790 2325 est
818 2271 1057 2332 catulus,
1090 2270 1417 2340 leporarius,
1453 2276 1621 2341 atque
1673 2273 1966 2337 molossus,

368 2362 455 2415 Ne
475 2365 660 2414 metra
684 2359 1000 2429 precarium
1031 2359 1169 2412 odor
1191 2360 1412 2413 insecus
1443 2366 1592 2412 esset
1621 2360 1678 2413 in
1704 2360 1836 2413 illis.

363 2447 583 2515 Ether,
607 2455 665 2502 et
693 2449 922 2513 aethera,
954 2448 1133 2517 polus,
1167 2450 1366 2501 coelum
1400 2449 1621 2503 dicatur
1649 2450 1928 2520 Olympus.

369 2537 469 2591 Est
496 2536 702 2590 latrina
726 2537 880 2589 locus
907 2536 1080 2599 idem,
1102 2536 1445 2595 cacabunda.
1473 2538 1662 2591 cloaca

363 2625 560 2697 Signat
590 2625 738 2679 idem
764 2644 777 2692 ;
812 2624 967 2695 quasi
1000 2625 1161 2678 triste
1192 2625 1380 2695 legens
1410 2626 1641 2695 tristega
1671 2632 1915 2680 vocatur.

364 2714 607 2775 Chorda,
642 2713 789 2779 fidis,
808 2714 992 2769 restis.
1024 2720 1081 2768 et
1106 2714 1252 2768 funis
1280 2715 1694 2785 funiculusque,

366 2803 490 2869 Quo
519 2809 583 2857 tu
611 2802 907 2872 suspendis
933 2802 1086 2856 fures
1114 2803 1413 2872 torquinus
1439 2803 1696 2857 habetur.

359 2880 476 2949 Est.
490 2897 773 2955 antemna,
810 2891 1035 2953 rudens,
1071 2899 1359 2945 amentum
1385 2893 1647 2961 jungitur
1675 2892 1817 2946 istis.

360 2982 463 3037 Dic
487 2999 520 3036 a
549 2982 691 3036 rudo
712 2981 938 3035 rudens.
977 2981 1201 3034 Fidicen
1234 2981 1359 3033 ﬁdis
1383 2986 1439 3034 et
1468 2998 1608 3034 cano
1637 2982 1865 3034 format.

360 3070 631 3126 Ambulat
652 3070 712 3124 in
740 3070 893 3134 fune,
926 3068 1287 3123 funambulus
1316 3070 1449 3122 inde
1477 3076 1722 3123 vocatur.

1573 375 1881 432 JOANNIS
1923 376 2019 430 DE
2057 375 2483 431 GARLANDIA

1988 499 2042 557 A
2063 502 2239 563 Quem
2271 498 2403 552 colit
2439 498 2662 552 assidue
2692 499 2845 553 venit
2876 499 3210 554 hortulanus
3247 500 3317 554 ab
3347 502 3529 569 horto,

3521 375 3660 436 1584

2063 587 2214 649 Vela,
2250 589 2331 640 vel
2362 588 2559 651 aulzea,
2601 589 2831 642 cortinae
2865 596 2998 642 sunt
3025 588 3345 656 anabastra,

2064 676 2304 729 Cortinze
2334 676 2540 729 limbus
2566 682 2651 729 est
2677 678 3056 747 peripetasma
3088 686 3335 732 vocatus.

2063 763 2310 816 Dicimus
2339 765 2541 829 aulaea,
2576 766 2721 834 quod
2756 767 3156 820 distenduntur
3187 768 3245 820 in
3275 768 3429 823 aula.

2064 852 2203 904 Cum
2236 852 2309 905 sit
2339 869 2446 905 ana
2477 870 2698 906 sursum
2731 853 3001 924 bachique
3029 856 3238 925 gradus
3265 872 3375 910 ana

2063 939 2359 993 Certamen
2386 942 2532 1005 lites,
2570 943 2736 1007 rixas,
2770 950 2827 996 et
2849 944 3039 1014 jurgia
3058 945 3223 1010 vites,

2064 1026 2162 1079 Est
2188 1029 2490 1091 contentio,
2525 1030 2611 1082 vel
2641 1030 2906 1083 distentio
2936 1031 3310 1101 litigiumque,

2060 1115 2224 1169 Adsit
2249 1117 2451 1186 agonia
2482 1119 2705 1187 quando
2733 1121 3150 1189 conjungantur
3171 1120 3358 1190 agoni.

2062 1204 2161 1257 Est
2188 1222 2364 1265 coma,
2394 1207 2666 1270 caesaries,
2695 1207 2883 1272 crinis,
2928 1209 3093 1278 pilus,
3125 1216 3295 1279 atque
3323 1208 3574 1279 capillus.

2060 1292 2239 1347 Credo
2268 1297 2550 1348 caesariem
2574 1295 2826 1349 maribus
2850 1302 3047 1350 tamen
3085 1298 3521 1368 appropriatam.

2057 1381 2146 1434 Fit
2174 1382 2243 1435 de
2268 1390 2493 1453 compta
2521 1400 2682 1437 coma
2703 1384 3032 1439 mulieribus
3056 1386 3437 1457 appropriata.

2057 1469 2195 1523 Pars
2224 1471 2377 1541 prior
2410 1477 2494 1525 est
2517 1488 2713 1526 currus
2744 1473 2942 1543 capitis
2972 1474 3172 1527 derasa
3200 1474 3444 1544 pilorum

2056 1559 2322 1612 Anterior
2353 1561 2550 1630 capitis
2570 1579 2700 1631 pars
2721 1562 2893 1615 crinis
2922 1564 3098 1617 densa
3124 1550 3389 1633 pilorum,

2057 1646 2272 1700 Dicitur
2302 1648 2430 1701 hinc
2461 1666 2679 1713 currus,
2724 1650 2857 1719 quia
2886 1650 3284 1721 circumgestat
3320 1652 3542 1719 alauda,

2058 1735 2155 1789 Est
2188 1737 2328 1805 juba
2357 1738 2758 1807 quadrupedis,
2792 1756 3085 1809 porcorum
3109 1747 3229 1793 seta
3261 1747 3510 1808 vocatur,

1989 1813 2035 1872 B
2056 1825 2465 1895 Czesariemque
2499 1827 2622 1890 viri,
2650 1844 2866 1881 comam
2899 1829 3123 1898 proprie
3156 1831 3426 1885 mulieris.

2058 1914 2238 1981 Hujus
2263 1925 2313 1967 et
2346 1915 2497 1967 illius
2525 1915 2664 1968 bene
2694 1916 2900 1969 dii-itur
2929 1935 3050 1970 esse
3077 1919 3335 1988 capillus.

2058 2002 2295 2061 Laurea,
2328 2019 2586 2064 cernane,
2620 2012 2831 2057 sertum
2860 2005 3138 2059 diadema.
3173 2022 3398 2071 corona,

2057 2091 2246 2144 Addas
2275 2093 2583 2155 aureolam,
2612 2110 2722 2162 quo
2754 2095 2943 2162 pavois
2973 2095 3053 2148 sic
3082 2096 3213 2147 data
3237 2095 3441 2149 dictam
3470 2114 3483 2161 ;

2057 2180 2126 2232 Et
2156 2181 2265 2233 duo
2296 2182 2443 2249 quod
2468 2181 2658 2234 demat
2677 2183 2841 2235 credo
2872 2183 3131 2236 diadema
3154 2197 3431 2249 vocatum,

2054 2267 2246 2321 Finem
2278 2270 2609 2339 principium
2638 2271 2779 2323 sicut
2802 2270 2932 2324 facit
2961 2287 3127 2325 omne
3151 2273 3474 2325 rotundum.

2053 2357 2271 2411 Utendo
2294 2359 2557 2427 generale
2583 2359 2673 2411 die
2703 2376 2952 2417 currum,
2992 2361 3465 2430 curriculumque,

2050 2446 2131 2500 De
2160 2447 2298 2499 veho
2326 2447 2661 2507 vehiculum,
2689 2449 2837 2518 quod
2868 2448 3120 2503 versibus
3139 2455 3226 2502 est
3251 2449 3518 2503 alienum.

2051 2534 2265 2586 Horum
2298 2534 2368 2586 do
2398 2537 2607 2604 species
2635 2536 2724 2589 hic
2748 2552 2871 2605 quae
2900 2536 3214 2607 subscripta
3243 2543 3591 2608 sequuntur:

2052 2622 2273 2675 Reddas
2303 2624 2623 2695 quadrigas,
2650 2632 2939 2695 carpenta,
2970 2627 3056 2679 vel
3087 2628 3301 2690 esseda,
3337 2627 3510 2698 bigas:

2050 2711 2179 2764 Istis
2212 2712 2503 2781 pilentum,
2540 2714 2842 2783 fartagum,
2872 2716 3049 2784 junge
3080 2715 3375 2770 libramen.

2046 2801 2311 2861 Testudo,
2345 2802 2579 2865 cithara,
2617 2804 2829 2873 chelys,
2866 2811 2923 2857 et
2953 2805 3075 2875 lyra
3104 2805 3192 2858 dic
3230 2821 3425 2859 unum.

2046 2892 2095 2944 A
2115 2889 2330 2942 cithara
2357 2890 2623 2945 cithariso
2652 2893 2821 2956 venit,
2863 2892 3031 2947 simul
3069 2900 3124 2947 ct
3144 2894 3496 2949 citharaadus.

2048 2978 2191 3031 Hinc
2220 2978 2459 3048 lyricum
2488 2996 2734 3047 carmen,
2777 2981 3011 3051 lyricen,
3044 2982 3168 3053 lyra
3191 2999 3320 3037 cum
3358 3000 3498 3039 cano
3525 2983 3645 3040 for-

3471 3074 3639 3144 [mat.

364 3160 705 3227 Cantharus,
733 3166 789 3213 et
819 3128 1031 3230 patera,
1065 3158 1286 3222 calices,
1324 3158 1405 3211 vel
1429 3158 1645 3228 pocula,
1679 3170 1879 3221 crater,
1976 3128 2019 3187 C
2045 3156 2249 3210 Pollice
2278 3162 2449 3227 tango
2472 3159 2676 3227 lyram,
2701 3158 2841 3211 facio
2865 3175 2991 3213 cum
3016 3176 3241 3215 vomere
3271 3161 3473 3232 lyram.

364 3250 641 3322 Scyphus,
669 3248 817 3319 apud
850 3253 1066 3302 veteres
1099 3253 1418 3300 tractantur
1442 3263 1670 3307 cornua,
1706 3248 1937 3313 concha,

364 3339 604 3404 Cimbia,
633 3338 720 3391 vel
755 3337 1024 3398 calathos,
1056 3336 1352 3393 carthesia.
1385 3337 1676 3405 jungimus
1699 3337 1841 3390 istis.

362 3430 560 3499 Deque
584 3433 746 3497 spata
769 3427 965 3479 credas
992 3426 1071 3479 sic
1108 3425 1285 3478 dictos
1315 3442 1436 3478 esse
1466 3424 1760 3494 spadones.

365 3517 466 3571 Est
489 3515 783 3586 cophinus,
814 3514 1047 3578 celatus,
1076 3530 1201 3566 cum
1221 3520 1412 3582 sporta
1440 3514 1709 3583 sportula,
1739 3513 1959 3579 corhus,

365 3606 546 3670 Quam
581 3605 668 3658 lus
700 3602 1003 3674 quaxillum
1035 3602 1199 3654 simul
1230 3602 1351 3654 istis
1381 3602 1791 3655 associandum.

366 3694 607 3759 Fiscina,
637 3692 865 3755 ﬁscella,
900 3708 1008 3761 quo
1031 3708 1226 3743 caseus
1256 3690 1536 3743 efﬁciatur

366 3784 481 3839 Vas
507 3788 611 3848 est,
642 3798 739 3835 vas
761 3780 920 3834 lactis
947 3781 1231 3844 multtum,
1266 3780 1641 3849 multraleque
1662 3780 1830 3841 dicas,

367 3873 528 3937 Quod
558 3872 627 3926 de
657 3871 908 3940 mulgere
939 3870 1044 3923 sibi
1074 3885 1277 3922 nomen
1304 3876 1523 3921 constat
1549 3869 1772 3922 habere.

366 3961 614 4027 Balteus,
648 3966 705 4015 et
729 3960 1053 4031 crepheum,
1086 3958 1372 4020 cinctoria,
1407 3958 1649 4026 cingula,
1677 3974 1834 4023 zona,

369 4051 515 4106 Sunt
542 4066 739 4112 ocrea},
761 4049 971 4117 caligae,
1017 4064 1155 4117 quos
1184 4046 1286 4099 tibi
1312 4053 1498 4115 gestat
1518 4046 1773 4099 amictus.

369 4138 691 4205 Camisiam,
724 4137 892 4191 simul
918 4136 1221 4189 interulam
1252 4152 1369 4188 rem
1398 4136 1637 4189 dicimus
1667 4151 1859 4198 unam,

366 4228 610 4284 Additur
638 4227 726 4280 his
755 4226 893 4280 alias
921 4224 1250 4285 subuncula,
1284 4224 1537 4278 subirara
1559 4224 1747 4277 vestis.

371 4318 611 4380 Crudus,
644 4316 904 4374 crudelis,
929 4322 1204 4376 austeras,
1237 4319 1293 4367 et
1320 4314 1626 4384 improbus,
1660 4320 1835 4379 atrox,

371 4408 468 4463 Est
496 4406 668 4469 ferus,
704 4411 877 4475 atque
905 4406 1078 4467 ferox,
1112 4403 1409 4468 violentus,
1444 4403 1696 4467 acerbus,
1733 4408 1789 4455 et
1810 4419 1955 4466 acer,

369 4494 607 4567 Impius,
637 4493 888 4554 immitis,
920 4509 1115 4554 saevus,
1145 4493 1432 4557 molestus,
1464 4497 1523 4546 et
1549 4509 1731 4563 asper,

370 4588 553 4658 Asper
578 4583 921 4638 inhumanus
968 4588 1071 4647 est,
1123 4586 1398 4653 tyrannus
1441 4598 1587 4645 sum,
1630 4587 1800 4651 atque
1832 4599 1963 4652 pro-

1657 4672 1886 4741 [tervus,

371 4768 603 4831 Torvus,
630 4761 938 4818 indomitus
953 4760 1041 4814 his
1060 4760 1340 4831 jungitur,
1372 4765 1542 4832 atque
1572 4777 1815 4815 severus.

372 4859 473 4914 Est
499 4857 721 4920 chorus,
741 4859 911 4923 atque
934 4851 1155 4915 cohors,
1176 4857 1497 4911 conventus,
1518 4852 1731 4915 concio,
1763 4856 1958 4919 coetus,

368 4948 472 5004 Dic
502 4943 803 5009 consortia,
836 4939 1218 5003 contubernia,
1252 4939 1452 5009 dicque
1481 4940 1762 5007 choream,

367 5040 596 5100 Turma,
631 5034 892 5105 phalanx,
924 5028 1342 5084 acies.societur
1372 5046 1582 5083 cuneus
1602 5029 1744 5095 istis,

368 5130 468 5184 Est
496 5143 587 5179 sex
613 5130 902 5177 centorum
925 5120 1213 5188 sexaginta
1238 5119 1382 5187 legio
1414 5136 1529 5180 sex,

365 5217 442 5273 Ut
464 5230 759 5269 numerum
794 5226 1028 5281 peragas
1058 5226 1226 5277 super
1259 5209 1360 5261 hoc
1388 5227 1481 5261 sex
1511 5209 1683 5261 millia
1706 5210 1933 5277 jungas,

363 5307 473 5365 Sed
495 5304 928 5376 quingentorum
958 5304 1216 5351 cmterum
1249 5297 1336 5349 dic
1366 5315 1486 5350 esse
1512 5298 1817 5349 cohortem.

362 5399 700 5455 Conventus,
742 5388 1211 5443 conventiculum.
1243 5404 1441 5439 manus
1464 5387 1694 5439 additur
1729 5386 1847 5438 istis

360 5486 511 5545 Istis,
541 5480 854 5541 consilium,
887 5478 1054 5531 simul
1085 5484 1139 5529 et
1165 5476 1489 5529 constabula
1514 5476 1739 5541 jungas.

360 5571 647 5642 Cymbala,
680 5584 969 5636 campana,
1003 5567 1145 5621 nola,
1182 5564 1811 5631 tii‘itinnabulajnngas.

358 5660 622 5728 Campus,
655 5656 888 5724 agellus,
922 5670 1072 5722 ager,
1106 5670 1220 5718 rus,
1256 5654 1470 5707 hortus.
1501 5659 1558 5705 et
1584 5654 1956 5718 hortulus,ar—

1701 5740 1872 5810 [vum,

2043 3246 2262 3299 Deliros
2290 3246 2419 3300 inde
2448 3248 2633 3300 fatuos
2664 3263 2891 3300 censere
2923 3248 3189 3316 solemus,

2044 3334 2114 3388 Et
2140 3335 2381 3388 delirare
2402 3336 2687 3389 discordes
2720 3336 2850 3389 inde
2871 3342 3148 3391 teruntur.

2046 3423 2319 3493 Ambigit,
2356 3432 2413 3477 et
2431 3424 2669 3487 dubitat,
2701 3431 2758 3477 et
2786 3426 3038 3484 ﬂuctuat,
3072 3424 3312 3493 haesitat,
3345 3426 3538 3496 haeret,

2046 3513 2161 3565 Nec
2190 3513 2295 3566 nisi
2328 3514 2607 3583 praedictis
2636 3531 2823 3567 musso
2844 3514 3165 3584 suppeditat
3189 3514 3333 3570 istis.

2046 3602 2379 3665 Estdomus,
2415 3610 2583 3673 atque
2625 3603 2810 3665 doma,
2846 3620 3112 3673 praesepe,
3157 3603 3519 3671 domuncula,
3553 3610 3645 3659 te-

3438 3694 3637 3763 [ctum,

2044 3781 2237 3843 dides,
2270 3781 2548 3847 aediculas,
2582 3780 2919 3839 habitacula.
2952 3781 3041 3833 dic
3061 3781 3351 3849 stationes,

2045 3870 2146 3923 His
2169 3870 2555 3939 pastoforium,
2586 3870 2824 3938 magalo,
2859 3869 3086 3939 tuguria
3108 3870 3334 3940 jungas,

2046 3957 2236 4028 Atque
2268 3959 2503 4028 mapale,
2539 3974 2686 4019 casa,
2729 3959 2809 4010 sic
2828 3958 3040 4028 ypepis,
3080 3958 3294 4011 mansio
3319 3959 3516 4028 juncta

2044 4048 2172 4108 Lar,
2215 4054 2271 4101 et
2299 4048 2665 4111 domicilium,
2700 4046 2847 4116 quod
2868 4046 3001 4100 tecti
3033 4063 3160 4115 pars
3184 4064 3296 4100 una
3321 4054 3566 4116 vocatur,

2046 4135 2145 4189 Est
2173 4137 2329 4202 hera,
2361 4137 2445 4189 vel
2476 4136 2721 4200 domina,
2758 4136 2976 4199 mulier,
3010 4141 3293 4201 matrona,
3329 4136 3538 4207 virago.

2045 4226 2269 4290 Doctor,
2293 4232 2349 4279 et
2364 4226 2689 4285 instructor,
2719 4224 2981 4289 monitor,
3014 4224 3351 4295 paedagogus
3377 4231 3434 4279 et
3460 4229 3638 4295 actor,

2046 4315 2357 4375 Corrector,
2384 4313 2550 4366 simul
2582 4314 2669 4366 his
2697 4313 3035 4367 didascalus.
3069 4320 3239 4381 atque
3274 4314 3564 4383 magister.

2046 4402 2303 4465 Destruo,
2339 4402 2599 4462 dissolvo,
2634 4403 2887 4473 populor,
2920 4419 3317 4471 consumoque,
3354 4408 3527 4470 vasto,

2045 4492 2239 4554 Diruo,
2267 4492 2547 4563 dispergo,
2572 4492 2852 4551 subverto,
2884 4492 3262 4562 dilapidoque,

2045 4580 2145 4635 Dic
2175 4582 2393 4644 dumos,
2417 4581 2661 4639 frutices.
2686 4587 2742 4634 et
2771 4580 2955 4637 rubos.
2981 4580 3229 4643 arbusta,
3259 4581 3492 4647 fruceta,

2046 4671 2236 4742 Deque
2261 4670 2400 4725 rubo
2438 4671 2614 4724 dictas
2644 4670 2877 4723 bufones
2909 4670 3074 4723 crede
3103 4669 3350 4723 rubetas.

2043 4760 2281 4814 Arboris
2312 4766 2368 4813 et
2404 4759 2621 4813 fruticis
2652 4760 2772 4813 loca
2793 4765 2926 4813 sunt
2952 4757 3200 4821 arbusta,
3229 4758 3462 4816 fruceta.

2043 4850 2176 4913 Quae
2203 4858 2462 4903 crescunt
2488 4850 2668 4902 instar
2695 4848 2909 4902 fruticis
2942 4847 3209 4902 fruticare
3238 4846 3516 4904 videntur.

2041 4940 2278 4997 Divitiae.
2314 4940 2395 4992 vel
2417 4956 2569 5008 opes,
2597 4955 2814 4999 census,
2839 4937 3095 5008 pecunia,
3125 4954 3293 5007 gazae,

2043 5029 2141 5082 Est
2168 5029 2475 5093 onulentia,
2509 5028 2593 5080 vel
2624 5028 2897 5098 possessio
2950 5026 3363 5097 peculiumque,

2044 5118 2154 5172 Res
2184 5126 2240 5171 et
2269 5117 2581 5188 proprietas
2610 5135 2620 5168 :
2655 5117 2785 5170 hinc
2814 5115 3217 5187 proprietarius
3243 5113 3375 5168 exit.

2047 5208 2200 5269 Esca,
2235 5208 2423 5277 dapes,
2458 5207 2653 5276 epulze,
2689 5205 2863 5266 cibus,
2888 5212 3057 5274 atque
3086 5202 3313 5266 cibaria,
3347 5204 3561 5273 pastus,

2048 5296 2259 5349 Pabula
2281 5303 2411 5348 sunt
2433 5295 2624 5354 etiam,
2658 5294 2924 5355 convivia,
2958 5294 3150 5351 victus,
3186 5298 3242 5345 et
3271 5308 3418 5352 esus,

2041 5386 2335 5438 Jcntamen
2359 5402 2539 5445 mane,
2562 5384 2847 5451 jentacula
2878 5382 3114 5434 dicimus
3146 5381 3292 5442 inde,

2045 5474 2152 5526 Sed
2186 5484 2377 5525 cutura
2410 5482 2694 5541 sumptum
2730 5472 2959 5523 veniunt
2982 5470 3215 5523 obsonia
3244 5484 3410 5538 saepe,

2042 5563 2233 5631 Atque
2266 5562 2355 5613 die
2385 5562 2565 5613 media
2587 5562 2683 5613 dat
2713 5561 2947 5630 prandia
2977 5560 3198 5612 debitus
3224 5557 3387 5612 ordo.

2038 5652 2135 5705 Est
2181 5651 2426 5723 sonipes,
2470 5652 2556 5705 vel
2608 5666 2785 5721 equus
2836 5651 3008 5717 ferus,
3064 5648 3490 5721 equiferusque,
3546 5662 3634 5701 ca-

3260 5733 3485 5809 [δειλαί.
