3944 6360
311 353 450 415 1585

311 481 444 538 Istis
475 481 886 553 quadrupedes,
920 482 1089 539 simul
1110 485 1439 539 emissarius
1470 486 1664 553 addes,

306 571 411 625 Est
437 588 638 625 manus
672 588 909 641 magnus
935 574 1141 628 dextrae
1167 575 1479 629 dextrarius
1509 582 1692 646 aptus.

307 661 499 715 Redde
530 668 797 723 vectores,
827 679 927 716 nos
958 664 1196 716 dicimus
1230 682 1349 717 esse
1380 665 1627 718 vercdes.

304 748 557 803 Dicimus
588 750 889 813 eunuchos,
925 757 1216 816 castratos,
1251 752 1365 805 sive
1394 753 1692 822 spadones,

309 837 367 892 Si
398 840 546 909 quod
580 846 817 892 metrum
860 840 1005 893 sinet
1034 841 1119 893 his
1149 841 1539 894 cuintitulatus
1560 841 1615 895 in
1646 842 1805 900 istro.

308 927 596 981 Castratos
626 935 831 981 natura
859 929 1005 986 lacit.
1042 930 1281 983 violenta
1301 931 1577 1000 spadones

306 1015 489 1070 Efﬁcit
517 1017 865 1087 improbitas,
882 1019 1167 1072 eunuchos
1201 1019 1319 1071 sola
1339 1019 1616 1074 voluntas.

306 1104 551 1159 Vocibus
575 1106 663 1159 his
698 1122 894 1160 sensus
926 1107 1241 1161 verbalibus
1269 1108 1384 1161 acci
1428 1108 1473 1161 it
1492 1125 1637 1162 unus
1661 1127 1672 1160 :

308 1193 665 1265 Conjecturo,
692 1212 835 1259 reor,
868 1196 955 1248 vel
976 1196 1232 1265 conjicio,
1265 1197 1349 1249 vel
1380 1198 1599 1266 opinor,

308 1281 589 1352 Autumo,
616 1285 886 1354 conjecto,
911 1285 997 1337 vel
1025 1285 1295 1355 suspicor,
1326 1285 1563 1349 aestimo,
1595 1288 1779 1341 credo.

307 1372 496 1440 Fossa,
538 1389 768 1442 specus,
810 1374 988 1437 fovea,
1039 1375 1335 1444 spelunca,
1378 1390 1630 1441 caverna,
1682 1377 1767 1429 vel
1809 1394 1904 1431 an~

1561 1463 1734 1533 [trum
1745 1507 1755 1518 .

309 1550 510 1606 Scrobs
538 1550 747 1606 scrobis
795 1556 881 1605 est
932 1553 1110 1618 fovea,
1162 1552 1260 1605 sed
1313 1551 1471 1606 scobs
1520 1554 1699 1608 scobis
1728 1556 1913 1615 utitur,

1764 1645 1899 1715 [illa.

304 1729 503 1793 Traco,
524 1732 828 1794 anfractus,
863 1748 1027 1785 cavus
1058 1731 1146 1784 his
1171 1731 1412 1784 addatur
1434 1730 1687 1803 abyssus,

304 1818 467 1874 Unde
495 1822 678 1874 ﬂuunt
699 1820 924 1879 imbres.
950 1820 1073 1873 εαξιί
1104 1827 1407 1881 cataracta,
1440 1827 1676 1876 meatus.

304 1910 673 1980 Mancipium,
701 1912 964 1972 famulus,
992 1916 1048 1964 et
1084 1911 1277 1972 cliens,
1307 1916 1363 1963 et
1401 1927 1571 1963 verna
1624 1912 1897 1979 minister,

308 1998 501 2069 Atque
534 1999 899 2064 ministrator,
925 2017 1082 2069 puer.
1107 2000 1335 2060 assecla,
1369 2001 1616 2062 vernula,
1650 2018 1859 2056 servus.

308 2087 547 2158 Satrapa
576 2089 852 2159 prmtllctis
885 2090 1262 2158 conjungitur.
1293 2096 1461 2158 atque
1501 2091 1745 2143 satelles.

308 2176 624 2240 Cancellus,
657 2195 845 2247 porus.
881 2179 1052 2235 forus.
1082 2184 1251 2246 atque
1277 2178 1540 2235 fenestra.
1576 2178 1844 2233 foramen.

306 2264 627 2344 Cancellum
652 2267 794 2318 muri
827 2268 1160 2337 quadratum
1186 2266 1308 2318 dico
1330 2268 1602 2330 foramen,

308 2353 377 2408 In
406 2371 517 2425 quo
546 2361 679 2408 sunt
701 2355 878 2408 solitae
910 2355 1012 2407 sibi
1040 2355 1321 2408 nidiﬁcare
1351 2355 1639 2409 columba}.

309 2443 605 2497 Cancellus
631 2444 822 2514 templi
847 2461 977 2514 pars
998 2444 1198 2497 intima
1218 2444 1426 2497 dicitur
1454 2461 1595 2497 esse.

314 2532 412 2587 Est
440 2533 748 2586 cancellare
779 2534 924 2603 quod
953 2549 1176 2604 semper
1200 2534 1520 2587 damnanda
1549 2539 1779 2588 notare:

313 2622 557 2676 Nomina
583 2639 683 2692 per
711 2623 953 2675 medium
988 2623 1135 2692 quod
1165 2622 1352 2691 signat
1377 2623 1525 2675 linea
1555 2624 1745 2690 ducta,

308 2710 469 2775 Quod
496 2711 644 2764 male
682 2711 888 2782 scripta
908 2711 1057 2771 linit,
1089 2712 1219 2764 hinc
1249 2713 1616 2765 cancellarius
1642 2713 1775 2766 exit.

304 2799 372 2855 In
400 2817 565 2854 cruce
597 2800 870 2853 cancellat
896 2816 996 2870 pro
1029 2800 1188 2853 nobis
1216 2800 1448 2853 brachia
1474 2802 1753 2855 Christus.

305 2889 538 2959 Raptor,
568 2890 653 2942 vel
686 2889 894 2959 praedo,
925 2890 1089 2942 latro.
1125 2890 1496 2953 latrunculus,
1532 2896 1589 2943 et
1611 2890 1725 2960 fur,

303 2977 448 3032 Sunt
477 2984 534 3032 et
565 2978 876 3042 stratilites,
906 2978 1108 3048 abigei,
1141 2978 1492 3048 Vespiliones.

302 3067 577 3136 Tempore
608 3074 883 3120 nocturno
910 3067 1001 3120 fur
1031 3067 1234 3128 aufert,
1269 3067 1413 3119 latro
1436 3066 1637 3121 diurno
1664 3085 1677 3135 ;

310 3155 543 3226 Vispilio
575 3156 734 3226 quasi
767 3156 815 3207 vi
845 3155 1091 3226 spolians
1117 3157 1185 3209 de
1208 3157 1336 3225 jure
1366 3163 1596 3209 voratur
1621 3174 1633 3222 ;

299 3243 449 3308 Quos
478 3245 619 3296 clam
649 3244 939 3298 stratilites
973 3245 1130 3315 quasi
1158 3252 1334 3298 strata
1365 3244 1486 3297 dico
1516 3245 1789 3312 latentes;

306 3333 414 3398 Qui
444 3349 616 3402 pecus
644 3338 701 3385 et
721 3334 960 3403 pecudes
1000 3333 1234 3402 abigunt
1263 3340 1394 3386 sunt
1423 3333 1639 3402 abigei;

302 3418 691 3489 Raptoresque
722 3421 893 3473 maris
920 3421 1127 3491 pirates
1159 3439 1380 3491 quoque
1413 3421 1650 3474 dicimus
1680 3438 1822 3475 esse.

299 3507 583 3566 Gratulor.
620 3510 826 3572 exulto,
860 3510 1147 3579 lzetorque.
1174 3510 1510 3579 plaudoque,
1545 3509 1774 3571 resulto,

299 3595 529 3651 Gaudeo
555 3597 817 3668 tripudio,
852 3598 937 3651 vel
967 3615 1085 3653 ovo.
1121 3615 1245 3651 cum
1271 3599 1468 3667 jubilo,
1500 3600 1696 3669 psallo,

296 3686 599 3742 Jucundor.
633 3687 804 3739 simul
836 3687 1103 3752 exhilaro,
1139 3688 1213 3740 sit
1241 3688 1297 3740 in
1332 3688 1416 3740 his
1440 3689 1731 3741 hilaresco.
1767 3684 1777 3693 ’

298 3773 533 3829 Gladius
562 3775 856 3845 rumphea,
881 3777 966 3828 vel
1000 3778 1227 3835 framea.
1258 3777 1343 3829 vel
1372 3794 1581 3839 mucro,
1607 3778 1692 3830 vel
1719 3776 1886 3838 ensis,

295 3863 548 3918 Additur
577 3864 663 3917 his
692 3864 823 3921 sica.
860 3864 1091 3918 sicarius
1116 3865 1227 3917 exit
1256 3865 1325 3917 ab
1348 3866 1462 3919 illa.

295 3951 396 4005 Est
416 3953 596 4013 stilus,
632 3959 688 4006 et
706 3954 1025 4023 graphium.
1050 3955 1297 4007 calamus
1319 3955 1682 4025 scriptoribus
1702 3960 1887 4026 aptus.

294 4040 489 4112 Atque
520 4042 812 4112 pugillaris
838 4043 1018 4096 dictus
1049 4043 1302 4112 capiente
1334 4045 1563 4113 pugillo.

295 4128 509 4182 Gibbus
543 4130 631 4183 vel
659 4137 877 4183 struma
906 4132 1129 4200 proprie
1162 4148 1290 4201 pars
1320 4132 1544 4199 turgida
1564 4130 1734 4184 dorsi.

295 4215 459 4271 Illinc
483 4217 768 4287 gibbosus.
801 4226 1114 4272 strumosus
1141 4220 1377 4273 dicimus
1408 4221 1578 4273 illinc.

295 4306 536 4372 Horreo,
567 4306 826 4367 formido,
866 4314 1077 4371 metuo,
1105 4308 1412 4377 timeoque.
1447 4316 1737 4371 tremesco,

296 4394 367 4448 Et
387 4400 588 4450 tremo.
624 4412 749 4448 cum
784 4412 972 4463 paveo.
997 4396 1236 4465 trepido,
1270 4415 1571 4467 paveoque,
1609 4414 1837 4467 pavesco

295 4481 469 4553 Ignis,
505 4491 562 4537 et
591 4485 871 4553 igniculus
906 4486 1111 4538 format
1140 4486 1311 4552 focus,
1345 4496 1513 4556 atque
1541 4487 1815 4539 caminus.

294 4570 399 4625 Est
428 4590 617 4643 rogus,
649 4580 818 4643 atque
857 4575 996 4644 pira,
1032 4576 1319 4627 fornacula
1343 4576 1635 4645 jungimus
1664 4575 1790 4628 illis.

294 4660 554 4723 Insanus,
590 4664 905 4723 vehemens,
941 4681 1149 4725 vecors,
1193 4681 1451 4724 vesanus,
1489 4671 1544 4717 et
1570 4681 1780 4730 excors,

295 4750 493 4804 Secors
523 4757 580 4804 et
608 4751 839 4805 demens
890 4751 1156 4809 bachans.
1191 4759 1247 4806 et
1275 4754 1478 4806 stultus
1509 4759 1566 4806 et
1591 4769 1784 4806 amens

291 4840 582 4905 Tartarus,
610 4841 882 4902 infernus,
918 4843 1180 4900 acheron.
1206 4843 1331 4904 stix,
1365 4860 1545 4904 orcus,
1577 4858 1835 4901 avernus.

292 4928 394 4983 His
422 4930 673 4998 erebum,
703 4930 991 4985 baratrum
1039 4933 1406 5001 conjungunt,
1468 4938 1637 5002 atque
1683 4932 1889 5002 gehen-

1706 5022 1883 5092 [nam.

297 5107 397 5161 Est
413 5108 637 5176 juncus,
674 5108 910 5179 scirpus,
942 5107 1170 5163 bibilus.
1203 5110 1451 5179 papirus,
1485 5110 1724 5177 arundo,

294 5195 436 5249 Cum
466 5212 662 5259 canna,
700 5197 949 5250 calamus
980 5197 1258 5268 praedictis
1296 5200 1628 5253 associatur.

295 5284 490 5346 Suffio,
523 5285 763 5345 turiﬁco,
796 5287 1097 5355 sufﬁmigo,
1129 5303 1253 5339 cum
1287 5288 1487 5357 quibus
1518 5288 1662 5341 addo

294 5371 555 5430 Incenso.
585 5391 813 5427 sensum
839 5376 994 5428 dedit
1018 5376 1137 5428 istis
1170 5393 1303 5428 usus
1335 5377 1595 5429 eundem.

295 5462 470 5516 Suflio
493 5463 754 5517 dematur
779 5466 926 5534 quod
958 5465 1037 5517 sic
1066 5473 1260 5518 autore
1287 5466 1574 5535 probatur,

296 5552 364 5605 Et
393 5552 583 5605 sufﬁre
616 5556 797 5606 locum
829 5560 1053 5619 sumpta
1085 5556 1393 5625 prOpriavit
1422 5572 1634 5609 acerra.

302 5641 609 5705 Interimit,
647 5642 893 5713 perimit,
924 5641 1210 5708 interﬁcit,
1237 5652 1294 5698 et
1322 5652 1504 5711 necat,
1537 5649 1710 5698 occat.

1518 354 1701 412 OPUS
1743 355 2321 412 SYNONYMORUM.

1929 485 2229 546 AOccidit,
2262 488 2490 544 mactat,
2521 482 2817 551 extinguit.
2851 482 2966 536 sive
2993 483 3252 550 trucidat,

1991 576 2255 636 Suﬂ‘ocat,
2282 575 2522 643 jugulat.
2559 574 2825 633 funestat,
2868 572 2983 625 sive
3012 573 3258 641 sugillat,

1990 663 2311 725 Mortiﬁcat.
2349 670 2591 723 truncat,
2627 661 2985 725 determinat,
3019 664 3384 719 exanimatve.

1989 753 2188 813 Janua,
2225 760 2401 822 porta,
2440 752 2638 804 bifores
2667 758 2801 803 sunt
2828 750 2991 809 ostia.
3026 752 3222 810 valvae,

1988 842 2298 901 Veneﬁcas.
2336 842 2577 911 magicas
2607 839 2776 897 dicas,
2813 840 3011 892 lamias
3040 856 3282 910 quoque,
3316 855 3496 911 sagas.

1988 930 2117 983 Istis
2150 931 2409 999 signatur
2438 929 2651 990 eadem,
2690 927 2892 999 quibus
2922 928 3254 983 associatur.

1986 1018 2129 1073 Hinc
2155 1019 2508 1077 incantatrix,
2547 1033 2776 1087 sagana,
2808 1016 3245 1087 praestitigatrix.

1985 1108 2217 1166 Histrio.
2246 1109 2327 1162 vel
2358 1109 2541 1179 palpo.
2576 1107 2798 1168 mimus,
2832 1107 2918 1159 vel
2942 1106 3329 1176 gesticulator,

1987 1196 2085 1250 Est
2112 1197 2296 1267 epulo.
2330 1196 2534 1250 nebulo
2558 1196 2858 1265 parasitus,
2901 1211 3114 1256 scurra,
3144 1195 3379 1264 legator,

1987 1283 2077 1338 Sic
2102 1284 2497 1355 pantomimus,
2533 1283 2839 1346 comoedus,
2865 1282 2952 1335 vel
2977 1283 3275 1353 joculator,

1985 1373 2065 1427 De
2096 1381 2356 1445 serpente
2390 1389 2535 1444 nepa
2563 1372 2726 1426 dictis
2754 1371 2842 1425 his
2871 1372 3014 1425 adde
3044 1378 3294 1443 nepotes.

1987 1464 2138 1529 Calx,
2175 1479 2430 1534 scrupus,
2465 1470 2521 1515 et
2551 1461 2868 1532 scrupulus,
2903 1462 3076 1531 mola,
3106 1462 3375 1523 calculus,
3413 1465 3584 1533 atque

3299 1550 3575 1620 [molaris,

1986 1640 2242 1694 Addatur
2260 1639 2439 1693 cautis
2470 1655 2592 1709 quae
2622 1654 2767 1709 saepe
2797 1639 2863 1692 ﬁt
2886 1638 3048 1692 obvia
3074 1639 3282 1705 nautis,

1986 1729 2171 1786 Petra.
2206 1729 2400 1798 lapsis,
2429 1744 2647 1791 saxum,
2674 1727 2934 1797 populus,
2963 1727 3256 1798 silicesque
3305 1726 3551 1799 lapillus.

1922 1843 1965 1901 Β
1986 1816 2084 1871 Est
2111 1817 2337 1874 chorus.
2368 1822 2425 1870 et
2458 1820 2719 1879 stratum,
2772 1815 2969 1877 lectus,
3017 1815 3339 1875 choreuma,
3378 1814 3584 1886 graba-

3340 1906 3505 1976 [tum,

1982 1995 2301 2057 Accubitus,
2327 1994 2416 2047 his
2441 1994 2772 2046 dormitoria
2788 1995 2984 2063 junge,
3019 1993 3219 2048 cubile.

1983 2084 2208 2143 thbe,
2240 2085 2320 2136 vel
2348 2084 2498 2141 luna,
2535 2083 2818 2153 cyntania,
2854 2099 3037 2143 mena,

1982 2175 2063 2227 Ac
2092 2173 2307 2225 novitas
2330 2174 2476 2225 lunae
2508 2173 2809 2225 neumenia
2836 2172 3044 2225 dicitur
3071 2171 3215 2225 inde.

1985 2261 2231 2321 Cartula,
2268 2262 2350 2314 vel
2384 2269 2560 2319 carta.
2594 2262 2782 2321 codex,
2821 2260 2976 2317 liber.
3008 2267 3177 2330 atque
3214 2259 3454 2316 libellus.

1986 2350 2044 2405 Si
2072 2350 2235 2403 breve
2271 2351 2482 2419 longari
2517 2350 2648 2403 licet
2675 2358 2728 2401 et
2762 2350 2988 2419 longum
3022 2349 3288 2407 breviari.

1986 2440 2086 2493 His
2115 2439 2402 2492 codicillus
2431 2438 2813 2508 conjungitur.
2848 2446 3018 2508 atque
3043 2439 3306 2492 volumen
3331 2456 3343 2491 :

1987 2529 2166 2582 Gustu
2198 2528 2469 2592 libellum,
2502 2527 2621 2580 visu
2653 2543 2922 2597 cognosce
2951 2526 3227 2584 libellum.

1988 2617 2249 2687 Subligar
2277 2624 2363 2669 est
2392 2617 2582 2685 ligula,
2615 2615 2823 2685 caligas
2845 2632 2967 2685 quae
2993 2615 3239 2685 subligat
3267 2614 3401 2682 alte,

1985 2706 2166 2775 Junge
2191 2707 2328 2766 luto,
2364 2721 2605 2763 cmnum.
2637 2705 2840 2773 quibus
2865 2705 3007 2758 adde
3025 2705 3333 2771 volutabra,
3356 2705 3577 2773 limum,

1986 2795 2129 2847 Hinc
2152 2795 2515 2856 coenolentus,
2553 2793 2763 2847 illimus
2793 2793 3001 2846 dicitur
3028 2793 3177 2847 inde.

1983 2883 2084 2937 Dic
2112 2899 2288 2947 mare,
2328 2882 2417 2935 dic
2467 2882 2669 2948 salum,
2701 2882 2792 2935 dic
2834 2898 3078 2953 aequora,
3122 2882 3321 2952 dieque
3345 2881 3579 2953 profun-

3359 2971 3539 3042 [dum,

1988 3060 2090 3113 Hic
2120 3061 2371 3130 pelagus,
2403 3064 2658 3129 pontum.
2686 3058 2848 3120 freta,
2875 3060 3084 3130 jungas
3111 3058 3538 3129 bicaterassum,

1916 3121 1960 3180 δ
1983 3150 2085 3203 Dic
2109 3121 2514 3219 amphitritem,
2543 3148 2674 3219 quia
2693 3121 2896 3202 circuit
2919 3121 3137 3203 etvterit
3164 3148 3377 3203 orbem.

1982 3239 2080 3292 Est
2134 3239 2422 3301 meretrix,
2471 3244 2738 3302 scortum,
2790 3237 2958 3301 thais,
3010 3238 3159 3308 lupa,
3222 3254 3411 3310 capra,
3466 3237 3581 3294 chi-

3297 3327 3501 3398 [mera,

1980 3418 2113 3471 Post
2131 3433 2349 3478 novam,
2384 3422 2660 3487 prostans,
2695 3417 2927 3470 novaria
2947 3416 3209 3487 jungitur
3235 3416 3364 3471 illis.

1980 3506 2257 3576 Gausape,
2296 3507 2562 3565 mensale,
2599 3522 2854 3576 mappas,
2886 3506 3241 3576 manutergia
3267 3506 3440 3569 dicas,

1978 3594 2168 3647 Addas
2200 3595 2436 3647 mancile
2460 3594 2724 3647 manibus
2754 3594 2903 3664 quod
2935 3596 3046 3648 tale
3076 3602 3323 3649 vocatur.

1977 3684 2135 3737 Miles
2158 3702 2348 3754 eques,
2381 3690 2527 3754 tyro,
2563 3684 2915 3754 tyrunculus.
2951 3691 3119 3753 atque
3151 3685 3406 3755 quirites,

1974 3773 2159 3842 Atque
2192 3772 2598 3842 neoptolomus,
2635 3789 2810 3825 novus
2841 3779 2926 3825 est
2954 3778 3216 3842 regnator
3244 3774 3302 3827 in
3332 3773 3464 3828 illis.

1973 3861 2290 3922 Materiam,
2318 3862 2401 3913 vel
2435 3860 2744 3925 materiem,
2781 3861 2871 3913 dic
2899 3877 3019 3914 esse
3048 3861 3343 3915 domorum
3366 3881 3383 3928 ;

1971 3950 2019 4003 A
2051 3951 2291 4020 paritate
2316 3950 2464 4003 venit
2491 3949 2694 4019 paries,
2728 3966 2850 4019 quae
2870 3951 3130 4019 jungitur
3157 3950 3302 4004 istis.

1977 4039 2084 4093 Sed
2116 4056 2305 4093 muros
2345 4039 2587 4109 proprie,
2620 4039 2704 4092 vel
2736 4044 2959 4103 moenia,
2989 4038 3226 4092 dicimus
3252 4038 3426 4093 urbis.

1974 4127 2190 4180 Dicitur
2220 4144 2284 4180 ac
2314 4128 2540 4182 vallum.
2574 4128 2751 4197 palus,
2788 4143 2852 4180 ac
2883 4126 3085 4180 vimine
3114 4126 3323 4180 factum
3355 4145 3368 4179 :

1904 4237 1955 4296 D
1979 4217 2119 4269 Hinc
2148 4216 2414 4269 invallare
2443 4233 2533 4269 res
2562 4222 2646 4268 est
2673 4216 2958 4269 includere
2978 4216 3140 4269 vallo.

1977 4306 2231 4375 Sepibus.
2268 4312 2323 4357 et
2343 4306 2538 4374 septis,
2568 4305 2875 4357 includitur
2904 4305 3120 4372 hortus,
3146 4310 3202 4358 et
3238 4320 3456 4360 arvum.

1974 4397 2183 4465 lndago
2209 4395 2393 4455 silvas,
2428 4394 2580 4446 silis
2605 4400 2662 4446 et
2688 4393 2923 4447 latentia
2952 4393 3165 4446 claudit
3194 4412 3206 4447 :

1974 4483 2251 4553 Indagare
2282 4484 2410 4536 hinc
2442 4501 2527 4536 res
2556 4485 2847 4553 explorare
2875 4484 3132 4536 latentes.

1974 4574 2223 4636 Intimat,
2257 4574 2527 4634 insinuat,
2559 4573 2835 4638 enucleat,
2862 4579 3031 4642 atque
3052 4572 3279 4639 revelat,

1973 4664 2241 4732 lnsignat.
2280 4663 2518 4731 retegit;
2552 4661 2826 4725 edisserit,
2862 4668 3030 4731 atque
3056 4661 3277 4727 retexit,

1971 4752 2229 4822 Duplicat
2259 4757 2316 4805 et
2342 4749 2555 4822 pandit,
2587 4767 2700 4804 aevo
2728 4751 2841 4815 dat,
2868 4751 3093 4820 promit,
3129 4756 3188 4804 et
3215 4749 3349 4817 edit,

1971 4842 2235 4906 Nunciat,
2273 4841 2516 4911 exponit,
2541 4839 2804 4905 elucidat,
2840 4845 3011 4910 atque
3039 4843 3282 4905 serenat,

1972 4930 2243 5000 Explicat,
2279 4936 2517 4992 exercet,
2550 4929 2816 5003 declarat,
2851 4928 2934 4981 vel
2965 4927 3308 4994 manifestat,

1971 5018 2270 5090 Exprimit,
2305 5024 2363 5072 et
2389 5024 2623 5084 reserat,
2647 5016 2920 5088 propalat,
2955 5015 3170 5070 indicat
3204 5021 3377 5087 atque

1972 5109 2234 5163 Notiﬁcat
2266 5128 2278 5162 :
2316 5108 2499 5162 verbis
2532 5108 2615 5161 his
2645 5123 2842 5161 sensus
2872 5105 3131 5159 convenit
3156 5105 3327 5160 idem.

1974 5198 2225 5268 Expedit,
2263 5196 2483 5259 evolvit,
2514 5197 2715 5267 aperit,
2744 5196 3050 5266 nudatque,
3084 5194 3344 5249 recludit.

1979 5288 2197 5346 Interit,
2231 5285 2527 5349 occumbit,
2560 5292 2798 5338 mortem
2824 5285 3011 5355 signat
3031 5284 3350 5351 violentam,

1975 5377 2211 5441 Interit;
2237 5375 2494 5444 exspirat.
2534 5374 2790 5429 moritur.
2825 5374 3166 5444 defungitur,
3199 5379 3390 5444 atque,

1977 5465 2288 5519 Occumbit.
2323 5464 2405 5515 vel
2435 5463 2568 5525 obit,
2601 5462 2938 5529 dissolvitur,
2973 5464 3388 5533 exanimatque,

1977 5556 2060 5607 Ad
2084 5553 2396 5607 naturalem
2429 5551 2765 5604 concordant
2791 5559 2991 5604 czetera
3026 5556 3282 5605 mortem.

1978 5643 2213 5700 Excidit,
2252 5641 2493 5705 exhalat,
2527 5639 2745 5692 decedit
2764 5639 2843 5693 eis
2871 5640 3136 5696 sociatur.
