3944 6368
363 342 517 407 1587.

369 467 438 521 Et
466 471 627 538 potes
656 465 975 529 illudidem
1007 466 1297 536 complexa
1322 464 1508 533 dicere
1538 483 1667 520 voce
1700 486 1711 519 :

370 555 609 610 Tollitur
639 572 668 608 e
691 555 898 615 medio,
928 561 1143 625 naturai
1175 554 1365 609 debita
1395 555 1576 623 solvit,

371 646 601 715 Natura:
626 632 817 698 debita
848 622 1050 698 nostrae
1077 643 1340 713 generale
1368 622 1661 711 tributum,

373 734 589 789 Clausit
616 739 947 803 praesentem
978 749 1238 802 supremo
1267 731 1461 787 funere
1480 732 1672 799 vitam,

376 822 614 895 carcere
644 834 913 895 corporeo
945 820 1226 873 resolutus
1256 820 1489 891 spiritus
1520 821 1650 883 exit,

376 890 633 964 Mortuus
661 888 753 968 est
775 888 984 979 mundo
1013 908 1261 973 victurus
1283 888 1474 980 postea
1506 907 1748 976 Christo,

376 997 678 1053 Praesentis
709 998 835 1051 vitae
856 1013 1078 1053 cursum
1111 986 1346 1055 feliciter
1364 997 1706 1065 terminavit,

377 1087 460 1142 De
487 1103 750 1158 corporeo
775 1085 1010 1158 'spiritus
1028 1103 1097 1157 se
1127 1086 1397 1143 relaxavit
1425 1088 1726 1158 ergastulo.

377 1176 588 1242 Funus,
612 1181 671 1230 et
697 1175 950 1245 exitium,
984 1177 1180 1242 letum,
1212 1192 1381 1237 mors,
1412 1170 1826 1247 eiicidiumque,

376 1265 536 1319 Adde
566 1280 778 1333 necem,
812 1266 898 1319 vel
914 1265 1254 1335 perniciem,
1278 1254 1446 1319 simul
1475 1271 1533 1320 et
1560 1254 1858 1333 libitinam,

378 1354 480 1408 His
500 1353 738 1417 obitum,
769 1353 938 1409 simul
962 1353 1273 1419 interitum,
1304 1354 1629 1424 conjungito
1660 1353 1859 1421 fatum,

379 1443 514 1513 Quae
538 1442 617 1517 de
646 1434 880 1497 mininie
906 1434 1104 1508 libeat,
1127 1442 1207 1496 sic
1235 1448 1320 1495 est
1346 1430 1567 1497 libitina
1594 1448 1807 1515 vocata,

372 1530 924 1603 .His,exterminium,
958 1530 1126 1584 simul
1156 1548 1411 1584 occasum
1440 1532 1684 1585 socieris-

1543 310 1852 405 mmsis
1886 346 1983 405 ns
2017 316 2444 405 causam»,

1975 472 2021 529 Α
2044 467 2103 521 Id
2133 480 2356 538 quoque
2378 465 2813 529 cuniculisdant
2828 466 3087 530 sinimus.
3107 471 3167 525 et
3184 466 3442 543 iet-ones.

2045 558 2242 610 Vestes
2273 573 2397 626 quae
2420 555 2630 609 fuerint
2656 556 2725 609 de
2753 555 2888 617 solis
2925 554 3164 626 pellibus
3192 556 3465 614 haacsunt
3494 575 3508 611 :

2047 645 2543 709 Pellicium,reno.
2576 643 2778 714 quibus
2800 644 3144 701 endromade
3171 644 3471 701 sociemur.

2045 734 2317 790 Parvulas
2344 741 2400 789 et
2433 733 2610 803 pusio,
2637 749 2790 803 puer,
2810 733 3015 791 infans.
3039 740 3209 804 atque
3238 735 3493 806 pusillus,

2047 822 2186 877 Inde
2207 822 2595 891 pusillanimes
2617 821 2794 876 animi
2825 822 3043 878 ratione
3072 823 3281 892 pusilli.

2048 911 2408 981 Lethofagus,
2442 927 2654 982 cyrces,
2684 916 2818 965 sunt
2845 912 3262 969 acroceramina
3289 918 3491 983 syrtes,

2052 999 2275 1054 Sirenes
2307 1006 2394 1054 est
2419 1015 2660 1069 cumque
2687 999 3000 1061 ceramina.
3028 1000 3207 1061 scilla.
3237 1001 3499 1057 earihdis.

2050 1089 2323 1143 Fluminis
2352 1095 2439 1148 est
2466 1094 2676 1150 vortex,
2711 1089 2867 1158 ponti
2894 1090 2985 1145 dic
3003 1106 3126 1145 esse
3147 1090 3439 1147 caribdim.

2051 1178 2240 1240 Pellis,
2272 1179 2547 1248 pellicula,
2581 1178 2745 1242 cutis,
2777 1186 2946 1249 atque
2973 1179 3235 1244 cuticula,
3269 1186 3481 1250 tergus.

2053 1267 2150 1320 Est
2176 1283 2303 1322 cum
2334 1283 2500 1321 carne
2529 1272 2684 1323 caret
2711 1273 2890 1345 cartu,
2921 1267 3067 1325 cutis
3093 1268 3422 1341 associatur.

2053 1356 2152 1423 Est
2178 1371 2308 1409 caro
2337 1372 2463 1409 cum
2493 1372 2657 1411 coreo
2685 1360 2927 1431 tergum,
2956 1355 3059 1411 tibi
3083 1362 3309 1426 tergora
3335 1357 3517 1431 pellis.

2053 1444 2298 1506 Priscus,
2332 1450 2387 1497 et
2412 1446 2696 1513 antiquus,
2727 1460 2994 1505 annosus,
3032 1451 3089 1498 et
3114 1445 3478 1505 inveteratus.

2052 1532 2403 1603 Decrepitus,
2443 1533 2684 1597 vetulus,
2720 1539 2899 1597 vetus,
2929 1533 3329 1603 emeritusque,
3359 1534 3573 1601 senilis,

381 1590 482 1675 Est
508 1596 698 1687 linter,
730 1618 969 1683 lembus,
1014 1619 1240 1689 scapha,
1274 1636 1457 1689 prora,
1490 1620 1733 1685 liburna,
1764 1618 1971 1674 faselus
2047 1588 2359 1691 lLongaivus
2390 1588 2453 1675 fit
2482 1621 2540 1674 in
2561 1588 2682 1683 his,
2719 1621 2799 1674 sic
2828 1588 3118 1691 pristinus,
3155 1588 3329 1692 atque.
3353 1588 3610 1677 metreta.

381 1709 573 1781 Navis,
603 1709 876 1767 navicula,
910 1708 1134 1779 puppis,
1166 1696 1323 1767 ratis,
1358 1714 1528 1779 atque
1553 1709 1742 1765 carina

382 1799 483 1864 Est
508 1815 635 1869 cum
668 1798 863 1862 classe,
896 1797 1114 1862 sclaria,
1156 1798 1557 1861 velmortaria,
1581 1784 1801 1864 chelox,

384 1870 603 1959 Qimha,
634 1885 868 1939 biremis
898 1886 977 1939 eis
999 1887 1360 1955 conjungitur
1412 1892 1579 1956 atque
1606 1885 1879 1942 triremis.

386 1976 567 2041 Quam
593 1974 737 2046 regit
779 1975 916 2035 ordo
960 1975 1161 2046 triplex
1205 1975 1349 2031 hanc
1392 1975 1633 2031 dicimus
1662 1986 1782 2033 esSe
1807 1975 1974 2035 trire-

1747 2067 1938 2136 (mem.

386 2156 677 2221 Strenuus,
702 2155 1000 2225 ingenuus,
1032 2154 1287 2219 illustris,
1322 2144 1406 2211 vel
1434 2172 1763 2226 generosus,

386 2244 653 2314 Insignis,
688 2244 1014 2315 praeclarus,
1051 2250 1109 2297 et
1136 2245 1399 2314 inclytus,
1433 2244 1823 2315 egregiusque,

386 2335 518 2390 Istis
545 2340 833 2404 patronus,
866 2334 1176 2403 praesignis,
1212 2333 1413 2388 nobilis
1441 2334 1635 2391 assint.

384 2424 589 2489 Lucus,
617 2423 774 2489 silva,
808 2438 1006 2479 nemus
1035 2438 1230 2487 unum,
1264 2423 1562 2492 virgulata,
1598 2423 1857 2489 viretum,

386 2512 517 2567 Istis
550 2510 841 2564 arbustum
863 2510 1141 2565 sociemus
1172 2510 1242 2565 ab
1279 2512 1478 2569 arbore
1506 2512 1736 2574 dictum,

390 2601 662 2663 Lucarius
691 2601 801 2654 luci
824 2606 1010 2661 custos
1033 2606 1138 2663 est,
1169 2600 1259 2653 hic
1287 2600 1408 2655 luce
1438 2599 1678 2653 lucatur.

384 2691 564 2760 Necte
588 2706 810 2759 nemus,
843 2689 982 2747 silva
1010 2688 1166 2752 sileo,
1202 2689 1299 2743 sed
1329 2689 1484 2743 luceo
1516 2688 1717 2753 lucus.

389 2781 675 2844 Retracto,
703 2778 904 2841 refero,
937 2784 995 2832 et
1024 2784 1234 2842 retexo,
1266 2794 1547 2845 recenseo,
1576 2794 1764 2841 narro.

388 2868 656 2939 Negligit,
688 2873 745 2925 et
774 2867 1006 2938 spernit,
1040 2874 1504 2937 aspernaturque,
1539 2867 1762 2929 refutat,

382 2942 733 3033 'Conte'mnit,
762 2957 966 3021 renuit,
996 2956 1163 3009 simul
1190 2956 1406 3021 abnuit,
1439 2963 1608 3026 atque
1637 2960 1879 3020 recusat,

384 3028 485 3119 ,Sic
506 3028 873 3118 parvipendit,
905 3050 963 3099 et
991 3045 1284 3125 vilipendit
1310 3045 1370 3099 in
1398 3045 1537 3101 istis.

392 3135 678 3206 Stragula,
707 3139 889 3195 cento.
923 3134 1089 3200 toral,
1125 3133 1432 3203 pulvinum,
1466 3134 1715 3200 culcitra,
1748 3131 1928 3195 lodex,

386 3227 494 3294 ,Est
519 3231 574 3280 et
603 3225 877 3309 plumare,
900 3223 999 3278 sed
1031 3222 1172 3281 fulta
1194 3221 1474 3292 tapetibus
1504 3222 1698 3288 addas,

393 3316 534 3377 Cum
561 3313 815 3369 cervicali
840 3311 1212 3365 cervicidante
1242 3312 1501 3364 calorem.

392 3404 635 3469 Lunula,
663 3403 816 3469 luna,
842 3400 1187 3482 nychelides.
1216 3407 1463 3469 torques,
1507 3406 1566 3477 et
1592 3400 1841 3465 inaures,

393 3495 701 3557 Flammea,
728 3490 1135 3568 ﬂammeolum,
1158 3505 1285 3543 cum
1322 3506 1462 3545 unca
1515 3490 1708 3556 fascia,
1734 3488 1985 3565 peplum,

394 3579 730 3641 Dextreolis.
753 3578 927 3639 addas
955 3578 1224 3654 armillas,
1249 3584 1418 3648 atque
1432 3630 1435 3637 ,
1448 3579 1675 3645 monile,

401 3672 493 3728 Sic
516 3685 640 3732 cum
669 3670 910 3749 carnale,
945 3668 1182 3739 spinter,
1205 3670 1289 3724 vel
1321 3668 1709 3747 fibulatmitra,

396 3761 674 3823 Ammius.
697 3766 753 3815 et
778 3744 1023 3829 gemma,
1048 3757 1286 3829 lymber,
1319 3744 1656 3831 chiretheca,
1685 3744 1888 3818 thiara,

397 3851 529 3907 Istis
556 3849 817 3920 pileolum
850 3849 1181 3918 conjungas,
1206 3852 1382 3918 atque
1405 3849 1681 3917 galerum,

396 3941 479 3995 De
505 3939 777 3997 tricatura
807 3936 1135 4001 mulieribus
1155 3943 1241 3993 est
1263 3950 1369 3994 sua
1403 3951 1559 4015 cura.

397 4029 630 4091 Urceus,
657 4026 940 4089 urceolus,
965 4031 1242 4087 esturna,
1278 4025 1362 4078 vel
1393 4026 1683 4105 amphora,
1715 4030 1881 4090 testa,

399 4118 526 4173 Olla
546 4116 632 4171 vel
663 4114 884 4185 hydria,
917 4129 1013 4166 vas
1043 4114 1153 4168 vini
1184 4114 1273 4175 die
1301 4130 1423 4168 esse
1446 4114 1726 4183 lagenam,

400 4207 577 4263 Obba.
608 4205 694 4258 vel
721 4203 1291 4274 onophorum,,simul
1312 4220 1461 4268 orca,
1496 4204 1702 4265 ﬁdelia.
1730 4221 1825 4261 vas
1846 4210 1950 4269 est,

397 4295 710 4365 Ampullas,
732 4293 954 4364 phialas
978 4293 1259 4364 praedictis
1288 4293 1653 4351 associamus.
1746 4340 1753 4347 .

395 4385 623 4451 Fornix,
655 4383 1049 4454 prostibulum,
1081 4383 1335 4453 genedea
1386 4384 1630 4454 turpido,
1653 4383 1897 4454 lupinar.

400 4475 631 4539 Sumen,
665 4479 722 4528 et
746 4473 960 4537 arvina,
990 4473 1262 4544 sagimen,
1294 4473 1594 4543 pinguedo,
1628 4474 1843 4543 sagina,

397 4564 710 4628 Abdomen,
745 4563 829 4617 vel
852 4563 1078 4639 adapes,
1110 4562 1387 4632 praedictis
1417 4563 1560 4618 adde
1590 4562 1864 4632 po'pisma,

396 4652 687 4709 Praedictis
722 4651 988 4722 tegedum
1017 4653 1344 4722 conjungas,
1377 4657 1547 4721 atque
1580 4657 1862 4722 proseuta.

400 4743 650 4807 Sarcina,
678 4741 979 4804 sarcinula,
1011 4742 1245 4817 ppudus,
1278 4741 1618 4811 clitellaque,
1648 4741 1845 4807 fasces,

396 4833 588 4888 Prima
617 4848 787 4904 quam
815 4832 996 4889 fertur
1022 4830 1128 4885 sibi
1148 4831 1399 4900 posuisse
1428 4832 1688 4900 lagenam

397 4922 596 4979 Cibum
623 4921 773 4992 quod
801 4926 981 4988 notes,
1013 4920 1189 4983 fasces
1220 4920 1486 4977 dicuntur
1512 4921 1772 4986 honores,

393 5011 767 5076 Fasciculum,
801 5016 858 5065 et
886 5027 1049 5075 onus,
1074 5009 1293 5084 globus,
1329 5010 1502 5065 moles
1523 5016 1582 5064 et
1609 5026 1858 5067 acervus.

395 5103 597 5161 Panes.
626 5107 947 5171 art’o’copus,
976 5098 1217 5170 pastilla.
1252 5098 1383 5164 liba,
1416 5099 1687 5170 placenta,

393 5191 660 5262 Jungitur
689 5191 999 5255 artbocrea,
1031 5189 1197 5245 simul
1228 5189 1590 5245 arthocaseus
1614 5189 1746 5256 illis,

393 5281 464 5336 Et
490 5280 623 5351 quia
641 5280 883 5337 materia.
900 5278 1108 5335 fruitur
1137 5278 1252 5333 vice
1282 5279 1563 5334 materiati

388 5370 745 5445 Additurphis
774 5369 978 5425 simila.
1012 5368 1224 5438 pariter
1251 5368 1529 5437 similago,
1560 5367 1742 5437 siligo.

391 5459 590 5525 Pallia,
625 5459 869 5532 palliola,
904 5458 1119 5521 clamis,
1150 5474 1275 5512 cum
1298 5458 1525 5518 ciclade,
1562 5458 1730 5527 palla,

390 5547 471 5599 Ac
500 5547 681 5611 abilis,
707 5546 984 5607 manibus,
1020 5547 1321 5601 mantellus
1343 5546 1603 5616 jungitur
1630 5546 1761 5609 illis,

392 5633 541 5687 Dant
564 5635 736 5703 pelles
767 5635 948 5703 pallis,
981 5636 1182 5690 matrix
1205 5636 1363 5699 bene,
1404 5642 1463 5689 et
1485 5636 1801 5705 cirogallus.

2058 1711 2275 1781 Segnis,
2306 1711 2590 1781 inersque,
2626 1726 2798 1775 reses,
2834 1711 3008 1781 piger,
3051 1711 3285 1782 ignavus
3311 1728 3535 1783 quoque
3552 1712 3649 1771 de-

2055 1889 2353 1962 Torpidus,
2393 1893 2453 1946 et
2492 1888 2734 1961 tepidus,
2773 1905 3016 1957 cessans,
3061 1895 3421 1962 torpensque,
3453 1800 3650 1951 1³8ἑὲζί

3501 1977 3651 2050 [Bus,

1993 1785 2039 1844 Β

2060 2070 2196 2139 Igne
2223 2069 2399 2123 animi
2427 2085 2655 2131 vacuus,
2680 2069 2914 2138 ignavus
2940 2057 3143 2125 dicitur
3172 2084 3313 2133 esse,

2062 2158 2343 2216 Desvescit
2372 2159 2552 2219 deses,
2585 2163 2640 2213 et
2670 2158 2820 2211 iners
2850 2157 3118 2211 dormitat
3136 2157 3194 2215 in
3226 2162 3368 2221 arte,

2061 2249 2197 2318 Igne
2227 2248 2346 2301 sine
2385 2254 2470 2302 est
2498 2247 2705 2316 segnis,
2734 2247 2944 2300 resides
2969 2263 3097 2299 reor
3123 2262 3159 2301 a
3178 2245 3475 2303 residendo

2062 2337 2270 2401 Dictos,
2301 2337 2395 2390 sed
2431 2337 2619 2406 pigros
2652 2335 2887 2405 pedibus
2915 2350 3054 2405 quos
3076 2334 3315 2397 dicimus
3343 2350 3538 2413 aegros.

2062 2425 2247 2485 Libra.
2270 2424 2501 2486 librans,
2534 2425 2769 2485 trutina,
2791 2439 3042 2493 pensum.
3057 2424 3652 2503 pondusquemtatera,

2062 2516 2213 2569 Lanx
2239 2514 2426 2577 simul,
2460 2530 2712 2577 examen,
2741 2513 2849 2571 erit
2875 2512 3181 2582 aequilibris
3208 2514 3263 2571 in
3296 2512 3443 2576 istis,

2061 2605 2408 2673 Appensum,
2436 2609 2611 2657 stater
2630 2609 2726 2656 est.
2759 2603 3053 2659 Trutinam
3083 2586 3173 2660 (lic
3201 2619 3330 2673 esse.
3355 2607 3652 2661 atatem.

2063 2694 2313 2749 Examen
2341 2692 2462 2762 apis
2493 2697 2598 2758 est,
2632 2706 2865 2745 examen
2892 2692 3085 2761 lingua
3113 2678 3365 2753 bilancis.

2063 2781 2257 2844 Rores,
2299 2788 2357 2835 et
2383 2781 2599 2851 pluvim,
2634 2780 2809 2834 nimbi
2838 2781 3124 2844 dicuntur,
3158 2787 3215 2834 et
3241 2780 3468 2843 imbres,

2063 2869 2305 2925 Roscida
2332 2870 2401 2925 de
2427 2887 2553 2931 rore
2574 2869 2763 2935 fuerit,
2796 2870 2892 2923 sed
2916 2869 3200 2940 hybernus
3227 2868 3297 2923 ab
3326 2868 3526 2933 imbre.

2066 2959 2287 3029 Bajulo,
2323 2964 2501 3029 gesto,
2533 2960 2672 3024 fero,
2700 2963 2976 3023 sustento,
3006 2958 3254 3022 sublevo,
3279 2964 3476 3030 porto;

2070 3049 2261 3105 Gestio
2290 3048 2339 3103 si
2359 3048 2541 3118 cupio,
2573 3034 2732 3118 gesto
2763 3049 2811 3103 si
2839 3048 3089 3118 pondera
3117 3058 3303 3118 porto.
3354 3108 3359 3109 γ

2001 3098 2050 3161 C
2068 3138 2246 3207 Pergo
2272 3136 2356 3191 vel
2383 3098 2629 3205 gradior
2661 3136 2819 3199 adeo,
2839 3098 3010 3201 rvado,
3042 3098 3143 3189 velr
3159 3134 3498 3205 proﬁciscor,

2070 3224 2358 3280 Prsedictis
2387 3225 2631 3279 societur
2659 3241 2743 3289 eo,
2771 3224 2854 3279 vel
2885 3224 3109 3290 itinero,
3133 3223 3338 3285 verbis,
3400 3282 3405 3285 _

2067 3316 2316 3385 Vestigo,
2341 3324 2582 3379 scrutor,
2620 3316 2867 3385 exploro,
2896 3328 3217 3391 qumroque,
3247 3312 3471 3391 rinion,

2070 3405 2268 3460 Scitor.
2305 3405 2389 3459 vel
2415 3404 2671 3475 indagor,
2704 3409 3069 3481 prmcunctor,
3103 3388 3357 3457 sciscitor
3382 3388 3551 3469 addo.

2068 3493 2226 3559 Rete,
2260 3510 2489 3563 sagena,
2528 3493 2710 3563 plaga,
2742 3508 2872 3546 cum
2910 3504 3085 3551 casse,
3110 3488 3398 3560 aagenula,
3430 3488 3587 3553 lima,

2069 3581 2337 3652 Reteque.
2365 3582 2680 3642 reticulum,
2709 3581 2780 3635 de
2803 3581 2940 3640 retis
2968 3580 3112 3635 retia
3138 3578 3374 3644 dictum,

2071 3670 2212 3723 Hinc
2238 3670 2460 3724 irretire
2479 3671 2625 3740 quod
2656 3670 2863 3729 dicitur
2888 3670 3218 3740 illaqueare.

2064 3759 2353 3823 Rusticus.
2381 3760 2646 3829 agricola,
2680 3759 2856 3824 rudis,
2882 3759 3103 3822 ruralis,
3134 3756 3389 3836 agrestis,

2072 3847 2158 3910 Et,
2190 3864 2317 3901 cum
2347 3849 2608 3909 ruricola,
2632 3848 2877 3902 societur
2904 3848 3119 3903 villicus
3148 3846 3292 3903 istis.

2074 3935 2346 4003 Qustodes
2375 3937 2560 3991 ovium
2583 3954 2685 3991 nos
2713 3935 2952 3995 dicimus
2973 3935 3267 4007 opiliones,

2072 4026 2557 4081 Archimandritos
2576 4030 2797 4081 constat
2814 4042 2952 4096 quos
2980 4040 3103 4078 esse
3132 4028 3375 4085 vocatos,

2073 4116 2246 4169 Mulio
2270 4116 2365 4171 sed
2396 4123 2584 4173 custos
2607 4115 2886 4193 mulorum
2917 4114 3126 4168 dicitur
3153 4128 3295 4178 esse,
3362 4164 3365 4169 .

2073 4206 2158 4258 Ad
2192 4222 2330 4275 quos
2348 4220 2492 4265 cura
2511 4205 2681 4258 boum
2706 4209 2922 4274 spectat
2948 4203 3039 4257 dic
3059 4219 3182 4257 esse
3209 4201 3501 4257 bubulcos.

2072 4295 2227 4349 Inter
2243 4310 2303 4348 se
2335 4293 2549 4354 distant
2568 4293 2736 4347 simul
2753 4292 3085 4350 orbiculare,
3118 4290 3461 4347 rotundum:

2011 4384 2311 4479 Dliastam.
2328 4383 2415 4437 dic
2434 4389 2693 4449 teretem,
2712 4396 2937 4453 pomum
2962 4382 3051 4436 dic
3078 4397 3203 4453 esse
3230 4378 3555 4435 rotundum.

2074 4474 2326 4544 Effigiem
2350 4474 2501 4545 pomi
2528 4474 2734 4531 retinet
2760 4473 2841 4527 sic
2869 4473 3105 4543 sphaera,
3140 4471 3225 4526 vel
3249 4470 3355 4531 ovi,

2076 4563 2359 4633 Sphmrica
2383 4563 2453 4616 de
2479 4563 2697 4633 sphaera
2724 4562 2804 4616 sic
2831 4561 3081 4617 creditur
3099 4577 3222 4614 esse
3248 4564 3464 4625 vocata.

2073 4652 2399 4723 Regredior,
2426 4659 2750 4722 repetoque,
2778 4651 3062 4713 remetior,
3085 4655 3253 4721 atque
3282 4653 3560 4703 revertor.

2072 4742 2360 4813 Repturio,
2395 4758 2600 4801 remeo,
2634 4741 2934 4811 redeoque,
2968 4756 3213 4799 recurro,
3247 4752 3493 4803 recurso,

2069 4832 2318 4894 Pessula,
2354 4838 2486 4887 sunt
2513 4831 2716 4892 obices,
2750 4847 3007 4901 seraque,
3041 4828 3330 4899 repagula,
3362 4833 3566 4881 vectes.

2066 4922 2172 4979 Dic
2201 4938 2446 4993 parmas,
2477 4923 2718 4993 clypeos,
2742 4921 2941 4983 ancile,
2973 4920 3058 4974 vel
3087 4918 3282 4988 aegida,
3321 4921 3565 4981 scutum,

2068 5012 2248 5071 Pelta.
2277 5012 2634 5073 rotundatur,
2669 5010 2847 5081 clypei
2878 5026 3009 5079 pars
3037 5007 3207 5061 umbo
3234 5010 3484 5061 vocatur.

2072 5102 2170 5156 Est
2199 5102 2374 5163 callis,
2400 5108 2628 5161 trames,
2661 5105 2749 5153 est
2780 5098 2981 5158 orbita,
3017 5096 3236 5160 semita,
3271 5096 3429 5149 limes

2071 5191 2319 5252 Viculus,
2345 5197 2401 5244 et
2427 5190 2598 5249 vicus,
2634 5194 2721 5243 est
2751 5188 2974 5259 publica
3011 5191 3206 5245 strata,
3243 5184 3446 5254 platea,

2070 5281 2168 5334 Est
2192 5280 2403 5334 bivium
2433 5279 2520 5334 via
2543 5279 2766 5349 duplex,
2799 5284 2886 5331 est
2913 5276 3140 5329 trivium
3172 5275 3260 5327 via
3281 5273 3505 5343 triplex.

2070 5370 2308 5439 Sospita,
2345 5369 2693 5439 quadrivium
2723 5367 2813 5421 dic
2843 5374 3085 5436 quatuor
3113 5380 3233 5417 esse
3263 5362 3497 5427 viarum,

2066 5459 2115 5511 Α
2139 5458 2279 5511 callo
2301 5457 2475 5522 callis,
2510 5458 2606 5510 sed
2638 5456 2709 5509 ab
2738 5455 2892 5517 orbe,
2924 5455 2990 5508 ﬁt
3016 5452 3216 5512 orbita,
3244 5452 3446 5505 turmis

2063 5549 2113 5602 A
2134 5548 2468 5601 transcendo
2499 5547 2667 5611 venit,
2699 5545 2801 5598 sed
2828 5545 2935 5597 iter
2957 5542 3056 5596 dat
3075 5541 3278 5596 semita
3304 5539 3495 5594 semis.

2068 5637 2179 5705 Sol,
2206 5637 2370 5700 titan,
2405 5635 2662 5706 phoebus,
2686 5634 2885 5691 titulus
2921 5632 3073 5688 venit
3094 5631 3264 5696 hunc,
3297 5633 3357 5685 et
3381 5626 3650 5698 ephebus.
