3944 6390
431 325 566 386 1591
1756 318 2008 377 RUFINI
2045 317 2375 375 EPISGOPI
3555 312 3707 371 1592

420 447 2041 484 Μ

2052 459 2377 470 —-——-———-—-

1593 597 2530 709 FRAGMENTUM

1019 866 1171 940 EX
1226 865 1570 940 LIBRO
1626 868 1771 939 DE
1828 865 2425 940 MYSTERIIS
2484 865 3079 941 ECCLESUE.

1878 1015 2178 1035 —

1065 1148 1358 1201 Dedicatio.
2033 1144 2387 1205 AConstruit
2414 1145 2472 1198 in
2504 1145 2675 1206 caelis,
2707 1150 2765 1198 et
2789 1144 2995 1201 amoris
3026 1145 3310 1200 schemate
3334 1145 3528 1217 jungit

410 1239 618 1309 Anglia
649 1253 759 1308 quo
790 1236 988 1307 fulget,
1017 1253 1125 1306 quo
1144 1236 1394 1305 gaudent
1412 1235 1653 1305 praesule
1682 1234 1831 1289 claro
2091 1233 2481 1289 Fundamenta
2525 1235 2732 1289 locans.
2779 1237 2883 1290 Pes
2926 1240 2982 1289 et
3027 1234 3176 1290 basis
3204 1241 3291 1290 est
3332 1242 3491 1306 petra
3529 1235 3715 1290 Chri-

411 1327 733 1391 Londoniaa,
766 1343 875 1397 quo
903 1325 1147 1379 Parisius
1177 1330 1463 1378 scrutante
1492 1324 1747 1394 sophiam
3447 1326 3620 1395 [stus,

412 1416 675 1472 Florebat
703 1415 973 1470 studium.
1011 1414 1168 1468 Basis
1196 1430 1389 1477 aurea,
1421 1412 1629 1481 fulgide
1657 1413 1846 1479 Fulco,
2094 1410 2435 1466 Circumstat
2463 1411 2647 1483 paries
2668 1413 2906 1483 populus
2933 1413 3179 1483 gentilis,
3211 1412 3489 1467 hebraeus.

411 1506 615 1561 Firmaa
628 1504 859 1574 justitiae
882 1522 893 1556 :
932 1503 1199 1573 Mysteria
1222 1502 1440 1573 suscipe
1460 1519 1631 1556 sacrae
2094 1500 2316 1555 Christo
2346 1500 2592 1554 fundatis
2623 1518 2725 1571 per
2753 1507 2941 1572 partes
2970 1507 3216 1572 quatuor
3239 1501 3411 1555 orbis.

415 1593 693 1657 Ecclesiae,
734 1591 919 1646 studio
941 1590 1207 1645 distincta
1234 1597 1525 1660 metroque
1544 1590 1796 1645 Joannis.
2095 1589 2282 1644 Sancti
2313 1589 2571 1659 quadrati
2602 1590 2817 1659 lapides
2837 1595 2987 1649 sunt,
3020 1590 3161 1643 celte
3186 1588 3298 1652 (35)
3319 1589 3495 1660 politi.

414 1682 616 1738 Tutius
644 1685 710 1735 ut
738 1680 964 1734 veniant
992 1680 1051 1733 in
1080 1685 1335 1751 apertum
1362 1679 1552 1749 judice
1571 1685 1729 1733 tanto
2097 1678 2385 1743 Quadrata
2414 1678 2640 1733 stabiles
2674 1679 2896 1744 virtute,
2930 1679 3170 1749 poloque
3202 1679 3383 1750 parati

417 1769 679 1841 Mystica,
706 1767 955 1822 Parisius
981 1767 1111 1821 licet
1137 1766 1253 1821 haac
1281 1768 1516 1821 recitata
1542 1768 1868 1838 probentur,
2095 1766 2342 1822 Artiﬁcis
2370 1767 2575 1821 summi
2607 1768 2884 1838 praedocto
2916 1768 3115 1838 pollice
3164 1768 3415 1832 Quorum

414 1857 740 1930 Exposcunt
762 1856 966 1911 subtile
1002 1862 1166 1910 tuum
1188 1857 1278 1927 pie
1307 1862 1500 1927 pastor
1523 1874 1778 1923 acumen,
2098 1856 2336 1920 Quidam
2368 1862 2684 1927 portantur,
2719 1873 2822 1910 nec
2852 1862 3103 1927 portant:
3137 1857 3507 1928 simpliciores

417 1947 526 2012 Qui
550 1963 708 2003 sacer
722 1945 973 2000 instituis
994 1961 1182 1999 sacros
1200 1951 1257 1999 et
1283 1962 1445 1999 sacra
1472 1946 1779 2000 ministros.
2100 1946 2244 2000 Sunt
2266 1945 2386 1999 isti:
2423 1947 2675 2005 Portant,
2708 1952 3030 2017 portantur:
3063 1952 3196 2001 sunt
3226 1947 3551 2002 mediocres.

941 2034 1205 2103 Mysteria
1240 2035 1499 2087 Ecclesia.
1960 2026 1967 2033 ’
2098 2034 2242 2088 Sunt
2270 2039 2325 2087 et
2353 2039 2659 2104 portantes,
2693 2050 2804 2087 non
2830 2034 3065 2105 portati:
3096 2034 3306 2087 Tamen
3333 2033 3389 2088 hi
3419 2037 3553 2088 sunt

421 2124 520 2180 Est
546 2123 748 2178 domus
775 2121 1010 2177 ecclesia
1042 2122 1281 2176 Domini.
1314 2123 1577 2176 Summus
1606 2121 1765 2176 faber
1792 2122 1950 2177 illam
2104 2121 2312 2190 Sancti,
2346 2141 2486 2194 quos
2515 2124 2774 2178 Christus
2804 2123 2875 2208 ad
2896 2123 3024 2178 cceli
3050 2123 3238 2178 sidera
3266 2128 3472 2195 portat.

420 2212 502 2267 Ex
520 2211 692 2283 petris
720 2210 877 2281 vivis,
905 2210 1135 2281 quadris
1162 2210 1486 2281 pariterque
1512 2211 1789 2265 rotundis.

887 2557 1653 2633 FBAGMENTUM
1726 2558 2034 2629 LIBRI
2111 2558 2255 2629 DE
2333 2557 3250 2632 ORTHOGRAPHIA.
3338 2666 3349 2669 ι

428 2902 488 2958 Si
517 2903 643 2974 quis
664 2903 723 2957 in
743 2903 978 2958 ecclesia
994 2904 1134 2974 legis
1158 2921 1395 2977 usquam
1426 2904 1654 2960 verbula
1684 2904 1827 2972 diva,
2109 2905 2236 2960 Non
2263 2904 2342 2958 sic
2362 2903 2590 2956 detenta
2618 2901 2755 2954 mihi
2793 2902 3003 2956 tradita
3030 2902 3277 2973 quinque
3300 2904 3536 2959 talenta.

429 2992 505 3047 Ut
533 2992 672 3047 vites
694 2993 848 3051 vitia.
881 2993 956 3047 sis
986 2994 1179 3048 doctus
1208 2994 1264 3048 in
1296 2995 1715 3065 orthographia.
2110 2992 2176 3047 In
2206 3001 2263 3046 te
2294 3010 2419 3063 spes
2449 2991 2670 3045 Christe
2694 3007 2817 3043 mea
2850 2990 3058 3060 ﬁgitur,
3084 2998 3147 3044 ut
3165 2991 3305 3045 liber
3328 2993 3459 3050 iste.

430 3081 649 3151 Inspice
677 3083 724 3136 si
752 3100 997 3153 prosum.
1032 3101 1120 3137 me
1147 3101 1217 3137 ne
1249 3085 1333 3137 fac
1364 3084 1700 3137 invidiosum
2110 3082 2219 3135 Per
2236 3088 2293 3135 te
2322 3080 2629 3151 completus
2660 3079 2751 3143 sit,
2783 3085 2839 3132 te
2860 3080 3143 3133 tulsimine
3173 3083 3366 3145 fretus,

431 3169 657 3223 Invidiae
689 3180 861 3227 mete.
900 3173 1015 3225 Nec
1042 3171 1264 3225 laudem
1300 3189 1487 3242 quaero
1519 3179 1713 3242 poetze,
2020 3214 2033 3221 κ
2110 3171 2250 3224 Cum
2280 3171 2354 3223 sit
2382 3170 2669 3240 scripturae
2700 3170 2823 3222 fons
2842 3170 3025 3222 omnis
3054 3170 3245 3223 littera
3274 3172 3415 3238 iure,

436 3256 704 3322 Quamvis
733 3260 808 3313 sit
828 3276 1007 3314 rarus.
1037 3261 1121 3315 Ne
1140 3261 1214 3315 sit
1241 3261 1379 3314 mihi
1412 3278 1607 3315 sensus
1638 3278 1856 3315 avarus.
2110 3259 2393 3329 Principio
2424 3260 2569 3329 quod
2592 3259 2667 3312 sit
2686 3259 2753 3311 de
2781 3275 2840 3311 se
2870 3258 3128 3312 tractatio
3154 3260 3350 3329 possit,
3384 3264 3491 3313 etc.

507 3361 610 3434 (35)
637 3366 819 3420 Celtas
849 3373 936 3421 est
959 3367 1240 3439 quoddam
1260 3368 1696 3423 instrumentum
1725 3373 1917 3439 aptum
1951 3367 2020 3421 ad
2048 3366 2415 3421 scindendum
2446 3366 2674 3436 lapides.
2712 3365 2797 3419 Ita
2825 3367 3015 3436 glossa
3045 3382 3145 3420 ms.
3181 3366 3251 3420 ad
3281 3366 3343 3424 h.
3378 3366 3424 3421 l.

422 3541 3418 3601 ﬁ

3440 3586 3717 3600 κ.-

1831 3724 1912 3767 AB
1953 3724 2118 3769 ANNO
2164 3724 2312 3771 MLVI

1783 3913 2363 4049 RUFINI

1083 4200 1771 4325 INCEBTE
1900 4203 2316 4327 SEDIS
2434 4206 3082 4331 EPISCOPI

1230 4478 1514 4612 DE
1613 4475 2180 4616 ΒΟΝΟ
2280 4478 2893 4618 PACIS

1767 4762 2079 4833 LIBRI
2151 4760 2379 4834 DUO

793 5034 878 5105 (R.
905 5034 970 5091 P.
993 5034 1265 5089 Bemardi
1289 5034 1441 5091 Pazu
1469 5037 1801 5092 Bibliotheca
1828 5041 2077 5101 ascetica,
2110 5043 2246 5094 tom.
2281 5039 2377 5107 1X,
2409 5037 2748 5105 Ratisbonae,
2782 5034 2938 5107 1726,
2973 5038 3148 5111 ἰη-12,
3175 5055 3302 5111 pag.
3328 5036 3402 5108 3.)

1709 5350 2445 5453 MONITUM.

515 5558 667 5638 Nihil
694 5559 1149 5638 ascetiedulcius,
1186 5560 1325 5638 nihil
1350 5561 1529 5638 magis
1553 5564 1927 5638 necessarium
1962 5581 2114 5633 pace.
2144 5583 2249 5635 qua
2277 5566 2531 5619 interiori
2555 5584 2665 5636 qua
2685 5567 2966 5623 exteriori.
2990 5572 3184 5638 utpote
3214 5567 3332 5620 sine
3362 5584 3470 5637 qua
3494 5567 3717 5637 pietatis

447 5631 693 5683 studium
711 5648 811 5684 nec
838 5630 1073 5685 feliciter
1101 5633 1328 5702 suscnpi,
1352 5649 1454 5686 nec
1477 5634 1573 5687 diu
1602 5635 1906 5689 admodum
1937 5630 2193 5691 constare
2223 5645 2426 5708 potest.
2454 5639 2536 5691 De
2564 5630 2669 5691 hac
2720 5646 2897 5708 agunt
2938 5630 3071 5705 duo;
3103 5656 3243 5710 quos
3289 5630 3404 5710 pra}
3459 5630 3718 5697 manibus
