3944 6358
211 328 350 391 1593

1349 337 1444 393 DE
1481 338 1679 394 BONO
1717 337 1945 395 PACIS.
1989 367 2054 380 --
2096 338 2233 393 LIB.
2274 339 2319 393 Ι.

3340 338 3476 395 1594
3516 398 3535 409 κ

208 458 405 536 habes,
435 461 625 536 Ruﬁni
651 460 895 536 episcopi
916 460 1129 536 Libelli,
1165 462 1368 536 quibus
1398 463 1666 536 pleraque
1694 464 1882 518 omnia
1913 465 2273 519 continentur
2295 481 2416 534 quae
2445 464 2676 534 quidem
2708 480 2742 517 a
2763 464 2960 536 mediae
2988 466 3171 520 etatis
3198 464 3471 536 scriptore

210 532 280 584 de
303 532 447 586 bono
465 534 616 602 pacis
638 533 744 586 diri
773 538 1048 602 poterant.
1075 533 1262 602 Stylus
1294 535 1577 588 nonnullis
1608 537 1741 588 locis
1755 535 2025 589 obscurus
2047 542 2103 590 et
2124 532 2404 589 involutus
2435 532 2518 590 est
2542 543 2661 589 tum
2688 535 2819 588 vitio
2841 537 3115 593 codicum.
3141 542 3260 590 tum
3286 532 3474 591 saeculi

210 604 320 678 sui,
339 604 619 678 undecimi
652 604 869 678 scilicet
890 621 925 655 a
951 604 1175 678 Christo
1207 611 1357 678 nato.
1384 622 1493 675 quo
1524 607 1777 659 ﬂoruisse
1803 608 2063 660 Ruﬁnum
2091 613 2302 660 certum
2333 615 2419 660 est
2446 624 2508 659 ex
2536 610 2656 675 ejus
2687 607 2924 677 epistola
2950 610 3358 678 nuncupatoria
3397 608 3468 662 ad

208 674 439 730 Petrum
466 675 745 740 abbatem,
780 675 876 748 qui
906 676 977 748 ad
1008 674 1354 730 Cassinensis
1385 674 1712 730 monasterii
1741 679 2125 745 praefecturam
2155 695 2301 733 anno
2335 678 2476 733 1056
2507 674 2849 748 asSumptus,
2888 674 3467 733 eamdem—Frederico

208 762 337 820 mox
370 763 516 820 anno
545 746 802 820 sequenti
827 746 1019 820 gessit,
1058 748 1411 820 testeLeone
1443 748 1685 802 Ostiensi
1720 748 1818 802 lib.
1848 763 1890 801 II
1924 750 2184 803 [Μινυηίσί
2223 752 2553 805 Cannensis.
2589 746 2719 819 cap:
2751 749 2819 803 92
2859 756 2916 803 et
2945 767 3101 820 seqq.
3133 750 3306 819 Cujus
3336 766 3465 804 vero

208 817 361 869 sedis
391 819 683 888 episcopus
705 817 795 869 hic
826 818 1060 870 Rufinus
1084 817 1270 880 fuerit,
1304 819 1401 871 diu
1432 820 1669 872 multum
1716 837 1804 883 ue,
1836 820 1933 873 sed
1968 820 2196 883 frustra,
2234 822 2480 891 quaesivi,
2516 817 2673 876 nullo
2701 822 2820 890 ejus
2851 817 3095 874 nominis
3122 817 3379 891 episcopo
3410 821 3470 875 in

208 887 429 943 Ughelli
460 892 629 943 Italia
650 889 822 943 Sacra
852 888 1049 941 alibive
1078 895 1418 943 occurrente.
1458 891 1550 943 oui
1581 838 1805 943 quidem
1839 891 2003 943 Petro
2034 892 2222 943 abbati
2256 893 2575 943 Casinensis
2606 908 2822 943 coaevus
2850 909 2971 943 esse
2998 893 3259 943 potuerit.
3294 892 3470 943 Onus-

206 887 429 956 Ughelli
460 887 629 943 Italia
650 889 822 943 Sacra
852 888 1049 941 alibive
1078 895 1418 951 occurrente,
1458 891 1550 960 qui
1581 891 1674 960 qui

206 960 407 1033 culurn
428 976 491 1012 ex
527 960 715 1033 codice
739 960 1137 1033 Tegernseensi
1169 967 1546 1014 trecentorum
1579 978 1856 1015 annorum
1889 963 2181 1033 exscripsit
2203 964 2286 1016 vir
2314 964 2754 1017 humanissimus
2786 965 2849 1016 A.
2885 964 2950 1016 R.

1719 908 1805 943 em
1839 891 2003 944 Petro
2034 892 2222 945 abbati
2256 893 2575 946 Casinensis
2606 908 2822 945 coaevus
2850 909 2971 945 esse
3038 893 3259 945 otuerit.
3294 892 3473 962 Opus-

1719 978 1856 1015 »rum
1889 963 2181 1016 exscrinsit
2203 964 2286 1016 vir
2314 964 2754 1016 humanissimus
2786 965 2849 1016 A.
2885 964 2950 1016 R.
3092 965 3150 1016 P.
3186 962 3473 1016 Bonaven-

3092 965 3150 1016 P.
3186 962 3476 1016 Bonaven-

206 1035 339 1105 tura
379 1031 718 1105 Perghotl'er,
759 1032 1434 1105 asceta_Tegernseensis,
1466 1035 1628 1102 cujus
1667 1034 2054 1103 apographum
2075 1031 2299 1089 deinde
2337 1052 2465 1088 cum
2497 1036 2605 1088 alio
2637 1034 2922 1105 quopiam,
2956 1034 3166 1087 recenti
3198 1050 3368 1087 manu
3398 1035 3470 1089 ad

206 1101 380 1154 ﬁnem
401 1103 688 1167 cuiusdam
714 1103 921 1155 codicis
954 1102 1379 1172 Bambergensis
1407 1101 1652 1163 exarato.
1686 1101 2016 1172 mecumque
2042 1106 2111 1159 ab
2142 1106 2520 1160 eruditissimo
2550 1101 2672 1159 viro
2706 1101 2788 1159 Jo.
2823 1105 3108 1160 Friderico
3144 1105 3469 1160 Schannato

205 1172 426 1243 pridem
456 1174 886 1237 communicato,
926 1190 960 1226 a
989 1190 1098 1244 quo
1129 1180 1319 1227 tamen
1348 1175 1624 1249 posterior
1651 1175 1873 1229 libellus
1899 1172 2111 1240 aberat,
2137 1176 2368 1231 contuli.

1222 1512 1721 1649 LIBER
1831 1513 2463 1648 PRIMUS

678 1917 947 1972 INCIPIT
986 1918 1336 1975 EPISTULA

203 2022 292 2076 Ad
326 2026 692 2078 venerabilem
740 2028 1113 2081 Cassinensem
1159 2029 1407 2080 abbatem
1451 2029 1513 2079 in
1542 2029 1798 2094 opusculo

419 2097 491 2151 De
515 2098 648 2150 bona
674 2100 825 2163 pacis
842 2114 878 2150 a
900 2101 1162 2163 magistro
1196 2100 1389 2165 Ruﬁno
1421 2100 1579 2151 edito.

278 2184 643 2239 Sanctissimo
676 2186 849 2249 Patri,
882 2192 936 2239 et
966 2186 1191 2240 domino
1223 2204 1286 2241 ac
1328 2185 1667 2240 benefactori
1693 2202 1796 2239 suo

202 2274 549 2344 permaximo
580 2275 789 2340 Pereo,
814 2276 913 2329 Dei
942 2278 1125 2345 gratia
1153 2276 1455 2330 venerabili
1475 2275 1797 2329 Cassinensi

203 2361 413 2425 abbati,
448 2364 712 2430 Rurmus,
739 2369 856 2418 tam
888 2365 1115 2418 humilis
1140 2382 1306 2435 quam
1335 2365 1549 2419 inutilis
1580 2365 1797 2434 episco-

202 2467 311 2522 pus
339 2458 396 2506 et
424 2452 708 2523 indignus,
741 2454 1166 2525 tranquillitatis
1206 2461 1413 2526 optatae
1455 2454 1623 2507 ferias
1666 2469 1798 2526 pro-

202 2541 432 2595 mereri.

276 2632 419 2686 Cum
448 2638 578 2686 ante
608 2650 812 2704 paucos
841 2633 943 2687 bos
968 2634 1086 2688 dies
1115 2641 1344 2705 propter
1370 2634 1673 2704 quamdam
1705 2649 1797 2687 oc-

205 2722 561 2792 cupationem
585 2723 900 2777 domesticae
926 2724 1243 2777 necessitati
1274 2724 1796 2787 consciam,cmnam

205 2810 377 2865 altius
406 2810 745 2866 distulissem
801 2813 950 2866 intra
971 2814 1160 2883 nigras
1190 2819 1413 2867 tandem
1450 2813 1628 2866 noctis
1648 2818 1800 2866 tene-

203 2898 336 2953 bras
367 2900 818 2955 recumbentibus
847 2918 1065 2955 mecum
1097 2902 1378 2972 aliquibus
1400 2902 1687 2970 fratribus,
1713 2918 1800 2955 ve-

203 2993 335 3043 strae
356 2987 721 3043 beatitudinis
742 2990 979 3056 epistola
1008 2991 1347 3060 supervenit,
1383 3008 1504 3062 quae
1535 2994 1638 3064 ipsi
1670 2996 1798 3066 qui-

1814 1919 2227 1978 Aartiﬁcialem
2258 1921 2403 1973 hanc
2440 1920 2704 1991 paginam
2745 1918 2825 1973 De
2864 1918 3011 1973 bono
3040 1918 3368 1985 concordiae,
3415 1922 3467 1974 et

1881 2010 2067 2081 operis
2096 2015 2153 2063 et
2198 2010 2469 2080 temporis
2513 2010 2795 2064 succincta
2839 2008 3129 2072 brevitate,
3184 2009 3470 2080 descripsi,

1881 2117 2048 2171 quam
2096 2116 2221 2152 mox
2270 2098 2705 2153 venerabilitatis
2749 2106 2946 2153 vestrae
2992 2099 3162 2153 statui
3211 2098 3472 2153 manibus

1879 2188 2241 2253 offerendam,
2275 2187 2571 2241 obsecrans
2615 2188 2998 2241 vehementius
3044 2197 3099 2241 et
3145 2204 3244 2258 per
3291 2188 3470 2241 Deum

1879 2278 2052 2331 totius
2076 2277 2338 2331 bonitatis
2367 2277 2672 2342 obtestans,
2704 2294 2774 2331 ne
2802 2277 3298 2348 compilamentum
3320 2276 3472 2331 istud

1880 2372 2012 2420 ante
2040 2367 2278 2435 vulgetis
2303 2366 2361 2419 in
2392 2366 2672 2437 publicum
2695 2383 2863 2437 quam
2891 2366 3031 2419 illud
3057 2366 3335 2436 sagaciter
3353 2382 3474 2437 per-

1881 2455 2138 2526 quiratis,
2166 2461 2230 2508 ut
2248 2455 2293 2509 si
2310 2455 2518 2526 aliquid
2551 2455 2606 2508 in
2630 2472 2696 2508 eo
2717 2454 3046 2524 castigabile
3064 2454 3297 2525 reperiri
3324 2454 3469 2508 forte

1880 2545 2145 2615 potuerit,
2178 2546 2264 2597 vel
2294 2561 2389 2597 vos
2423 2545 2543 2615 ipse
2571 2543 2829 2597 clementi
2863 2543 3138 2597 charitate
3167 2543 3467 2614 corrigere.

1880 2635 1966 2688 vel
1997 2634 2131 2687 mihi
2154 2633 2442 2688 remittere
2470 2633 2776 2703 dignemini
2805 2633 3214 2704 corrigendum.

2414 2744 2653 2845 Erplicit
2690 2779 2932 2843 epistola.

1952 2900 2081 2954 CAP.
2125 2899 2172 2953 Ι.
2206 2929 2274 2939 —
2312 2902 2385 2953 De
2413 2905 2756 2954 sacramento
2787 2901 2954 2968 hujus
2982 2902 3228 2954 nominis
3258 2900 3391 2955 Pax.

1955 2990 2038 3043 De
2060 2990 2207 3044 bono
2235 2991 2385 3061 pacis
2422 2991 2698 3060 integram
2731 2989 3043 3043 volentibus
3088 2989 3295 3044 habere
3328 2991 3473 3045 noti-

203 3076 330 3130 dem
375 3094 579 3132 mensae
622 3078 733 3131 leti
773 3078 1002 3131 luminis
1032 3079 1384 3148 splendorem
1430 3083 1654 3149 attulit;
1700 3084 1797 3137 sed
1882 3079 2034 3142 tiam,
2071 3080 2414 3134 ordinarium
2447 3085 2604 3133 estut
2627 3079 2885 3150 primode
2913 3079 2993 3131 rei
3020 3079 3468 3151 nomine,postea

202 3166 417 3236 paratis
456 3167 572 3236 jam
617 3168 1007 3237 pulmentariis
1053 3167 1285 3221 acrioris
1324 3170 1541 3239 saporis
1574 3167 1946 3227 niiscuithe
1978 3186 2037 3222 re
2070 3170 2311 3223 nominis
2348 3169 2605 3223 doctrina
2650 3174 3009 3239 proponatur
3066 3169 3285 3222 Nomen
3336 3184 3470 3238 ergo

201 3255 625 3309 condimentum
694 3256 987 3310 Eminebat
1017 3257 1163 3309 enim
1197 3256 1270 3309 ibi
1303 3258 1647 3327 dignationis
1676 3279 1797 3316 ves-
1884 3258 2049 3327 hujus
2090 3258 2224 3311 boni
2272 3261 2384 3312 Pax
2424 3258 2648 3321 dicitur,
2701 3258 2849 3328 quod
2896 3258 3091 3328 utique
3136 3256 3468 3310 vocabulum

198 3349 302 3399 trae
347 3345 544 3416 petitio
587 3346 813 3415 exigens
860 3362 1027 3414 quam
1059 3346 1340 3409 ardenter,
1384 3353 1445 3400 ut
1476 3365 1541 3400 ea
1572 3366 1694 3418 quae
1721 3350 1799 3404 De

198 3434 349 3489 bono
387 3435 542 3505 pacis
580 3434 647 3488 ad
687 3435 1014 3489 instantiam
1053 3435 1386 3488 venerabilis
1420 3437 1619 3491 Sorani
1650 3440 1798 3509 epis-

200 3524 327 3594 copi
357 3523 595 3594 sparsim
634 3524 907 3594 vulgoque
946 3530 1335 3587 tractaveram,
1362 3525 1514 3579 vobis
1544 3527 1598 3579 in
1633 3530 1800 3582 unius

201 3612 332 3667 libri
363 3613 753 3683 corpusculum
768 3613 1091 3666 doctrinalis
1120 3621 1464 3668 coarctarem
1488 3622 1798 3685 ;quatenus

200 3719 236 3756 a
262 3702 701 3755 discordantium
724 3718 1021 3756 causarum
1053 3702 1413 3769 tumultibus,
1448 3704 1651 3773 quibus
1683 3712 1798 3759 tam

198 3791 432 3863 provida
474 3808 642 3861 quam
677 3790 770 3861 pia
796 3790 1171 3844 sollicitudine
1201 3809 1347 3861 saepe
1392 3792 1663 3848 interesse
1711 3812 1798 3848 co-

196 3880 419 3951 gimini,
443 3880 744 3951 aliquando
764 3881 1125 3950 respirantes,
1147 3880 1332 3950 ipsum
1364 3881 1613 3936 libellum
1638 3883 1797 3938 Pacis

197 3968 483 4023 haberetis
507 3986 621 4040 prae
653 3969 847 4035 oculis,
876 3968 970 4039 qui
989 3969 1058 4022 de
1091 3970 1331 4039 pectoris
1356 3972 1526 4025 vestri
1548 3972 1794 4027 sacrario

199 4058 392 4113 omnia
431 4058 684 4128 priorum
731 4058 981 4113 rixarum
1026 4059 1260 4128 vestigia
1287 4059 1466 4113 lectus
1494 4067 1792 4125 everreret,

200 4152 258 4201 et
285 4147 487 4201 intima
508 4153 701 4201 vestrae
730 4148 933 4201 mentis
962 4148 1283 4218 przecordia,
1319 4149 1472 4203 velut
1502 4151 1797 4220 cujusdam

198 4237 347 4308 prati
378 4237 628 4290 viriditas
654 4238 931 4308 perlectus
964 4237 1259 4290 animaret.

1880 3354 2101 3400 aeternae
2128 3347 2419 3401 Trinitatis
2444 3347 2731 3417 egregium
2759 3346 3466 3417 exprimitsacramentum.

1884 3437 2000 3488 Hoc
2029 3436 2177 3488 enim
2217 3453 2418 3489 nomen
2450 3436 2764 3489 declinatur
2791 3436 3036 3506 quidem,
3066 3435 3162 3489 sed
3195 3435 3250 3488 in
3278 3436 3471 3506 plura-

1882 3524 2095 3578 litatem
2126 3542 2237 3578 non
2268 3525 2602 3583 deﬂectitur.
2627 3526 2925 3578 discretam
2944 3525 3095 3578 illam
3122 3528 3182 3578 in
3204 3524 3319 3577 Deo
3348 3522 3476 3577 sub-

1883 3613 2199 3683 imaginans
2230 3614 2522 3667 unitatem.
2551 3615 2614 3668 In
2638 3631 2746 3684 qua
2764 3613 2975 3667 scilicet
2996 3619 3052 3667 et
3071 3613 3332 3689 discretio
3353 3628 3475 3683 per-

1883 3718 2148 3755 sonarum
2180 3708 2283 3765 est,
2321 3708 2378 3754 et
2406 3702 2575 3755 unius
2614 3702 2980 3772 ejusdemque
3009 3706 3226 3754 natura;
3255 3699 3475 3770 simpli-

1881 3790 2019 3844 citas
2048 3791 2392 3844 observatur.
2437 3791 2592 3844 Sicut
2635 3790 2809 3860 igitur
2839 3791 2942 3843 hoc
2971 3805 3175 3843 nomen
3204 3789 3262 3841 in
3291 3788 3474 3842 tribus

1882 3885 2173 3949 permanet
2197 3879 2396 3932 litteris
2417 3885 2473 3931 et
2492 3878 2602 3931 alia
2629 3878 2818 3931 littera
2844 3882 2931 3930 est
2950 3878 3012 3941 P,
3042 3876 3152 3929 alia
3180 3877 3246 3942 A,
3270 3875 3383 3929 alia
3401 3876 3470 3942 X,

1882 3985 2004 4038 quae
2032 3973 2166 4021 sunt
2194 3983 2309 4021 una
2346 3967 2515 4021 dictio
2544 3983 2656 4020 non
2694 3967 2943 4020 resoluta
2969 3966 3027 4019 in
3058 3964 3331 4036 pluralem
3362 3980 3474 4018 nu-

1882 4074 2097 4111 merum
2135 4058 2261 4123 (non
2302 4056 2451 4110 enim
2498 4073 2662 4127 paces
2706 4055 2984 4121 dicimus),
3018 4054 3097 4108 sic
3119 4060 3178 4107 et
3205 4053 3386 4107 deitas
3414 4052 3474 4107 in

1879 4146 2339 4216 tribus'personis
2364 4145 2637 4208 consistit,
2672 4151 2737 4199 ut
2766 4144 2841 4197 sit
2870 4143 2983 4197 alia
3010 4159 3252 4215 persona
3282 4142 3473 4206 Pater,

1880 4234 1994 4287 alia
2039 4234 2232 4298 Filius,
2280 4239 2335 4286 et
2364 4233 2476 4286 alia
2504 4232 2745 4302 Spiritus
2774 4237 3025 4285 sanctus.
3075 4230 3182 4295 Qui
3214 4234 3329 4283 tres
3361 4245 3476 4282 non

271 4326 407 4389 Quae
434 4324 701 4379 nimirum
752 4326 1049 4396 praeceptio
1102 4342 1212 4379 non
1258 4325 1604 4381 indiﬁicilem
1662 4328 1858 4392 mihiC
1883 4323 2071 4393 plures
2101 4322 2376 4385 essentiae,
2408 4322 2506 4375 sed
2547 4338 2659 4375 una
2685 4320 2946 4386 essentia,
2975 4336 3120 4374 unus
3150 4319 3289 4374 deus
3318 4323 3469 4373 sunt.

199 4414 515 4468 molestiam
539 4414 929 4484 perplexitatis
955 4414 1390 4483 injecit,timenti
1409 4432 1477 4468 ne
1494 4422 1593 4470 aut
1612 4416 1798 4471 inobe—

198 4503 424 4557 dientiae
452 4520 583 4557 reus
616 4521 816 4567 essem,
849 4504 896 4557 si
943 4504 1086 4557 tanti
1135 4504 1317 4556 Patris
1354 4505 1519 4572 jussa
1546 4513 1797 4559 contem-

198 4599 551 4655 nerem,raut
578 4593 913 4647 temeritatis
946 4600 1079 4646 nota
1107 4609 1421 4663 perurerer,
1470 4594 1517 4646 si
1557 4595 1626 4648 ad
1676 4612 1797 4649 rem

197 4682 427 4737 omnino
458 4683 597 4736 meis
618 4684 891 4753 imparem
912 4682 1123 4735 viribus
1153 4682 1512 4735 accessissem
1535 4689 1629 4748 ;ut
1650 4684 1797 4736 vide-

197 4771 331 4825 licet
368 4772 593 4842 pinguis
631 4772 800 4841 hujus
842 4771 1081 4825 tarditas
1134 4770 1344 4841 ingenii
1388 4776 1445 4824 et
1489 4772 1796 4826 enormitas

196 4860 334 4914 labii
362 4878 476 4914 non
497 4861 671 4914 dolati
700 4861 1022 4916 celebrioris
1054 4861 1303 4914 materiae
1332 4861 1594 4914 volumen
1623 4861 1797 4914 cude-

196 4956 306 5017 ret,
338 4950 648 5003 caelandum
678 4950 939 5019 capitulis
960 4954 1018 5002 et
1030 4948 1210 5002 titulis
1238 4948 1659 5003 rubricandum.
1687 4950 1796 5003 Sed

194 5039 347 5093 inter
375 5039 512 5093 istas
540 5039 844 5093 dubietatis
890 5038 1184 5107 angustias
1230 5038 1430 5091 melius
1462 5039 1689 5092 demum
1720 5038 1798 5091 vi-

196 5144 324 5182 sum
362 5133 448 5181 est
495 5133 557 5181 ut
597 5127 1047 5197 praesumptionis
1091 5127 1347 5193 neglecta
1391 5127 1691 5192 calumnia,
1718 5126 1799 5179 in-

191 5217 454 5286 junctum
486 5216 622 5269 mihi
653 5233 792 5287 Opus
824 5216 1054 5286 aggredi
1085 5232 1195 5268 non
1222 5232 1462 5280 vererer,
1496 5215 1676 5268 sciens
1708 5232 1797 5268 me

195 5306 409 5359 crimen
466 5305 885 5374 ingratitudinis
934 5306 1309 5362 incursurum,
1352 5305 1395 5356 si
1431 5322 1529 5374 per
1549 5305 1795 5374 aliquem

195 5395 428 5447 modum
457 5395 612 5448 vobis
639 5394 1237 5465 inobsequenstierem,
1267 5410 1425 5463 aquo
1451 5400 1566 5446 tam
1596 5395 1791 5458 multa,

196 5488 313 5536 tam
343 5484 600 5552 grandia,
648 5491 762 5537 tam
807 5484 1285 5554 Opportunissima
1330 5483 1633 5553 impetrare
1676 5484 1795 5552 jam

197 5573 380 5625 merui
412 5574 611 5626 solatia
637 5573 881 5642 pietatis.
1292 5630 1295 5633 λ

272 5661 486 5717 Vestris
532 5663 706 5732 igitur
746 5662 1000 5732 imperiis
1049 5663 1314 5739 primitus
1358 5660 1795 5727 subsecundans,

1951 4413 2013 4477 P,
2041 4411 2172 4482 quia
2201 4411 2384 4482 prima
2404 4411 2593 4464 littera
2622 4416 2725 4471 est,
2757 4411 2985 4463 Patrem
3018 4408 3202 4462 innuit
3227 4410 3323 4474 ;A,
3351 4424 3475 4479 qua

1879 4500 2079 4553 media.
2109 4500 2307 4553 Filium
2330 4522 2341 4560 ~,
2370 4499 2434 4559 X,
2461 4516 2582 4568 quae
2604 4498 2660 4551 in
2678 4497 2892 4550 ultimis
2916 4497 3160 4567 ponitur,
3195 4497 3475 4563 Spiritum

1880 4596 2135 4643 sanctum
2182 4587 2579 4659 quamproprie
2616 4592 2999 4656 repraesentat.
3049 4588 3221 4640 l’orro
3268 4585 3478 4657 duplici

1880 4678 2096 4732 ratione
2128 4678 2191 4735 P.
2225 4677 2405 4731 Patris
2437 4692 2736 4747 personam
2762 4675 3033 4729 insinuat.
3066 4676 3257 4728 Prima
3282 4692 3349 4729 ea
3368 4680 3473 4741 est,

1879 4768 2029 4838 quod
2060 4768 2228 4837 hujus
2260 4782 2481 4828 nomen,
2516 4764 2727 4818 scilicet
2768 4769 2930 4834 pater
2967 4764 3037 4817 ab
3066 4780 3133 4817 ea
3160 4764 3351 4818 littera
3387 4762 3478 4816 in-

1879 4857 2033 4928 cipit.
2051 4856 2329 4921 Secunda,
2347 4855 2479 4925 quia
2498 4870 2624 4907 cum
2645 4853 2768 4906 duae
2791 4852 2993 4906 litterae
3019 4852 3152 4917 sint,
3183 4869 3305 4923 quae
3326 4851 3478 4906 labia

1880 4961 2202 5015 compressa
2243 4943 2616 5014 discopulant,
2660 4940 2917 4994 videlicet
2961 4941 3005 4993 P
3034 4946 3091 4994 et
3113 4941 3175 4999 B,
3199 4941 3335 4994 dum
3366 4939 3475 4993 im-

1880 5034 2125 5104 pressius
2155 5034 2216 5103 [/1
2245 5031 2641 5103 compressius]
2670 5030 2739 5084 ad
2774 5030 3132 5084 formandum
3156 5030 3199 5083 P
3230 5045 3401 5099 quam
3432 5029 3475 5083 Β

1879 5122 2030 5175 labia
2058 5123 2180 5191 ipsa
2209 5122 2584 5191 stringuntur,
2619 5118 2949 5189 expressiori
2973 5135 3110 5171 sono
3144 5135 3204 5172 se
3233 5118 3303 5172 ad
3334 5118 3475 5171 etfu-

1879 5212 2091 5265 sionem
2120 5211 2373 5280 ejusdem
2401 5210 2551 5263 vocis
2580 5208 2857 5279 aperiunt.
2905 5207 3061 5262 Sicut
3091 5224 3223 5277 ergo
3274 5207 3332 5260 in
3372 5207 3483 5261 ista

1878 5302 2067 5354 littera
2088 5300 2268 5369 magis
2298 5299 2624 5369 panduntur
2655 5298 2817 5361 labia,
2844 5303 2908 5351 ut
2938 5314 3036 5350 vox
3072 5296 3196 5366 ipsa
3232 5296 3477 5350 formata

1882 5389 2196 5459 proferatur
2223 5408 2233 5441 :
2258 5388 2337 5440 sic
2365 5389 2575 5452 omnia,
2611 5406 2732 5459 quze
2762 5388 2916 5458 prius
2957 5387 3012 5441 in
3043 5386 3248 5439 abditis
3276 5386 3477 5439 divinae

1881 5478 2264 5547 dispositionis
2316 5477 2473 5546 quasi
2516 5495 2687 5531 sonus
2734 5477 2899 5537 vocis,
2952 5477 3115 5530 corde
3156 5481 3476 5545 conceptus,

1885 5570 2184 5629 latuerant,
2237 5567 2467 5619 formari
2519 5574 2575 5619 et
2626 5568 2777 5620 velut
2814 5567 3019 5637 aperiri
3051 5583 3150 5637 per
3179 5563 3477 5619 creationis

1884 5656 2166 5728 opiﬁcium
2186 5654 2538 5709 inchoarunt.
2557 5655 2729 5723 Cujus
2758 5655 3059 5708 creationis
3086 5654 3482 5708 auctoritatem
