3944 6372
497 349 637 426 i395

1814 342 2069 434 'RUFIiid
2096 340 2436 437 tisse-da

3620 323 3707 365 Ῑῖξ

3634 352 3778 434 ὶὲςσ

496 492 788 585 Scriptura
808 480 967 571 rem
988 472 1497 581 “potiuqu‘sshéa‘t
1514 482 1837 565 ascribere,
1855 520 1981 585 cum
2171 486 2344 581 pacis,
2369 510 2433 567 ut
2458 494 2622 581 nemo
2648 512 2764 580 tam
2794 476 3056 575 perditus
3527 462 3778 576 sitiquin

496 584 616 656 ipso
652 584 798 656 facta
836 588 1025 643 omnia
1052 597 1474 645 commemorat.
1504 590 1661 659 Unde
1693 582 2087 662 Apostolusad
2179 594 2434 657 obtinere
2463 594 2565 655 hoc
2597 594 2801 652 bonum
2834 598 3063 663 appetat
3088 599 3145 645 et
3170 592 3414 659 gaudeat
3432 590 3501 648 de
3515 590 3772 649 obtenta.

494 672 822 739 Corinthios
862 675 945 728 ait
984 693 996 727 :
1046 695 1071 725 (ι
1119 677 1274 734 Unus
1331 679 1467 732 Deus
1521 680 1703 745 Pater,
1738 697 1803 734 ex
1831 697 1940 752 quo
1970 697 2092 735 om-

500 777 611 816 ωδ..
652 780 677 813 Ι

562 848 714 929 Item
733 853 777 906 Λ
793 851 1053 939 similiter
1072 872 1136 909 ex
1161 850 1367 939 duplici
1398 874 1568 927 causa
1587 848 1789 933 Filium
1826 859 2090 939 credatur

2174 683 2293 735 Etsi
2315 683 2462 735 enim
2494 684 2765 752 plerique,
2790 682 2937 761 sicut
2955 681 3117 735 testis
3143 687 3229 733 est
3251 680 3476 738 Paulus,
3501 679 3622 733 sine
3642 679 3779 732 ιπε-

2173 772 2375 849 ctione,
2406 773 2527 824 sine
2552 772 2760 826 findere
2793 770 2925 849 sint,
2958 770 3176 841 nullum
3206 769 3605 847 volentescum
3646 767 3777 843 aliis

2162 861 2259 940 vel
2276 844 2651 937 humanitatis
2675 844 2937 919 allectum
2979 858 3069 933 vel
3095 844 3491 935 commercium
3518 857 3775 927 adunare

500 941 813 1013 ostendere.
848 934 1119 1009 Primum,
1151 934 1283 1018 quia
1321 924 1525 1017 vocalis
1562 926 1668 1013 est,
1702 948 1757 1009 id
1789 955 1875 1029 est
1902 966 2002 1020 per
2028 936 2089 1002 se
2162 920 2498 1015 concordiis,
2530 920 2755 1020 qualum
2787 949 3014 1008 Cacum.
3049 920 3211 1015 illum
3242 924 3699 1007 εάωἱὴὰωἰηθωη
3715 952 3777 999 et

496 1045 723 1095 sonans,
756 1036 814 1093 et
850 1030 1027 1089 Filius
1055 1051 1156 1104 per
1181 1053 1243 1090 se
1269 1036 1418 1092 visus
1463 1043 1521 1091 et
1572 1037 1825 1108 cognitus
1850 1045 1953 1091 est.
1995 1039 2091 1092 Se-

498 1119 699 1184 cundo,
732 1118 865 1190 Quia
898 1122 1012 1175 haec
1050 1115 1241 1178 littera
1269 1130 1400 1179 ante
1420 1126 1611 1197 omnia
1641 1126 1954 1205 litterarum
1983 1128 2090 1180 ele-

500 1214 689 1261 menta
713 1209 895 1279 prima
919 1217 1030 1277 est;
1079 1218 1136 1266 et
1164 1214 1337 1268 Filius
1378 1215 1787 1285 primogenitus
1816 1224 1945 1268 ante
1975 1234 2089 1269 om-

496 1312 626 1379 nem
647 1301 1148 1379 creaturam.Sicut
1166 1310 1354 1379 autem
1384 1309 1513 1377 ante
1526 1321 1747 1375 omnem
1773 1314 2084 1357 creaturam

499 1392 602 1448 est,
636 1387 715 1441 ita
745 1395 801 1441 et
826 1395 951 1458 post
969 1406 1190 1443 omnem
1222 1400 1558 1446 creaturam.
1596 1394 1691 1446 Est
1715 1394 1864 1446 enim
1887 1396 1932 1446 A
1960 1402 2018 1447 et
2037 1396 2087 1447 Ω

498 1475 711 1555 primus
727 1483 783 1530 et
802 1478 1157 1539 novissimus,
1187 1481 1335 1534 unde
1366 1482 1852 1559 Primogepituset
1878 1482 2089 1561 Unige:

501 1562 652 1616 nitus
677 1566 996 1635 appellatur
1028 1585 1038 1619 :
1074 1568 1508 1639 Primogenitus,
1542 1577 1674 1643 ante
1703 1586 1869 1643 quem
1899 1570 2087 1631 nullus

2171 1039 2462 1097 Timonem
2506 1038 2907 1092 Atheniensem
2950 1036 3123 1089 fuisse
3150 1036 3425 1098 referunt,
3460 1034 3652 1087 nullus
3682 1038 3774 1086 ta-

2171 1142 2301 1209 men
2332 1131 2435 1208 est,
2469 1127 2565 1198 qui
2594 1126 2742 1209 apud
2762 1143 2833 1201 se
2863 1112 3044 1209 ipsum
3081 1102 3509 1205 habereipacer‘n‘
3532 1138 3644 1201 non
3682 1120 3773 1195 di-

2166 1200 2329 1285 ligat,
2371 1200 2504 1270 dum
2534 1200 2954 1270 concussionem
2970 1200 3163 1278 suam,
3192 1200 3680 1284 perturbationem
3715 1216 3775 1264 et

2162 1304 2639 1375 inquietudinem.
2673 1304 3019 1365 convincitur
3060 1304 3407 1363 exhorretis...
3432 1300 3557 1364 Quo
3591 1301 3775 1364 ﬁt..ut

2170 1394 2339 1446 etiam
2372 1394 2466 1463 qui
2512 1393 2661 1447 bella
2700 1394 2911 1455 volunt,
2964 1408 3156 1463 pacem
3204 1390 3434 1461 cupiant
3473 1405 3573 1459 per
3621 1387 3774 1441 bella

2170 1484 2604 1565 mercariwiv’api
2638 1488 2694 1555 et
2725 1482 2803 1534 illi
2843 1481 2939 1551 qui
2986 1497 3194 1551 pacem,
3224 1480 3283 1532 in
3316 1494 3429 1548 qua
3457 1482 3608 1539 sunt.
3636 1493 3769 1548 per-

2168 1569 2387 1639 turhari
2429 1571 2773 1637 desiderant.
2821 1587 2933 1623 non
2978 1585 3172 1641 pacem
3217 1568 3475 1629 oderunt,
3509 1566 3607 1619 sed
3637 1582 3768 1620 eam

497 1652 739 1719 exstitit;
773 1654 1125 1724 Unigenitus,
1156 1664 1280 1727 post
1308 1675 1473 1727 quem
1506 1660 1692 1713 nullus
1722 1660 1846 1713 erit.

566 1740 641 1793 Ut
667 1748 854 1795 autem
885 1746 1171 1815 conceptio
1204 1746 1365 1816 hujus
1404 1748 1647 1801 nominis
1684 1748 1916 1818 impleta
1957 1765 2086 1819 per-
2128 1794 2133 1797 .

496 1835 738 1891 maneat,
773 1832 942 1885 tertia
985 1834 1188 1895 littera,
1241 1835 1451 1889 scilicet
1499 1837 1565 1901 X,
1612 1836 1830 1891 duabus
1886 1824 2404 1908 praece-Brationis
2449 1834 2698 1905 expertia
2745 1840 2801 1887 et
2838 1850 3184 1905 quacunque
3239 1831 3574 1886 naturaliter
3612 1836 3771 1894 sunt,

491 1916 756 1990 dentibus
792 1920 1108 1977 adtaxatur.
1155 1923 1289 1987 Quae
1315 1941 1611 1995 personam
1642 1926 1885 1996 Spiritus
1907 1927 2085 1980 sancti
2170 1939 2362 1992 pacem
2416 1918 2692 1994 appetunt
2728 1930 2786 1978 et
2825 1917 2978 1993 pacis
3018 1918 3216 1978 amant
3254 1923 3467 1977 sinibus
3509 1920 3765 1975 infoveri.

486 2020 595 2077 per
608 2008 896 2076 geminum
926 2011 1157 2066 modum
1172 2014 1510 2084 praeﬁgurat,
1526 2014 1783 2068 videlicet
1805 2031 1905 2085 per
1924 2020 2086 2078 nam-
2167 2009 2307 2071 Imp.
2341 2012 2650 2076 secundum
2678 2028 2945 2082 magnum
2976 1998 3327 2082 Dionysium,
3360 2009 3503 2069 nihil
3525 2008 3768 2067 existan-

492 2111 617 2160 ram
649 2098 796 2157 vocis
823 2104 877 2157 et
905 2100 1156 2155 ordinem
1188 2102 1591 2172 dispositionis.
1624 2104 1731 2157 Per
1759 2104 1905 2158 vocis
1925 2110 2087 2170 natu-
2166 2098 2309 2151 tium
2339 2100 2462 2161 erit,
2497 2100 2645 2169 quod
2666 2099 2736 2154 ab
2765 2101 2916 2154 omni
2934 2101 3088 2172 pacis
3116 2100 3343 2171 penitus
3370 2098 3588 2153 unitate
3617 2096 3772 2150 deci-

495 2200 638 2250 ram,
666 2187 798 2257 quia
825 2188 1027 2259 duplex
1049 2207 1363 2246 consonans
1388 2198 1492 2257 est,
1524 2192 1583 2246 in
1606 2209 1718 2263 quo
1744 2194 1943 2247 merito
1975 2193 2091 2264 spi-
2172 2187 2337 2241 derit.
2370 2188 2527 2251 Quod
2550 2190 2698 2242 enim
2729 2190 2960 2243 omnino
2989 2190 3323 2259 inquietum,
3358 2194 3416 2241 et
3440 2186 3681 2240 multum
3714 2188 3773 2237 et

490 2273 665 2337 ritum
697 2282 953 2337 sanctum
981 2278 1193 2352 indicat
1216 2287 1446 2351 propter
1469 2282 1766 2352 duplicem,
1801 2298 1923 2352 quae
1949 2282 2006 2336 in
2025 2299 2090 2336 eo
2172 2275 2458 2330 incoatum
2502 2283 2607 2342 est,
2640 2293 2835 2348 neque
2859 2298 2929 2330 ων
2968 2286 3056 2339 est
3080 2293 3263 2348 neque
3289 2278 3346 2330 in
3378 2273 3768 2334 existentibus.

494 2364 845 2437 intelligitur,
902 2370 1326 2439 consonantiam
1374 2371 1668 2424 charitatis
1701 2389 1712 2423 :
1749 2387 1941 2429 unam,
1988 2386 2093 2441 per
2171 2366 2277 2419 Cui
2304 2368 2598 2431 sententia
2632 2367 2879 2430 concinit
2915 2367 3063 2437 quod
3105 2367 3429 2421 Latinorum
3461 2354 3771 2417 instructor

494 2468 662 2524 quam
691 2454 917 2511 Patrem
948 2457 1123 2523 Filio;
1156 2459 1413 2523 alteram,
1446 2476 1547 2529 per
1575 2475 1744 2529 quam
1767 2465 2084 2526 creaturam
2171 2453 2376 2509 nobilis
2407 2456 2655 2525 scripsit.
2695 2456 2863 2509 Nullo
2893 2455 3323 2520 modo-naturae,
3342 2450 3542 2523 inquit.
3556 2457 3767 2514 essent,

490 2543 783 2619 coniungit
809 2547 1081 2600 Creatori.
1108 2547 1206 2600 Est
1233 2548 1399 2607 enim,
1430 2553 1494 2601 ut
1523 2548 1717 2601 doctor
1738 2547 2086 2617 Augustinus
2168 2542 2215 2596 si
2237 2559 2348 2596 non
2375 2545 2749 2615 qualicunque
2779 2561 2913 2615 pace
2942 2544 3325 2597 subsisterent.
3350 2544 3424 2597 Ut
3445 2548 3636 2595 autem
3664 2542 3768 2595 do-

492 2629 874 2688 divinissimus
902 2634 1154 2695 tradidit,
1176 2641 1277 2697 est,
1310 2635 1563 2706 inquam,
1594 2635 1836 2705 Spiritus
1858 2642 2085 2689 sanctus
2168 2632 2361 2685 ctrina
2409 2634 2626 2703 cupidis
2670 2635 2905 2699 scientia
2952 2632 3097 2687 tanti
3144 2632 3268 2685 boni
3320 2631 3655 2685 familiarius
3685 2630 3768 2684 in-

493 2734 654 2777 amor
670 2727 971 2792 utrumque
999 2725 1344 2801 conjungens
1374 2740 1587 2796 nosque
1616 2724 1961 2793 subjungens
1992 2741 2089 2794 per
2168 2721 2330 2789 ﬂuat,
2374 2721 2571 2775 rudem
2621 2729 2767 2775 hanc
2815 2730 2871 2776 et
2912 2722 3247 2791 indigestam
3286 2722 3439 2791 pacis
3469 2719 3768 2773 materiam

493 2808 746 2861 ordinem
792 2810 1190 2881 dispositionis,
1228 2813 1507 2882 quomodo
1554 2814 1670 2866 haec
1698 2813 1887 2866 littera
1917 2813 2089 2866 tertia
2169 2825 2270 2878 per
2298 2809 2548 2864 membra
2577 2810 3009 2880 distinguamus.

494 2902 632 2961 θξιει
657 2898 785 2960 ﬁne,
814 2899 919 2954 hoc
937 2907 1023 2957 est
1042 2903 1505 2971 antepenultima.
1535 2903 1669 2956 Duae
1691 2903 1839 2955 enim
1864 2908 2086 2955 tantum
2140 2928 2151 2937 -
2238 2898 2540 2955 Sciendum
2578 2899 2769 2970 itaque
2819 2907 2922 2961 est,
2984 2900 3130 2970 quod
3172 2915 3299 2971 pax.
3352 2898 3513 2968 juxta
3566 2896 3767 2950 divina:

492 2990 620 3055 μρδι
647 2986 813 3050 istam
842 2987 905 3047 in
936 2988 1265 3047 abeoedario
1294 2996 1607 3062 sequuntur
1628 2991 1673 3046 Y
1704 2992 1842 3046 etZ.
1875 2992 2087 3045 Harum
2170 2986 2475 3061 Scriptum
2522 3005 2815 3059 pauonem,
2861 2989 2919 3043 in
2967 2988 3180 3060 species
3212 2995 3439 3042 octenas
3477 2985 3765 3039 dividitur.

492 3089 627 3144 ergo
656 3075 829 3138 trium
880 3076 1195 3135 litterarum
1237 3080 1297 3151 ΧΑ
1326 3079 1507 3149 prima
1543 3085 1646 3143 est,
1678 3095 1778 3149 per
1806 3080 1953 3149 quod
1991 3079 2088 3132 illa
2111 3143 2144 3151 _
2171 3076 2269 3137 Est
2298 3077 2449 3132 enim
2481 3093 2587 3146 pax
2615 3078 2716 3131 Dei
2755 3078 2825 3131 ad
2870 3095 2946 3141 se,
2976 3094 3081 3149 pax
3117 3077 3214 3133 Dei
3243 3074 3314 3131 ad
3347 3074 3621 3139 homines,
3663 3088 3771 3144 pax

488 3164 748 3245 mysterii
788 3165 969 3222 forma
1008 3143 1345 3241 concipitur:
1379 3168 1527 3238 quod
1556 3143 1692 3223 cum-
1716 3143 1840 3223 tres
1858 3168 1972 3222 sint
2000 3143 2146 3222 ra-C
2168 3143 2498 3235 angelorum
2522 3167 2594 3236 ad
2623 3168 2699 3230 se,
2735 3183 2840 3238 pax
2874 3143 3205 3238 angelorum
3233 3167 3306 3221 ad
3336 3166 3612 3231 homines,
3662 3143 3769 3234 pax

492 3250 841 3317 tionabilium
881 3254 1181 3333 spirituum
1208 3257 1444 3329 _species,
1484 3258 1743 3311 videlicet
1782 3257 2085 3311 incircum-
2168 3254 2393 3313 diaboli.
2421 3256 2493 3310 ad
2532 3272 2612 3321 se,
2653 3272 2763 3326 pax
2798 3256 3005 3310 diaboli
3036 3257 3103 3310 ad
3140 3257 3415 3321 homines,
3450 3268 3557 3325 pax
3585 3252 3769 3307 homi-

2170 1673 2271 1727 pro
2301 1674 2403 1711 suo
2433 1659 2653 1711 malunt
2681 1658 2888 1712 habere
2918 1658 3151 1711 arbitrio
3181 1660 3604 1709 commutatam.

2240 1745 2367 1799 Non
2398 1746 2578 1801 solum
2615 1762 2745 1800 vero
2783 1752 3057 1800 creaturae
3104 1743 3426 1804 rationales,
3458 1740 3555 1794 sed
3594 1739 3769 1793 etiam

490 3340 832 3410 scriptibilis,
862 3343 1413 3415 circumscriptibilis.
1449 3347 1547 3403 sed
1573 3362 1685 3402 non
1707 3347 2086 3401 circumclusi-

491 3428 643 3511 bilis,
676 3430 1212 3502 circumscriptibilis
1239 3434 1451 3503 pariter
1488 3440 1547 3488 et
1572 3434 2075 3490 circumclusibilis.

487 3516 685 3582 ﬂebis
721 3518 902 3581 tribus
943 3520 1189 3591 Spiritus
1217 3528 1447 3580 sanctus
1475 3522 1689 3593 primus
1730 3530 1834 3586 est,
1867 3522 2082 3577 scilicet

487 3606 1084 3679 incircumscriptibllis
1102 3611 1368 3680 spiritus;
1402 3612 1955 3682 circumscriptibilis,
1983 3611 2082 3666 sed

2167 3359 2304 3400 num
2335 3344 2406 3399 ad
2433 3360 2515 3410 se,
2541 3361 2649 3414 pax
2683 3344 2975 3399 hominum
2997 3346 3069 3400 ad
3098 3346 3371 3400 homines.

2482 3442 2619 3541 δή.
2786 3470 2849 3529 4
2887 3470 2961 3571 De
2984 3460 3115 3555 pﬁc‘e
3144 3458 3242 3542 lict
3266 3468 3339 3541 ad
3366 3502 3439 3541 se.

2237 3610 2355 3667 Pax
2405 3610 2507 3665 Dei
2564 3611 2634 3665 ad
2681 3628 2742 3666 se
2786 3611 3383 3682 ineliabilisriuzedam
3421 3618 3509 3667 est
3534 3610 3770 3665 unitatis

486 3710 599 3779 non
640 3697 1143 3763 circumclusibilis,
1186 3701 1421 3770 spiritus
1461 3702 1748 3770 angelicus
1776 3720 1787 3768 ;
1841 3701 2084 3755 circum-
2166 3698 2487 3757 communio
2521 3699 2670 3765 inter
2698 3701 2920 3755 Patrem
2953 3707 3009 3754 et
3036 3700 3238 3754 Filium
3269 3707 3324 3753 et
3355 3700 3626 3769 Spiritum
3644 3714 3770 3754 san-

489 3787 813 3858 ecriptibilis
841 3790 1053 3859 pariter.
1080 3796 1137 3845 et
1163 3790 1670 3857 circumclusibilis,
1702 3791 1998 3846 humanus.
2016 3792 2081 3856 Y,
2166 3792 2343 3848 Dium.
2376 3804 2546 3858 quam
2576 3805 2651 3855 ex,
2670 3790 2757 3843 his
2793 3789 2975 3843 tribus
3014 3789 3286 3856 articulis.
3320 3789 3535 3853 scilicet
3560 3788 3769 3854 identi-

489 3876 634 3945 llqu
667 3876 737 3937 ab
767 3894 881 3935 uno
911 3879 1188 3949 plantario
1209 3881 1500 3950 incipiens,
1537 3879 1763 3933 induas
1783 3886 1978 3949 postea
1998 3896 2085 3932 ra-
2166 3881 2284 3936 tute
2308 3878 2548 3942 essendi,
2573 3879 2947 3947 unanimitate
2975 3878 3192 3943 valendi
3221 3883 3280 3932 et
3306 3877 3641 3944 auctoritate
3677 3878 3770 3942 in-

489 3966 940 4031 musdeducitur,
970 3969 1258 4037 angelicus
1284 3969 1517 4038 spiritus
1542 3973 1643 4027 est,
1679 3968 1858 4022 bonus
1882 3970 2084 4039 utique
2166 3966 2376 4024 dividui
2420 3969 2624 4038 operis,
2671 3970 3072 4038 conjectamus.
3136 3967 3262 4022 Non
3318 3968 3469 4033 enim
3517 3967 3767 4021 essentia

485 4060 745 4119 creatus;
796 4056 891 4125 qui
941 4064 1135 4126 postea
1178 4058 1238 4112 in
1278 4058 1565 4128 aversione
1619 4058 1990 4127 quorumdam
2029 4065 2086 4111 et
2166 4055 2451 4122 dill'erunt,
2494 4072 2598 4113 nec
2638 4058 2922 4112 voluntate
2952 4056 3311 4117 dissentiunt,
3346 4071 3447 4110 nec
3476 4071 3647 4126 opere
3683 4056 3767 4109 di-

484 4142 724 4204 aliorum
772 4146 1135 4219 conversione
1158 4145 1371 4201 divisus
1413 4145 1692 4216 apparuit.
1729 4146 1784 4204 Ζ,
1818 4147 1967 4217 quod
1995 4146 2090 4200 ob-
2173 4153 2486 4217 versantur.
2522 4146 2652 4199 Haec
2681 4162 2808 4216 pax,
2841 4146 2988 4214 sicut
3016 4146 3445 4216 omnitempore
3473 4145 3630 4215 prior
3657 4152 3761 4207 est,

487 4231 701 4289 ﬂexiori
742 4232 1070 4288 charactere
1107 4234 1395 4304 scribitur,
1424 4235 1685 4305 spiritum
1716 4239 1883 4288 notat
1912 4235 2090 4289 homi-
2170 4232 2251 4285 sic
2275 4240 2332 4286 et
2360 4234 2509 4287 omni
2540 4251 2708 4288 sensu
2738 4236 2996 4306 superior
3023 4235 3398 4301 ihvenitur,de
3415 4246 3528 4305 qua
3558 4234 3769 4299 Paulus

485 4319 593 4381 nis.
628 4337 794 4390 quem
824 4339 952 4378 cum
973 4324 1141 4387 Deus,
1161 4325 1324 4393 juxta
1347 4324 1753 4382 Ecclesiastem,
1779 4323 2088 4393 simplicem
2170 4322 2242 4379 ad
2287 4323 2674 4394 l’hilippenses
2707 4325 2789 4377 ait
2815 4339 2827 4373 :
2867 4343 2892 4376 «
2928 4324 3001 4389 Et
3030 4340 3134 4395 pax
3163 4324 3285 4390 Dei,
3317 4338 3441 4393 quae
3469 4330 3771 4394 exsuperat

487 4415 817 4481 rectumque
831 4412 1162 4478 condiderit,
1187 4412 1305 4483 ipse
1336 4413 1693 4483 postmodum
1713 4413 2084 4485 anfractuosis
2106 4460 2150 4485 η
2170 4427 2394 4469 omnem
2424 4413 2961 4481 sensum,custodia,t
2978 4413 3149 4467 corda
3173 4418 3359 4466 vestra
3370 4418 3428 4477 et
3444 4411 3769 4482 intelligen-

485 4502 545 4557 et
571 4499 804 4561 inﬁnitis
831 4502 1070 4556 tentavit
1096 4518 1157 4556 se
1186 4501 1587 4572 quaestionibus
1619 4502 1956 4556 immiscere.
2103 4499 2149 4518 "
2167 4499 2277 4558 tias
2309 4507 2539 4557 vestras.
2578 4522 2600 4570 ρ
2947 4540 2955 4549 .
3210 4542 3213 4547 ι

2170 4632 2177 4647 ς
2237 4589 2350 4647 Pax
2381 4590 2497 4646 hac
2524 4592 2758 4662 pelagus
2787 4591 2994 4663 quietis
3023 4596 3127 4658 est,
3170 4591 3408 4662 abyssus
3446 4590 3771 4661 tranquilli-

565 4719 573 4731 .
881 4677 1011 4701 ⁸³⁸³⁸·
1046 4677 1119 4731 5"
1153 4677 1211 4687 ““’
1243 4677 1314 4699 νυ
1342 4677 1397 4699 ’⁵
1426 4677 1689 4749 ¹Ψ’¹“’““’·
2165 4677 2301 4734 tatis
2345 4685 2403 4734 et
2447 4680 2572 4734 fons
2601 4681 2784 4735 omnis
2817 4682 3145 4746 concordiae,
3181 4680 3457 4735 creaturis
3496 4678 3771 4734 divinitus

557 4767 639 4823 De
677 4769 759 4823 rei
807 4770 1036 4824 nomine
1078 4769 1231 4827 brevi
1277 4772 1725 4827 consideratione
1763 4772 2079 4841 praeposita,
2166 4766 2485 4837 impertitis.
2520 4770 2680 4823 Unde
2701 4776 2760 4833 et
2784 4771 3229 4841 praenominatus
3246 4770 3566 4833 Graecorum
3590 4768 3771 4839 philo-

482 4859 603 4928 μω
633 4857 702 4911 de
724 4873 783 4927 re
804 4858 1050 4912 nominis
1068 4865 1344 4914 tractatus
1361 4860 1723 4930 adiungatur,
1751 4877 1816 4914 eo
1830 4860 2086 4927 videlicet
2166 4857 2394 4926 Sophus,
2421 4858 2480 4912 in
2512 4860 2776 4930 praedicto
2811 4859 2978 4913 tertio
3019 4859 3181 4924 libro,
3208 4872 3339 4912 cum
3367 4858 3551 4927 ipsam
3583 4857 3771 4911 laudi-

485 4944 807 5006 distensior.
840 4954 950 5017 quo
988 4963 1079 5002 res
1116 4950 1377 5019 quaelibet
1405 4950 1557 5003 omni
1595 4966 1696 5003 suo
1728 4951 1954 5003 nomine
1984 4965 2080 5020 pe-
2164 4943 2268 5001 bus
2314 4947 2635 5016 anagogicis
2678 4948 2981 5013 favoraret,
3022 4947 3526 5017 archisynago‘gam
3572 4962 3770 5015 pacem

485 5034 716 5093 tenuior
754 5034 1010 5091 habetur.
1052 5037 1164 5091 Pax
1202 5037 1376 5108 igitur
1404 5038 1827 5107 generalissime
1857 5039 2085 5105 demon-
2165 5051 2493 5106 nuncupare
2521 5053 2646 5089 eam
2677 5037 2884 5090 voluit:
2922 5056 2944 5087 ι
2970 5038 3100 5106 Ipsa
3127 5037 3298 5102 enim,
3333 5034 3534 5104 inquit,
3548 5042 3635 5088 est
3654 5051 3773 5090 om-

485 5128 684 5185 strata.
718 5124 798 5178 rei
828 5127 1104 5181 naturalis
1132 5133 1219 5181 est
1248 5128 1653 5198 qualiscunque
1682 5127 2078 5199 tranquillitas,
2167 5124 2323 5187 nium
2353 5124 2648 5178 adunati-ix
2662 5132 2719 5179 et
2739 5124 2995 5179 omnium
3014 5140 3322 5189 consensus
3349 5130 3406 5176 et
3433 5131 3774 5177 connatura-

880 4622 1011 4701 ὉΑἰ).
1153 4629 1211 4687 4-.-
1243 4628 1315 4699 Dc
1339 4662 1397 4699 re
1426 4616 1689 4715 nominati.

482 5212 600 5268 sive
631 5229 862 5269 concors
900 5214 1217 5285 aliquorum
1256 5216 1404 5269 inter
1450 5233 1511 5269 se
1544 5233 1778 5269 numero
1818 5217 2082 5271 diiferen-
2166 5214 2340 5268 litatis
2358 5214 2987 5285 genitrixetoperatrix.
3015 5213 3294 5281 pProinde
3309 5212 3771 5282 etomniaipsam

481 5301 624 5358 tium
659 5303 943 5358 habitudo.
991 5305 1057 5357 Et
1084 5305 1300 5374 primus
1326 5305 1550 5375 quidem
1592 5306 1866 5360 terminus
1888 5322 2080 5376 pacem
2165 5313 2458 5373 appetunt,
2491 5304 2806 5374 partibilem
2838 5319 3031 5357 eorum
3062 5302 3498 5365 multitudinem,
3533 5317 3768 5354 conver-

484 5391 785 5448 adliminat
814 5393 1049 5462 singulis
1076 5394 1359 5457 omnium;
1392 5395 1670 5448 secundus
1702 5411 1827 5448 vero
1856 5412 1979 5448 eam
2023 5396 2083 5450 li-
2164 5399 2375 5448 tentem
2423 5395 2480 5447 in
2529 5402 2706 5447 totam
2758 5394 3055 5452 unitatem,
3088 5399 3161 5459 et
3199 5392 3358 5445 civile
3386 5390 3769 5444 universitatis

485 5487 574 5537 cet
600 5497 712 5549 non
745 5482 999 5551 singulis.
1034 5483 1382 5537 multitudini
1401 5490 1591 5537 tamen
1611 5484 1858 5554 plurium
1888 5491 1945 5538 et
1963 5484 2084 5538 uni-
2165 5482 2373 5536 bellum
2404 5483 2747 5551 adunantem
2778 5482 2835 5535 in
2873 5482 3261 5551 aequiformem
3289 5478 3769 5533 cohabitationem

488 5570 742 5624 versitati
779 5570 1085 5642 contribuit
1107 5572 1477 5642 singulorum.
1680 5614 1681 5619 η
2165 5572 2594 5643 participatione
2620 5572 2824 5625 divinae
2862 5571 3036 5641 pacis.
3088 5571 3158 5625 Et
3201 5570 3325 5633 ideo
3356 5567 3662 5623 Psalmista
3695 5568 3773 5623 ad

556 5658 712 5712 Adeo
741 5664 934 5713 autem
960 5676 1231 5731 magnum
1252 5662 1527 5733 dulceque
1556 5668 1643 5718 est
1668 5663 1856 5735 ipsum
1871 5662 2082 5723 bonum
2167 5664 2314 5718 hanc
2362 5662 2670 5734 respiciens
2713 5672 2911 5732 pacem
2941 5660 3080 5717 dicit
3110 5676 3123 5714 :
3157 5678 3182 5712 ι
3214 5658 3444 5730 Inquire
3480 5671 3679 5729 pacem
3716 5664 3778 5712 et
