3944 6364
121 366 276 432 itm
1285 379 1380 435 DE
1417 363 1615 436 ﬁctio
1640 360 1880 435 ﬁcis.
1923 364 1993 427 ζ.
2026 358 2177 437 "LIB.
2222 383 2268 436 1.
3266 338 3411 439 Ξιϊιέὶθ

123 496 365 572 sequere
399 514 545 555 eam.
580 518 608 553 ι
639 500 874 555 Summa
908 504 1059 559 enim
1089 504 1207 559 haec
1236 489 1349 575 'pait
1372 503 1464 558 hic
1501 503 1572 558 ad
1602 488 1720 558 me-
1751 492 2030 576 Aperea's.
2062 500 2149 562 Sit
2192 500 2415 571 coelum,
2440 492 2597 575 quod
2636 490 2805 593 super
2832 486 3032 593 i't‘e’es't,
3075 471 3314 594 sistis,
3355 499 3415 561 et

123 591 302 647 ritum
329 588 630 661 quat-ends
648 592 752 653 est,
790 586 856 645 ut
884 591 961 647 ibi
992 593 1065 646 ad
1103 594 1395 663 praemium
1429 593 1612 648 valeat
1635 594 1723 647 in-
1805 601 1977 656 terra,
2023 610 2191 667 quam
2221 595 2418 659 calcas,
2470 584 2667 677 ferrea.
2718 580 2823 647 Det
2870 576 3413 677 Dominusimbrem

123 680 328 734 veniri.
361 680 519 733 Unde
550 679 683 732 alibi
720 696 730 730 :
765 682 998 747 Quaerite
1029 683 1330 736 Dominum
1354 687 1403 736 et
1426 686 1725 752 conﬁrma-
1807 689 1917 737 tute
1948 693 2113 738 terris
2144 682 2450 755 pulverem,
2475 675 2532 736 et
2556 681 2624 735 de
2649 682 2786 735 caelo
2816 668 3120 737 descendat
3161 670 3330 757 super
3350 678 3410 739 te

126 769 295 829 mini,
329 769 557 837 quarrite
574 769 772 837 faciem
801 771 918 837 ejus
937 759 1162 838 Semper.
1808 770 1970 835 cinis,
1999 770 2176 857 donec
2205 773 2541 828 conteraris.
2585 792 2611 823 »
2806 847 2811 852 .
2933 829 2955 853 _
3012 846 3015 851 Ι
3319 842 3325 857 ι
3362 838 3368 859 ὣ

1879 840 2183 916 Enimvero
2260 861 2389 932 quia
2452 860 2652 915 divinas
2705 846 3085 943 miserationis
3132 856 3238 943 hoc
3293 840 3415 943 erat

1806 950 2182 1025 propositum,
2208 944 2493 1004 hominem
2540 940 2812 1027 videlicet,
2846 938 3012 1021 quem
3040 932 3254 1027 manus
3293 932 3416 1023 ej‘ns

202 1037 321 1092 Pax
365 1036 467 1095 Dei
510 1036 581 1090 ad
631 1034 906 1101 homines,
935 1040 1021 1093 vel
1052 1040 1240 1109 potius
1268 1041 1420 1094 inter
1442 1041 1622 1095 Deum
1676 1040 1733 1095 et
1814 1034 2186 1125 plasmaverat
2215 1044 2271 1093 et
2299 1032 2525 1107 fecerat,
2573 1036 2680 1111 ‘per
2704 1041 2806 1094 has
2830 1026 3270 1125 inimicitiarum;
3299 1028 3415 1125 nio-

127 1124 408 1191 homines,
442 1126 527 1180 est
554 1127 752 1181 divinae
773 1130 1160 1199 pMceptionis
1190 1130 1246 1183 et
1286 1130 1549 1184 humana;
1601 1130 1733 1184 obe-
1818 1128 2007 1182 lestias
2052 1124 2348 1199 castigare,
2383 1144 2493 1182 non
2522 1126 2775 1199 perdere,
2807 1122 3084 1205 corrigere
3104 1119 3222 1205 non
3251 1119 3415 1182 dam-

128 1214 362 1270 ditionis
400 1215 459 1269 in
512 1230 688 1273 unum
744 1212 1050 1281 concursio,
1104 1206 1239 1272 dum
1290 1219 1547 1273 videlicet
1587 1220 1734 1290 quod
1817 1234 1972 1282 nare,
2006 1216 2130 1271 ideo
2159 1234 2285 1271 cum
2315 1218 2467 1271 venit
2486 1224 2707 1288 tempus
2746 1204 3080 1299 beneplaciti
3120 1202 3265 1295 Deo,
3298 1216 3411 1299 cle-

128 1302 282 1356 Deus
309 1303 580 1375 pmipit,
604 1305 853 1359 humana
868 1312 1071 1376 parata
1098 1312 1185 1360 est
1212 1307 1530 1361 obedientia
1551 1308 1731 1361 adim-
1818 1304 2196 1360 inientissimus
2223 1300 2660 1381 Dominus,_non
2678 1296 2988 1392 requisitus
3017 1323 3051 1385 a
3088 1300 3267 1389 nobis,
3295 1296 3414 1392 ipse

126 1392 304 1462 plere.
340 1393 518 1463 Cujus
543 1394 704 1463 pacis
728 1396 1028 1479 Apostolus
1060 1396 1337 1460 meminit,
1372 1413 1498 1450 cum
1529 1414 1731 1467 propo-
1815 1409 1849 1447 a
1878 1394 2035 1448 nobis
2065 1412 2131 1448 ea
2161 1411 2281 1464 quae
2304 1394 2458 1465 pacis
2487 1388 2620 1449 sunt
2665 1381 2969 1479 requisivit.
3022 1381 3084 1455 In
3125 1381 3413 1479 quavide-

361 913 498 969 CAP.
539 911 634 968 IV.
673 941 733 952 —
766 913 836 969 De
855 928 992 983 pace
1021 914 1118 968 Dei
1144 916 1219 967 ad
1245 916 1514 971 homines.

127 1479 216 1536 nit
248 1497 258 1531 :
294 1501 316 1531 ι
340 1482 640 1535 Justiﬁcati
665 1481 841 1552 igitur
869 1498 933 1537 ex
963 1474 1073 1538 ﬁde
1095 1501 1285 1555 pacem
1320 1484 1625 1539 habeamus
1657 1487 1729 1540 ad

127 1569 326 1623 Deum.
366 1587 393 1620 ι
438 1570 620 1634 Quam
659 1568 829 1625 etiam
860 1566 1139 1636 Omnibus,
1188 1582 1329 1644 quos
1374 1574 1433 1628 in
1479 1575 1729 1645 epistolis

124 1657 414 1721 salutavit,
447 1660 663 1729 optavit
682 1659 875 1713 dicens
914 1680 926 1714 :
958 1678 981 1712 (ι
1025 1661 1223 1716 Gratia
1261 1668 1318 1715 et
1347 1680 1455 1733 pax
1488 1649 1646 1717 nobis
1695 1681 1730 1717 a

125 1745 263 1799 Deo.
295 1766 321 1797 »
362 1747 491 1801 limo
531 1763 643 1818 pax
686 1749 744 1802 in
784 1749 981 1820 primis
1031 1756 1115 1805 est
1144 1742 1348 1804 violata
1375 1737 1723 1822 parentibus,

1812 1482 1942 1536 licet
1965 1483 2116 1553 pacis
2146 1483 2525 1553 requisitions,
2551 1499 2662 1537 non
2694 1472 2985 1538 externum
3012 1472 3413 1556 nuntium',n'qn

1811 1571 1981 1624 etiam
2007 1572 2340 1625 familiarem
2370 1572 2474 1625 sibi
2494 1573 2891 1642 archangelum
2925 1573 3184 1642 delegare
3216 1554 3412 1639 veluit,

1810 1660 1908 1713 sed
1934 1659 2142 1737 Filium
2172 1678 2335 1741 suum
2366 1661 2596 1733 unicum
2627 1662 2987 1738 inmundum
3017 1661 3409 1732 misit,qui,in-

1812 1750 2071 1802 terventu
2101 1766 2202 1804 suo
2230 1750 2431 1817 harum
2460 1750 2883 1813 inimicitiarum
2908 1751 3210 1807 maceriam
3239 1750 3415 1803 solve-

129 1835 356 1904 quando
379 1836 658 1890 Creatoris
683 1838 768 1891 sui
799 1833 1225 1894 contemnentes
1249 1840 1568 1911 imperium,
1604 1841 1726 1894 dia-
1748 1834 1918 1921 ‘Bret,
1946 1843 2004 1890 et
2035 1855 2223 1905 pacem
2254 1839 2403 1891 inter
2430 1856 2531 1893 nos
2574 1846 2631 1893 et
2659 1840 2837 1915 Deum
2872 1839 3209 1921 melioribus
3227 1838 3414 1921 condi-

126 1922 242 1977 boli
267 1924 635 1979 eonfmdel'ari
665 1926 880 1997 legibus
907 1926 1246 1983 maluerunt.

158 2058 163 2063 .
203 2013 508 2083 Oppositus
529 2022 613 2067 est
628 2022 763 2069 tunc
794 2016 943 2070 inter
963 2017 1140 2071 Deum
1170 2023 1229 2071 et
1247 2018 1531 2073 hominem
1554 2004 1733 2074 duris-

131 2101 309 2156 simus
335 2102 757 2158 inimicitiarum
796 2102 1000 2176 paries,
1048 2102 1243 2160 murus
1281 2108 1490 2162 scilicet
1533 2114 1731 2179 pecca-

131 2192 343 2255 torum,
377 2208 500 2262 (με
529 2194 705 2247 Deum
737 2194 899 2248 nobis
928 2210 1040 2248 non
1077 2201 1298 2249 tantum
1329 2197 1730 2267 incontingibi-

132 2277 265 2344 lem,
288 2279 385 2332 sed
407 2280 582 2356 etiam
604 2281 938 2336 invisibilem
970 2283 1352 2346 reddiderunt,
1382 2286 1542 2354 juxta
1580 2286 1727 2356 quod

131 2367 518 2436 peccatoribus
545 2354 894 2440 iiup'roperat
930 2372 1104 2425 Isaias
1137 2391 1148 2425 τ
1189 2390 1211 2423 ε
1254 2354 1614 2443 Iniquitates,
1640 2376 1727 2428 in-

133 2456 273 2525 quit,
301 2464 497 2511 vestraa
525 2458 834 2513 diviserunt
865 2460 1012 2514 inter
1039 2478 1133 2515 vos
1163 2467 1219 2515 et
1240 2463 1415 2516 Deum
1456 2452 1723 2518 veStrum.

133 2551 189 2597 et
217 2552 447 2631 peccata
462 2552 646 2600 vestra
665 2548 1077 2604 absconderant
1090 2550 1288 2627 faciem
1309 2553 1428 2621 ejus
1442 2570 1476 2606 a
1500 2553 1677 2627 vobis.
1692 2573 1723 2631 ,ι

132 2628 295 2686 Unde
326 2636 382 2687 et
434 2616 536 2688 lob
566 2636 624 2689 in
667 2654 795 2692 voce
834 2638 1031 2716 talium
1061 2626 1408 2709 conquerens
1462 2626 1630 2695 simul
1677 2620 1733 2696 et

131 2739 373 2792 querens
427 2725 561 2778 dicit
612 2726 682 2779 ad
744 2728 1041 2781 Dominum
1085 2747 1094 2780 :
1135 2747 1161 2779 «
1198 2731 1312 2783 Cur
1340 2731 1541 2784 faciem
1574 2739 1728 2786 tuam

131 2809 432 2864 abscondis
477 2819 534 2865 et
582 2813 873 2868 arbitraris
908 2831 1001 2868 me
1036 2810 1325 2869 inimicum
1376 2824 1535 2871 tuum
1568 2819 1592 2871 7
1625 2840 1649 2869 ι»
1684 2820 1729 2874 Ο

1811 1923 2060 1979 tionibus
2122 1926 2473 1980 reformaret.
2530 1927 2660 1981 Fuit
2724 1910 2915 1996 itaque
2963 1906 3220 1981 Christus
3263 1906 3414 1980 inter

1813 2013 1990 2066 Deum
2036 2019 2093 2067 et
2130 2014 2418 2069 hominem
2450 2015 2728 2068 mediator
2756 2025 2813 2069 et
2836 2004 3258 2081 reconciliator;
3296 2030 3411 2068 me-

1813 2101 1999 2156 diator
2028 2096 2086 2155 in
2120 2103 2431 2169 nativitate,
2463 2104 2853 2157 reconciliatOr
2878 2102 2936 2157 in
2968 2109 3167 2157 morte.
3200 2102 3413 2157 Media-

1812 2196 1903 2244 tor
1930 2191 2080 2245 enim
2111 2198 2261 2247 recte
2290 2208 2413 2245 esse
2441 2193 2566 2263 quis
2590 2208 2703 2246 non
2746 2193 2971 2285 poterit,
3004 2192 3113 2246 nisi
3144 2192 3237 2263 qui
3280 2208 3410 2246 cum

1812 2286 2052 2350 utroque
2081 2271 2471 2335 dissidentium
2509 2271 2942 2352 congermanam
2994 2278 3253 2336 habuerit
3278 2274 3411 2352 qua-

1811 2368 2046 2422 litatem.
2076 2368 2331 2423 Christus
2376 2370 2548 2439 igitur
2592 2386 2738 2435 vere,
2769 2388 2897 2425 cum
2928 2359 3095 2425 natus
3127 2368 3230 2436 est,
3263 2364 3412 2424 inter
3450 2412 3463 2421 .

1810 2471 1912 2510 nos
1941 2465 1995 2511 et
2025 2460 2203 2513 Deum
2234 2460 2412 2513 factus
2445 2464 2531 2513 est
2572 2452 2865 2523 mediator,
2917 2461 3051 2535 dum
3091 2459 3261 2513 talem
3316 2472 3412 2531 no-

1814 2542 1990 2603 stram
2020 2550 2325 2619 assumpsit
2347 2538 2627 2606 naturam.
2661 2566 2781 2620 quae
2809 2550 2865 2602 et
2884 2566 2985 2621 per
3002 2548 3411 2622 plenitudinem

1814 2630 2088 2694 virtutum
2146 2646 2295 2691 esset
2343 2634 2457 2692 Deo
2507 2638 2727 2701 similis,
2786 2639 2843 2692 et
2888 2638 2991 2709 per
3033 2634 3407 2713 humanorum

1812 2728 2223 2797 suseeptionem
2256 2728 2573 2781 defectuum
2610 2727 2769 2781 nobis
2811 2714 2923 2781 non
2963 2722 3235 2783 absimilis
3264 2722 3406 2781 vide-

1813 2821 1987 2869 retur.

130 2906 406 2970 quantum
430 2901 638 2956 malum
660 2904 672 2956 ι
697 2920 865 2974 quam
882 2905 1236 2959 intoleranda
1251 2902 1519 2961 bellorum
1541 2902 1732 2962 discri-
1883 2896 2294 2957 Reconciliator
2322 2920 2452 2957 vero
2480 2903 2604 2957 ideo
2634 2904 2691 2958 in
2724 2892 2904 2959 morte
2932 2900 3111 2959 factus
3140 2892 3403 2972 creditur,

130 2988 304 3046 mina.
338 2996 507 3061 rupto
534 2992 703 3062 hujus
751 2993 905 3063 pacis
932 2993 1157 3057 faadere,
1196 3002 1486 3064 protervus
1516 3004 1729 3067 praeva-
1812 2993 1944 3063 quia
1972 3000 2106 3046 tunc
2147 2990 2375 3046 demum
2421 2993 2659 3047 hostiam
2691 2980 3158 3073 reconciliationis
3207 2988 3411 3067 obtulit

131 3077 344 3132 ricator
371 3079 645 3144 incurrit!
679 3080 820 3146 Quia
858 3080 1028 3139 etiam
1062 3083 1141 3136 sic
1167 3078 1475 3139 associatus
1507 3086 1759 3145 diabolo,
1812 3088 1868 3135 et
1899 3080 2206 3135 beatissimi
2231 3081 2368 3152 ligni
2396 3081 2544 3153 stylo
2565 3082 2765 3137 veteris
2785 3082 2956 3137 debiti
2978 3078 3409 3154 chirographum

136 3166 351 3221 bellum
380 3168 581 3222 indixit
605 3170 719 3227 Deo
752 3173 992 3235 tendens,
1013 3166 1321 3225 secundum
1346 3164 1730 3229 testimonium
1752 3172 1797 3233 G
1816 3170 2100 3224 interlevit
2129 3170 2221 3238 (l),
2242 3171 2387 3224 sicut
2398 3166 2608 3226 Paulus
2632 3177 2870 3226 testatus
2892 3178 2977 3225 est
2996 3170 3071 3247 ad,
3090 3158 3404 3247 Romanos:

138 3255 245 3310 viri
280 3258 459 3311 sancti
502 3258 645 3322 JObi,
697 3262 957 3313 adversus
1004 3262 1177 3314 Deum
1230 3276 1464 3315 manum
1494 3278 1652 3317 suam
1684 3270 1734 3317 et
1822 3278 1843 3308 ι
1878 3260 2038 3321 Cum,
2074 3256 2275 3330 inquit,
2309 3260 2521 3316 inimici
2544 3276 2812 3325 essemus,
2839 3246 3181 3315 reconciliati
3216 3242 3411 3317 sumus

138 3351 337 3398 contra
359 3348 792 3416 Omnipotean
818 3366 869 3402 se
897 3351 1178 3411 roborum,
1201 3350 1406 3404 idcirco
1437 3350 1732 3416 Dominus,
1820 3346 1927 3409 Deo
1958 3364 2061 3419 per
2090 3354 2330 3403 mortem
2356 3350 2479 3403 Filii
2510 3352 2687 3420 eius»
2713 3336 3083 3405 Etiiel‘umad
3103 3332 3369 3421 EpllleSiOS
3394 3369 3406 3404 ε

139 3433 259 3487 zelo
297 3435 670 3490 meritissima;
702 3437 1104 3507 indignationis
1145 3434 1476 3505 commotus,
1510 3457 1735 3495 omnem
1819 3453 1848 3489 «
1898 3438 2025 3509 Ipse
2071 3445 2157 3493 est
2195 3455 2300 3509 pax
2348 3445 2559 3506 nostra,
2616 3440 2710 3510 qui
2760 3426 2890 3494 fecit
2927 3447 3166 3529 utraque
3208 3434 3406 3505 unum,

136 3522 382 3576 armavit
406 3531 721 3578 creaturam
751 3526 821 3579 ad
852 3526 1120 3579 ultionem
1142 3520 1655 3593 inimicorum,dum
1676 3529 1735 3582 in
1817 3520 2065 3585 medium
2096 3528 2366 3598 parietem
2420 3529 2670 3583 maceriae
2715 3529 2952 3594 solvens,
2986 3520 3306 3583 inimicitias
3349 3524 3411 3584 in

136 3609 431 3665 interitum
448 3612 673 3667 rebellis
692 3614 833 3667 servi
855 3630 965 3667 non
988 3615 1168 3669 solum
1181 3616 1416 3669 virtutes
1433 3618 1732 3686 angelicas,
1817 3631 1984 3669 carne
2023 3633 2123 3670 sua
2157 3636 2167 3670 :
2212 3618 2389 3686 legem
2422 3618 2813 3671 mandatorum
2844 3602 3084 3672 decretis
3112 3603 3406 3693 evacuans,

137 3699 235 3752 sed
284 3700 454 3754 etiam
510 3702 919 3756 irrationabilia
964 3711 1020 3757 et
1066 3710 1225 3757 muta
1272 3706 1553 3760 elementa
1582 3707 1734 3761 velut
1819 3717 1919 3773 per
1942 3721 2162 3758 crucem
2194 3706 2535 3759 interﬁciens
2564 3707 2620 3759 in
2662 3707 2963 3776 semetipso
3007 3704 3347 3776 inimicitias.
3381 3727 3404 3759 ι

136 3790 510 3858 quorumdam
533 3800 878 3845 armatorum
905 3789 1143 3847 militum
1164 3794 1369 3847 auxilia
1390 3792 1725 3849 convocavit.
1816 3794 1974 3856 Quod
2005 3802 2063 3848 et
2087 3796 2363 3864 Propheta
2400 3798 2538 3875 satis
2561 3796 2851 3866 expressit,
2871 3812 2997 3875 cum
3029 3795 3110 3850 ait
3133 3813 3143 3841 =
3173 3817 3195 3849 ι
3232 3775 3411 3851 Disci-

136 3877 275 3931 lnde
303 3878 506 3933 dicitur
539 3899 583 3933 ε(
606 3881 882 3950 Pugnabit
911 3898 1009 3952 pro
1029 3899 1094 3944 eo
1125 3883 1276 3936 orbis
1303 3890 1581 3939 terrarum
1606 3900 1735 3938 eon-
1814 3878 1968 3952 plina
1996 3883 2146 3953 pacis
2172 3891 2376 3938 nostrae
2407 3870 2574 3956 super
2601 3901 2751 3950 eum,
2791 3886 2848 3939 et
2875 3870 3047 3939 livore
3076 3886 3198 3955 ejus
3228 3876 3412 3957 sanati

134 3974 227 4021 tm
254 3967 583 4023 insensatos.
612 3987 638 4022 ι
672 3988 700 4021 ιι
750 3970 1096 4025 Revelabunt
1122 3972 1295 4034 enim,
1327 3973 1473 4027 sicut
1501 3975 1733 4028 alterius
1815 3986 2028 4026 sumus.
2071 3993 2092 4023 ι
2127 3972 2241 4027 Iste
2286 3974 2467 4044 paries
2504 3971 2924 4027 inimicitiarum
2956 3958 3043 4027 est
3066 3971 3159 4050 ille
3192 3968 3406 4047 murus,

136 4054 444 4127 Scriptum
473 4058 800 4113 miraculum
830 4056 1224 4124 comminatur,
1252 4062 1578 4117 revelabunt
1609 4056 1731 4116 caeli
1816 4077 1981 4130 quem
2010 4062 2067 4114 in
2096 4062 2319 4115 Christo
2367 4063 2646 4133 Propheta
2672 4062 2842 4115 tacite
2881 4050 3291 4116 humilianduin
3320 4058 3407 4117 in-

134 4145 491 4216 iniquitatem
524 4149 646 4217 ejus
675 4154 731 4202 et
757 4154 910 4202 terra
928 4150 1192 4209 adversus
1215 4166 1342 4204 eum
1374 4159 1726 4223 consurget.»
1814 4150 1956 4213 nuit,
1993 4158 2050 4203 et
2075 4150 2282 4203 idcirco
2323 4151 2484 4205 facile
2512 4151 2919 4205 transeundum
2949 4164 2961 4199 :
3000 4170 3022 4202 ι
3056 4134 3121 4204 In
3161 4151 3297 4217 Deo,
3328 4151 3410 4205 in-

133 4232 292 4297 Quod
326 4235 446 4288 ﬂeri
475 4249 621 4307 saape
641 4238 1018 4308 conspicimus
1055 4245 1112 4292 et
1130 4235 1403 4304 dolemus,
1428 4240 1562 4293 dum
1589 4252 1732 4311 prae-
1815 4234 1953 4308 quit,
1988 4255 2113 4292 meo
2141 4240 2527 4308 transgrediar
2580 4256 2827 4294 murum.
2882 4258 2905 4291 ι
2947 4239 3023 4294 Ut
3071 4242 3261 4317 autem
3318 4236 3409 4293 hic

129 4328 221 4377 ter
248 4325 577 4394 pestilentia:
605 4327 849 4386 morbos.
886 4334 1088 4397 praeter
1113 4332 1278 4382 terrm
1324 4335 1577 4383 motuum
1610 4331 1726 4384 rui-
1813 4328 1991 4383 Deum
2019 4343 2132 4381 non
2160 4328 2313 4382 aliud
2344 4342 2513 4399 quam
2545 4329 2644 4383 Dei
2670 4318 2847 4383 illium
2876 4322 3216 4408 intelligeres
3233 4326 3411 4383 nomi-

130 4426 253 4479 nas,
283 4421 486 4483 praater
510 4415 651 4469 ictus
678 4416 998 4477 fulminum,
1029 4416 1314 4471 allisiones
1337 4420 1637 4487 grandium
1672 4426 1761 4489 eti
1810 4421 2025 4479 natum,
2081 4417 2150 4471 de
2192 4419 2316 4487 ejus
2367 4418 2631 4472 continuo
2682 4418 3083 4472 incarnationis
3140 4416 3408 4489 mysterio

130 4502 307 4556 turias
328 4500 720 4573 procellarum,
747 4506 948 4575 quibus
970 4522 1372 4576 nonnunquam
1404 4508 1459 4561 in
1481 4524 1582 4563 nos
1604 4488 2069 4580 ipsaDsubjicit:
2105 4522 2133 4560 ‹‹
2187 4508 2334 4561 Deus
2379 4522 2560 4565 meus.
2602 4508 2899 4579 impolluta
2941 4508 3027 4561 via
3068 4508 3209 4587 ejus,
3248 4526 3274 4560 ι
3317 4504 3408 4562 his

128 4591 410 4645 elementa
429 4594 752 4657 desaeviunt,
772 4596 890 4665 jam
922 4594 1130 4665 ubique
1157 4594 1273 4648 fere
1311 4602 1367 4648 et
1396 4602 1565 4662 terra,
1602 4614 1726 4668 quae
1808 4592 1990 4649 verbis
2029 4595 2375 4649 intemeratae
2414 4595 2662 4665 Virginis
2710 4603 2936 4650 uterum
2963 4598 3129 4673 tanto
3153 4596 3407 4668 tempere

127 4692 334 4752 parens
356 4676 607 4736 omnium
638 4678 961 4739 mortalium
975 4684 1197 4747 dicitur,
1214 4684 1435 4741 solitam
1456 4691 1726 4741 maternae
1809 4690 1940 4738 ante
1969 4684 2278 4754 praevidens
2304 4690 2360 4739 et
2386 4685 2805 4739 commendans.
2835 4683 2975 4738 Inde
2998 4687 3085 4740 est
3105 4685 3250 4757 quod
3274 4688 3406 4739 nato

126 4771 354 4841 pietatis
382 4771 695 4827 ubertatem
725 4773 1026 4838 subtrahit,
1060 4778 1117 4827 et
1144 4774 1343 4827 caelum
1370 4766 1610 4844 gratiam
1633 4791 1723 4829 re-
1807 4772 1865 4825 in
1894 4789 2061 4828 carne
2091 4773 2327 4828 Domino
2350 4774 2516 4844 hujus
2537 4773 2688 4844 pacis
2719 4768 3058 4853 restauratio
3087 4773 3408 4829 hominibus

126 4861 525 4932 frigerantium
556 4863 799 4931 denegat
827 4862 1163 4933 pluviarum.
1182 4863 1250 4916 Et
1279 4864 1384 4917 hoc
1403 4861 1598 4934 utique
1619 4881 1724 4919 no-
1805 4872 1906 4930 per
1928 4863 2159 4931 angelos
2182 4863 2564 4916 conclamatur
2593 4879 2667 4944 :'«
2693 4862 2885 4916 Gloria
2915 4856 2971 4916 in
3004 4862 3234 4917 excelsis
3266 4860 3402 4930 Deo,

126 4948 233 5013 bis,
267 4942 363 5021 qui
388 4951 571 5021 primo
602 4951 1084 5021 praevaricantium
1117 4951 1174 5004 in
1201 4952 1378 5006 Deum
1402 4953 1531 5006 odia
1550 4954 1718 5007 refri-

126 5045 338 5103 cantes,
377 5040 659 5093 Creatoris
690 5040 867 5094 nostri
920 5046 1198 5111 prmeepta
1234 5048 1533 5112 procurata
1562 5043 1725 5097 mali-

124 5129 342 5199 gnitate
367 5129 722 5199 despicimus.

1805 4956 1862 5003 et
1888 4952 1945 5003 in
1979 4956 2130 5005 terra
2149 4960 2254 5023 pax
2285 4952 2601 5033 hominibus
2620 4950 2777 5006 bona;
2808 4948 3126 5033 voluntatis.
3164 4974 3185 5004 ι

1880 5038 2144 5100 Quinimo
2193 5045 2250 5093 et
2304 5040 2424 5111 ipse
2453 5041 2601 5094 idem
2640 5040 2866 5093 veniens
2916 5055 3085 5093 carne
3131 5038 3406 5115 Dominus

1807 5126 2025 5180 locutus
2055 5133 2140 5181 est
2180 5129 2322 5182 hanc
2366 5136 2556 5199 pacem
2602 5129 2662 5183 in
2709 5127 2925 5199 plebem
2958 5144 3118 5182 suam
3151 5112 3208 5182 et
3235 5112 3407 5203 super

199 5218 357 5270 Hanc
376 5218 782 5271 elementorum
804 5217 1071 5271 saevitiam
1093 5218 1522 5289 prmvaricaturo
1543 5220 1721 5287 legem
1808 5221 2029 5269 sanctos
2058 5233 2210 5275 suos,
2232 5224 2289 5270 et
2316 5218 2373 5270 in
2411 5234 2506 5271 eos
2542 5219 2637 5289 qui
2667 5218 3070 5272 convertuntur
3096 5217 3166 5270 ad
3193 5217 3399 5299 ipsum.

127 5305 351 5376 Moyses
378 5306 812 5377 imprecabatur,
846 5323 970 5360 cum
1003 5302 1213 5361 diceret
1246 5302 1258 5359 Ξ
1296 5326 1320 5357 «
1356 5309 1639 5361 Percutiat
1668 5316 1721 5361 te
1804 5303 1983 5367 Quam
2007 5312 2063 5356 et
2077 5305 2432 5373 postmodum
2449 5322 2745 5377 resurgens
2767 5306 3050 5360 emortuis
3069 5305 3173 5359 toti
3194 5306 3403 5361 mundo

126 5395 397 5449 Dominus
428 5402 677 5465 egestate
715 5396 883 5449 febris
920 5402 976 5449 et
998 5397 1222 5466 frigore,
1255 5397 1453 5450 ardore
1491 5402 1548 5451 et
1583 5404 1720 5451 testu
1806 5393 1862 5445 in
1902 5392 2191 5463 discipulis
2222 5394 2509 5459 offerebat,
2555 5413 2683 5451 cum
2728 5396 2938 5450 diceret
2973 5414 2985 5449 :
3020 5416 3042 5447 ι
3079 5395 3191 5449 Pax
3221 5396 3396 5458 vobis.

125 5489 182 5538 et
211 5500 323 5537 aere
351 5490 614 5556 corrupto
655 5501 719 5539 ac
749 5486 975 5541 turbine
1013 5494 1071 5542 et
1110 5492 1499 5559 persequatur,
1549 5486 1726 5541 donec
1810 5482 1966 5538 Sicut
1992 5483 2146 5536 misit
2174 5499 2265 5537 me
2298 5484 2485 5553 Pater,
2519 5491 2576 5539 et
2603 5502 2707 5555 ego
2735 5486 2901 5541 mitto
2933 5500 3044 5553 vos,
3087 5504 3113 5539 »
3145 5484 3401 5540 videlicet

196 5644 269 5716 (1)
301 5645 425 5701 God.
466 5646 688 5713 Tovem.
719 5643 943 5701 delevit.
