3944 6372
551 337 693 397 1599

1881 353 2133 410 RUFINI
2173 353 2501 412 EPISCOPI

3679 350 3835 413 1600

550 470 616 521 ut
648 465 796 522 sicut
821 484 926 540 ego
957 471 1017 525 in
1045 473 1318 528 mundum
1336 474 1541 530 missus
1570 492 1759 547 pacem
1776 477 1983 531 mundo
2014 478 2451 540 red-Anuimus
2490 481 2762 535 veraciter
2806 480 3095 551 appellari.
3148 481 3308 545 Quod
3362 482 3419 536 in
3485 482 3710 554 psalmo
3775 484 3835 535 et

552 557 687 622 didi,
721 557 802 611 ita
839 566 896 612 et
926 578 1072 614 vosa
1100 580 1189 617 me
1210 565 1366 617 missi
1416 566 1517 631 eis,
1568 567 1768 637 quibus
1803 569 2139 638 evangeliza-

551 647 765 713 veritis,
807 648 975 719 hujus
1006 652 1157 721 pacis
1216 654 1457 707 ministri
1503 656 1626 709 sitis
1674 658 1920 711 dicentes
1956 676 1967 710 :
2024 679 2046 709 ι
2078 660 2142 713 In

554 752 947 807 quamcunque
965 740 1192 794 domum
1210 742 1508 805 intrabitis,
1531 762 1641 815 pax
1665 746 1793 799 huic
1813 747 2060 811 domui,»
2082 756 2145 802 ut

551 823 613 878 in
640 825 795 881 vobis
824 829 1066 883 mundus
1108 848 1234 885 vere
1274 833 1612 903 completum
1652 835 1948 905 intelligat.
1997 840 2144 908 quod

553 914 687 967 olim
718 932 819 985 per
838 933 1105 986 organum
1130 921 1515 991 propheticum
1540 924 1876 978 cantabatur
1894 944 1942 978 :a
1964 927 2144 990 Quam

553 1003 773 1073 pulchri
802 1022 971 1076 super
995 1016 1212 1063 montes
1232 1011 1400 1080 pedes
1421 1013 1921 1081 evangelizantium
1944 1015 2105 1069 bona!
2121 1039 2137 1063 ι

553 1090 736 1160 Hujus
756 1095 909 1163 pacis
939 1102 1165 1165 pactum
1220 1116 1343 1153 cum
1396 1101 1511 1154 Deo
1563 1102 1798 1172 quisque
1836 1104 2143 1159 reformare

550 1182 925 1250 cognoscitur,
973 1201 1100 1239 cum
1145 1186 1542 1243 abrenuntiare
1584 1190 1811 1245 diabolo,
1834 1198 1890 1245 et
1928 1195 2145 1265 pompis

553 1269 677 1339 ejus
706 1270 762 1324 in
793 1272 915 1342 ipso
940 1276 1318 1330 conversionis
1348 1295 1462 1333 suae
1492 1280 1799 1349 primordio
1826 1283 2139 1352 pollicetur.

549 1355 633 1410 De
662 1359 821 1427 cujus
867 1362 1017 1431 pacti
1062 1366 1513 1433 praevaricatione
1556 1369 1812 1424 dolenter
1860 1371 2143 1443 Propheta

550 1445 731 1590 gicit:
781 1466 807 1500 «
849 1449 977 1504 Vidi
1022 1468 1135 1506 non
1181 1462 1466 1513 servantes
1517 1464 1743 1531 pactum
1796 1466 1853 1516 et
1907 1462 2151 1519 tabesce-

591 1551 701 1590 am.
736 1556 763 1590 »

591 1551 701 1591 am.
736 1556 763 1591 )>

554 1683 691 1742 CAP.
722 1686 790 1741 V.
821 1717 885 1730 —
910 1690 1181 1757 Quomodo
1200 1708 1310 1760 pars
1332 1695 1431 1747 Dei
1453 1696 1528 1748 ad
1555 1695 1800 1749 homines
1830 1700 2149 1751 melioribus

923 1764 995 1815 sit
1023 1766 1427 1818 conditionibus
1459 1768 1782 1833 reformata.

624 1902 866 1959 Pulchre
881 1923 1010 1960 vero
1026 1908 1351 1963 melioribus
1360 1910 1773 1966 conditionibus
1789 1912 1933 1966 hanc
1952 1929 2144 1982 pacem

554 1991 798 2047 diximus
830 1995 1193 2051 reformatam
1250 2000 1377 2053 Haec
1406 2001 1553 2053 enim
1581 2018 1684 2071 pax
1708 2002 1890 2071 priore
1921 2002 2144 2055 univer-

552 2082 745 2151 salior,
789 2085 1012 2139 affinior
1039 2093 1095 2140 et
1124 2088 1384 2141 aeternior
1403 2096 1504 2143 est.
1532 2090 1659 2143 Fuit
1682 2090 1958 2160 siquidem
1983 2091 2145 2144 istius

553 2172 706 2240 pacis
750 2172 806 2226 in
831 2176 1272 2243 praecedentibus
1305 2177 1556 2247 patribus
1585 2179 1936 2248 aliquantula
1973 2179 2143 2232 refor-

551 2260 746 2327 matio,
774 2268 839 2316 ut
863 2270 997 2333 puta
1028 2265 1085 2318 in
1105 2265 1263 2328 Abel,
1289 2268 1356 2319 ad
1385 2284 1549 2337 quem
1585 2268 1848 2321 Dominus
1865 2276 1922 2320 et
1939 2269 2010 2322 ad
2030 2269 2149 2337 ejus

555 2365 794 2405 munera
823 2353 1029 2423 legitur
1058 2356 1386 2425 respexisse,
1412 2357 1541 2409 etin
1561 2357 1744 2410 Enoch
1766 2358 1968 2421 etNoe,
1995 2363 2148 2411 uter-

556 2455 664 2509 que
694 2441 979 2509 quoniam,
1005 2444 1151 2498 sicut
1176 2445 1598 2503 scribitur.cum
1624 2446 1861 2500 Domino
1892 2446 2146 2500 ambula-

554 2526 652 2581 vit.
711 2530 774 2583 In
822 2529 1103 2585 Abraham
1162 2550 1402 2605 quoque,
1461 2535 1530 2587 de
1588 2551 1697 2605 quo
1748 2535 1970 2601 dicitur,
2020 2535 2152 2605 quia

562 2634 585 2667 ι
611 2617 851 2672 credidit
868 2618 1150 2674 Abraham
1175 2623 1287 2676 Deo
1303 2628 1359 2675 et
1374 2630 1694 2694 reputatum
1711 2630 1797 2678 est
1814 2624 1864 2677 ei
1889 2625 1959 2678 ad
1982 2625 2150 2694 justi-

553 2706 714 2773 tiam,
748 2712 804 2761 et
833 2709 1045 2764 amicus
1073 2711 1171 2764 Dei
1194 2713 1506 2783 appellatus
1533 2719 1635 2768 est.
1676 2733 1697 2763 ι
1732 2713 1799 2767 In
1828 2714 1947 2781 ipso
1978 2714 2147 2767 etiam

554 2797 779 2867 populo,
817 2799 911 2868 qui
958 2799 1026 2853 de
1080 2800 1248 2871 hujus
1296 2803 1471 2872 patris
1520 2802 1726 2856 lumbis
1772 2803 2143 2874 progignitur.

2225 570 2520 640 Evangelio
2539 588 2663 623 eum
2694 571 2931 640 legimus
2963 572 3319 641 profitentem
3347 592 3357 626 :
3384 590 3411 625 ς
3440 573 3600 628 Sicut
3635 571 3833 642 proxi-

2224 676 2377 713 mum
2406 668 2462 713 et
2491 661 2633 713 sicut
2662 660 2891 712 fratrem
2923 667 3175 714 nostrum
3205 661 3284 714 ita
3314 662 3760 732 complacebam.
3802 680 3829 710 ι

2226 748 2295 801 Et
2322 765 2332 799 :
2364 767 2389 799 «
2424 747 2526 809 Ite,
2554 749 2811 804 nuntiate
2834 749 3100 806 fratribus
3127 751 3285 815 meis,
3312 757 3373 805 ut
3402 758 3529 805 eant
3573 754 3637 806 in
3673 752 3839 808 Gali-

2229 841 2404 890 lwm.
2444 857 2465 887 1-

2296 927 2547 997 Denique
2601 943 2715 981 non
2771 929 2999 999 indigne
3037 946 3232 1000 pacem
3262 931 3427 985 istam
3469 931 3837 987 aeterniorem

2225 1015 2411 1085 priore
2462 1017 2769 1087 posuimus.
2812 1019 3043 1072 Pactum
3083 1019 3233 1073 enim
3277 1021 3427 1074 illius
3481 1022 3661 1092 pacis,
3716 1036 3837 1092 quo

2224 1105 2379 1175 prior
2408 1107 2650 1177 pOpqus
2678 1108 3005 1162 conciliatus
3050 1109 3287 1163 Domino
3324 1108 3634 1173 videbatur,
3677 1109 3839 1180 quod

2228 1193 2438 1248 scilicet
2482 1214 2583 1267 per
2611 1197 2973 1268 patriarchas,
3015 1215 3116 1269 per
3144 1199 3345 1269 legem,
3392 1216 3491 1269 per
3519 1199 3840 1269 prophetas

2226 1297 2352 1335 cum
2386 1283 2466 1337 eis
2495 1284 2717 1353 inierat,
2749 1286 2925 1356 culpis
2964 1303 3157 1340 eorum
3207 1286 3571 1347 merentibus,
3601 1286 3840 1340 irritum

2223 1373 2430 1427 factum
2481 1379 2583 1437 est,
2629 1379 2686 1428 et
2741 1392 2845 1445 pax
2893 1391 3004 1443 qua
3048 1374 3154 1428 sibi
3211 1392 3304 1428 eos
3351 1381 3586 1446 paterno
3641 1376 3843 1430 favore

2231 1462 2597 1532 conjunxerat
2624 1464 2913 1527 dissoluta,
2931 1464 3095 1533 juxta
3121 1465 3269 1534 quod
3290 1481 3462 1519 unum
3497 1482 3561 1518 ex
3584 1466 3668 1519 eis
3686 1465 3845 1535 legi-

2231 1567 2356 1605 mus
2386 1563 2819 1624 conquerentem
2845 1572 2858 1607 :
2887 1576 2908 1605 ι
2936 1555 3167 1609 Irritum
3188 1556 3396 1609 factum
3417 1561 3504 1609 est
3522 1562 3779 1626 pactum,
3810 1574 3839 1606 ι

2230 1643 2469 1711 projecit
2497 1643 2765 1708 civitates,
2800 1661 2910 1699 non
2942 1644 3222 1715 reputavit
3250 1645 3563 1699 homines.¢
3598 1646 3745 1699 Item
3776 1645 3844 1699 in

2230 1730 2507 1786 Jeremia:
2548 1754 2568 1784 ι
2605 1735 2706 1800 Ne,
2740 1734 2940 1804 inquit.
2973 1735 3292 1788 consoleris
3317 1752 3429 1793 eos.
3464 1734 3597 1804 quia
3626 1731 3845 1788 abstuli

2165 1811 2422 1890 Bpacem
2454 1839 2635 1877 meam
2679 1841 2713 1877 a
2758 1824 2962 1893 populo
3013 1824 3141 1889 isto,
3176 1824 3257 1877 ait
3307 1823 3597 1878 Dominus.
3653 1823 3844 1893 Hujus

2229 1916 2414 1963 autem
2430 1913 2580 1981 pacis
2592 1913 2790 1978 foedus,
2811 1914 2958 1983 quod
2978 1914 3259 1966 mediante
3286 1913 3505 1966 Christo
3539 1913 3689 1966 Deus
3706 1929 3845 1966 cum

2229 1999 2473 2054 Ecclesia
2511 2002 2725 2061 statuit.
2761 2003 3118 2072 sempiternis
3148 2009 3337 2055 manet
3365 2001 3586 2071 legibus
3633 2002 3846 2056 conﬁr-

2228 2095 2461 2149 matum.
2503 2092 2971 2160 quemadmodum
3002 2092 3060 2145 in
3092 2092 3373 2145 Ezechiele
3406 2090 3716 2161 spopondit
3747 2090 3843 2144 di-

2230 2193 2361 2231 cens
2394 2197 2405 2231 :
2436 2199 2458 2229 «
2494 2180 2662 2234 David
2695 2198 2888 2234 servus
2915 2197 3087 2243 meus,
3130 2182 3232 2234 hoc
3276 2185 3378 2241 est,
3408 2179 3691 2239 Christus.
3729 2178 3845 2232 erit

2230 2267 2487 2338 princeps
2506 2286 2697 2323 eorum
2731 2270 2786 2323 in
2820 2276 3170 2340 perpetuum,
3204 2275 3259 2322 et
3292 2270 3414 2338 ejus
3443 2268 3835 2330 interventu,»

2230 2354 2551 2421 subaudias,
2602 2357 2966 2427 «percutiam
3004 2357 3114 2411 illis
3164 2346 3544 2426 fiedus'pacis,
3600 2361 3840 2425 pactum

2229 2444 2633 2514 sempiternum
2658 2446 2766 2499 erit
2794 2446 2894 2499 eis.
2921 2465 2949 2499 )3

2235 2586 2365 2643 CAP.
2393 2587 2486 2642 VI.
2523 2618 2587 2627 —
2630 2589 2703 2641 De
2747 2590 2990 2713 giladltllin
3030 2589 3155 2673 .alia
3185 2603 3315 2656 pace
3358 2590 3507 2640 inter
3553 2588 3729 2641 Deum
3786 2595 3837 2642 et

2927 2676 3184 2713 omanem.

2927 2676 3184 2713 ονηῑηθνη.

2303 2801 2402 2854 Est
2420 2805 2478 2855 et
2496 2800 2607 2855 alia
2638 2802 2897 2872 quedam
2927 2818 3031 2872 pax
3057 2802 3343 2864 secretior,
3375 2799 3525 2854 inter
3567 2798 3753 2853 Deum
3781 2805 3841 2854 et

553 2890 721 2956 gente
744 2886 999 2942 videlicet
1024 2888 1408 2948 Hebraeorum.
1460 2891 1626 2961 hujus
1656 2891 1807 2963 pacis
1848 2892 2146 2945 reviruisse
2230 2890 2513 2944 hominem
2563 2891 2761 2945 divinae
2812 2891 3113 2960 Scriptum
3169 2888 3505 2943 testimoniis
3550 2890 3835 2957 innotata,

554 2975 807 3029 amicitia
836 2982 1070 3033 eatenus
1099 2978 1409 3041 videbatur,
1443 2987 1507 3034 ut
1535 2981 1654 3051 ipse
1680 2981 1951 3035 Dominus
1971 2998 2146 3051 gene—
2228 2996 2354 3032 cum
2374 2979 2627 3033 videlicet
2653 2978 2962 3049 spiritualis
2993 2980 3078 3032 vir
3107 2979 3251 3033 bona
3278 2978 3481 3032 merita
3509 2977 3836 3032 divinorum

553 3063 828 3119 rationem
876 3066 1029 3120 illam
1062 3070 1331 3139 p0pulum
1370 3069 1477 3123 sibi
1518 3069 1855 3140 peculiarem
1917 3070 2138 3132 faceret,
2171 3132 2204 3140 _
2230 3068 2585 3138 praemiorum
2616 3068 2844 3138 subjicit
2880 3069 3180 3139 majestati,
3226 3068 3510 3122 aestimans
3542 3067 3837 3137 passiones

555 3169 796 3224 eumque
826 3155 1004 3209 ﬁlium
1021 3132 1183 3211 suum
1208 3132 1640 3229 primogenitum
1662 3160 1972 3230 appellaret
1987 3132 2206 3230 juxtaC
2230 3132 2399 3226 hujus
2420 3158 2688 3228 temporis
2713 3132 2866 3211 nullo
2898 3132 3061 3211 modo
3098 3157 3404 3226 condignas
3434 3132 3559 3209 esse
3583 3155 3652 3209 ad
3676 3156 3839 3210 futu-

553 3242 691 3296 illud
722 3244 893 3297 Exodi
929 3262 938 3297 :
969 3264 993 3297 ‹‹
1028 3247 1201 3300 Filius
1230 3264 1387 3301 meus
1411 3249 1821 3318 primogenitus
1842 3250 2042 3307 Israel.
2085 3270 2107 3299 ι
2230 3262 2349 3299 ram
2381 3247 2637 3316 gloriam.
2672 3264 2795 3317 quae
2826 3247 3165 3300 revelabitur
3216 3248 3273 3299 in
3314 3244 3491 3299 nobis.
3545 3244 3625 3297 De
3669 3246 3836 3315 cujus

628 3332 737 3385 Sed
766 3338 915 3387 certe
948 3336 1321 3402 particularis,
1353 3344 1411 3390 et
1446 3354 1557 3390 non
1592 3339 1920 3395 universalis
1951 3340 2148 3409 hujus-
2231 3336 2383 3405 pacis
2407 3336 2605 3399 forma,
2625 3344 2679 3389 et
2710 3336 2852 3389 bello
2876 3337 3023 3406 quod
3046 3336 3188 3389 hanc
3212 3351 3399 3405 pacem
3438 3333 3707 3404 praevenit
3736 3333 3840 3387 illa

556 3421 707 3474 modi
728 3439 832 3491 pax
863 3430 1003 3477 erat.
1048 3426 1171 3479 Non
1209 3425 1354 3478 enim
1387 3426 1554 3495 hujus
1586 3427 1735 3496 pacis
1768 3427 2002 3496 pignora
2035 3444 2150 3481 om-
2231 3425 2497 3494 parabola
2527 3425 2746 3479 Domini
2779 3424 3070 3478 texebatur
3094 3443 3141 3478 :«
3177 3424 3312 3487 Quis
3344 3440 3436 3476 rex
3466 3423 3651 3476 iturus
3678 3438 3836 3476 com-

557 3510 743 3577 nibus,
761 3512 856 3565 sed
880 3512 990 3565 illis
1006 3519 1229 3567 tantum
1259 3515 1343 3568 vel
1374 3515 1483 3568 illis
1502 3515 1774 3585 patribus,
1810 3522 1865 3568 et
1893 3517 1991 3570 uni
2030 3522 2151 3570 tan-
2231 3513 2672 3567 mitterebellum
2686 3515 2951 3567 adversus
2967 3513 3138 3566 alium
3163 3528 3352 3581 regem
3373 3511 3609 3564 ?Nonne
3629 3510 3835 3563 sedens

556 3603 679 3653 tum
711 3601 915 3670 pOpulo
936 3603 1366 3671 praestabantur.
1402 3604 1590 3657 divino
1622 3608 1720 3674 per
1745 3605 1891 3657 hunc
1920 3606 2146 3658 modum
2231 3603 2387 3672 prius
2415 3608 2723 3673 computat,
2756 3603 2801 3655 si
2832 3603 3007 3673 possit
3034 3618 3158 3655 cum
3208 3601 3396 3654 decem
3444 3598 3692 3653 millibus
3740 3615 3837 3652 oc-

556 3688 781 3758 eloquio
810 3691 1157 3761 exprimente
1192 3710 1203 3745 :
1236 3714 1257 3743 (
1289 3694 1385 3747 Dic
1405 3694 1595 3748 domui
1627 3696 1817 3759 Israel,
1842 3696 1931 3748 dic
1958 3695 2149 3749 domui
2230 3708 2456 3745 currere
2498 3692 2549 3743 ei
2587 3692 2681 3761 qui
2710 3708 2834 3745 cum
2866 3691 3062 3761 viginti
3099 3690 3345 3743 millibus
3396 3688 3547 3741 venit
3601 3688 3672 3741 ad
3733 3687 3840 3741 se?

553 3777 717 3832 Juda.
754 3796 780 3831 ι
811 3779 966 3834 Tunc
995 3781 1146 3835 enim
1177 3788 1343 3836 notus
1393 3788 1615 3837 tantum
1667 3784 1723 3837 in
1771 3785 1965 3838 Judaea
1998 3784 2149 3838 Deus
2230 3781 2493 3851 Alioquin
2523 3780 2705 3834 adhuc
2733 3781 2828 3833 illo
2860 3781 3022 3849 longe
3053 3785 3254 3849 agente
3314 3778 3654 3847 legationem
3709 3777 3839 3830 mit-

556 3872 697 3929 erat,
722 3866 780 3920 in
800 3866 975 3922 Israel
1005 3871 1397 3924 tantummodo
1432 3888 1697 3941 magnum
1720 3889 1924 3926 nomen
1946 3874 2153 3942 ejus,et

553 3955 632 4009 ibi
658 3956 717 4009 in
742 3973 876 4026 pace
904 3958 1084 4013 factus
1113 3965 1200 4013 est
1218 3960 1372 4013 locus
1401 3963 1523 4031 ejus
1553 3967 1611 4014 et
1637 3962 1696 4015 in
1718 3961 1853 4015 Sion
1880 3963 2154 4016 duntaxat

554 4044 830 4100 habitatio
851 4050 992 4117 ejus.

626 4134 1025 4191 Reconciliatio
1061 4154 1191 4191 vero
1220 4138 1567 4209 pacis,quam
1591 4139 1916 4193 mediatoris
1945 4139 2153 4192 Christi

556 4222 901 4294 diapensatio
932 4227 1536 4296 procuravit,omnibus
1558 4228 1785 4281 omnino
1810 4228 2155 4299 promittitur

557 4317 615 4366 et
635 4313 885 4375 offertur,
908 4316 1211 4369 secundum
1234 4317 1382 4386 quod
1402 4317 1494 4370 ille
1512 4318 1828 4387 loquiturin
1851 4318 2147 4387 Propheta:

563 4421 586 4453 ι
621 4402 818 4456 Creavi
847 4403 1088 4458 fructum
1122 4405 1399 4459 labiorum
1443 4422 1656 4476 pacem,
1705 4423 1898 4476 pacem
1938 4407 2024 4460 his
2056 4407 2149 4476 qui

556 4490 743 4561 longe,
768 4498 825 4545 et
852 4509 1044 4563 pacem
1075 4494 1160 4547 his
1191 4495 1286 4564 qui
1304 4512 1529 4565 prope.»
1556 4496 1732 4558 Quam
1752 4496 1920 4549 etiam
1950 4496 2151 4549 divinae

558 4580 713 4651 pacis
741 4581 1165 4636 universitatem
1197 4592 1253 4637 et
1280 4585 1481 4638 Petrus
1535 4586 1766 4651 notavit,
1807 4602 1933 4638 cum
1965 4585 2106 4638 dixit
2137 4604 2147 4637 :

562 4689 585 4720 ι
613 4671 680 4724 In
708 4671 943 4724 veritate
963 4673 1207 4743 comperi
1236 4673 1368 4744 quia
1406 4689 1517 4726 non
1549 4679 1635 4726 est
1665 4690 2030 4743 personarum
2059 4691 2152 4727 ac-

558 4764 753 4829 ceptor
774 4759 944 4823 Deus,
965 4761 1062 4814 sed
1084 4763 1142 4815 in
1172 4763 1324 4816 omni
1348 4770 1535 4832 gente,
1570 4763 1665 4833 qui
1694 4763 1856 4816 timet
1892 4764 2069 4816 Deum
2099 4767 2155 4816 et

559 4853 826 4918 operatur
847 4848 1152 4918 justitiam.
1201 4850 1291 4904 hic
1334 4860 1595 4920 acceptus
1643 4855 1728 4903 est
1773 4850 1878 4903 illi.
1909 4850 2154 4903 Verbum

558 4936 717 4991 misit
737 4937 866 4991 ﬁliis
894 4938 1068 4992 Israel
1088 4939 1432 4992 annuntians
1452 4955 1644 5008 pacem
1663 4955 1763 5008 per
1776 4940 1802 4992 ,Ι
1810 4954 1968 4992 esum
1990 4937 2155 4992 Chri-

558 5030 729 5079 stum.
754 5026 855 5080 Hic
893 5032 981 5080 est
1004 5027 1277 5081 Dominus
1308 5027 1578 5080 omnium.
1611 5045 1633 5075 ι

628 5112 888 5167 Afﬁniori
917 5132 1139 5185 quoque
1168 5114 1426 5167 amicitiae
1457 5113 1675 5166 vinculo
1705 5113 1762 5166 in
1793 5112 1962 5185 hujus
1991 5114 2161 5167 refor-

559 5204 809 5258 matione
848 5205 1020 5274 pacis,
1072 5220 1195 5274 quae
1242 5220 1342 5273 per
1390 5203 1674 5256 Christum
1725 5202 1871 5255 facta
1899 5208 2001 5267 est,
2045 5204 2159 5256 Deo

558 5294 882 5349 refaederari
912 5294 1167 5347 homines
1198 5298 1544 5346 meruerunt.
1582 5292 1723 5344 Nam
1764 5308 1889 5344 cum
1920 5292 2073 5361 prius
2102 5292 2160 5345 in

559 5383 896 5456 quibusdam
930 5382 1190 5435 Patribus
1237 5388 1457 5435 tantum
1506 5381 1671 5434 amici
1721 5381 1818 5433 Dei
1866 5381 2157 5445 fuerimus,

560 5490 711 5528 nunc
740 5490 840 5542 per
872 5473 1236 5526 mediatorem
1293 5472 1599 5534 Christum,
1648 5471 1744 5540 qui
1791 5486 2015 5523 carnem
2067 5487 2162 5523 no-

561 5570 736 5617 stram
770 5562 965 5615 deitati
1009 5578 1123 5614 suae
1164 5560 1324 5613 unire
1354 5561 1617 5629 dignatus
1657 5568 1760 5621 est,
1798 5576 1907 5611 non
1940 5566 2161 5612 tantum

564 5652 730 5705 amici
771 5652 897 5722 Dei,
925 5652 1024 5705 sed
1070 5652 1243 5705 etiam
1281 5652 1403 5719 ejus
1441 5651 1643 5704 fratres
1670 5658 1727 5704 et
1755 5649 1993 5720 proximi
2025 5649 2164 5704 obti-

2232 3876 2358 3923 tens
2397 3876 2558 3938 rogat
2583 3886 2668 3932 ea,
2702 3886 2825 3939 quae
2858 3869 3008 3940 pacis
3040 3874 3188 3922 sunt.
3218 3886 3244 3921 ))

2306 3960 2419 4013 Rex
2454 3959 2719 4012 adversus
2776 3959 2949 4011 alium
2981 3974 3169 4027 regem
3217 3946 3425 4009 bellum
3465 3959 3651 4025 parat,
3709 3969 3843 4006 cum

2235 4047 2437 4118 aliquis
2458 4064 2517 4100 se
2537 4047 2865 4100 salvandum
2898 4047 3013 4100 suis
3052 4046 3266 4099 meritis
3288 4049 3533 4115 reputat.
3560 4042 3669 4098 Sed
3688 4049 3841 4095 certe

2236 4154 2347 4191 non
2379 4136 2690 4190 salvabitur
2704 4135 2831 4188 talis
2856 4152 2949 4189 rex
2981 4151 3080 4204 per
3109 4135 3343 4187 multam
3366 4133 3633 4186 virtutem
3654 4148 3835 4197 suam,

2240 4245 2265 4278 α
2295 4226 2566 4280 universae
2596 4226 2743 4278 enim
2771 4225 3006 4295 justitize
3035 4230 3239 4277 nostrae
3281 4223 3338 4276 in
3370 4226 3673 4292 conspectu
3710 4219 3835 4282 Dei,

2236 4315 2542 4370 secundum
2574 4315 2930 4384 Prophetam,
2948 4318 3079 4366 sunt
3100 4313 3259 4382 quasi
3284 4328 3503 4382 pannus
3526 4320 3842 4363 menstrua-

2235 4412 2322 4458 tze.
2353 4422 2378 4456 D
2414 4405 2553 4458 Cum
2601 4404 2794 4457 decem
2844 4402 3091 4456 millibus
3130 4407 3265 4454 tunc
3312 4402 3423 4453 Deo
3456 4398 3583 4469 quis
3628 4398 3837 4461 obviat,

2234 4510 2360 4546 cum
2386 4510 2617 4563 operum
2643 4496 2840 4546 merita
2863 4490 3135 4562 superbus
3151 4490 3361 4559 jactat?
3380 4488 3489 4542 Sed
3514 4488 3663 4541 Deus
3680 4487 3841 4557 quasi

2236 4599 2360 4636 cum
2419 4583 2702 4653 duplicato
2740 4598 2975 4634 numero
3007 4586 3203 4633 contra
3248 4595 3374 4632 eum
3408 4581 3578 4641 venit,
3617 4576 3841 4647 quando

2235 4671 2323 4724 vix
2348 4671 2405 4724 in
2447 4672 2565 4724 solo
2606 4676 2865 4741 paratum
2890 4685 3078 4739 opere.
3113 4668 3183 4721 de
3212 4683 3380 4737 opere
3411 4665 3581 4718 simul
3613 4665 3843 4718 discutit

2239 4766 2297 4813 et
2325 4760 2681 4830 cogitatione.
2732 4760 2876 4813 Dum
2916 4758 3107 4828 itaque
3152 4757 3335 4810 adhuc
3383 4771 3482 4826 per
3511 4754 3842 4807 dilationem

2231 4849 2428 4917 judicii
2458 4849 2623 4918 longe
2655 4865 2783 4901 eum
2805 4847 3104 4911 credimus,
3122 4845 3461 4915 legationem
3478 4842 3587 4896 sibi
3612 4858 3845 4912 precum

2243 4937 2549 5004 mittamus,
2583 4943 2846 5007 rogantes
2870 4953 2937 4989 ea
2958 4952 3080 5005 quae
3102 4935 3254 5005 pacis
3279 4938 3429 4997 sunt,
3464 4938 3521 4986 et
3550 4932 3802 4986 dicentes
3828 4949 3840 4981 :

2247 5047 2269 5077 ι
2323 5028 2405 5080 Ne
2436 5028 2610 5080 intres
2638 5026 2694 5079 in
2738 5025 3017 5095 judicium
3055 5041 3182 5078 cum
3230 5039 3389 5077 servo
3433 5028 3551 5083 tuo,
3586 5020 3841 5084 Domine,

2243 5117 2377 5187 quia
2404 5133 2516 5170 non
2540 5115 2940 5186 justificabitur
2976 5114 3033 5167 in
3064 5118 3365 5183 conspectu
3407 5116 3504 5164 tuo
3552 5110 3737 5163 omnis
3766 5109 3847 5162 vi-

2245 5224 2398 5260 vens.
2429 5225 2454 5259 ))

2522 5295 2654 5349 ΟΜ).
2688 5293 2880 5347 VII.-—
2900 5295 2972 5347 De
2997 5308 3124 5359 pace
3152 5292 3363 5344 diaboli
3386 5289 3460 5341 ad
3489 5304 3561 5341 se.

2317 5385 2667 5454 Simplicium
2716 5383 2937 5436 aurium
2983 5381 3251 5434 oil'ensam
3315 5383 3592 5438 metuens,
3650 5391 3845 5445 pacem

2245 5474 2447 5527 diaboli
2469 5473 2537 5526 ad
2570 5491 2629 5526 se
2658 5472 2867 5524 nullam
2901 5470 3165 5531 dicerem,
3217 5467 3323 5520 nisi
3377 5482 3501 5519 eam
3532 5468 3786 5518 notatum
3818 5479 3851 5515 a

2246 5563 2485 5617 Domino
2511 5563 2816 5615 invenirem
2857 5578 2867 5611 :
2897 5580 2917 5607 α
2953 5560 3092 5613 Cum
3135 5557 3293 5610 fortis
3325 5560 3578 5608 armatus
3608 5554 3851 5606 CU>lUdlt

2246 5652 2455 5706 atrium
2478 5668 2665 5717 suum,
2697 5650 2755 5703 in
2786 5666 2922 5720 pace
2951 5654 3085 5702 sunt
3111 5646 3321 5711 omnia,
3355 5661 3477 5714 qua:
3514 5642 3782 5713 possidet.
3822 5660 3846 5692 ι)
