3944 6358
97 336 234 397 1601
1244 339 1339 394 DE
1375 339 1572 394 BONO
1614 339 1704 394 PA

1792 340 1842 395 Ξ.
1886 368 1951 380 -
1990 332 2127 393 LIB.
2169 339 2214 393 Ῑ.
2876 378 2879 385 ς
3222 342 3361 402 1602

95 465 229 518 Haec
269 480 378 535 pax
416 463 626 518 diaboli
659 464 812 518 aliud
841 463 981 517 nihil
1015 469 1138 517 erat
1180 480 1347 534 quam
1377 480 1571 517 secura
1598 481 1690 534 ge-
1709 464 1840 527 Ade
1878 463 2146 527 lunatico,
2181 462 2314 533 quia
2361 478 2489 516 cum
2537 462 2769 518 vidisset
2804 466 3129 529 Dominum,
3164 470 3359 524 statim

92 553 250 605 neris
273 552 503 606 humani
533 553 828 622 possessio,
863 569 1031 622 quam
1064 551 1318 605 videlicet
1348 568 1537 621 pacem
1569 553 1691 605 dia-
1774 552 2006 622 Spiritus
2036 550 2387 603 conturbavit
2406 557 2627 612 eum,et
2646 553 2815 607 elisus
2837 555 2894 608 in
2925 562 3132 610 terram
3153 559 3364 612 voluta-

93 641 224 694 bulo
247 657 359 695 non
382 641 617 711 preprize
640 642 859 694 virtutis
882 641 1150 710 potentia,
1177 641 1270 693 sed
1306 641 1539 710 ignaviae
1568 658 1693 693 nos-

90 736 196 783 trae
219 730 500 783 stoliditas
532 730 893 799 comparavit.
926 729 1178 782 Timidus
1203 735 1287 782 est
1310 730 1457 782 enim
1496 729 1691 782 diabo-

90 820 182 871 lus
209 837 222 884 ;
255 819 371 890 qui,
405 818 452 872 si
482 818 533 872 ei
563 819 865 881 resistitur,
898 818 1161 871 continuo
1209 819 1457 886 fugatur,
1490 836 1691 871 secun-

91 908 234 961 dum
268 907 416 978 quod
448 907 688 961 Jacobus
728 907 809 960 ait
839 924 850 959 :
904 924 929 957 «
959 906 1222 961 Resistite
1251 907 1496 976 diabolo,
1527 913 1584 960 et
1611 908 1692 961 fu-

89 996 212 1067 giet
244 995 473 1051 avobis.
512 1015 535 1045 ι

170 1084 289 1139 Sed
320 1091 624 1155 antequam
656 1101 753 1138 rex
772 1084 1080 1138 altissimus
1113 1086 1274 1138 Jesus
1313 1084 1567 1138 Christus
1597 1101 1697 1155 per

92 1173 579 1243 dispensationem
608 1173 793 1227 carnis
819 1173 1040 1227 diabolo
1065 1173 1268 1227 bellum
1289 1173 1578 1237 indiceret,
1604 1190 1697 1227 ne-

92 1278 192 1315 mo
224 1262 321 1333 qui
353 1261 456 1316 sibi
485 1262 772 1316 resisteret
796 1263 1173 1332 comparebat.
1203 1264 1410 1316 Omnes
1447 1262 1597 1315 enim
1638 1262 1696 1315 in

94 1352 225 1421 ejus
257 1351 573 1405 clientelam
600 1351 1029 1405 declinaverant.
1065 1352 1191 1405 Non
1212 1357 1333 1404 erat
1362 1351 1457 1421 qui
1489 1352 1698 1404 faceret

94 1440 335 1505 bonum,
356 1456 470 1494 non
495 1446 616 1493 erat
650 1457 828 1510 usque
856 1441 923 1493 ad
965 1456 1162 1494 unum.
1198 1440 1328 1493 Ideo
1358 1440 1418 1493 in
1453 1441 1694 1510 quadam

94 1530 258 1600 pacis
287 1530 588 1583 securitate
608 1529 711 1583 sibi
734 1546 799 1583 ea
818 1530 966 1582 facta
994 1536 1277 1599 sunt,quae
1292 1530 1421 1599 jure
1450 1535 1697 1600 cmperat

94 1618 404 1689 tyrannico
429 1618 733 1688 possidere,
758 1618 933 1671 donec
957 1617 1193 1671 ferocior
1214 1635 1278 1671 eo
1299 1618 1697 1682 superveniens

96 1723 300 1778 pacem
346 1707 523 1777 ipsius
562 1712 866 1776 rumperet,
900 1713 957 1759 et
989 1711 1104 1759 tam
1137 1706 1341 1759 atrium
1372 1707 1493 1775 ejus
1526 1722 1694 1776 quam

1777 640 1958 697 batur.
1985 646 2042 693 et
2071 639 2306 692 Domino
2324 638 2555 708 jubente
2585 643 2930 705 exclamavit,
2959 650 3017 698 et
3043 645 3364 717 discerpens

1776 747 1903 783 eum
1929 728 2219 798 exiit,quia
2237 746 2383 798 Stepn
2404 730 2535 781 dum
2559 732 2805 785 converti
2825 733 2892 785 ad
2918 734 3217 788 Dominum
3242 741 3366 804 post

1774 825 2061 889 peccatum
2083 818 2354 883 volumus,
2388 818 2754 889 amplioribus
2780 838 2813 875 a
2846 822 3070 876 diabolo
3102 824 3366 878 cruciati-

1776 908 1877 961 bus
1906 908 2322 977 impugnamur.

1846 996 1996 1050 Talis
2026 1012 2130 1066 pax
2162 995 2371 1049 diaboli
2396 997 2467 1051 ad
2498 998 2781 1052 hominem
2804 1000 3025 1071 requies
3043 1007 3129 1055 est
3149 1007 3205 1055 et
3223 1018 3368 1056 som-

1776 1100 1882 1137 nus
1913 1084 2200 1147 Behemot,
2234 1085 2330 1155 qui
2381 1103 2406 1137 α
2436 1085 2539 1139 sub
2569 1087 2770 1141 umbra
2798 1088 3008 1143 dormit
3046 1089 3104 1143 in
3150 1096 3365 1144 secreto

1777 1172 1977 1226 calami
2008 1173 2065 1225 in
2091 1173 2231 1226 locis
2262 1173 2641 1229 humentibus.
2681 1195 2704 1227 ι)
2737 1179 2780 1230 Α
2811 1195 2919 1248 quo
2951 1178 3144 1249 utique
3165 1196 3365 1250 sopore

1779 1277 1906 1314 eum
1939 1261 2183 1314 excitant
2204 1267 2260 1314 et
2285 1264 2353 1314 ad
2370 1279 2617 1332 pugnam
2637 1271 2955 1334 provocant,
2981 1267 3078 1337 qui
3094 1268 3367 1322 virtutum

1778 1349 1978 1403 studiis
1994 1351 2112 1420 jam
2134 1368 2383 1421 quaerere
2404 1352 2579 1405 Deum
2604 1359 2820 1423 parant.
2849 1354 3003 1409 Unde
3022 1356 3125 1409 Job
3141 1357 3210 1410 de
3230 1356 3367 1427 ipsis

1779 1455 1953 1509 agens
1974 1440 2107 1493 dicit
2129 1458 2176 1492 :c
2202 1440 2539 1494 Maledicant
2559 1443 2629 1507 ei,
2650 1442 2744 1513 qui
2767 1444 3108 1500 maledicunt
3122 1445 3252 1513 diei,
3271 1445 3367 1517 qui

1779 1528 1963 1599 parati
1993 1534 2125 1583 sunt
2153 1530 2421 1584 suscitare
2448 1530 2769 1585 Leviathan.
2806 1551 2832 1586 »

1991 1674 2128 1727 CAP.
2155 1675 2249 1727 IX.
2284 1707 2334 1715 -
2374 1676 2446 1729 De
2474 1691 2601 1743 pace
2628 1680 2953 1745 angelorum
2979 1680 3054 1733 ad
3079 1696 3151 1733 se.

96 1797 333 1849 domum
381 1795 634 1849 funditus
677 1795 961 1865 spoliaret.
996 1794 1215 1848 Atrium
1255 1802 1443 1848 autem
1495 1790 1755 1848 domusB
1845 1798 2153 1868 Proposita:
2177 1799 2553 1854 distinctionis
2592 1802 2765 1856 series
2786 1803 2974 1874 exigit,
3006 1812 3071 1860 ut
3100 1807 3363 1876 postilla,

96 1885 316 1938 diaboli
354 1885 467 1938 vita
498 1885 804 1937 carnalium
846 1891 968 1949 est;
1004 1885 1204 1938 domus
1230 1887 1370 1954 ejus,
1423 1884 1689 1938 infernus.

99 1975 262 2028 Sicut
292 1974 438 2028 enim
464 1975 520 2026 in
554 1974 780 2026 domum
812 1974 1057 2027 intratur
1096 1991 1194 2044 per
1221 1974 1449 2039 atrium,
1491 1976 1568 2027 sic
1602 1990 1699 2043 per

96 2064 388 2117 carnalem
424 2064 589 2116 vitam
624 2063 964 2133 pertingitur
988 2064 1054 2116 ad
1082 2063 1381 2117 infernum.
1406 2064 1478 2117 Ut
1507 2063 1697 2132 itaque

99 2152 431 2225 prosperius
452 2152 679 2205 domum
710 2168 868 2204 suam
893 2150 1148 2204 diabolus
1172 2152 1452 2221 possideat
1474 2152 1528 2204 in
1552 2152 1697 2205 atrio

104 2261 166 2297 se
196 2242 484 2296 custodem
515 2240 819 2311 locat,quia
843 2240 1046 2293 idcirco
1069 2242 1350 2293 carnalem
1383 2241 1551 2293 vitam
1577 2258 1703 2310 sug-

102 2348 304 2403 gerere
318 2331 609 2393 nititur,ut
629 2329 1007 2405 abundantius
1023 2330 1091 2382 de
1107 2330 1450 2399 perditorum
1466 2346 1700 2382 numero

104 2421 361 2475 infernus
393 2420 694 2490 repleatur.
720 2420 898 2481 Quam
921 2418 1210 2472 dissimilis
1243 2436 1343 2488 pax
1367 2418 1474 2471 ista
1494 2418 1700 2471 diaboli

105 2510 177 2563 ab
208 2526 292 2575 ea,
331 2526 498 2579 quam
529 2508 711 2579 primo
736 2508 1043 2577 posuimus,
1081 2524 1213 2577 pace
1242 2507 1342 2561 Dei
1371 2508 1382 2559 !
1418 2508 1519 2561 Illa
1550 2508 1701 2560 enim

108 2614 332 2653 summe
362 2596 526 2658 bona,
560 2597 680 2650 haec
708 2613 927 2649 summe
959 2596 1230 2666 pessima;
1260 2597 1374 2658 illa,
1399 2598 1545 2649 sicut
1569 2613 1703 2666 prae-

107 2688 375 2750 diximus,
399 2686 521 2739 fons
548 2691 633 2738 est
648 2684 828 2737 omnis
849 2692 1052 2738 sancta;
1072 2686 1397 2752 concordiae,
1417 2686 1534 2739 haec
1562 2702 1704 2740 vena

110 2776 295 2830 omnis
315 2774 605 2829 discordiae
634 2773 851 2827 homini
884 2774 1168 2828 nociturae.

252 2918 385 2972 CAP.
422 2917 571 2971 VIII.
606 2946 674 2955 —
694 2918 767 2970 De
790 2933 921 2984 pace
954 2918 1163 2969 diaboli
1185 2918 1259 2969 ad
1289 2917 1554 2971 homines.

182 3040 397 3097 Deinde
417 3040 623 3094 diaboli
652 3041 723 3094 ad
752 3041 1005 3094 homines
1027 3057 1130 3110 pax
1152 3046 1237 3093 est
1262 3039 1547 3094 diabolicae
1574 3056 1703 3110 pra-

1780 1904 1902 1957 quae
1930 1887 1997 1939 de
2028 1904 2159 1956 pace
2185 1888 2282 1940 Dei
2306 1890 2386 1941 vel
2418 1889 2622 1942 diaboli
2682 1891 2979 1962 dupliciter
3007 1895 3267 1959 diximus,
3300 1898 3369 1952 de

1781 1992 1913 2045 pace
1942 1976 2272 2044 angelorum
2304 1978 2373 2029 ad
2403 1995 2481 2041 se,
2506 1979 2611 2031 hoc
2638 1987 2740 2040 est,
2774 1981 2922 2035 inter
2944 2000 3023 2048 se,
3043 1985 3190 2055 quod
3209 2002 3368 2057 expe-

1779 2065 1881 2130 dit,
1914 2066 2276 2119 disseramus.
2314 2066 2444 2127 Pax,
2479 2085 2601 2137 quae
2623 2068 2770 2123 inter
2789 2072 3017 2141 angelos
3038 2090 3158 2127 esse
3187 2074 3368 2130 credi-

1780 2160 1892 2216 tur,
1925 2160 2011 2207 est
2031 2170 2260 2207 concors
2287 2154 2344 2208 in
2372 2155 2470 2209 Dei
2502 2158 2936 2224 venerationem,
2970 2162 3366 2232 cognitionem,

1784 2242 2252 2313 dilectionemque
2281 2246 2615 2314 progressio,
2635 2252 2692 2300 et
2718 2249 3004 2318 gradualis
3021 2252 3274 2322 quaedam
3298 2255 3370 2308 ad

1783 2328 2048 2381 inferiora
2080 2330 2416 2398 suggi'essio.
2447 2331 2526 2384 De
2566 2349 2676 2402 qua
2719 2351 2852 2404 pace
2897 2337 3183 2408 Scriptura
3226 2339 3372 2394 beati

1785 2418 1887 2470 viri
1929 2419 2062 2483 (Job.
2115 2422 2236 2487 xxv)
2278 2435 2389 2472 non
2440 2420 2617 2474 tacuit
2664 2440 2675 2474 :
2714 2441 2739 2474 «
2778 2422 3050 2489 Potestas,
3082 2428 3285 2499 inquit,
3317 2434 3375 2483 et

1783 2511 1966 2559 terror
1994 2506 2142 2577 apud
2166 2523 2293 2560 eum
2317 2514 2421 2569 est,
2445 2508 2541 2577 qui
2568 2509 2700 2564 facit
2725 2514 3082 2570 concordiam
3109 2517 3165 2571 in
3196 2517 3374 2573 subli-

1786 2595 1989 2661 mibus,
2020 2618 2041 2643 ι»
2074 2596 2179 2648 hoc
2207 2603 2293 2649 est
2321 2596 2378 2650 in
2407 2599 2638 2667 angelis.

1855 2684 2042 2737 Prima
2056 2683 2334 2754 siquidem
2356 2693 2414 2738 et
2434 2687 2677 2741 maxima
2687 2689 2965 2745 discordia
2983 2692 3133 2748 inter
3145 2696 3375 2766 angelos

1785 2772 1994 2826 exstitit
2050 2774 2273 2842 quando
2304 2774 2538 2839 Lucifer,
2570 2777 2665 2846 qui
2708 2795 2869 2833 mane
2896 2781 3199 2845 oriebatur,
3231 2785 3374 2839 divi-

1784 2861 1978 2915 nitatis
2018 2861 2233 2931 apicem
2266 2863 2529 2917 invadere
2556 2866 2821 2934 cogitavit
2839 2868 3029 2923 dicens
3063 2890 3074 2923 :
3102 2890 3129 2924 α
3161 2873 3372 2929 Ponam

1786 2952 1973 3004 sedem
1996 2967 2176 3003 meam
2194 2951 2263 3004 ad
2287 2953 2605 3021 aquilonem
2622 2960 2678 3007 et
2699 2972 2793 3009 ero
2815 2957 3014 3013 similis
3027 2961 3369 3018 Altissimo.»

1785 3040 1939 3094 Tunc
1968 3040 2115 3093 enim
2151 3059 2175 3091 α
2198 3039 2406 3094 factum
2437 3048 2523 3095 est
2551 3044 2806 3112 praelium
2838 3063 3103 3117 magnum
3129 3050 3188 3105 in
3210 3053 3369 3119 coelo,

113 3131 299 3185 vitatis
353 3134 409 3184 et
438 3129 698 3184 humanae
752 3105 1053 3183 voluntatis
1082 3130 1341 3183 vitiorum
1393 3105 1702 3183 intercessu
1720 3105 1762 3165 Ο
1786 3128 2087 3182 Michaelet
2109 3130 2429 3199 angeliejus
2450 3105 2848 3201 praeliabantur
2877 3105 3003 3190 cuin
3035 3105 3377 3205 dracone,et

109 3220 486 3275 concordatio.
508 3220 687 3283 Quam
713 3235 905 3289 pacem
933 3235 1114 3272 sermo
1146 3225 1304 3271 notat
1324 3218 1699 3289 propheticus,

109 3310 346 3380 loquens
362 3309 421 3362 in
451 3308 675 3362 vocibus
704 3308 1045 3378 perfidorum
1073 3325 1084 3361 :
1128 3326 1151 3357 α
1186 3307 1589 3371 Percussimus,
1621 3307 1707 3360 in—

113 3399 339 3470 quiunt,
371 3397 551 3451 fmdus
580 3414 709 3449 cum
743 3402 943 3456 morte,
986 3416 1010 3448 »
1044 3397 1149 3449 hoc
1190 3401 1292 3460 est,
1326 3396 1547 3449 diabolo
1589 3414 1615 3446 (ί
1649 3401 1706 3449 et

112 3506 237 3544 cum
270 3488 490 3542 inferno
546 3487 783 3539 fecimus
835 3492 1079 3556 pactum,
1142 3491 1199 3538 et
1247 3485 1371 3537 ideo
1420 3485 1704 3553 ﬂagellum

112 3578 415 3643 inundans,
450 3593 574 3629 cum
606 3575 915 3633 transierit,
951 3590 1061 3627 non
1093 3574 1276 3627 veniet
1317 3591 1485 3644 super
1520 3590 1639 3627 nos.
1677 3593 1699 3623 ν

118 3668 258 3721 Cum
281 3666 431 3719 enim
453 3665 656 3717 videris
682 3663 1001 3734 quempiam
1025 3663 1229 3716 diaboli
1251 3663 1514 3716 satellitio
1532 3663 1704 3715 fcede-

116 3763 323 3820 ratum,
357 3757 477 3824 ejus
498 3772 598 3825 per
623 3754 813 3806 omnia
843 3754 982 3805 votis
1004 3753 1272 3811 alludere,
1307 3752 1543 3804 dilatare
1563 3752 1706 3805 vide-

114 3844 247 3897 licet
273 3843 520 3911 linguam
543 3841 601 3893 in
652 3840 947 3893 maledicta
991 3846 1047 3892 et
1075 3840 1281 3909 turpia,
1322 3845 1378 3892 et
1415 3839 1705 3907 indulgere

117 3932 371 3991 luxuriae,
404 3931 628 3984 adolere
658 3930 967 3993 libidinem,
992 3928 1355 3998 cupiditatem
1384 3927 1702 3988 incendere,

117 4019 467 4075 iracundiam
520 4018 891 4079 inﬂammare,
942 4018 1160 4071 noveris
1211 4018 1379 4070 talem
1421 4016 1706 4069 hominem

120 4110 300 4165 foedus
356 4108 632 4180 pepigisse
689 4123 815 4160 cum
869 4114 1069 4159 morte.
1103 4106 1155 4159 id
1190 4113 1274 4159 est
1314 4104 1551 4167 diabolo,
1587 4104 1702 4173 qui,

123 4198 387 4271 quoniam
430 4196 750 4266 hujusmodi
779 4195 836 4249 in
863 4196 1015 4248 nullo
1045 4194 1148 4248 sibi
1190 4193 1530 4247 contrarium
1575 4209 1708 4245 con-

123 4287 287 4359 spicit
315 4286 474 4357 quasi
504 4302 695 4355 pacem
728 4301 853 4337 cum
891 4301 954 4336 eo
993 4283 1140 4345 colit,
1177 4300 1278 4336 nec
1306 4282 1710 4336 tentationibus

1787 3218 1953 3271 draco
1984 3218 2270 3288 pugnabat
2290 3226 2346 3272 et
2364 3221 2548 3289 angeli
2572 3222 2715 3291 ejus,
2733 3228 2791 3276 et
2808 3240 2918 3278 non
2943 3229 3371 3300 praevaluerunt,

1786 3323 1970 3376 neque
1999 3307 2151 3360 locus
2181 3309 2420 3378 amplius
2448 3310 2705 3365 inventus
2735 3319 2820 3366 est
2844 3331 3038 3369 eorum
3070 3317 3128 3371 in
3162 3320 3319 3373 caelo.
3345 3336 3373 3373 ι

1790 3396 1932 3449 Nam
1964 3397 2241 3466 projectus
2283 3404 2369 3451 est
2404 3398 2571 3452 draco
2598 3399 2692 3453 ille
2723 3418 2981 3472 magnus,
3017 3406 3111 3476 qui
3147 3414 3379 3464 vocatur

1789 3483 2044 3537 diabolus
2069 3491 2126 3537 et
2146 3486 2338 3547 Satan,
2368 3488 2647 3556 projectus
2673 3496 2775 3555 est,
2810 3491 3059 3562 inquam,
3081 3495 3138 3549 in
3167 3502 3377 3553 terram

1789 3579 1845 3625 et
1878 3573 2063 3642 angeli
2109 3574 2231 3643 ejus
2269 3591 2393 3628 cum
2427 3592 2491 3627 eo
2540 3577 2695 3631 missi
2744 3585 2893 3633 sunt.
2938 3581 3203 3638 Praelium
3248 3603 3377 3642 vero

1789 3662 1957 3719 istud.
1992 3664 2137 3731 quod
2189 3662 2335 3716 inter
2380 3665 2608 3733 angelos
2638 3666 2763 3723 fuit.
2812 3685 2922 3722 non
2952 3674 3261 3740 putandum
3294 3681 3380 3730 est

1787 3750 1994 3803 factum
2022 3752 2299 3804 materiali
2326 3752 2493 3815 ferro,
2523 3755 2620 3807 sed
2647 3755 3011 3812 intellectuali
3032 3762 3238 3825 studio,
3265 3779 3377 3818 non

1788 3839 2177 3892 commissione
2192 3856 2500 3899 armorum,
2522 3842 2617 3893 sed
2635 3845 3032 3900 contrarietate
3052 3849 3373 3919 affectuum,

1788 3928 1943 3989 dum,
1960 3934 2232 3998 quantum
2257 3928 2511 3982 diabolus
2539 3936 2594 3982 et
2609 3932 2730 4000 ejus
2750 3935 3047 4004 complices
3062 3954 3162 4007 per
3180 3945 3379 4010 typum

1789 4016 2062 4086 superbiae
2082 4024 2276 4070 contra
2309 4018 2482 4071 Deum
2517 4020 2686 4073 erecti
2716 4028 2866 4083 sunt,
2893 4030 3110 4079 tantum
3143 4026 3379 4083 Michael

1791 4105 2006 4175 sibique
2059 4106 2272 4159 similes
2311 4124 2410 4177 per
2462 4108 2792 4164 humilitatis
2837 4111 3187 4169 devotionem
3233 4118 3380 4188 regis

1791 4195 1983 4247 aeterni
2013 4194 2208 4263 subjici
2240 4196 2489 4265 imperiis
2535 4198 2843 4267 elegerunt.
2879 4200 2951 4254 Et
2977 4201 3102 4257 ideo
3149 4205 3272 4259 istis
3322 4207 3381 4261 in

1792 4283 1928 4337 ccelo
1951 4283 2247 4336 sublimius
2279 4301 2447 4354 quam
2479 4289 2633 4355 prius
2662 4286 2885 4342 fuerant
2938 4294 3381 4365 remanentibus,

125 4394 252 4433 eum
284 4376 616 4446 aggrediens
648 4390 749 4427 nec.
777 4372 1171 4426 afﬂictionibus
1200 4379 1472 4425 sternens.
1531 4373 1707 4435 Quem
1728 4372 1871 4473 1)illi
1896 4372 2101 4425 exclusi
2131 4379 2280 4437 sunt,
2317 4374 2373 4426 in
2402 4379 2564 4428 term
2607 4376 2777 4445 hujus
2807 4379 3004 4434 ultima
3034 4392 3376 4441 corruentes.

125 4467 171 4520 si
200 4466 482 4520 interdum
503 4480 724 4517 sursum
740 4463 927 4515 oculos
949 4463 1164 4531 erigere
1182 4463 1323 4515 velle
1344 4461 1706 4523 subsenserit,

126 4561 204 4620 ut,
236 4572 358 4626 qua:
383 4560 591 4607 aeterna
609 4553 878 4621 sunt.jam
903 4552 1266 4622 appetat,jam
1290 4551 1516 4603 delicias
1538 4550 1709 4611 odiat,

122 4646 240 4716 jam
274 4644 621 4698 honestatem
646 4641 1189 4711 induerejustitiam
1214 4657 1424 4703 amare,
1450 4640 1712 4710 amplecti

127 4734 547 4796 continentiam,
572 4738 625 4786 et
646 4730 926 4786 luxuriam
948 4732 1140 4801 fugere
1163 4728 1715 4794 meditetur,turbata

129 4825 316 4880 statim
347 4823 507 4877 istius
534 4821 683 4875 modi
715 4821 865 4891 pacis
904 4822 1025 4890 lege
1046 4820 1178 4874 totis
1228 4819 1441 4873 irarum
1472 4817 1715 4872 stimulis

130 4914 482 4969 recedentem
507 4910 878 4982 persequitur.
900 4910 1049 4963 Mille
1071 4911 1336 4963 adversus
1358 4925 1484 4963 eum
1510 4907 1715 4962 machi-

130 5005 235 5067 nis,
269 5002 420 5056 mille
447 5000 667 5054 saevitia:
697 5000 877 5053 utitur
914 4998 1277 5068 argumentis,
1314 4997 1515 5068 quibus
1531 4997 1716 5067 ipsum

131 5093 199 5147 ab
224 5096 380 5147 arcta
406 5090 495 5142 via
513 5106 634 5159 quae
655 5088 723 5141 ad
749 5088 915 5141 vitam
943 5086 1152 5157 dirigit,
1176 5088 1246 5141 ad
1273 5088 1518 5159 amplam
1543 5091 1719 5140 retra—

129 5182 226 5235 hat
257 5196 379 5250 quae
409 5177 563 5231 ducit
592 5177 658 5230 ad
695 5182 949 5230 mortem.

202 5267 361 5333 Quod
410 5266 541 5320 olim
591 5266 646 5319 in
680 5265 807 5319 filiis
857 5265 1031 5319 Israel
1079 5263 1181 5317 sub
1237 5264 1547 5317 Pharaonis
1582 5265 1720 5333 jugo

130 5355 515 5414 laborantibus
536 5356 716 5426 typice
748 5354 1180 5408 monstrabatur.
1214 5353 1287 5406 Ex
1310 5370 1418 5422 quo
1448 5353 1594 5406 enim
1627 5370 1723 5423 per

134 5449 368 5518 Moysen
399 5445 732 5498 sollicitatus
771 5451 855 5497 est
889 5445 1124 5505 Pharao,
1160 5449 1221 5496 ut
1246 5443 1509 5512 populum
1531 5442 1720 5495 dimit-

134 5540 299 5597 teret,
328 5532 483 5586 duris
511 5551 604 5585 eos
622 5532 788 5598 cmpit
814 5549 1042 5601 operum
1064 5532 1310 5599 angariis
1333 5532 1587 5600 fatigare.
1613 5532 1724 5584 lloc

134 5626 283 5680 idem
302 5621 364 5678 in
386 5622 682 5693 Evangelio
702 5621 1017 5693 expressius
1039 5620 1385 5692 signabatur,
1410 5618 1504 5675 ubi
1524 5619 1728 5674 dicitur

1799 4482 1823 4512 ‹‹
1850 4461 2045 4515 Omnis
2073 4461 2221 4514 enim
2256 4461 2349 4531 qui
2370 4479 2429 4515 se
2459 4462 2721 4518 humiliat
2746 4467 3099 4537 exaltabitur,
3121 4479 3176 4527 et
3206 4475 3304 4545 qui
3324 4494 3385 4531 se

1796 4552 2004 4604 exaltat
2033 4550 2436 4605 humiliabitur.
2472 4571 2498 4601 ι)

1866 4636 1984 4692 Illis
2019 4638 2207 4709 igitur,
2235 4640 2329 4709 qui
2359 4656 2528 4693 causa
2552 4639 2846 4698 discordiae
2877 4646 3121 4715 fuerant,
3165 4651 3245 4705 sic
3272 4669 3386 4707 cm-

1798 4727 2021 4781 lestium
2053 4728 2187 4797 lead.
2220 4729 2439 4793 Trgern.
2465 4727 2804 4801 caelestibus]
2828 4734 3033 4790 finibus
3055 4740 3381 4809 exturbatis,

1798 4815 1911 4880 isti,
1947 4816 2423 4886 tranquillissima:
2444 4816 2666 4871 deitatis
2697 4836 2917 4891 semper
2956 4826 3199 4882 vultibus
3238 4831 3383 4885 assi-

1798 4911 2029 4971 stentes,
2055 4913 2273 4959 aeternae
2285 4906 2435 4976 pacis
2446 4906 2750 4961 adinvicem
2767 4911 2988 4979 gaudiis
3002 4915 3386 4984 perfruuntur.

1802 4995 1985 5064 Hujus
2013 4996 2164 5065 pacis
2186 4995 2482 5049 concordia
2508 4995 2564 5049 in
2591 4996 2700 5051 illis
2726 4998 2943 5054 duobus
2964 5003 3252 5061 cherubim
3284 5025 3390 5064 au-

1800 5083 1910 5137 reis
1939 5084 2286 5154 signabatur,
2321 5101 2460 5155 quos
2484 5085 2750 5140 Dominus
2775 5087 2832 5142 in
2855 5092 3081 5146 oraculo
3103 5098 3391 5164 ponendos

1802 5172 2023 5225 censuit
2061 5173 2272 5226 mutuis
2293 5191 2353 5227 se
2384 5173 2627 5228 vultibus
2646 5176 2704 5229 in
2734 5177 3182 5248 propitiatorium
3206 5201 3392 5258 respe-

1804 5266 2011 5314 cturos.
2072 5262 2179 5314 Per
2236 5262 2522 5316 cherubim
2576 5281 2818 5336 namque
2862 5270 3043 5324 omnis
3088 5283 3393 5331 conventus

1806 5350 2072 5416 angelica:
2105 5350 2317 5404 militiae
2341 5353 2489 5406 velut
2514 5370 2548 5406 a
2568 5361 2725 5424 parte
2752 5362 2930 5411 totum
2957 5362 3287 5418 ostenditur.
3325 5366 3395 5420 Hi

1810 5439 2021 5493 mutuis
2047 5457 2106 5493 se
2127 5440 2370 5494 vultibus
2392 5443 2446 5495 in
2479 5443 2927 5513 propitiatorium
2956 5450 3218 5507 dicuntur
3244 5455 3397 5527 aspi-
3454 5437 3464 5447 ’

1808 5546 1950 5589 cere,
1988 5546 2113 5582 cum
2141 5532 2592 5587 concordissimis
2623 5535 2828 5592 animis
2854 5538 2909 5593 in
2939 5540 3088 5595 illius
3114 5561 3395 5616 supercae-

1810 5618 1967 5674 lestis
2007 5618 2337 5674 hierarchite
2378 5622 2737 5694 participium
2767 5629 3077 5688 creduntur
3111 5636 3396 5695 anhelare.
