3944 6378
441 340 579 401 1607

1774 334 2025 393 RUFINI
2066 337 2396 395 EPISCOPI

3575 339 3726 399 1608

434 469 494 523 in
526 466 813 539 apertione
841 463 1069 519 secundi
1094 462 1264 532 sigilli
1291 461 1447 522 vidit,
1470 462 1601 532 quia
1630 462 1709 515 illi
1739 463 1833 533 qui
1869 464 2029 517 sede-
2048 468 2092 524 A
2118 465 2198 518 ait
2231 483 2241 517 :
2279 483 2304 516 α
2336 465 2449 518 Pax
2482 464 2659 517 multa
2679 464 3040 534 diligentibus
3076 466 3256 536 legem
3274 467 3723 533 tuam,Domine,

432 556 530 610 bat
558 573 728 627 super
759 572 965 626 equum
1012 552 1220 611 rufum.
1265 552 1478 604 scilicet
1521 552 1760 613 Christo,
1789 553 1882 622 qui
1927 555 2036 606 hu-

436 662 602 699 mana
634 662 803 698 carne
832 643 1020 697 vestiri
1053 641 1243 703 voluit,
1279 641 1378 701 illi,
1416 641 1669 710 inquam,
1707 641 1902 694 datum
1928 647 2030 703 est,

437 741 499 789 ut
528 740 779 788 sumeret
803 747 995 803 pacem
1025 731 1091 783 de
1108 736 1258 783 terra
1285 736 1340 783 et
1364 730 1597 783 invicem
1622 746 1680 782 se
1698 730 2035 783 interficiant

437 823 713 887 homines,
749 828 805 875 et
819 822 983 874 datus
1013 825 1098 873 est
1129 819 1177 871 ei
1194 819 1415 889 gladius
1435 820 2038 889 magnuslianc/Egy-

438 913 682 983 ptiorum
714 927 929 981 pacem,
963 925 1131 979 quam
1160 908 1275 978 ipse
1299 908 1567 961 Dominus
1583 915 1714 960 ante
1730 908 2038 961 diremerat

437 1018 539 1073 per
560 1001 866 1071 apostolos,
898 1003 1092 1069 postea
1122 997 1359 1050 divortio
1386 1014 1497 1050 non
1522 997 1737 1050 minore
1769 996 1991 1066 disjecit
2018 1015 2030 1063 ;

442 1108 465 1139 ι
501 1088 655 1141 misit
673 1087 907 1157 sagittas
938 1102 1069 1139 suas
1099 1090 1156 1138 et
1184 1085 1473 1155 dissipavit
1500 1102 1615 1147 eos,
1650 1085 1874 1155 fulgura
1897 1085 2035 1138 mul-

438 1177 725 1248 tiplicavit,
761 1174 1115 1229 conturbavit
1139 1190 1252 1237 eos,
1281 1198 1301 1221 υ
1327 1174 1474 1227 sicut
1496 1173 1553 1226 in
1581 1190 1693 1226 uno
1724 1190 1937 1238 eorum,
1963 1173 2035 1226 vi-

438 1266 640 1320 delicet
656 1264 848 1330 Paulo,
884 1262 1071 1317 licebit
1098 1262 1510 1332 advertere.qui
1530 1263 1697 1331 hujus
1719 1262 1923 1332 iniquae
1945 1279 2038 1333 pa-

440 1356 519 1410 cis
538 1353 913 1415 concordiam,
955 1352 1098 1405 sicut
1126 1352 1183 1405 in
1204 1351 1376 1421 gestis
1401 1352 1753 1421 apotolorum
1775 1351 2033 1420 legimus,

442 1443 857 1516 sapientissimo
873 1441 1194 1496 calliditatis
1206 1446 1541 1510 argumento
1564 1440 2038 1494 dissolvit.Sciens

441 1534 593 1588 enim
614 1533 758 1603 quod
784 1530 1236 1603 persequentium
1264 1546 1321 1581 se
1334 1546 1443 1582 una
1462 1545 1589 1599 pars
1603 1530 2039 1583 Sadduczeorum

442 1623 721 1678 existeret.
781 1622 960 1673 altera
989 1619 1419 1683 Pharisaeorum,
1459 1618 1787 1671 exclamavit
1824 1619 1883 1671 in
1913 1635 2038 1671 con-

442 1710 569 1766 cilio
594 1729 605 1763 :
635 1730 663 1761 at
686 1710 806 1762 Viri
836 1710 1057 1774 fratres,
1092 1724 1194 1777 ego
1222 1707 1536 1760 Pharisazus
1558 1724 1701 1765 sum.
1736 1707 1884 1760 ﬁlius
1898 1708 2016 1761 Pha

2120 560 2176 607 et
2204 571 2315 607 non
2344 560 2429 607 est
2450 554 2560 607 illis
2592 554 3099 610 scandalum.):Ubi
3130 572 3230 625 per
3250 557 3574 609 scandalum
3593 573 3726 610 con-

2120 644 2366 696 scientiae
2397 642 2790 695 oflendiculum
2814 643 3018 696 debere
3060 643 3299 714 intelligi
3341 645 3530 698 nullus
3576 646 3723 699 divi-

2120 748 2320 785 norum
2355 732 2571 802 peritus
2615 731 2959 785 voluminum
3001 731 3300 801 ignorabit.
3324 734 3481 787 Tunc
3526 739 3724 787 autem

2118 821 2305 873 multa
2329 829 2414 873 est
2426 838 2529 891 pax
2544 822 2721 890 legem
2738 821 2839 874 Dei
2861 821 3237 891 diligentibus,
3259 838 3383 875 cum
3402 838 3512 875 non
3535 823 3723 875 solum

2120 926 2220 979 pro
2252 909 2583 963 innocentia:
2618 910 2760 963 bono
2810 911 2990 963 securi
3034 916 3166 964 sunt
3221 928 3255 965 a
3298 910 3589 982 supplicio,
3620 910 3724 965 sed

2119 999 2289 1051 etiam
2318 1016 2418 1068 pro
2448 999 2670 1052 virtutis
2712 999 2910 1052 merito
2941 999 3051 1053 lazti
3082 1000 3375 1070 praemium
3388 1000 3723 1071 praestolan-

2116 1088 2420 1150 tur.Quam
2442 1104 2634 1157 pacem
2651 1087 2859 1141 Paulus
2873 1089 3295 1142 Colossensibus
3316 1088 3564 1159 optabat,
3588 1105 3721 1142 cum

2117 1176 2358 1229 diceret:
2405 1196 2426 1226 ι
2466 1176 2533 1229 Et
2561 1192 2665 1246 pax
2697 1176 2925 1243 Christi,
2974 1196 2995 1226 ι
3038 1178 3095 1230 id
3131 1182 3236 1241 est,
3267 1195 3434 1247 quam
3460 1178 3721 1231 Christus

2118 1265 2315 1318 habuit
2354 1271 2409 1318 et
2438 1265 2590 1318 dedit
2623 1264 2845 1331 habere,
2886 1285 2907 1315 ε
2954 1266 3197 1319 exsultet
3224 1266 3282 1319 in
3323 1266 3581 1321 cordibus
3623 1283 3721 1320 ve-

2119 1354 2473 1407 stris.)Hanc
2496 1371 2686 1424 pacem
2719 1354 2853 1407 mali
2885 1371 2993 1408 non
3029 1354 3256 1419 habent,
3292 1372 3432 1426 quos
3448 1372 3550 1409 nec
3569 1355 3722 1410 bona

2120 1443 2460 1496 conscientia
2487 1443 2595 1497 sibi
2627 1444 2901 1511 conciliat,
2935 1460 3036 1497 nec
3071 1445 3276 1497 mentis
3324 1444 3717 1514 tranquillitas

2121 1538 2363 1593 serenat.
2399 1533 2505 1585 Pro
2536 1532 2697 1601 cujus
2727 1532 2981 1585 absentia
3012 1533 3166 1603 pacis
3196 1538 3456 1603 peccator
3481 1532 3725 1587 simulet

2120 1621 2397 1691 parnitens
2434 1620 2785 1690 ingemiscit:
2824 1639 2850 1673 ι
2878 1623 3003 1676 Νοη
3034 1628 3137 1687 est,
3157 1623 3343 1693 inquit
3366 1640 3471 1692 pax
3501 1621 3723 1675 ossibus

2121 1711 2262 1764 meis
2281 1727 2314 1763 a
2344 1711 2484 1763 facie
2514 1717 2867 1781 peccatorum
2900 1728 3209 1765 meorum.»
3242 1711 3345 1765 Ubi
3364 1728 3463 1782 per
3480 1726 3609 1765 ossa
3625 1726 3724 1765 na-

446 1802 706 1855 risaeoum
762 1799 841 1852 De
888 1814 986 1868 spe
1027 1803 1082 1850 et
1120 1796 1526 1848 resurrectione
1556 1812 1657 1865 ego
1704 1795 1942 1865 judicor.
1975 1780 2333 1852 EtBturales
2373 1799 2575 1852 animae
2605 1800 2859 1861 virtutes,
2895 1816 3018 1870 quae
3063 1800 3235 1853 fortes
3275 1805 3469 1853 contra
3492 1804 3725 1870 peccata

447 1907 573 1944 cum
597 1890 701 1943 hoc
738 1887 991 1949 dixisset,
1018 1887 1167 1939 facta
1208 1891 1296 1938 est
1331 1884 1603 1937 dissensio
1630 1884 1780 1937 inter
1808 1885 1952 1949 illos,
1986 1889 2043 1937 et

445 1980 630 2034 soluta
653 1984 737 2031 est
758 1974 1372 2031 multitudo.Sadducaei
1391 1974 1539 2027 enim
1560 1991 1672 2027 non
1704 1974 1900 2027 dicunt
1919 1990 2040 2027 esse

445 2067 934 2125 resurrectionem,
969 2080 1150 2134 neque
1196 2063 1480 2133 angelum,
1520 2080 1699 2133 neque
1744 2062 2030 2133 spiritum.

446 2157 715 2212 Pharisaei
746 2163 934 2208 autem
956 2160 1259 2222 utrumque
1291 2151 1539 2205 fatentur
1592 2151 1769 2204 nEcce
1800 2151 2044 2221 qualiter

445 2247 515 2300 ad
545 2245 871 2317 hujusmodi
906 2259 1094 2297 vocem
1118 2241 1276 2295 Pauli
1314 2248 1507 2294 contra
1533 2240 1767 2293 invicem
1783 2240 2043 2310 reprobo-

445 2352 570 2390 rum
597 2335 764 2389 turba
795 2332 1154 2403 disjungitur,
1181 2330 1476 2383 consilium
1508 2329 1812 2399 dissipatur
1835 2349 1847 2396 ;
1872 2329 2041 2382 dum-

447 2441 555 2495 que
575 2425 632 2477 in
661 2424 801 2476 duas
827 2419 1495 2492 partestumultuantium
1521 2418 1822 2471 multitudo
1845 2417 2045 2488 dispel-

445 2514 601 2578 litur,
637 2512 809 2565 Paulo
836 2509 1105 2563 evadendi
1137 2509 1369 2561 facultas
1414 2508 1682 2578 aperitur.
1717 2507 2047 2578 Eripiuntur

447 2601 597 2656 enim
605 2600 767 2671 justi.
800 2599 932 2652 dum
960 2597 1284 2651 dividuntur
1314 2596 1531 2665 injusti.
1566 2596 1801 2667 Propter
1822 2596 1966 2664 quod
1988 2601 2045 2648 et

448 2692 510 2746 in
540 2690 682 2744 mari
714 2688 921 2748 Rubro,
954 2687 1085 2740 dum
1119 2686 1173 2739 in
1199 2685 1341 2738 duas
1364 2690 1551 2756 partes
1578 2685 1728 2737 unda
1756 2685 2038 2745 dividitur,

451 2782 756 2836 electorum
789 2777 994 2849 pOpulo
1017 2776 1087 2829 ad
1107 2782 1318 2829 terram
1342 2774 1727 2845 promissionis
1749 2774 1856 2828 iter
1876 2774 2048 2845 expli-

449 2876 663 3013 catIliirde
693 2963 779 3011 est
807 2955 956 3026 quod
980 2955 1094 3017 ille,
1124 2954 1218 3024 qui
1250 2954 1533 3023 elongavit
1551 2952 2044 3023 fugiens,tuncde-

2124 1906 2246 1942 esse
2275 1888 2605 1951 debuerant,
2629 1889 2961 1942 innuuntur.

2197 1977 2300 2030 Sed
2343 1993 2511 2047 quam
2538 1993 2742 2047 magna
2774 1977 3072 2030 multitudo
3102 1993 3355 2048 supernae
3384 1976 3719 2045 dulcedinis,

2122 2082 2291 2135 quam
2316 2072 2572 2136 prompta
2593 2067 2801 2119 viscera
2819 2066 3017 2119 divinae
3041 2066 3261 2136 pietatis
3279 2066 3290 2118 l
3308 2066 3547 2119 Tantum
3567 2066 3724 2119 enim

2124 2155 2277 2225 pacis
2301 2154 2654 2221 beneﬁcium,
2681 2156 2828 2225 quod
2860 2172 2958 2225 per
2986 2156 3193 2209 multas
3233 2154 3436 2208 diaboli
3484 2155 3723 2208 insidias

2125 2250 2385 2314 peccator
2411 2244 2749 2314 perdiderat,
2783 2261 2884 2315 per
2900 2260 3066 2297 unam
3086 2243 3268 2297 cordis
3297 2242 3724 2314 compunctiun-

2126 2334 2306 2388 culam
2334 2334 2468 2403 [corL
2507 2335 2649 2401 Teg.,
2684 2350 2782 2403 per
2824 2350 2998 2387 unum
3030 2333 3213 2386 cordis
3260 2332 3577 2403 compuncti
3626 2348 3726 2387 su-

2127 2423 2514 2493 spirium].per
2533 2439 2705 2476 unam
2723 2424 3009 2477 oculorum
3028 2423 3393 2494 lacrymulam
3423 2423 3724 2493 reconqui-

2127 2512 2221 2565 rit.
2256 2512 2333 2563 Ad
2367 2511 2513 2581 quod
2546 2511 3041 2565 demonstrandum
3063 2511 3198 2564 illud
3217 2511 3285 2564 de
3308 2511 3604 2579 Evangelia
3625 2528 3726 2566 no-

2126 2599 2210 2653 bis
2229 2599 2471 2652 sufﬁciat
2499 2601 2881 2669 proexemplo.
2916 2599 3059 2663 Quid
3092 2599 3240 2653 enim
3289 2598 3364 2652 ibi
3414 2599 3715 2670 peccatrici

2130 2688 2351 2741 feminae
2381 2688 2449 2741 de
2470 2688 2573 2741 hac
2603 2706 2736 2758 pace
2764 2688 2971 2742 dictum
3032 2688 3156 2741 est?
3211 2688 3489 2758 quomodo
3541 2688 3679 2758 legis
3699 2687 3725 2741 1’

2130 2777 2372 2847 qualiter
2397 2775 2498 2829 sibi
2533 2776 2823 2846 puenitenti
2853 2793 2887 2829 a
2916 2776 3153 2829 Domino
3172 2792 3500 2846 responsum
3533 2775 3723 2831 audis?

2132 2887 2153 2916 ι
2183 2867 2364 2927 Fides,
2392 2866 2492 2927 ait,
2518 2866 2655 2921 ﬁdes
2686 2871 2785 2919 tua
2812 2871 2868 2919 te
2897 2866 3105 2919 salvam
3140 2865 3430 2927 fecit,vade
3451 2865 3508 2919 in
3529 2882 3716 2936 pace.)

2128 2957 2239 3009 Pax
2262 2955 2370 3009 ista
2399 2972 2433 3007 a
2462 2972 2595 3025 pace
2622 2955 2716 3008 illa
2748 2956 3042 3013 malorum,
3071 2971 3104 3006 o
3143 2961 3413 3025 quantum
3443 2954 3721 3025 disjungi-

453 3063 606 3103 mum
637 3064 695 3101 se
724 3046 937 3099 salvum
972 3043 1093 3097 ﬁeri
1123 3060 1155 3096 a
1187 3047 1518 3113 tempestate
1573 3049 1785 3112 sperat,
1814 3042 1859 3095 si
1901 3044 2045 3097 male
2070 3094 2109 3115 η
2128 3045 2256 3099 tur?
2287 3062 2451 3115 quam
2483 3044 2767 3098 contraria
2786 3043 3099 3097 differentia
3129 3044 3198 3097 ab
3224 3044 3373 3098 illius
3416 3044 3568 3114 pacis
3616 3060 3722 3098 na-

450 3138 726 3191 conﬂuam
750 3134 1024 3189 unitatem
1052 3132 1196 3185 Deus
1226 3131 1438 3184 dividat
1460 3144 1472 3177 :
1493 3152 1512 3180 ι
1540 3131 2046 3201 Exspectabam.in-

454 3227 593 3297 quit,
618 3241 770 3288 eum,
801 3224 897 3294 qui
930 3238 1019 3275 me
1041 3221 1259 3274 salvum
1282 3220 1492 3273 faceret
1514 3237 1547 3272 a
1576 3220 1774 3290 pusillo
1786 3221 1973 3274 animo
1992 3227 2049 3275 et

448 3320 803 3385 tempestate.
839 3330 864 3364 ν
889 3311 1048 3375 Quod
1074 3316 1138 3364 ut
1171 3311 1284 3373 ﬁat,
1320 3328 1342 3359 ι
1377 3309 2047 3378 pmecipita.Domine,eos

451 3409 508 3458 et
538 3403 758 3472 linguas
779 3417 972 3455 eorum
1004 3398 1240 3455 divide.)
1276 3397 1423 3451 sicut
1440 3397 1754 3467 gigantum,
1789 3398 2044 3471 quos[ut]

452 3492 834 3564 praediximus,
852 3487 1003 3541 labia
1030 3485 1366 3539 divisistLEt
1396 3485 1463 3538 de
1495 3486 1704 3539 crudeli
1731 3503 1889 3539 servo
1909 3487 2047 3540 dixit

454 3581 586 3652 quia
609 3578 866 3632 videlicet
890 3597 911 3626 ι
947 3575 1135 3628 veniet
1173 3575 1444 3628 Dominus
1484 3574 1628 3627 servi
1670 3575 1821 3628 illius
1858 3576 1914 3628 in
1955 3576 2045 3629 die

450 3686 560 3741 qua
581 3684 693 3722 non
714 3671 918 3738 sperat,
947 3671 1004 3717 et
1028 3664 1165 3716 hora
1186 3680 1297 3733 qua
1320 3664 1498 3716 nescit
1528 3670 1583 3716 et
1606 3663 1814 3716 dividet
1839 3681 1986 3717 eum.
2016 3684 2040 3716 ››

450 3759 607 3813 Tunc
638 3757 786 3811 enim
809 3770 1050 3824 nequam
1073 3769 1265 3806 servus
1292 3753 1438 3823 apud
1467 3770 1526 3806 se
1556 3752 1809 3806 videlicet
1850 3753 2047 3807 dividi-

448 3853 563 3909 tur,
596 3863 723 3901 cum
754 3861 853 3916 per
881 3843 1098 3897 diversa
1120 3842 1882 3913 contrariaquediscerpitur,
1917 3860 2043 3896 cum

449 3937 508 3992 in
536 3935 769 3991 infernis
800 3940 857 3987 et
888 3931 1175 3986 moriendo
1223 3948 1445 4001 semper
1488 3932 1667 3985 vivere
1714 3938 1771 3985 et
1814 3933 2044 3986 vivendo

451 4042 675 4097 semper
696 4022 839 4077 mori
864 4020 1215 4075 miserrimus
1238 4028 1555 4090 courgetur,
1611 4021 1785 4090 ﬁtque
1836 4022 1940 4073 hoc
1994 4021 2044 4074 ei

451 4111 860 4171 intolerabilius
891 4110 961 4164 de
990 4115 1188 4175 morte,
1224 4110 1372 4179 quod
1403 4109 1523 4180 ipsa
1538 4126 1686 4163 mors
1717 4126 1939 4180 semper
1960 4116 2048 4164 est

452 4205 573 4258 sine
594 4207 793 4257 morte.

454 4311 584 4365 CAP.
612 4308 732 4363 XV.
760 4334 822 4345 —
866 4308 933 4361 De
967 4320 1100 4373 pace
1153 4306 1514 4427 οοηῗίείεηιὶιῑτ,
1562 4321 1730 4373 quam
1782 4305 1870 4359 hic
1917 4284 2045 4359 ὖυηί

1091 4378 1250 4428 possit
1266 4392 1334 4428 .Pn
1345 4381 1378 4428 ι.

1087 4392 1334 4443 passuum
1345 4392 1378 4428 ι.

2129 3141 2258 3189 tura
2283 3135 2619 3205 separatur?
2652 3134 2750 3187 Illa
2774 3134 2921 3187 enim
2953 3149 3057 3204 pax
3087 3133 3435 3187 tumultuosa
3465 3138 3567 3189 est.
3602 3133 3721 3187 haec

2131 3224 2353 3295 quieta;
2386 3224 2483 3277 illa
2504 3222 2718 3283 vanida,
2759 3224 2874 3276 haec
2915 3223 3166 3287 sincera;
3195 3221 3290 3276 illa
3335 3222 3569 3288 tristior,
3606 3221 3724 3276 haec

2123 3313 2451 3382 jucundior;
2484 3313 2581 3366 illa
2620 3312 2856 3383 trepida.
2903 3313 3019 3366 hac
3074 3328 3301 3378 secura;
3338 3311 3579 3382 denique
3623 3309 3724 3365 illa

2130 3408 2399 3456 aeternum
2430 3402 2578 3473 parit
2590 3402 2948 3472 supplicium,
2966 3402 3082 3455 haec
3092 3407 3375 3472 perpetuae
3395 3400 3594 3456 salutis
3602 3402 3725 3472 glo-

2128 3492 2268 3545 riam
2300 3491 2459 3544 nobis
2491 3496 2859 3562 promeretur.

2199 3581 2438 3634 Pulchre
2472 3597 2660 3650 pacem
2680 3580 2844 3633 istam
2863 3579 3157 3643 sinceram,
3182 3580 3450 3650 quietam,
3466 3595 3725 3634 securam

2124 3670 2544 3740 jucundamque
2578 3669 2947 3739 praedixerim.
2978 3668 3293 3722 Nihilenim
3310 3685 3414 3740 pax
3445 3668 3725 3730 ista,nihil

2129 3757 2413 3818 vanitatis,
2444 3758 2582 3811 nihil
2640 3757 2811 3811 habet
2850 3757 3162 3811 dolositatis
3195 3757 3725 3811 admistum.Tenax

2129 3852 2215 3899 est
2243 3846 2387 3899 enim
2423 3846 2717 3900 sinceritas
2747 3853 2803 3900 et
2822 3846 3073 3899 veritatis
3100 3862 3323 3916 semper
3359 3846 3721 3913 conscientia,

2128 3940 2185 3987 et
2212 3951 2338 3987 cum
2361 3935 2590 3988 fallatur
2613 3934 2934 4004 aliquando,
2968 3934 3162 3987 fallere
3206 3940 3397 3987 tamen
3450 3935 3570 4004 ipsa
3608 3951 3726 3990 non

2127 4024 2297 4077 novit.
2324 4023 2460 4077 Inde
2489 4030 2572 4077 est
2595 4024 2740 4093 quod
2766 4023 2858 4076 ille
2890 4023 2984 4093 qui
3016 4023 3221 4076 veritas
3242 4031 3345 4080 est.
3383 4039 3510 4077 cum
3536 4024 3721 4093 judex

2128 4111 2378 4165 omnium
2407 4109 2693 4174 residebit,
2723 4110 2896 4164 solius
2926 4111 3296 4174 conscientiae,
3337 4125 3461 4178 quae
3493 4110 3725 4164 mentiri

2128 4216 2240 4253 non
2298 4198 2521 4270 poterit,
2572 4199 2953 4252 testimonium
3000 4198 3328 4269 acceptabit,
3388 4199 3534 4252 sicut
3582 4198 3724 4253 dicit

2126 4288 2454 4358 Apostolus:
2489 4305 2515 4339 ί(
2546 4287 2952 4341 Testimonium
2971 4286 3235 4341 reddente
3253 4288 3362 4340 illis
3382 4287 3726 4343 conscientia

2126 4376 2395 4446 ipsorum.
2437 4397 2457 4426 ι
2491 4376 2689 4441 Quieta
2712 4384 2799 4430 est
2826 4378 2942 4430 haec
2971 4394 3094 4447 pax,
3129 4376 3298 4429 nullis
3345 4378 3584 4430 attonita
3624 4394 3725 4431 ru-

523 4470 605 4524 De
632 4483 767 4538 pace
789 4482 957 4537 quam
1006 4463 1138 4516 mali
1168 4463 1375 4517 habent
1407 4464 1554 4534 apud
1585 4481 1662 4525 se,
1709 4466 2044 4519 documento
2064 4450 2111 4507 D
2131 4466 2395 4527 moribus,
2420 4466 2589 4520 nullis
2610 4466 2821 4536 agitata
2842 4465 3195 4523 tumultibus,
3219 4465 3387 4519 nullis
3409 4466 3726 4521 afflictioni-

452 4557 750 4633 prazposito
774 4557 890 4625 jam
923 4555 991 4607 de
1022 4570 1156 4624 pace
1188 4552 1481 4615 bonorum,
1514 4553 1568 4606 id
1597 4561 1682 4607 est
1730 4571 1896 4624 quam
1924 4555 2045 4625 qui-

454 4649 593 4703 libet
608 4648 795 4717 justus
816 4644 1022 4697 habere
1048 4643 1197 4695 intra
1210 4659 1267 4695 sc
1283 4642 1548 4707 creditur,
1575 4642 1896 4697 dissertatio
1912 4644 2044 4697 sub-

448 4740 743 4809 jungatur.
769 4733 911 4788 Huic
932 4731 1073 4803 paci,
1124 4731 1266 4785 sicut
1310 4732 1699 4802 praemisimus,
1753 4733 1891 4786 lzetm
1920 4750 2048 4787 con-

454 4827 698 4881 scientiae
755 4822 1026 4877 securitas
1077 4820 1303 4874 titulum
1352 4820 1688 4891 laudemque
1734 4822 2040 4892 diSpensat.

452 4916 605 4970 Laeta
633 4920 820 4969 autem
842 4919 977 4966 tunc
996 4926 1125 4964 vere
1150 4915 1236 4963 est
1263 4909 1622 4971 conscientia,
1640 4927 1763 4964 cum
1783 4911 1853 4976 ei,
1879 4929 2045 4981 quem

453 5004 703 5059 defendit
724 5001 1014 5056 acerrime.
1046 4997 1333 5051 blanditur
1361 4997 1530 5050 etiam
1568 4998 1636 5051 de
1664 4998 1866 5053 virtute
1922 5001 2045 5053 Non

455 5094 605 5149 enim
620 5094 748 5146 laeta
774 5088 1125 5144 conscientia
1148 5092 1417 5140 securitas
1435 5091 1536 5145 est,
1561 5087 1948 5158 vituperabilia
1966 5090 2045 5141 fu-

453 5199 606 5255 gere,
640 5181 696 5234 ni
730 5186 787 5234 et
804 5179 876 5232 ad
908 5175 1209 5230 laudabilia
1238 5176 1484 5229 studium
1514 5176 1867 5229 accendatur.
1900 5177 2044 5230 Nam

454 5278 520 5328 ut
544 5270 769 5331 dicitur,
802 5266 1083 5321 abstinere
1112 5282 1145 5317 a
1194 5266 1342 5319 malo
1387 5265 1524 5318 vitat
1563 5282 1805 5335 pcenam,
1841 5266 2045 5319 bonum

455 5363 637 5417 facere
666 5363 913 5413 meretur
937 5355 1183 5427 palmam
1229 5354 1387 5418 Quod
1429 5354 1783 5408 conscientiae
1830 5354 2047 5407 blandi-

457 5457 709 5506 mentum
726 5452 987 5517 expertus
999 5443 1566 5514 fuerat,quidicebat:
1599 5464 1619 5494 ι
1645 5444 1836 5497 Gloria
1858 5451 2050 5498 nostra

458 5541 577 5595 haec
605 5546 689 5593 est
713 5535 1098 5591 testimonium
1130 5534 1483 5587 conscientia:
1513 5538 1716 5588 nostrae
1773 5553 1797 5586 ›)

532 5630 614 5684 De
632 5629 737 5683 hac
762 5642 900 5698 pace
927 5624 1280 5681 conscientiae
1319 5625 1555 5697 loquens
1582 5622 2050 5696 Psalmigraphus

2127 4554 2231 4609 bus
2260 4556 2609 4619 conturbata,
2633 4556 2761 4625 quia
2790 4561 2853 4608 ut
2882 4554 2926 4608 si
2956 4554 3245 4608 tribulatio
3275 4555 3458 4608 carnis
3484 4554 3725 4610 circum-

2128 4661 2287 4697 secus
2322 4644 2627 4714 obstrepat,
2662 4643 2707 4697 si
2739 4643 2928 4697 mundi
2955 4643 3138 4696 rabies
3174 4643 3479 4696 forinsecus
3505 4643 3719 4709 saeviat,

2128 4734 2294 4802 hujus
2322 4744 2510 4787 tamen
2554 4750 2841 4803 possessor
2869 4732 3024 4802 pacis
3044 4733 3286 4790 animus.
3320 4731 3495 4786 beata:
3517 4732 3725 4802 quietis

2129 4839 2351 4892 semper
2380 4822 2509 4875 otiis
2540 4822 2799 4892 potietur.
2834 4821 2992 4885 Quod
3019 4822 3280 4874 Habacuc
3299 4820 3726 4876 breviteradno—

2129 4910 2468 4963 tavitdicens
2492 4909 2915 4979 :cRequiescam
2934 4908 2990 4961 in
3012 4907 3103 4961 die
3120 4907 3496 4961 tribulationis
3511 4926 3666 4962 meae.
3697 4929 3722 4961 ι

2131 5000 2198 5052 Et
2230 5000 2499 5053 Dominus
2526 4998 2595 5051 ad
2623 4998 2927 5068 discipulos
2956 5014 2967 5048 :
3014 5014 3040 5047 α
3074 4996 3221 5061 Haec,
3254 4996 3456 5066 inquit,
3502 4998 3729 5053 locutus

2128 5104 2251 5141 sum
2284 5087 2457 5151 vobis,
2493 5086 2621 5140 utin
2648 5103 2736 5139 me
2760 5102 2951 5157 pacem
2969 5084 3407 5165 habeatis»,cum
3432 5085 3489 5138 in
3513 5087 3729 5140 mundo

2128 5192 2449 5246 pressuram
2472 5174 2767 5228 habebitis.
2796 5175 2948 5229 Idem
2990 5190 3212 5244 quoque
3240 5179 3297 5225 et
3323 5172 3581 5227 Michieas
3599 5175 3731 5244 pul-

2129 5265 2261 5318 chro
2292 5265 2533 5335 quodam
2565 5265 2845 5317 schemate
2876 5261 3165 5334 praedixit.-
3207 5282 3227 5312 ι
3263 5262 3333 5315 Et
3360 5262 3483 5324 erit,
3521 5262 3727 5332 inquit,

2133 5355 2268 5425 ipse,
2297 5376 2323 5404 ι)
2352 5353 2562 5407 scilicet
2592 5354 2879 5411 Dominus.
2912 5373 2932 5403 ι
2961 5351 3120 5405 nobis
3142 5367 3266 5421 pax,
3301 5350 3567 5421 Assyrius
3595 5368 3731 5406 cum

2132 5444 2347 5497 venerit
2378 5444 2434 5496 in
2464 5450 2671 5497 terram
2704 5447 2952 5495 nostram
2978 5448 3034 5494 et
3059 5438 3355 5494 calcaverit
3384 5439 3440 5492 in
3464 5439 3732 5495 domibus

2132 5533 2364 5589 nostris.
2421 5554 2445 5583 ι)
2480 5531 2764 5603 Assyrius,
2826 5531 2920 5602 qui
2961 5529 3159 5585 Latine
3208 5528 3413 5583 dicitur
3460 5545 3728 5599 arguens,

2131 5621 2341 5680 diaboli
2369 5623 2693 5694 praeformat
2712 5620 3040 5692 imaginem.
3067 5620 3322 5690 Arguere
3357 5617 3511 5676 enim
3558 5634 3731 5677 accu-
