3944 6390
185 389 322 449 1609
1317 391 1412 446 DE
1447 389 1643 446 BONO
1679 389 1812 444 PAC

1900 429 1910 443 .
1942 418 2009 433 —
2050 390 2189 444 LIB.
2229 391 2276 451 I,
3310 390 3448 446 1610

181 533 309 573 sare
335 519 440 572 est.
478 517 548 572 Et
573 516 700 587 quis
724 516 905 587 magis
933 517 1278 571 accusatoris
1311 521 1398 571 est
1433 515 1638 586 dignus
1674 531 1770 570 co—
1788 521 1841 581 Α
1858 519 2051 570 turum
2097 514 2379 586 sperabat,
2426 531 2556 571 cum
2595 515 2808 570 dioeret
2840 533 2852 569 :
2895 531 2923 568 ι
2953 515 3020 570 In
3061 529 3198 586 pace
3223 513 3284 568 in
3309 513 3451 586 idip—

180 606 449 677 gnomine
471 623 641 678 quam
670 606 764 660 ille
791 606 851 660 in
881 623 1048 676 quem
1076 623 1180 660 vox
1198 605 1670 676 triumphantium
1689 604 1781 658 de-
1862 619 1987 659 sum
2039 605 2335 670 dormiam,
2387 609 2444 658 et
2487 605 2852 675 requiescam.
2885 623 2913 655 υ
2963 604 3034 658 Et
3069 603 3295 658 Simeon
3323 619 3453 658 cum

183 696 465 766 promitur
491 695 842 765 angelorum.
863 715 885 746 «
911 695 1054 760 Quia
1078 697 1356 766 projectus
1384 695 1776 766 est,inquiunt,
1860 691 2195 747 benedicens
2225 694 2403 748 Deum
2435 698 2662 748 caneret
2692 713 2704 747 :
2736 712 2758 744 ‹
2781 694 2942 748 Nunc
2966 692 3202 746 dimittis
3231 708 3454 746 servum

185 789 479 839 accusator
521 785 761 838 fratrum
809 790 1151 850 nostrorum,
1199 785 1294 856 qui
1327 784 1628 838 accusabat
1655 783 1781 837 illos
1861 786 2043 847 tuum,
2072 783 2327 846 Domine,
2361 783 2670 837 secundum
2697 781 2929 836 verbum
2960 787 3122 836 tuum
3151 781 3209 835 in
3241 797 3395 850 pace.
3422 797 3450 833 ι)

187 878 322 928 ante
350 878 712 944 conspectum
743 874 845 927 Dei
887 874 1066 927 nostri
1107 874 1198 928 die
1226 890 1291 926 ac
1317 879 1496 927 nocte.
1540 874 1604 927 In
1633 877 1786 926 terra

187 967 384 1017 nostra
413 967 470 1016 et
493 962 770 1026 domibus,
786 982 814 1014 »
837 961 896 1016 in
922 962 1124 1033 quibus
1152 963 1331 1017 calcat
1358 962 1642 1033 Assyrius,
1660 979 1784 1016 car-

189 1051 282 1105 nis
326 1056 532 1106 nostra
565 1051 849 1105 domicilia
894 1052 1226 1121 ﬁgurantur.
1270 1053 1427 1105 Tunc
1466 1068 1598 1121 ergo
1625 1050 1786 1105 nobis

193 1144 284 1193 est
309 1155 436 1210 pax,
469 1156 598 1193 cum
618 1139 882 1210 Assyrius
911 1139 970 1193 in
993 1145 1201 1194 terram
1230 1146 1481 1194 nostram
1499 1139 1714 1193 venerit
1732 1144 1789 1193 et

195 1228 494 1282 calcaverit
549 1228 608 1281 in
650 1228 908 1282 domibus
948 1229 1176 1294 nostris,
1223 1229 1356 1299 quia
1401 1227 1657 1282 diabolus
1685 1228 1790 1282 etsi

196 1332 400 1388 corpus
420 1317 598 1372 sancti
621 1318 728 1371 viri
754 1317 955 1388 afﬂigit
973 1318 1059 1371 vel
1087 1317 1332 1388 perimit,
1357 1326 1579 1372 aeternae
1598 1322 1790 1370 tamen

196 1405 352 1477 pacis
386 1405 636 1476 requiem
673 1422 964 1477 nunquam
996 1407 1161 1460 tollit.
1203 1407 1362 1461 Unde
1390 1405 1526 1460 illud
1557 1406 1625 1460 de
1653 1406 1792 1460 Pro-

199 1493 403 1549 verbiis
429 1495 698 1565 sapientis
729 1512 741 1546 :
779 1514 806 1547 (ί
838 1497 965 1549 Νοη
996 1495 1443 1560 contristabitur,
1469 1495 1654 1566 inquit
1677 1496 1795 1564 jus-

199 1586 310 1647 tus,
348 1582 622 1653 quidquid
653 1583 704 1636 ei
734 1583 1014 1638 acciderit.
1044 1603 1069 1636 ››
1110 1584 1242 1638 Ideo
1288 1588 1476 1638 autem
1519 1600 1626 1654 pax
1653 1583 1789 1647 haec,

197 1670 472 1726 Dominus
500 1671 724 1735 dicitur,
743 1673 877 1742 quia
897 1688 1010 1726 non
1031 1672 1140 1727 nisi
1164 1689 1265 1744 per
1292 1673 1414 1743 ejus
1431 1673 1674 1742 gratiam
1689 1686 1796 1742 pax

204 1757 366 1814 istius
387 1759 540 1813 modi
566 1759 874 1815 obtinetur.

1936 871 2069 924 Haec
2098 872 2246 925 enim
2278 872 2426 942 apud
2473 876 2795 925 sanctorum
2829 871 3049 924 animos
3077 875 3164 924 est
3199 869 3457 940 perfectae

1867 963 2018 1030 pacis
2045 960 2360 1026 concordia,
2394 960 2441 1015 si
2469 961 2680 1025 omnia,
2702 977 2826 1032 quae
2853 960 2911 1013 in
2940 959 3167 1013 homine
3194 958 3461 1022 sunt,sci-

1866 1048 1999 1103 licet
2026 1049 2274 1119 spiritus,
2307 1065 2505 1104 sensus
2533 1055 2590 1104 et
2625 1049 2866 1114 animus,
2911 1049 2970 1103 id
3014 1049 3198 1119 ipsum
3237 1063 3463 1118 semper

1869 1137 2140 1206 sentiant,
2171 1138 2274 1192 hoc
2302 1143 2388 1192 est
2433 1139 2490 1192 in
2527 1139 2780 1210 appetitu
2809 1138 3039 1209 superni
3067 1137 3202 1191 boni
3229 1136 3462 1191 indiﬂe-

1871 1228 2016 1282 renti
2043 1227 2379 1282 conveniant
2405 1228 2714 1284 voluntate.
2754 1227 2888 1292 Quae
2913 1227 3107 1298 utique
3126 1226 3277 1298 pacis
3302 1243 3461 1282 sum-

1871 1333 1966 1369 ma
1989 1317 2164 1387 quaeri
2205 1317 2297 1370 hic
2325 1321 2527 1387 potest,
2557 1317 2656 1371 sed
2693 1316 2931 1370 inveniri
2969 1332 3326 1386 nequaquam
3361 1332 3464 1386 po-

1872 1410 2005 1460 test.
2041 1404 2397 1477 Concupiscit
2419 1406 2568 1460 enim
2596 1406 2688 1459 hic
2717 1421 2848 1460 caro
2876 1405 3142 1459 adversus
3178 1403 3464 1476 spiritum,

1877 1500 1934 1549 et
1961 1494 2190 1565 spiritus
2220 1494 2487 1548 adversus
2506 1510 2752 1557 carnem,
2781 1498 2847 1548 ut
2869 1509 2980 1548 non
3001 1509 3345 1565 quaecunque
3363 1509 3468 1548 nos

1877 1584 2151 1648 volumus,
2186 1583 2285 1636 illa
2313 1583 2604 1638 faciamus.
2636 1582 2854 1654 Quippe
2887 1589 2945 1637 et
2989 1583 3109 1654 ipse
3137 1584 3308 1639 etiam
3346 1601 3467 1640 ma-

1875 1688 2022 1743 gnus
2056 1673 2285 1738 Paulus,
2329 1673 2425 1742 qui
2473 1677 2668 1742 raptus
2709 1671 2769 1725 in
2798 1671 3028 1727 tertium
3049 1674 3249 1728 caelum
3288 1673 3472 1730 istius-

1878 1761 2031 1815 modi
2061 1761 2214 1832 pacis
2243 1761 2523 1832 primitias
2566 1760 2927 1826 delibaverat,
2979 1762 3163 1816 adhuc
3203 1763 3262 1817 in
3305 1779 3473 1818 carne

272 1849 484 1904 Secura
511 1848 713 1903 deinde
743 1855 830 1904 est
857 1850 977 1904 haec
1007 1867 1132 1921 pax,
1173 1850 1233 1904 in
1263 1867 1374 1921 qua
1402 1851 1554 1904 velut
1580 1849 1638 1903 in
1669 1865 1796 1904 arce
1816 1850 1861 1910 B
1880 1851 2086 1912 vivens,
2139 1851 2492 1922 aliquantula
2535 1851 2684 1922 apud
2714 1868 2773 1904 se
2803 1851 3112 1905 luctamina
3137 1851 3470 1918 sustinebat,

201 1937 448 2009 quadam
470 1954 628 1992 mens
649 1938 831 2008 posita
859 1938 1105 1993 adversa;
1129 1938 1530 1993 dominationis
1556 1943 1800 1993 terrores

202 2025 455 2097 despicit,
489 2026 671 2081 minas
695 2027 936 2099 despuit,
960 2028 1269 2082 contemnit
1287 2028 1571 2094 ferociam,
1599 2033 1656 2082 et
1685 2043 1802 2081 om-

201 2131 334 2170 nem
365 2115 594 2170 omnino
624 2116 919 2171 contrariae
964 2116 1310 2171 fortitudinis
1345 2117 1498 2170 velut
1538 2117 1802 2186 stipulam

202 2215 496 2282 computat
523 2210 858 2264 saevitatem.
891 2211 972 2264 De
1005 2227 1117 2281 qua
1145 2210 1447 2264 securitate
1471 2208 1607 2262 illud
1643 2209 1802 2262 Salo-

209 2299 395 2354 monis
447 2299 831 2369 intelligitur:
871 2319 894 2350 (
927 2299 1121 2353 Justus
1178 2299 1338 2369 quasi
1386 2298 1474 2351 leo
1519 2297 1802 2351 confidens

205 2386 420 2458 absque
440 2392 657 2441 terrore
689 2387 812 2441 erit.
854 2407 876 2437 ι
907 2387 1089 2457 Hujus
1120 2388 1269 2457 pacis
1301 2387 1600 2440 securitate
1626 2386 1803 2440 fretus

205 2481 352 2542 erat,
388 2476 482 2547 qui
509 2476 694 2530 dicere
723 2481 945 2547 poterat
975 2493 988 2528 :
1027 2496 1049 2528 ι
1085 2475 1143 2530 Si
1172 2475 1481 2529 consistant
1507 2474 1804 2528 adversum

207 2581 301 2619 me
328 2571 533 2626 castra,
567 2581 680 2618 non
706 2564 927 2618 timebit
950 2581 1047 2618 cor
1074 2571 1356 2629 meum,et
1371 2564 1417 2617 si
1439 2564 1697 2633 insurgat
1713 2564 1806 2617 ad-

209 2669 431 2707 versum
462 2669 552 2706 me
573 2653 845 2724 praelium,
875 2652 933 2706 in
956 2655 1059 2706 hoc
1087 2669 1190 2723 ego
1221 2651 1516 2722 sperabo.»
1537 2651 1621 2705 Ad
1639 2667 1807 2722 quam

209 2742 364 2812 pacis
389 2741 746 2795 securitatem
778 2747 835 2796 et
877 2741 1078 2795 Petrus
1114 2741 1467 2811 respiciebat,
1500 2757 1624 2794 cum
1657 2739 1808 2793 dice-

211 2835 338 2884 ret:
379 2850 401 2881 ι
439 2831 574 2894 Quis
608 2836 710 2894 est,
745 2829 840 2901 qui
864 2830 1021 2884 vobis
1051 2836 1265 2887 noceat.
1291 2829 1338 2884 si
1365 2830 1497 2883 boni
1518 2830 1809 2883 aemulato-

213 2935 305 2973 res
324 2918 542 2972 fueritis
562 2919 586 2971 7
610 2939 636 2971 )›
672 2919 768 2972 Est
797 2919 946 2972 enim
982 2935 1141 2973 mens
1166 2919 1306 2989 justi
1335 2919 1488 2972 velut
1515 2917 1810 2972 sublimior

214 3024 348 3079 pars
379 3007 594 3072 mundi,
619 3024 741 3078 quae
769 3009 907 3062 coelo
927 3007 1200 3061 confinior
1229 3007 1287 3060 in
1311 3007 1516 3060 nubem
1533 3023 1643 3060 non
1665 3005 1812 3076 cogi-

1881 1939 2128 1994 sentiens
2169 1940 2338 1994 aliam
2382 1941 2562 2010 legem
2601 1939 2658 1994 in
2690 1939 2959 1994 membris
2984 1940 3121 2004 suis,
3153 1957 3475 2012 repugnan-

1881 2034 1998 2084 tem
2027 2028 2137 2098 legi
2164 2028 2368 2082 mentis
2392 2045 2524 2093 suae,
2554 2033 2620 2082 ut
2642 2045 2755 2082 non
2785 2029 2934 2099 quod
2966 2028 3151 2092 vellet,
3201 2030 3306 2084 hoc
3341 2047 3478 2101 age-

1883 2123 1989 2184 ret,
2022 2118 2118 2171 sed
2149 2117 2297 2187 quod
2326 2118 2518 2183 nollet,
2549 2117 2756 2172 invitus
2787 2122 3154 2188 perpetraret.

1955 2206 2114 2269 Quod
2144 2207 2375 2276 pulchre
2404 2207 2646 2260 Joannes
2681 2206 2740 2260 in
2782 2206 3117 2277 Apocalypsi
3147 2211 3343 2262 notare
3380 2224 3480 2263 vo-

1884 2293 2010 2357 luit,
2043 2295 2177 2348 dum
2222 2294 2444 2364 scripsit
2483 2295 2614 2365 quia
2657 2315 2681 2346 (
2717 2295 2927 2349 factum
2971 2300 3059 2349 est
3094 2296 3383 2351 silentium
3419 2297 3481 2352 in

1885 2382 2024 2435 caelo
2065 2381 2227 2452 quasi
2269 2382 2456 2436 media
2486 2383 2645 2436 hora.
2688 2402 2711 2433 ι
2747 2383 2805 2437 Si
2833 2383 3032 2437 cmlum
3058 2384 3219 2439 sedes
3256 2385 3357 2439 Dei
3395 2389 3482 2439 est

1882 2471 2044 2541 juxta
2073 2471 2209 2524 illud
2242 2487 2254 2521 ε
2286 2490 2309 2522 ι
2338 2471 2552 2525 Οωιυω
2584 2471 2723 2524 mihi
2752 2472 2912 2526 sedes
2933 2478 3038 2538 est,
3071 2473 3263 2528 anima
3290 2479 3483 2528 autem

1882 2559 2021 2628 justi
2046 2577 2073 2612 ι
2105 2560 2411 2614 secundum
2439 2561 2783 2632 Scripturam
2803 2582 2824 2613 ε
2841 2563 3001 2616 sedes
3021 2569 3107 2616 est
3124 2564 3433 2634 sapientiae,
3449 2581 3478 2615 ι
3549 2612 3574 2632 κ

1888 2646 1945 2700 id
1976 2654 2061 2701 est
2089 2649 2209 2713 Dei,
2243 2649 2375 2719 quid
2405 2650 2513 2703 erit
2542 2651 2974 2721 consequentius
2999 2669 3166 2723 quam
3197 2653 3330 2706 utin
3345 2653 3482 2707 ccelo

1886 2736 2025 2806 justi
2060 2737 2304 2791 animam
2337 2739 2575 2809 intelligi
2606 2741 2970 2809 reputemus?
3002 2763 3026 2788 ιι
3057 2741 3354 2795 Silentium
3383 2741 3484 2812 igi-

1891 2831 1985 2879 tur
2015 2826 2174 2896 quasi
2202 2827 2435 2881 dimidia
2463 2828 2602 2881 hora
2632 2848 2658 2879 »
2699 2828 2758 2882 in
2788 2829 2924 2882 coelo
2967 2829 3215 2895 auditur,
3258 2830 3390 2900 quia
3424 2830 3486 2885 in

1891 2913 2082 2966 anima
2107 2914 2210 2966 viri
2241 2915 2418 2968 sancti
2440 2934 2466 2966 (ι
2498 2915 2748 2980 dimidia,
2785 2936 2813 2969 ii
2840 2917 2944 2970 hoc
2972 2923 3076 2983 est,
3099 2934 3212 2971 non
3241 2917 3489 2987 perfecta

1894 3018 2016 3055 esse
2046 3001 2135 3055 hic
2163 3001 2383 3073 requies
2402 3002 2668 3058 creditur.
2686 3004 2799 3057 Pax
2826 3022 2958 3074 ergo
2981 3005 3106 3069 ista,
3132 3006 3190 3058 in
3209 3006 3488 3076 quanulla

211 3101 326 3158 tur,
360 3097 419 3150 in
456 3102 847 3167 tempestatem
898 3112 1012 3150 non
1055 3097 1262 3166 agitur,
1301 3112 1412 3149 non
1456 3100 1712 3149 versatur
1753 3095 1813 3149 in
1847 3165 1860 3167 Α
1895 3096 1981 3144 est
2008 3091 2157 3144 inter
2183 3107 2410 3145 carnem
2436 3098 2493 3145 et
2520 3091 2780 3163 spiritum
2811 3094 3268 3164 repugnantia,in
3297 3095 3488 3150 futuro

216 3183 521 3250 turbinem,
565 3202 678 3238 non
727 3185 990 3254 mugiunt
1025 3184 1101 3238 ibi
1138 3185 1407 3248 tonitrua,
1442 3201 1554 3238 non
1584 3165 1874 3239 saeviuntc
1896 3179 2057 3233 nobis
2113 3180 2464 3250 promittitur
2502 3182 2889 3245 condonanda,
2931 3183 3152 3238 dicente
3199 3183 3438 3238 Domino
3469 3207 3484 3240 :

215 3273 479 3338 fulmina,
524 3275 754 3328 ﬂamina
788 3291 902 3328 non
921 3275 1244 3344 jurgantur.
1276 3275 1367 3328 Sic
1397 3280 1455 3328 et
1473 3273 1670 3327 beatus
1699 3274 1817 3327 ani-

218 3380 368 3427 mus,
398 3365 560 3432 cujus
588 3363 935 3418 conversatio
985 3365 1044 3418 in
1091 3364 1244 3418 caelis
1291 3369 1401 3419 est.
1457 3364 1636 3417 Tanto
1665 3362 1814 3416 enim

216 3453 338 3524 jam
381 3451 604 3506 virtutis
656 3452 900 3506 culmine
945 3451 1238 3507 subvectus
1286 3453 1515 3518 eminet,
1554 3457 1620 3506 ut
1647 3450 1816 3505 nullis

218 3556 474 3612 unquam
502 3541 784 3594 minarum
812 3540 1146 3611 fragoribus,
1173 3539 1344 3595 nullis
1372 3547 1650 3595 terrorum
1679 3539 1820 3593 nim-

218 3629 307 3684 bis
339 3627 507 3702 [cod.,
543 3631 664 3698 Teg.
719 3628 1035 3700 imbribus],
1077 3631 1249 3684 nullis
1287 3629 1560 3684 bellorum
1600 3628 1820 3683 diluviis

220 3718 348 3788 ejus
377 3718 552 3789 possit
582 3718 820 3772 ﬁrmitas
849 3720 1092 3786 concuti,
1125 3719 1398 3774 serenitas
1426 3717 1820 3784 obnubi,tran-

222 3805 474 3878 quillitas
500 3805 839 3877 perturbari.

296 3895 552 3966 Denique
585 3896 834 3965 jucunda
861 3895 982 3950 haec
1013 3912 1122 3966 pax
1151 3901 1253 3963 est,
1278 3913 1401 3968 quae
1425 3896 1680 3950 videlicet
1709 3911 1818 3967 quo

224 3983 409 4054 magis
437 3983 508 4038 ad
537 4001 806 4055 prospera
849 3986 1203 4040 contrahitur
1231 3992 1288 4039 et
1327 3986 1398 4040 ad
1429 3985 1662 4040 adversa
1688 4001 1820 4056 pro-

224 4073 408 4128 fusius
454 4073 740 4139 dilatatur,
770 4073 1023 4144 gaudens
1062 4074 1122 4128 in
1168 4074 1409 4140 damnis,
1441 4075 1725 4129 exsultans
1761 4074 1821 4127 in

1903 3287 1924 3320 ι
1951 3269 2151 3322 Pacem
2182 3269 2434 3341 relinquo
2463 3270 2637 3334 vobis,
2677 3288 2872 3342 pacem
2916 3289 3103 3327 meam
3148 3272 3220 3326 do
3256 3272 3431 3327 vobis.
3459 3291 3484 3325 ι

1898 3357 1982 3411 Do
2012 3363 2201 3412 autem
2223 3375 2325 3429 pro
2344 3361 2480 3412 dabo
2509 3359 2718 3414 dictum
2749 3367 2970 3432 Oportet
2996 3363 3276 3433 cognosci,
3297 3378 3492 3418 secun-

1898 3446 2034 3499 dum
2066 3463 2236 3517 quam
2274 3448 2514 3502 formam
2544 3448 2766 3503 dicendi
2794 3455 2850 3504 et
2877 3467 3069 3521 supra,
3114 3468 3242 3506 cum
3273 3451 3344 3506 de
3371 3451 3490 3505 ovi-

1899 3533 2004 3589 bus
2056 3536 2398 3606 loqueretur,
2447 3537 2748 3593 subnexuit
2779 3559 2795 3593 :
2834 3562 2851 3587 ι
2889 3540 2958 3594 Et
2985 3557 3088 3610 ego
3127 3540 3300 3594 vitam
3335 3546 3493 3595 teter-

1901 3640 2033 3677 nam
2072 3625 2143 3678 do
2173 3625 2274 3679 eis.
2316 3645 2342 3679 ι»
2378 3626 2635 3681 Christus
2663 3627 2854 3698 itaque
2891 3628 3060 3682 aliam
3086 3645 3279 3700 pacem
3305 3628 3494 3684 electis

1902 3713 2019 3767 suis
2048 3713 2319 3784 relinquit
2345 3715 2402 3768 in
2434 3716 2538 3768 hoc
2575 3717 2798 3777 saeculo,
2829 3722 2887 3772 et
2917 3717 3086 3771 aliam
3115 3717 3273 3772 dabit
3297 3717 3493 3788 procul

1901 3801 2070 3856 dubio
2100 3804 2157 3856 in
2175 3803 2386 3857 futuro.
2418 3804 2706 3875 Relinquit
2727 3805 2882 3859 illam
2904 3806 3167 3872 mediam,
3193 3823 3315 3877 quae
3326 3805 3497 3861 bono-

1900 3907 2027 3944 rum
2073 3897 2177 3958 est,
2231 3892 2390 3946 dabit
2434 3893 2579 3946 hanc
2608 3894 2854 3962 tertiam,
2901 3911 3074 3966 quam
3101 3911 3224 3950 esse
3253 3894 3496 3951 diximus

1900 3980 2212 4034 beatorum.

1977 4069 2210 4124 Miriﬁce
2239 4087 2370 4125 vero
2402 4087 2515 4126 non
2543 4072 2719 4138 illam,
2753 4089 2922 4144 quam
2959 4073 3050 4128 hic
3079 4073 3366 4146 relinquit,
3398 4075 3496 4130 sed

225 4161 510 4235 periculis,
544 4163 897 4217 subsannans
935 4164 1226 4234 supplicia,
1259 4163 1520 4218 deridens
1557 4169 1820 4218 mortem.
1905 4158 2050 4213 hanc
2085 4160 2570 4231 perfectissimam,
2605 4179 2774 4234 quam
2812 4169 2948 4218 tunc
2983 4163 3160 4231 dabit,
3205 4164 3500 4219 nominare

229 4251 393 4307 Unde
421 4257 650 4306 resonat
693 4269 794 4306 vox
834 4252 932 4306 illa
969 4252 1224 4323 gratifica
1260 4268 1274 4307 :
1315 4271 1344 4304 α
1373 4254 1438 4308 In
1462 4252 1824 4306 tribulatione
1907 4264 2067 4302 suam
2096 4249 2271 4303 voluit
2311 4268 2322 4302 :
2372 4269 2395 4301 ι
2430 4251 2654 4317 Pacem,
2688 4251 2890 4322 inquit,
2940 4269 3125 4307 meam
3164 4253 3235 4308 do
3270 4252 3442 4309 vobis.
3472 4273 3497 4306 ι

229 4340 484 4394 dilatasti
510 4356 617 4394 me.
648 4359 674 4393 »
708 4341 866 4394 Hanc
891 4341 1042 4412 pacis
1053 4341 1467 4411 jucunditatem
1488 4347 1544 4395 et
1564 4340 1828 4396 securita-
1845 4405 1884 4413 _
1910 4338 2070 4392 Nunc
2102 4338 2251 4392 enim
2278 4339 2378 4393 Dei
2407 4356 2620 4411 pacem,
2649 4340 2705 4394 id
2742 4353 2845 4408 est,
2879 4344 3103 4413 qualem
3131 4343 3280 4398 Deus
3309 4342 3497 4410 habet,

229 4433 347 4484 tem
381 4428 594 4499 pariter
618 4429 879 4499 exprimit
905 4429 1072 4482 homo
1102 4428 1281 4483 bonus
1313 4430 1536 4484 dicens:
1560 4451 1586 4479 rc
1614 4431 1740 4484 Non
1759 4405 1892 4483 ti-D
1910 4427 2120 4480 habere
2160 4443 2272 4481 non
2301 4443 2618 4498 possumus,
2657 4430 2772 4500 qui,
2822 4431 2967 4485 sicut
3015 4432 3366 4503 praemissum
3394 4437 3500 4501 est,

232 4517 414 4574 mebis
454 4517 852 4584 calamitatem,
885 4535 1012 4572 cum
1045 4518 1284 4586 venerit;
1315 4519 1372 4571 in
1401 4519 1546 4573 fame
1575 4525 1632 4573 et
1658 4518 1831 4572 vasti-
1912 4515 2089 4569 rixam
2116 4516 2416 4586 quamdam
2456 4517 2792 4572 intrinsecus
2820 4521 3182 4576 sustinemus.
3211 4523 3367 4577 Tunc
3404 4539 3506 4578 au—

232 4611 354 4661 tate
378 4605 590 4660 ridebis
618 4612 676 4660 et
691 4607 902 4661 bestias
915 4613 1080 4662 terra;
1109 4623 1221 4661 non
1250 4607 1598 4668 formidabis.
1627 4608 1833 4662 etscies
1914 4611 2026 4660 tem
2061 4621 2219 4660 suam
2246 4622 2436 4676 pacem
2464 4605 2626 4660 nobis
2653 4607 2811 4662 dabit
2839 4610 3128 4675 Dominus,
3175 4629 3304 4667 cum
3341 4613 3400 4667 in
3429 4613 3508 4667 si-

236 4695 386 4767 quod
417 4711 609 4765 pacem
639 4696 845 4750 habeat
863 4696 1288 4751 tabernaculum
1310 4702 1488 4750 tuum.
1516 4716 1539 4748 ι
1571 4697 1616 4751 Ο
1639 4713 1833 4767 pacem
1915 4695 2209 4748 millimam
2238 4695 2437 4749 divinae
2477 4695 2599 4766 paci
2639 4698 2994 4753 concordiam
3025 4717 3246 4772 corpus,
3279 4702 3510 4772 spiritus

235 4783 654 4852 admirabilem,
687 4801 856 4854 quam
885 4791 942 4839 et
970 4786 1066 4857 qui
1095 4802 1206 4839 non
1238 4785 1423 4849 habet,
1457 4791 1588 4840 sunt
1620 4785 1831 4847 miseri,

238 4879 297 4928 et
330 4873 428 4945 qui
456 4873 684 4938 habent,
713 4875 813 4928 ﬁlii
847 4875 947 4929 Dei
979 4875 1610 4946 merenturnuncupari.
1631 4893 1656 4926 «
1680 4873 1837 4929 Beati

239 4963 390 5019 enim
425 4963 665 5034 pacifici,
697 4963 962 5034 quoniam
993 4964 1094 5018 ﬁlii
1122 4964 1224 5018 Dei
1253 4964 1630 5018 vocabuntur!
1668 4983 1691 5014 ι

242 5052 378 5107 CAP.
428 5052 574 5106 XVI.
617 5077 683 5090 —
723 5053 798 5106 De
830 5069 964 5121 pace
1003 5054 1285 5106 beatorum
1325 5055 1399 5107 ad
1432 5070 1488 5107 se
1527 5056 1665 5122 ipsos
1711 5058 1842 5107 tunc

908 5141 1177 5196 habenda.

315 5227 682 5283 Vocabuntur
713 5234 906 5284 autem
934 5233 1068 5284 tunc
1095 5228 1198 5283 Dei
1218 5228 1338 5296 ﬁlii,
1359 5230 1584 5300 quando
1613 5229 1711 5284 illa
1730 5233 1846 5283 ter-

246 5317 329 5371 tia
358 5333 485 5388 pax,
512 5319 725 5373 scilicet
749 5319 987 5373 rationis
1005 5323 1063 5374 et
1085 5318 1486 5386 sensualitatis,
1520 5319 1686 5373 beata
1712 5335 1845 5373 con-

249 5405 434 5461 sensio
483 5407 816 5478 prolucebit.
866 5407 985 5462 Ista
1027 5425 1155 5481 pax,
1194 5407 1665 5479 quemadmodum
1705 5425 1848 5480 prte-

249 5501 630 5552 monstratum
679 5501 784 5562 est,
827 5513 940 5551 non
987 5497 1247 5552 omnibus
1300 5495 1480 5563 bonis,
1535 5497 1633 5551 sed
1673 5497 1850 5552 beatis

247 5585 664 5650 tantummodo,
688 5584 747 5640 id
779 5593 883 5651 est,
902 5587 1023 5656 jam
1050 5586 1120 5641 de
1148 5585 1358 5642 mundo
1387 5586 1648 5657 egressis,
1678 5585 1849 5641 ascri-

249 5670 425 5744 bitur,
440 5690 610 5748 quam
629 5674 711 5731 vir
732 5676 922 5746 justus
945 5675 1006 5736 in
1029 5680 1223 5733 monte
1250 5676 1481 5733 demum
1510 5693 1572 5732 se
1589 5691 1849 5733 consecu-

492 5774 764 5841 Ριτιοι..
806 5775 924 5842 CL.

1919 4792 1976 4840 et
1999 4785 2188 4839 anima
2219 4783 2635 4855 conspirabunt,
2667 4785 2924 4841 videlicet
2950 4795 3015 4843 ut
3036 4791 3512 4859 quemadmodum

1919 4875 1977 4930 in
2002 4875 2210 4928 deitate
2236 4880 2394 4929 tanta
2431 4891 2534 4945 pax
2563 4881 2667 4941 est,
2711 4875 2855 4930 sicut
2898 4877 2957 4930 in
2995 4877 3172 4932 initiis
3202 4880 3514 4949 praelibavi-

1922 4979 2069 5028 mus,
2093 4964 2242 5034 quod
2269 4963 2328 5017 in
2355 4963 2538 5018 tribus
2579 4979 2690 5017 una
2731 4963 3062 5033 substantia,
3095 4984 3209 5021 una
3235 4970 3507 5035 voluntas,

1925 5059 1982 5106 et
2009 5068 2124 5106 una
2160 5053 2385 5122 penitus
2431 5053 2619 5123 operis
2663 5053 2931 5108 adoratur
2973 5057 3300 5122 auctoritas,
3349 5060 3432 5115 ita
3461 5067 3519 5116 et

1927 5146 2045 5195 haec
2073 5141 2184 5195 tria
2211 5146 2368 5195 tanta
2416 5142 2523 5196 sibi
2560 5147 2695 5196 tunc
2734 5143 3033 5198 credantur
3076 5145 3230 5216 pacis
3269 5149 3520 5205 amicitia

1929 5230 2239 5300 conjugari,
2272 5236 2336 5284 ut
2363 5236 2567 5301 praeter
2591 5233 2712 5298 hoc,
2743 5233 2891 5304 quod
2918 5234 3086 5288 unius
3105 5236 3518 5306 quodammodo

1929 5324 2147 5372 natura;
2187 5319 2576 5390 intelligentur
2615 5322 2682 5392 [ο.
2730 5323 2812 5390 Τ.,
2852 5324 3264 5394 quodammodo
3291 5329 3522 5385 nomine

1930 5405 2066 5480 int.]
2097 5408 2239 5466 ﬁeri.
2262 5407 2384 5479 ipso
2413 5409 2610 5480 utique
2637 5427 2869 5483 corpore
2899 5413 2958 5468 in
2982 5419 3244 5469 naturam
3264 5416 3518 5488 spiritus,

1932 5496 2077 5552 sicut
2103 5504 2333 5552 sanctus
2368 5497 2580 5553 Paulus
2613 5501 2834 5568 asserit,
2864 5503 3193 5573 transitura,
3223 5504 3373 5561 idem
3400 5523 3524 5562 om-

1930 5586 2062 5642 nino
2089 5592 2224 5642 tunc
2254 5586 2480 5660 sapiant
2524 5593 2581 5642 et
2617 5588 2767 5644 circa
2803 5589 2955 5647 idem
2982 5609 3203 5666 semper
3239 5611 3400 5668 opus,
3432 5611 3524 5654 su-

1929 5692 2118 5749 pernae
2134 5675 2344 5733 scilicet
2373 5676 2556 5734 laudis
2583 5677 2921 5738 sacriﬁcium
2948 5689 3312 5757 occupentur.

3211 5783 3285 5848 Ui
