3944 6410
182 408 326 479 ιρις

1332 403 1426 456 DE
1461 401 1662 472 BQNQ
1698 401 1925 476 Ρᾼφῐδ.
1967 432 2032 476 έ
2071 401 2207 488 me.
2252 405 2322 457 ιι.

3320 407 3461 466 1614

178 535 352 610 hujus
376 549 560 614 prava
581 531 871 596 societatis
907 530 1091 594 foedus
1125 528 1480 613 imitantium
1515 545 1542 615 :7
1565 546 1589 578 (ι
1620 527 1781 615 Veni,
1802 529 1852 588 A
1870 527 2170 591 multitudo
2192 529 2581 593 ventilantium
2609 538 2683 584 te.
2710 551 2736 583 ι)
2755 532 2858 586 Ubi
2892 533 3155 588 subaudit
3175 535 3460 615 Romano-

179 607 461 693 inquiuut,
497 622 623 680 veni
663 613 974 682 nobiscum,
997 609 1328 679 insidiemur
1353 614 1630 685 sanguini.
1666 607 1787 686 abs-

180 712 489 766 condamus
510 702 821 770 tendiculas
857 714 1052 770 contra
1081 706 1378 764 insontem,
1412 703 1786 774 deglutiainus

189 817 339 868 eum,
373 800 518 853 sicut
549 798 818 860 infernus,
871 781 1167 859 viventem,
1221 810 1442 848 omnem
1485 793 1787 863 pretiosam

191 888 565 950 substantiam
605 888 904 958 rapiemus,
937 884 1292 956 implebimus
1342 882 1541 934 domus
1569 887 1789 950 nostras

189 978 406 1052 spoliis.
443 978 663 1038 Sortem
684 976 845 1036 mitte
875 973 1184 1030 nobiscum.
1217 970 1566 1042 marsupium
1615 987 1789 1042 unum

189 1067 266 1128 sit
290 1066 544 1124 omnium
574 1072 847 1125 nostrum.
888 1084 910 1113 ι

271 1156 402 1214 Haec
423 1155 835 1215 communicata
856 1144 1065 1208 scelera
1084 1143 1210 1208 ideo
1227 1151 1296 1206 ab
1315 1153 1395 1208 eis
1426 1151 1790 1216 committun-

189 1250 286 1304 tur
314 1244 603 1305 audacius,
630 1245 759 1314 quia
794 1259 904 1298 non
938 1249 1024 1303 est
1058 1242 1306 1305 interim.
1333 1259 1442 1317 quo
1466 1241 1656 1312 judice
1685 1255 1793 1318 pu-

193 1333 441 1395 niantur.
467 1332 654 1400 «Quia
673 1332 925 1394 enimut
964 1331 1045 1394 ait
1087 1327 1468 1396 Ecclesiastes,
1510 1346 1622 1382 non
1661 1345 1790 1401 pro-

191 1422 490 1484 ferturcito
511 1428 704 1484 contra
730 1421 907 1480 malos
935 1426 1231 1485 sententia,
1269 1419 1392 1472 ideo
1437 1419 1648 1489 absque
1679 1418 1792 1471 ullo

194 1510 400 1564 timore
421 1500 519 1563 ﬁlii
541 1511 832 1571 hominum
855 1514 1181 1588 perpetrant
1207 1509 1373 1572 mala.
1409 1528 1430 1558 ι

269 1654 401 1708 Ckp‘.
432 1653 500 1707 ν.
529 1672 601 1694 ω
630 1653 907 1720 Quomodo
924 1653 1034 1706 hare
1050 1665 1167 1719 pax
1185 1665 1283 1720 per
1310 1653 1717 1705 contumaciam

362 1739 366 1741 ’
857 1743 1136 1807 ﬁrmetur.-

1869 633 1993 668 rum
2019 618 2344 680 exercitum,
2365 627 2476 671 non
2495 628 2724 689 propter
2739 621 3120 690 exiguitatem,
3141 624 3241 677 sed
3267 613 3460 679 numel-

1870 706 2156 767 rositatem
2199 707 2332 774 [ευίί.
2354 710 2765 779 numerositati]
2800 710 3010 778 pulveri
3042 721 3454 781 comparatum.

1945 794 2099 854 Sicut
2129 801 2314 848 autem
2332 796 2592 865 quaelibet
2613 797 3020 852 combustibilis
3038 801 3275 854 materia
3285 803 3465 871 majus

1872 883 2160 953 profundit
2187 883 2526 945 incendium,
2547 886 2593 939 si
2623 892 2743 940 tota
2763 887 2931 940 simul
2961 902 3129 957 quam
3159 889 3205 942 si
3235 887 3467 944 diversis

1872 972 2125 1048 partibus
2142 979 2435 1027 exuratur;
2468 975 2549 1027 sic
2568 980 2625 1028 et
2643 976 2918 1058 malorum
2955 977 3242 1031 collectam
3273 973 3468 1032 multi-

1871 1060 2122 1113 tudinem
2153 1076 2217 1113 eo
2246 1062 2472 1130 gravior
2500 1061 2769 1117 districtio
2797 1068 2924 1118 uret
2946 1065 3004 1118 in
3035 1067 3330 1136 snpplicie,
3357 1083 3467 1138 quo

1873 1149 2057 1218 major
2078 1164 2201 1200 eam
2232 1164 2503 1202 numerus
2533 1157 2804 1205 neXuerat
2845 1152 2902 1204 in
2934 1159 3180 1224 peccato.
3213 1153 3358 1209 Inde
3384 1160 3471 1210 est

1873 1236 2060 1290 divina
2082 1237 2179 1290 illa
2200 1235 2562 1308 Praeceptoris
2593 1242 2904 1298 Sententia:
2930 1261 2952 1292 ε
2978 1242 3238 1312 Colligite
3258 1234 3468 1298 zizania

1875 1331 1932 1378 et
1959 1312 2129 1395 ligato
2152 1342 2217 1378 ea
2245 1325 2302 1379 in
2331 1325 2622 1381 fasciculos
2635 1329 2706 1382 ad
2726 1329 3184 1385 eombnrendum.
3220 1350 3254 1384 ν

1875 1470 2003 1523 CAP.
2037 1468 2158 1524 VII.
2194 1499 2260 1509 —
2301 1473 2452 1537 Quod
2475 1473 2733 1526 adversus
2759 1475 2900 1528 hanc
2927 1491 3115 1542 pacem
3144 1492 3240 1534 nas
3261 1493 3470 1551 semper

2325 1575 2430 1613 esse
2450 1565 2688 1626 oporteat
2711 1564 3025 1629 impacatos.

1945 1683 2084 1735 Ecce
2138 1691 2337 1752 pacem
2371 1683 2596 1755 Egypti
2645 1685 2796 1739 vides
2851 1689 3180 1757 expositam.
3219 1701 3390 1761 Quam
3413 1697 3471 1748 te

1874 1772 2133 1846 persequi
2156 1776 2429 1842 oporteat.
2467 1791 2578 1826 non
2607 1776 2888 1844 anplecti.
2926 1777 3086 1831 Tunc‘
3109 1780 3262 1832 enim
3291 1778 3472 1835 solum

267 1864 520 1936 Denique
550 1864 597 1925 si
623 1863 704 1922 vis
743 1863 885 1926 scire
911 1861 1150 1934 qualiter
1177 1863 1321 1918 hanc
1350 1863 1650 1933 pessimam
1685 1878 1784 1932 pa-
1809 1859 1987 1940 BDeo
2019 1861 2127 1913 eris
2159 1862 2420 1930 paciﬁcus
2471 1878 2596 1916 cum
2629 1861 2895 1917 adversus
2953 1866 3098 1919 hanc
3133 1877 3329 1938 pacem
3355 1886 3476 1940 per-

194 1971 317 2014 cem
351 1955 538 2016 ﬁrmet
565 1953 937 2020 contumacia,
959 1947 1262 2006 Dominum
1292 1953 1473 2028 ipsum
1506 1952 1573 2004 de
1585 1951 1796 2004 diaboli
1821 1945 1824 1948 ⁴
1874 1948 2086 2026 stiteris
2113 1949 2442 2019 impacatus.
2469 1951 2597 2003 Haec
2621 1957 2706 2032 est
2727 1951 2873 2004 enim
2900 1969 3004 2028 pax
3033 1955 3146 2014 illa,
3167 1958 3475 2010 secundum

195 2059 431 2114 carpare
459 2042 659 2105 audias
681 2047 1116 2112 proponentem:
1158 2062 1179 2091 α
1209 2041 1424 2109 Corpus
1454 2035 1606 2093 illius
1639 2040 1797 2112 quasi
1880 2039 2107 2092 modum
2142 2038 2473 2102 theoricum,
2520 2055 2687 2108 quam
2722 2040 3036 2095 Sichemitae
3068 2055 3194 2096 cum
3222 2045 3399 2097 Iacob
3419 2051 3477 2098 et

197 2115 357 2190 scuta
378 2131 586 2192 insilia.
609 2131 711 2192 1.111
734 2131 908 2192 scutis
928 2130 1050 2194 istis
1075 2127 1331 2184 fusilibus
1363 2129 1497 2202 quid
1525 2129 1676 2183 aliud
1693 2130 1799 2192 nisi
1883 2128 2030 2180 ﬁlius
2056 2129 2175 2197 ejus
2207 2129 2538 2181 contrahere
2569 2129 2868 2199 cupiebant
2900 2149 2910 2182 :
2943 2149 2968 2182 α
2990 2132 3476 2201 Νθςοιὶιθηωῌη-

199 2220 564 2292 reprobarum
600 2221 874 2284 mentium
923 2217 1132 2285 duritia
1161 2211 1537 2290 designatur?
1572 2215 1650 2290 De
1692 2235 1804 2288 qua

203 2297 612 2372 et'lamentatio
636 2302 892 2372 Ieremia;
929 2325 1039 2362 non
1079 2308 1254 2386 tacuit
1283 2307 1602 2378 Judaeorum
1628 2307 1803 2384 perti-

200 2398 422 2460 naciam
450 2398 507 2460 in
539 2399 798 2468 passione
827 2397 1050 2462 Domini
1083 2412 1402 2449 memorans
1443 2401 1498 2459 et
1544 2395 1804 2468 condem-

203 2505 350 2550 nens
379 2506 389 2540 :
430 2507 451 2538 ι
488 2487 653 2547 Dabis
683 2488 762 2544 eis
791 2495 1012 2551 scutum
1045 2483 1226 2552 cordis
1265 2483 1510 2552 laborem
1545 2487 1726 2552 tuum.
1776 2505 1798 2535 ι)

204 2577 376 2636 Scuta
394 2583 581 2637 autem
600 2575 785 2648 fusilia
801 2575 856 2636 in
883 2571 1223 2645 excipiondis
1237 2573 1569 2643 sagittarum
1602 2571 1805 2626 ictibus

203 2664 439 2728 robusta
455 2669 603 2730 sunt,
630 2655 726 2717 sed
749 2681 882 2728 casu
898 2662 1120 2734 fragilia
1142 2689 1152 2718 ;
1185 2661 1320 2732 ictui
1351 2661 1576 2736 quidem
1597 2659 1804 2714 ferien-

202 2737 346 2812 tiuu)
367 2753 598 2816 minime
612 2745 836 2815 cedunt,
858 2752 955 2805 sed
974 2768 1075 2816 suo
1117 2768 1176 2804 se
1195 2749 1353 2822 lapsu
1378 2767 1476 2820 per
1493 2743 1808 2820 fragmenta

205 2833 618 2916 comminuunt.
637 2843 850 2914 Corpus
870 2858 1004 2912 ergo
1025 2839 1232 2896 diaboli
1250 2838 1501 2892 collectio
1536 2844 1622 2890 est
1654 2838 1807 2908 pravi

205 2932 448 2993 concilii,-
468 2927 603 2992 d'um
629 2931 806 2992 malos
823 2947 923 3000 per
949 2929 1381 2994 obstinationem
1399 2927 1569 2980 duros
1601 2925 1807 2996 sagitta

209 3020 386 3078 divini
417 3019 569 3078 verbi
598 3036 710 3079 non
732 3019 958 3090 trajicit,
982 3035 1120 3089 quos
1140 3015 1331 3071 tamen
1366 3015 1486 3068 vitae
1529 3015 1806 3085 fragilitas

209 3107 457 3178 quotidie
487 3098 712 3178 frangit.

279 3189 438 3262 Hanc
467 3157 660 3274 prav;
682 3196 914 3258 unitatis
944 3193 1296 3260 concordiam
1322 3191 1594 3251 Dominus
1624 3191 1677 3246 in
1703 3190 1805 3244 Job
1825 3157 1867 3213 Ο

211 3286 445 3350 notavit,
475 3303 603 3348 cum
631 3277 699 3344 de
729 3285 1034 3348 Leviathan
1063 3300 1163 3356 per
1191 3283 1431 3352 ﬁguram
1472 3280 1764 3352 preposuit
1792 3299 1803 3333 :

217 3395 239 3434 ς
274 3375 529 3440 Membra
558 3375 812 3437 carnium
845 3376 964 3443 ejus
1017 3372 1356 3428 cohaerentia
1391 3391 1411 3421 ι
1443 3370 1565 3423 sibi.
1597 3367 1807 3442 Carnes

210 3465 491 3536 siquidem
539 3463 848 3525 Leviathan
875 3479 1070 3516 omnes
1101 3461 1368 3534 reprobos
1417 3459 1803 3530 intelligimus,

213 3539 356 3625 quos
390 3546 463 3607 ad
498 3545 841 3614 soliditatem
883 3545 1186 3622 spirituaIis
1221 3550 1346 3603 vitae
1377 3562 1672 3621 assurgere
1710 3563 1810 3622 per

213 3630 554 3704 desiderium
594 3658 707 3705 non
756 3641 1028 3706 videmus.
1064 3631 1318 3704 Membra
1376 3636 1626 3690 carnium
1657 3640 1808 3702 sunt,

214 3730 312 3800 qui
338 3730 546 3792 eisdem
580 3739 837 3800 perVerse
859 3728 1174 3799 agentibus,
1210 3727 1266 3779 et
1285 3743 1344 3798 se
1371 3726 1441 3778 ad
1459 3724 1808 3796 iniquitatem

213 3819 655 3892 praecedentibus
683 3820 1120 3888 conjunguntur,
1152 3816 1297 3869 sicut
1325 3815 1500 3876 etiam
1534 3831 1634 3884 per
1667 3816 1813 3884 Apo-

171 3945 174 3947 -
215 3907 421 3968 stolum
453 3907 521 3960 de
557 3908 844 3969 Dominico
893 3924 1125 3976 corpore
1180 3906 1424 3972 dicitur:
1465 3924 1487 3954 ι
1539 3905 1650 3957 Vos
1681 3903 1814 3956 estis

217 4012 422 4067 corpus
448 3995 680 4061 Christi,
711 4000 769 4049 et
799 3995 1052 4053 membra
1082 3989 1149 4048 de
1181 3994 1456 4050 membro.
1497 4014 1520 4044 »
1552 3993 1636 4045 Ad
1676 3993 1818 4048 hanc

220 4075 618 4138 exsecrabilem
650 4102 843 4155 pacem
876 4076 973 4145 illa
1001 4084 1246 4154 pertinet
1283 4082 1532 4136 amicitia
1561 4097 1728 4154 quam
1759 4080 1818 4132 in

218 4174 479 4244 passione
498 4174 667 4227 etiam
688 4175 936 4227 Herodes
966 4190 1093 4226 cum
1126 4171 1305 4225 Pilato
1339 4164 1543 4242 legitur
1567 4170 1811 4222 inivisse.

219 4263 365 4317 Nam
396 4268 452 4316 et
470 4263 604 4316 facti
623 4269 756 4316 sunt
781 4263 948 4320 amici
973 4263 1031 4315 in
1058 4262 1155 4315 illa
1184 4261 1293 4327 die,
1327 4276 1455 4316 cum
1498 4265 1666 4320 antea
1702 4258 1816 4312 ini-

220 4351 354 4417 mici
377 4357 538 4430 erant
563 4352 628 4414 ad
668 4352 932 4415 invicem.
975 4371 999 4402 )

223 4431 357 4506 CAP.
398 4431 487 4505 VI.
523 4469 588 4480 -—
630 4442 819 4508 Qualis
847 4434 1179 4510 hujuspacz's
1200 4441 1270 4491 sit
1300 4433 1519 4506 fructus
1548 4442 1596 4489 et
1617 4439 1811 4492 omitus.

1885 2217 2102 2288 quiunt,
2129 2215 2187 2268 in
2213 2213 2459 2284 terra.et
2485 2223 2781 2270 exerceant
2814 2233 2957 2271 eam.
2989 2220 3121 2289 quia
3149 2223 3393 2291 spatiosa
3420 2227 3478 2276 et

1884 2305 2003 2374 lata
2030 2304 2337 2357 cultoribus
2392 2305 2625 2375 indiget.
2687 2306 2856 2360 Filias
2899 2323 3092 2361 eorum
3140 2310 3478 2380 accipiemus

1884 2407 2103 2450 uxores.
2125 2399 2181 2446 et
2213 2398 2430 2447 nostras
2461 2395 2544 2447 illi
2573 2393 2850 2449 dabimus.
2889 2413 2908 2444 ιθ
2944 2395 3053 2452 Sed
3093 2414 3203 2469 quo
3231 2401 3350 2454 zelo
3372 2395 3480 2455 hu-

1879 2482 1972 2549 jus
2001 2482 2154 2550 pacis
2185 2481 2395 2536 fuedera
2422 2489 2610 2554 Spreta
2631 2484 2762 2550 sint,
2794 2485 2993 2541 divinat
3022 2487 3283 2542 lectionis
3299 2491 3481 2544 scicn-

1887 2569 2022 2622 tiam
2055 2582 2169 2623 non‘
2197 2571 2400 2624 evadit.

1957 2657 2041 2710 Ab
2077 2650 2239 2728 hujus
2265 2661 2418 2729 pacis
2449 2662 2743 2716 concordia
2772 2669 2827 2716 et
2878 2664 2972 2718 illa
3005 2679 3118 2719 non
3148 2666 3485 2722 abhorrebat

1889 2743 2151 2807 afﬁnitas,
2172 2765 2338 2816 quam
2370 2749 2659 2820 J'osaphat,
2689 2767 2783 2821 rex
2803 2754 2966 2816 Juda,
2997 2771 3124 2807 cum
3153 2755 3325 2826 irnpio
3352 2772 3483 2827 rege

1889 2835 2079 2887 Achab
2100 2835 2388 2906 copulasse
2401 2836 2751 2892 describitur.
2776 2860 2797 2890 α
2815 2841 2960 2906 Fuit,
2991 2843 3192 2912 inquit,
3214 2845 3486 2914 Josaphat

1889 2924 2041 2985 dives
2062 2929 2118 2977 et
2147 2925 2386 2994 inclytus
2406 2927 2666 2990 multum,
2687 2934 2743 2981 et
2762 2930 3035 2984 affinitate
3055 2933 3487 3001 conjunctusest

1891 3012 2108 3088 Achab,
2141 3013 2538 3085 descenditque
2569 3013 2640 3069 ad
2670 3033 2796 3070 eum
2826 3025 2952 3091 post
2980 3035 3157 3074 annos
3206 3021 3267 3075 in
3295 3022 3488 3075 Sama-

1891 3102 2054 3163 riam.
2092 3119 2118 3154 »
2151 3099 2257 3155 Pro
2289 3118 2399 3172 qua
2427 3115 2486 3176 re
2508 3119 2634 3158 eum
2677 3105 2945 3160 Dominus
2986 3109 3238 3179 increpat
3267 3125 3367 3180 per
3402 3107 3486 3165 vi-

1892 3190 2117 3244 dentem
2148 3210 2158 3243 :
2202 3205 2229 3239 α’
2254 3193 2432 3262 Impio
2463 3193 2674 3263 praebes
2701 3195 2988 3259 auxilium,
3015 3203 3072 3251 et
3099 3198 3207 3263 bis,
3237 3200 3333 3269 qui
3361 3200 3490 3254 ode-

1889 3285 2024 3332 runt
2053 3269 2370 3343 Dominum,
2395 3271 2643 3350 amicitia
2666 3285 2958 3354 jungeris?
2991 3305 3013 3336 ι
3049 3288 3173 3340 Non
3195 3288 3342 3341 enim
3360 3305 3491 3343 cum

1890 3358 2419 3424 odientibus'Deum
2453 3372 2621 3425 ullius
2651 3374 2912 3428 amicitiae
2961 3374 3222 3429 habenda
3248 3382 3337 3430 est
3355 3391 3492 3431 con-

1890 3457 2098 3521 cordia,
2132 3459 2310 3529 magis
2339 3466 2528 3514 autem
2561 3463 2955 3534 opponendum
2980 3465 3189 3530 odium,
3219 3467 3491 3536 quemad-

1891 3547 2119 3607 modum
2151 3547 2388 3622 faciebat
2417 3547 2593 3603 David
2642 3550 2831 3605 dicens
2864 3572 2873 3606 :
2926 3570 2948 3603 ι
2979 3554 3183 3608 Nonne
3229 3556 3324 3625 qui
3363 3556 3491 3610 ode-

1894 3641 2029 3702 runt
2043 3641 2116 3698 te,
2140 3634 2399 3701 D’omin‘e,
2426 3632 2811 3704 oderamillos,
2837 3646 2891 3695 et
2911 3643 3347 3712 superini‘micos
3363 3640 3490 3699 tuos

1895 3722 2245 3776 tabescebam
2266 3723 2294 3777 7
2312 3725 2563 3779 Perfecto
2579 3727 2706 3780 odio
2757 3729 2981 3783 oderam
3021 3730 3168 3796 illos,
3188 3737 3246 3785 et
3275 3733 3491 3787 inimici

1895 3812 2024 3864 facti
2056 3818 2188 3865 sunt
2215 3813 2369 3866 mihi.
2403 3814 2424 3862 ἡ

1969 3901 2125 3953 Hanc
2149 3901 2338 3970 itaque
2364 3902 2731 3972 perniciosam
2782 3913 2974 3974 pacem
3022 3907 3215 3977 gladio
3252 3909 3408 3964 verbi
3435 3917 3493 3965 et

1899 3990 2096 4042 ardore
2126 3989 2298 4042 divini
2323 3991 2440 4053 zeli,
2461 3990 2779 4062 ubicunque
2797 3994 3043 4048 invenies
3063 4002 3118 4049 et
3141 3998 3368 4067 poteris,
3388 4013 3490 4070 pro

1898 4077 1985 4131 tui‘
2006 4067 2214 4148 gradus
2243 4079 2423 4132 ofﬁcio
2441 4079 2634 4149 disjice
2667 4089 2723 4134 et
2747 4083 2920 4136 adure
2952 4087 3207 4156 exemplo
3231 4067 3491 4156 magistri

1897 4167 1980 4219 tui
2003 4172 2058 4220 et
2083 4165 2323 4232 Domini,
2351 4169 2464 4252 qui,
2485 4169 2629 4245 sicut
2650 4172 3044 4248 praemisimus,
3067 4175 3317 4244 gladium
3339 4177 3493 4231 venit

1896 4257 1955 4309 in
1985 4261 2194 4321 terram
2226 4257 2466 4321 mittere,
2501 4273 2614 4328 quo
2640 4259 2804 4329 hujus
2841 4262 2990 4330 pacis
3011 4263 3284 4332 ligamina
3313 4266 3490 4320 disco-

1897 4333 2073 4409 irent;
2099 4344 2246 4414 quod
2268 4353 2394 4397 eum
2429 4361 2648 4417 quoque
2679 4347 2958 4402 facturum
2985 4351 3154 4422 longo
3183 4359 3316 4407 ante
3343 4358 3490 4409 tem-

1899 4445 2032 4504 pore
2060 4433 2218 4486 testis
2248 4433 2605 4488 ﬁdelissimus
2635 4433 2877 4491 asseruit
2907 4440 3079 4494 Isaias
3114 4461 3126 4494 :
3160 4459 3187 4493 α
3220 4443 3357 4497 Ecce
3376 4443 3490 4498 Do-

296 4519 455 4594 Hanc
471 4519 726 4592 eamdem
743 4529 1026 4599 sacrilegae
1046 4527 1200 4602 pacis
1223 4527 1489 4581 unionem
1510 4530 1686 4595 stupae
1702 4525 1816 4588 col-
1833 4515 1884 4572 D
1901 4522 2088 4575 minus
2114 4522 2374 4575 ascendet
2396 4535 2566 4594 super
2585 4525 2792 4579 nubem
2825 4528 3021 4593 levem,
3064 4535 3122 4583 et
3149 4530 3497 4600 ingredietur

224 4609 452 4682 qutitiaa
476 4618 617 4682 liber
639 4617 1057 4682 Ecclesiasticus
1077 4617 1390 4687 conﬁgurat
1421 4634 1431 4666 :
1459 4632 1484 4668 α
1514 4614 1708 4689 Stupa,
1732 4614 1821 4666 i‘n-

227 4708 370 4780 quit,
403 4707 635 4772 collecta
662 4724 949 4779 synagoga
976 4705 1346 4778 peccantium,
1380 4709 1436 4764 et
1465 4711 1822 4776 consumma-

225 4797 309 4862 tio
334 4787 560 4861 illorum
590 4789 820 4862 ﬂamma
849 4796 1014 4866 ignis.
1055 4814 1082 4862 ρ
1115 4795 1274 4854 Ecce,
1323 4793 1381 4862 in
1437 4809 1604 4863 quem
1653 4792 1823 4872 ﬁnem

227 4885 626 4962 porrigitur,e_t
665 4901 830 4956 quem
864 4892 1114 4950 meretur
1137 4884 1382 4938 fructum
1403 4881 1699 4942 concordia
1735 4897 1826 4945 re-

228 4974 534 5054 proborum
559 4967 576 5027 ι’
588 4969 897 5041 Flammam
918 4966 1173 5040 videlicet
1191 4973 1338 5043 ignis
1359 4969 1820 5051 inextinguibilis,

232 5068 292 5124 et
315 5069 430 5127 tam
459 5063 719 5128 immensi
762 5079 929 5136 quam
968 5060 1341 5136 importabiiis
1371 5060 1612 5114 incendii
1641 5059 1822 5122 ustio-

232 5171 385 5213 nem.
409 5145 536 5218 Non
557 5143 704 5218 enim
727 5158 907 5226 stupae
929 5152 1338 5222 consummatio
1368 5152 1458 5222 hic
1495 5141 1568 5204 ad
1591 5165 1827 5230 peccan-

1903 4603 2228 4684 1Egyptum,
2253 4617 2308 4664 et
2339 4611 2711 4667 movebuntur
2725 4616 3263 4690 simniaeraﬁlgypti
3293 4636 3328 4673 a
3353 4621 3494 4675 facie

1905 4692 2060 4770 ejus,"
2079 4705 2136 4753 et
2159 4709 2254 4753 cor
2280 4699 2506 4772 )Eg-ypti
2532 4701 2779 4756 tabescet
2802 4705 2860 4757 in
2892 4705 3076 4788 medio
3103 4709 3242 4778 eius,
3277 4715 3336 4763 et
3360 4726 3495 4764 con-

1907 4799 2138 4842 currere
2158 4787 2362 4843 faciam
2378 4789 2667 4861 }Egyptios
2684 4793 2954 4848 adversus
2978 4793 3286 4868 Egyptios.
3321 4815 3349 4851 ι

1976 4931 2106 4987 CAP.
2142 4931 2448 4994 VIII.—-Dc
2469 4950 2600 5004 pace
2619 4937 2945 5004 Babylon-i3,
2971 4945 3019 4993 et
3045 4943 3288 5010 qualiter
3305 4953 3426 5006 eam

2475 5025 2647 5091 faciat
2669 5027 2914 5093 iustitia.

1979 5145 2178 5202 Pacem
2205 5147 2454 5220 Egypti,
2483 5155 2547 5204 ut
2572 5149 2641 5203 ab
2670 5149 2888 5216 animis,
2912 5151 2992 5205 sic
3019 5168 3054 5206 a
3083 5155 3267 5209 verbis
3299 5158 3499 5212 amodo

234 5244 378 5308 tium
409 5243 668 5309 ardorem
701 5243 1056 5313 componitur
1081 5258 1180 5312 pro
1213 5241 1488 5302 tenuitate
1537 5246 1593 5293 et
1637 5249 1830 5301 eVane-
1912 5237 2282 5315 se’cl'udentes,
2328 5239 2398 5291 ad
2445 5238 2946 5294 considerationem
2997 5243 3150 5324 pacis
3177 5244 3499 5316 Babyloniae

236 5322 448 5396 scentia
475 5331 736 5402 incendii,
777 5323 876 5398 sed
907 5350 1004 5402 pro
1054 5329 1346 5398 velocitate
1398 5345 1463 5382 ac
1509 5328 1832 5410 integritate
1914 5325 2220 5412 veniamus.
2249 5326 2430 5395 Hujus
2461 5327 2612 5396 pacis
2652 5322 3032 5384 testimonium
3064 5347 3387 5402 expressum
3418 5341 3506 5389 est

237 5420 516 5499 supplicii,
552 5419 1026 5491 quemadmodum
1058 5425 1224 5491 stupa
1253 5417 1323 5472 ad
1352 5416 1633 5486 integrum
1667 5414 1834 5480 simul
1914 5414 1972 5466 in
1993 5414 2254 5499 Jeremia,
2307 5429 2416 5499 quo
2466 5416 2610 5470 ﬁlios
2654 5419 3166 5489 transmigrationis
3211 5421 3505 5478 admonuit

239 5495 991 5578 etvelociterconcrematur,
1009 5509 1172 5580 juxta
1206 5524 1371 5578 quem
1404 5506 1630 5580 modum
1652 5517 1835 5588 sermo
1920 5519 2018 5573 pro
2041 5514 2174 5588 pace
2234 5495 2553 5588 Babyloniae
2609 5505 2939 5576 deprecari:
2986 5528 3010 5561 «
3041 5509 3282 5574 Quaerite
3308 5528 3506 5583 pacem

241 5588 376 5662 alibi
405 5581 543 5662 dicit
582 5598 972 5681 propheticuS;
1033 5616 1060 5649 «
1085 5597 1180 5666 Va:
1221 5585 1412 5651 Ariell
1446 5594 1616 5681 (Ariel
1646 5583 1838 5681 civitas
1921 5583 2178 5678 civitatis,
2211 5585 2285 5681 ad
2341 5603 2513 5681 quam
2565 5597 2974 5667 transmigrare
2992 5607 3087 5654 vos
3116 5601 3238 5669 feci,
3276 5581 3332 5656 et
3351 5607 3509 5657 orate

245 5693 332 5754 est
350 5675 876 5772 manusuam
892 5685 1108 5766 ρωπίαν)
1143 5685 1266 5761 Erit
1285 5686 1428 5762 sicut
1446 5677 1626 5768 pelvis
1653 5679 1807 5762 tari

1922 5675 2118 5772 proca
2147 5681 2223 5736 ad
2244 5677 2570 5774 Dominam,
2602 5683 2737 5754 quia
2777 5684 2843 5740 in
2885 5703 3024 5760 pace
3065 5689 3218 5747 iuius
3273 5690 3387 5747 erit.
3408 5707 3517 5764 pax

3341 5784 3346 5787 ·
3427 5785 3466 5815 ιιι
