3944 6374
561 432 706 490 1615

1888 420 2140 477 RUFINI
2180 417 2512 475 EPISCOPI

3701 421 3840 483 1616

555 557 731 612 vobis.
749 573 776 608 ι
792 555 967 625 Cujus
993 552 1144 624 pacis
1173 555 1230 605 et
1255 549 1463 604 Paulus
1485 545 1743 600 meminit
1765 544 1835 599 ad
1853 541 2117 598 Hebraeos
2143 541 2398 602 :Asavit.
2426 542 2562 597 Inde
2581 549 2778 614 postea
2806 559 2996 599 rerum
3029 545 3386 617 cupiditates,
3408 547 3686 603 bonorum
3705 546 3838 604 libi-

563 667 586 697 ι
610 647 813 700 Pacem
834 641 1134 714 sequimini
1165 657 1291 692 cum
1321 637 1597 692 omnibus.
1639 658 1660 683 ι)

628 734 882 803 Denique
912 728 1170 800 exigenti,
1209 727 1451 798 qualiter
1497 726 1642 777 hanc
1693 739 1887 794 pacem
1929 721 2149 791 justitia

555 823 743 888 faciat,
763 838 890 875 cum
912 835 1055 878 eam,
1071 817 1217 870 sicut
1231 815 1578 886 praelibatum
1607 819 1710 877 est,
1745 811 1988 865 mundus
2011 827 2144 864 con-

555 912 726 973 ciliet,
753 908 974 980 justitia
1001 922 1129 960 vero
1160 903 1459 958 virtutibus
1487 902 1745 972 applicet,
1766 900 1902 953 satis
1923 900 2149 953 dabitur

554 1001 613 1054 in
642 1001 792 1053 hunc
819 997 1085 1062 modum;
1127 994 1276 1064 quod
1322 991 1579 1045 videlicet
1608 989 1890 1059 justitiam
1923 989 2009 1042 hic
2033 1005 2144 1042 non

553 1098 671 1144 tam
701 1087 946 1142 divinam
970 1090 1071 1138 aut
1096 1083 1380 1154 politicam
1398 1097 1566 1150 quam
1593 1079 1906 1133 naturalem
1925 1083 2146 1148 oportet

553 1177 813 1247 intelligi,
848 1191 970 1246 quae
990 1173 1100 1227 alio
1114 1171 1341 1225 nomine
1369 1169 1603 1238 aequitas
1628 1167 1970 1221 nominatur.
2016 1167 2145 1220 Haec

554 1283 750 1323 omnes
769 1264 1026 1319 homines
1051 1278 1117 1316 ex
1145 1276 1259 1314 uno
1291 1263 1524 1329 parente
1566 1263 1728 1310 natos
1767 1273 2020 1319 cernens,
2062 1256 2142 1309 eis

551 1357 705 1412 velut
730 1353 1013 1426 germanis
1041 1350 1294 1405 omnium
1337 1364 1526 1402 rerum
1570 1363 1733 1400 usum
1784 1361 2139 1400 communem

550 1445 770 1510 statuit,
795 1456 1152 1498 communem
1182 1437 1484 1510 quamdam
1514 1435 1744 1489 domum
1773 1434 2035 1488 omnibus
2056 1435 2143 1488 his

549 1536 857 1590 decernens
873 1530 1068 1585 mundi
1093 1529 1261 1597 hujus
1283 1524 1750 1596 speciosissimam
1769 1523 2140 1590 mansionem,

547 1625 619 1680 de
649 1640 761 1695 qua
797 1621 1072 1692 prOpheta
1094 1616 1346 1687 loquitur
1371 1633 1382 1667 :
1420 1635 1442 1664 ι
1479 1614 1525 1668 O
1548 1613 1718 1666 Israel
1751 1629 1918 1682 quam
1937 1629 2141 1682 magna

547 1719 634 1770 est
666 1713 867 1767 domus
897 1707 1120 1764 Domini
1187 1711 1244 1759 et
1305 1704 1502 1773 ingens
1558 1703 1712 1756 locus
1776 1702 2143 1772 possessionis

548 1803 704 1875 ejus!
745 1821 769 1854 ι
801 1801 1005 1870 Magna
1037 1795 1224 1859 nimis,
1259 1793 1379 1846 sine
1433 1790 1623 1850 dubio.
1657 1797 1743 1844 est
1769 1790 1971 1845 domus
2009 1791 2137 1856 ista,

2231 631 2409 693 dines,
2433 633 2819 686 contentiones
2871 640 2928 688 et
2967 635 3179 705 jurgia,
3235 635 3622 708 bellorumque
3652 643 3836 691 certa-

2232 721 2386 773 mina
2418 721 2763 790 prodierunt,
2785 740 2907 793 quae
2932 725 3128 794 utique
3153 725 3430 778 malorum
3461 727 3582 780 lues
3615 726 3832 797 expiari

2230 825 2519 880 nunquam
2549 811 2773 881 poterit,
2805 812 2913 865 nisi
2937 813 3242 883 aliquando
3263 814 3321 867 in
3341 814 3606 868 humanis
3639 819 3834 886 pecto-

2230 898 2384 952 ribus
2415 899 2518 952 hac
2545 900 2947 954 rescintillante
2970 901 3192 971 justitia
3244 903 3314 956 ad
3367 904 3688 973 quamdam,
3724 904 3832 958 etsi

2227 1003 2338 1041 non
2353 987 2860 1058 integram,veteris
2873 991 3293 1044 communitatis
3305 991 3548 1061 gratiam
3565 993 3836 1046 redeatur

2227 1088 2291 1129 ut
2310 1083 2464 1147 puta,
2487 1077 2588 1147 [ut,
2612 1077 2730 1148 qui]
2771 1077 2983 1132 inimici
3010 1084 3175 1133 erant
3201 1080 3272 1133 ad
3301 1080 3560 1149 invicem,
3601 1081 3697 1151 qui
3736 1097 3830 1136 re-

2226 1164 2418 1229 belles,
2443 1167 2539 1237 qui
2555 1167 2763 1232 hostes,
2786 1167 2881 1237 qui
2900 1167 3038 1221 nihil
3057 1185 3304 1239 unquam
3327 1169 3396 1222 de
3423 1169 3666 1223 terrenis
3698 1185 3832 1223 con-

2225 1254 2470 1308 corditer
2489 1256 2857 1326 possederunt
2881 1257 3000 1325 jam
3031 1256 3450 1328 subpullulante
3477 1257 3536 1312 in
3566 1258 3647 1312 eis
3665 1264 3829 1313 natu-

2223 1343 2357 1396 ralis
2379 1344 2612 1413 justitiae
2640 1345 2905 1414 equitate
2954 1346 3226 1400 misceant
3269 1346 3508 1412 animos,
3549 1347 3828 1401 amicitias

2227 1437 2284 1485 et
2302 1432 2606 1487 afﬁnitates
2631 1435 2896 1504 jungant,
2930 1435 3185 1505 quamvis
3204 1436 3468 1506 alloquiis
3487 1441 3545 1490 et
3572 1435 3826 1490 moribus

2223 1537 2337 1575 non
2366 1521 2637 1592 incipiant
2665 1523 3057 1578 communibus
3081 1525 3268 1595 potiri.

2299 1610 2442 1664 Huic
2473 1617 2631 1665 tanto
2651 1611 2816 1678 bono,
2837 1613 2986 1683 quod
3007 1614 3280 1667 naturalis
3288 1613 3512 1683 justitia
3531 1619 3819 1684 operatur,

2224 1699 2468 1754 nilaliud
2490 1701 2715 1771 dignius
2736 1718 2906 1772 quam
2929 1718 3133 1756 nomen
3150 1703 3300 1773 pacis
3320 1703 3827 1773 aptabimus,dumo

2224 1789 2389 1842 modo
2414 1789 2502 1843 hic
2530 1806 2642 1844 non
2696 1807 2889 1861 pacem
2940 1791 3272 1858 Jerusalem,
3305 1792 3471 1863 quod.
3513 1791 3661 1846 sicut
3698 1798 3822 1847 tra-

543 1909 666 1965 que:
696 1890 895 1945 divites
924 1886 1093 1942 simul
1123 1889 1179 1938 et
1202 1897 1496 1954 pauperes,
1530 1879 1743 1934 nobiles
1770 1897 1896 1934 cum
1927 1880 2138 1949 ignobi-
2161 1891 2200 1952 Β
2221 1878 2486 1932 ctandum
2517 1885 2710 1945 restat,
2743 1879 3051 1950 majoribus
3077 1881 3317 1935 exsultat
3347 1881 3584 1945 meritis,
3603 1881 3702 1935 sed
3725 1898 3824 1952 pa-

539 1981 705 2047 libus,
725 1994 886 2034 senes
913 1992 1041 2031 cum
1066 1971 1385 2045 junioribus
1402 1969 1530 2023 sinu
1548 1969 1913 2040 capacissimo
1927 1969 2139 2039 colligit

540 2076 598 2125 et
627 2067 926 2124 concludit.

609 2159 789 2223 Quam
820 2157 1083 2210 decorum
1107 2150 1279 2205 habet
1299 2149 1416 2202 haec
1447 2147 1648 2223 domus
1676 2146 2127 2212 fundamentum,

534 2229 698 2304 terra:
729 2245 924 2315 utique
953 2239 1329 2312 superficiem,
1364 2234 1634 2300 candidis,
1667 2235 1984 2304 purpureis,
2027 2251 2129 2289 au-

530 2337 661 2400 reis,
694 2331 963 2405 puniceis,
984 2336 1042 2384 et
1059 2328 1298 2382 aliorum
1329 2325 1480 2379 mille
1509 2323 1760 2377 colorum
1789 2323 2021 2377 floribus
2045 2324 2128 2377 lo-

531 2423 798 2480 ricatam!
830 2422 1009 2485 Quam
1059 2415 1500 2488 pulcherrimum
1539 2411 1709 2465 habet
1736 2416 1966 2477 tectum,
2001 2411 2124 2465 caeli

528 2514 738 2569 scilicet
757 2510 976 2572 faciem,
999 2506 1289 2560 stellarum
1319 2501 1503 2555 choris
1541 2501 1694 2554 velut
1710 2499 2010 2570 gemmatis
2040 2501 2124 2554 la-

527 2602 775 2675 queariis
804 2598 1185 2667 obfulgentem
1207 2595 1217 2646 !
1242 2593 1307 2646 In
1329 2592 1436 2644 hac
1455 2590 1620 2643 domo
1633 2595 1846 2658 quanta
1866 2606 1932 2643 ex
1960 2589 2125 2644 arbu-

526 2693 628 2748 stis
648 2697 705 2746 et
722 2688 969 2744 fontibus
981 2683 1089 2738 cibi
1111 2689 1385 2754 potusque
1404 2678 1683 2732 habentur
1698 2679 2084 2748 promptuaria
2106 2682 2118 2734 ε

525 2786 748 2854 quantae
777 2795 843 2832 ex
873 2774 1009 2847 ipsis
1059 2778 1116 2826 et
1164 2769 1396 2824 ﬂoribus
1427 2773 1483 2821 et
1513 2765 1698 2820 herbis
1729 2766 2120 2822 odoraminum

520 2865 958 2943 myrrhothecm!
1006 2864 1070 2917 In
1118 2861 1222 2914 hac
1251 2859 1418 2910 domo
1464 2871 1564 2927 per
1600 2860 1820 2908 noctem
1859 2855 2122 2926 splendor

518 2962 668 3016 lunae
697 2974 798 3030 pro
827 2957 1057 3010 lucerna
1087 2955 1190 3013 est,
1241 2953 1299 3002 et
1327 2962 1428 3017 per
1478 2945 1624 2998 diem
1658 2945 1810 2998 calor
1845 2945 1977 2998 solis
2015 2961 2114 3015 pro

514 3051 945 3122 hypocaumate,
977 3042 1073 3095 illo
1097 3037 1354 3092 videlicet
1374 3033 1662 3096 aestuario,
1684 3033 1848 3122 quod
1878 3031 2113 3087 hiberno

2219 1981 2360 2024 cem.
2383 1967 2451 2020 de
2470 1985 2578 2038 qua
2591 1969 2862 2039 cmpimus
2898 1985 3085 2040 agere,
3106 1986 3297 2040 pacem
3333 1969 3542 2023 scilicet
3574 1969 3821 2040 Babylo-

2217 2055 2323 2108 nize
2337 2070 2663 2126 reputemus
2692 2064 3081 2113 memoratam.
3111 2059 3444 2129 Quanquam
3475 2057 3582 2111 dici
3605 2059 3812 2123 valeat,

2214 2143 2457 2198 divinam
2474 2146 2888 2216 quodammodo
2894 2147 3172 2216 justitiam
3195 2164 3388 2218 pacem
3412 2147 3814 2218 Babylonicam

2213 2234 2455 2303 operari,
2481 2235 2527 2288 si
2556 2235 2832 2301 advertas,
2862 2253 3055 2290 omnes
3081 2237 3336 2291 homines
3358 2237 3608 2308 ejusdem
3633 2253 3816 2307 gene-

2209 2321 2288 2374 ris
2307 2338 2429 2376 esse
2458 2340 2570 2378 non
2594 2330 2814 2379 tantum
2848 2343 2945 2396 per
2965 2325 3147 2379 carnis
3168 2326 3368 2396 legem,
3391 2326 3488 2380 sed
3516 2327 3688 2381 etiam
3709 2342 3812 2396 per

2209 2409 2311 2464 Dei
2358 2411 2808 2467 similitudinem.
2856 2415 3095 2484 «Ipsius
3143 2415 3312 2480 enim,
3353 2415 3537 2486 inquit
3575 2417 3806 2480 Aratus,

2207 2498 2383 2570 ipsius
2408 2506 2464 2554 et
2489 2518 2668 2571 genus
2695 2519 2909 2557 sumus.
2928 2503 3116 2557 Genus
3133 2520 3267 2574 ergo
3290 2521 3417 2558 cum
3433 2505 3611 2558 simus
3629 2504 3751 2568 Dei,
3783 2524 3806 2553 ι

2206 2594 2263 2642 et
2292 2589 2640 2644 nobilissima
2666 2591 2766 2644 Dei
2787 2591 3036 2661 imagine
3065 2609 3259 2646 omnes
3289 2593 3503 2664 pariter
3531 2594 3812 2664 exemple-

2205 2693 2350 2743 mur,
2390 2679 2484 2748 qui
2512 2684 2672 2733 tanta
2703 2681 2934 2734 unimur
2961 2681 3348 2744 similitudine,
3373 2682 3528 2736 nulla
3552 2698 3807 2753 unquam

2204 2772 2399 2820 contra
2432 2767 2664 2822 invicem
2694 2768 3024 2823 deberemus
3055 2771 3290 2824 rixantis
3311 2771 3482 2824 animi
3512 2771 3807 2825 dissimili-

2203 2853 2400 2908 tudine
2422 2855 2666 2919 obviare,
2688 2857 3162 2927 quemadmodum
3181 2864 3238 2912 et
3259 2875 3388 2913 aves
3425 2860 3679 2929 ejusdem
3701 2876 3806 2929 ge-

2201 2943 2352 2996 neris
2382 2944 2578 2998 amicae
2605 2945 2708 2998 sibi
2739 2953 2888 3011 sunt,
2919 2946 3138 3000 hostilis
3166 2947 3315 3000 inter
3356 2965 3415 3002 se
3447 2948 3560 3002 odii
3590 2948 3804 3002 discor-

2196 3031 2345 3086 diam
2376 3035 2708 3088 nescientes.
2729 3054 2755 3086 α
2786 3035 3049 3088 Volatilia
3081 3055 3106 3088 »
3143 3036 3473 3102 enim,sicut
3508 3035 3798 3090 Proverbii

512 3120 769 3209 tempore
802 3127 1194 3188 anhelantibus
1235 3122 1551 3178 consuescit
1577 3120 1802 3191 ignibus
1829 3123 2107 3192 vaporari.
2143 3123 2149 3129 ’
2196 3121 2470 3192 scriptum
2498 3123 2762 3192 vulgavit,
2802 3143 2824 3174 ι
2858 3124 2929 3177 ad
2959 3123 3282 3178 similiasibi
3309 3125 3718 3183 conveniunt.»

514 3230 579 3284 In
607 3229 713 3283 hac
736 3225 905 3279 domo
932 3237 1033 3292 pro
1055 3214 1394 3271 lectulistori
1424 3210 2107 3280 sternunturgraminum,
2135 3211 2179 3268 (1
2269 3211 2428 3274 Quod
2459 3212 2504 3265 si
2534 3211 2637 3265 tibi
2667 3229 2767 3282 per
2795 3213 2897 3267 has
2920 3213 3165 3267 rationes
3180 3212 3384 3286 [haud]
3407 3215 3650 3269 estimes
3665 3233 3797 3288 per-

512 3324 571 3374 et
589 3333 688 3388 pro
703 3310 1131 3369 vernacularum
1147 3301 1429 3373 obsequiis
1441 3305 1814 3370 spontaneum
1831 3300 2111 3354 elementa

511 3407 758 3462 offerunt
793 3399 1147 3454 famulatum.

581 3494 674 3549 Sic
724 3496 913 3544 autem
961 3486 1160 3539 domus
1201 3482 1310 3536 ista
1353 3477 1670 3533 communis
1706 3483 1794 3531 est
1829 3476 2104 3538 omnibus,

509 3581 961 3650 sicutingressus
975 3580 1032 3628 et
1048 3587 1307 3642 egressus
1337 3568 1406 3622 ab
1435 3566 1895 3638 ipsaindifl‘erens
1925 3566 2109 3620 omni-

508 3673 614 3730 bus
642 3668 954 3730 exhibetur,
988 3658 1463 3734 quemadmodum
1495 3655 1731 3725 Sapiens
1777 3655 2111 3709 monstravit

507 3763 699 3818 dicens
733 3777 745 3812 :
784 3777 806 3809 «
838 3757 975 3811 Sum
1005 3750 1230 3822 quidem
1258 3753 1315 3802 et
1339 3763 1441 3816 ego
1465 3745 1718 3798 mortalis
1748 3744 1933 3806 homo,
1957 3743 2112 3797 simi-

505 3853 576 3907 lis
606 3847 884 3908 omnibus,
914 3860 978 3898 ex
1008 3855 1214 3912 genere
1247 3844 1471 3890 terreno
1511 3834 1678 3896 illius,
1716 3833 1812 3903 qui
1845 3833 1996 3904 prior
2025 3833 2109 3887 fa-

507 3947 630 3997 ctus
659 3943 766 4003 est,
795 3940 849 3989 et
873 3934 932 3987 in
968 3935 1163 3984 ventre
1207 3923 1402 3980 matris
1448 3924 1724 3992 ﬁguratus
1779 3938 1904 3976 sum
1937 3939 2103 3989 caro;

505 4032 701 4086 decem
747 4022 1027 4079 mensium
1077 4027 1329 4087 tempore
1361 4011 1692 4082 coagulatus
1730 4028 1855 4064 sum
1886 4011 1944 4064 in
1975 4027 2107 4065 san-

505 4119 678 4192 guine
697 4132 764 4170 ex
787 4111 1001 4168 semine
1019 4105 1286 4168 hominis,
1317 4107 1375 4156 et
1403 4117 1506 4172 ego
1536 4105 1702 4154 natus
1730 4099 1918 4170 accepi
1945 4116 2102 4154 com-

507 4188 738 4264 munem
769 4216 977 4262 aerem,
1000 4203 1057 4252 et
1077 4197 1136 4250 in
1156 4193 1417 4249 similiter
1442 4190 1651 4244 factam
1670 4188 1849 4243 decidi
1864 4197 2095 4256 terram,

508 4304 566 4354 et
593 4296 833 4368 primam
861 4304 1051 4344 vocem
1079 4283 1317 4340 similem
1345 4279 1604 4335 omnibus
1633 4277 1796 4333 emisi
1837 4279 2089 4348 plorans.

507 4367 684 4442 Nemo
715 4382 864 4438 enim
895 4396 959 4434 ex
985 4374 1211 4446 regibus
1251 4370 1405 4425 aliud
1435 4367 1633 4422 habuit
1661 4367 1970 4421 nativitatis
1999 4367 2101 4421 ini-

2192 3315 2441 3362 suasum,
2472 3317 2665 3371 pacem
2696 3302 2840 3356 hanc
2869 3319 2970 3372 per
2993 3302 3273 3372 justitiam
3301 3302 3465 3368 effici,
3489 3320 3658 3374 super
3687 3305 3796 3359 hoc

2195 3389 2394 3442 saltem
2425 3395 2760 3459 argumenta
2783 3391 3132 3444 satisfaciant
3163 3391 3604 3462 Scripturarum.
3644 3393 3798 3449 Dicit

2195 3477 2344 3530 enim
2363 3479 2764 3549 prophetarum
2785 3479 3163 3534 nobilissimus
3201 3499 3212 3533 :
3250 3498 3277 3531 «
3311 3479 3436 3534 Erit
3463 3497 3603 3552 opus
3627 3483 3798 3552 justi-

2191 3565 2284 3619 tiae
2299 3583 2423 3636 pax,
2441 3573 2497 3620 et
2516 3567 2699 3621 cultus
2720 3567 2956 3638 justitia:
2977 3567 3281 3622 silentium.
3313 3591 3332 3617 η
3361 3570 3428 3622 Et
3449 3553 3643 3635 David,
3657 3587 3795 3626 cum

2191 3653 2260 3708 de
2289 3656 2572 3710 nascituro
2591 3657 2713 3710 caeli
2745 3657 2896 3727 Rege
2927 3657 3122 3710 laudes
3158 3665 3514 3728 proponeret,
3535 3659 3796 3716 dicturus

2193 3742 2262 3796 de
2283 3761 2417 3813 pace
2439 3761 2607 3814 quam
2639 3745 2697 3798 in
2718 3747 2960 3800 adventu
2992 3747 3113 3815 ejus
3150 3747 3391 3801 mundus
3431 3747 3637 3802 habere
3667 3766 3795 3803 me-

2193 3833 2325 3898 ruit,
2349 3833 2418 3886 de
2442 3833 2665 3903 justitia
2684 3835 2836 3888 velut
2878 3836 2999 3904 ejus
3045 3851 3208 3888 causa
3242 3841 3372 3889 ante
3402 3837 3672 3906 praemisit
3697 3838 3790 3892 di-

2191 3937 2322 3974 cens
2354 3943 2366 3976 :
2397 3941 2419 3972 ι
2457 3921 2686 3976 Orietur
2713 3922 2769 3975 in
2800 3923 2996 3976 diebus
3017 3924 3138 3993 ejus
3185 3923 3423 3992 justitia.
3459 3944 3484 3976 ι
3514 3926 3654 3980 Dein
3695 3944 3790 3981 se-

2190 4010 2384 4079 quitur
2415 4027 2426 4062 :
2464 4028 2490 4062 ί
2516 4010 2585 4063 Et
2609 4010 2954 4064 abundantia
2982 4010 3152 4082 pacis.
3187 4030 3214 4064 ι
3238 4013 3382 4067 ltem
3409 4012 3573 4067 alibi:
3607 4034 3634 4067 ι
3651 4015 3787 4070 Jus-

2187 4097 2312 4151 titia
2349 4103 2406 4152 et
2433 4114 2540 4169 pax
2567 4099 2869 4170 complexae
2896 4105 3028 4153 sunt
3053 4115 3134 4154 se.
3161 4119 3187 4153 »

2181 4242 2309 4296 CAP.
2343 4241 2436 4294 IX.
2477 4269 2540 4281 —
2581 4243 2706 4308 Quae
2728 4244 2800 4296 sit
2824 4243 3166 4304 humanitas,
3196 4259 3384 4312 pacem
3411 4247 3579 4300 istam
3599 4249 3777 4304 alens.

2252 4365 2593 4420 Humanitas
2615 4371 2825 4434 autem,
2849 4383 2961 4437 qua
2979 4367 3096 4422 haec
3111 4366 3430 4440 Babyloniae
3460 4386 3565 4440 pax
3579 4371 3774 4439 alitur,

504 4477 666 4532 tium.
700 4474 858 4528 Unus
910 4483 1042 4537 ergo
1088 4461 1354 4517 introitus
1398 4463 1484 4512 est
1513 4457 1584 4510 ad
1614 4457 1785 4510 vitam
1816 4461 1872 4510 et
1900 4457 2161 4538 similisD
2185 4455 2440 4527 quaedam
2462 4456 2837 4510 humanarum
2859 4456 3255 4511 necessitatum
3269 4457 3524 4513 collativa
3538 4459 3778 4517 subven-

508 4565 708 4622 exitus.
737 4582 762 4612 ι
795 4557 946 4615 Nudi
981 4554 1131 4610 enim
1183 4566 1378 4604 omnes
1423 4546 1726 4611 nascimur,
1769 4545 1904 4600 nudi
1933 4546 2100 4600 mori-

2185 4545 2262 4602 tio
2283 4552 2387 4612 est,
2415 4563 2526 4616 qua
2553 4546 2772 4600 diversa
2798 4545 3121 4600 mortalium
3173 4545 3416 4600 conditio
3444 4547 3529 4600 vel
3559 4551 3776 4605 mutuis

508 4669 666 4719 mur;
686 4647 1000 4705 nullainter
1013 4640 1281 4696 cadavera
1297 4635 1531 4690 divitum
1553 4650 1977 4705 pauperumque
1991 4633 2102 4687 dis-
2181 4639 2378 4709 adjuta
2401 4637 2702 4707 suil‘ragiis,
2733 4635 2820 4690 vel
2839 4635 3071 4690 alternis
3091 4641 3404 4690 sustentata
3421 4640 3773 4694 commerciis

505 4737 830 4807 cretio,nisi
859 4733 1007 4806 quod
1039 4731 1180 4785 forte
1214 4727 1394 4782 dirius
1423 4726 1602 4780 fetent
1647 4740 1843 4778 eorum
1864 4740 2101 4794 corpora

504 4849 675 4906 quam
701 4830 958 4883 istorum.

2181 4729 2472 4783 retinetur.
2495 4726 2652 4791 Quod
2669 4731 2858 4780 autem
2873 4726 2985 4780 tale
3005 4731 3109 4779 est.
3133 4725 3338 4780 Milites
3347 4726 3517 4780 armis
3536 4733 3776 4784 tuentur

2178 4818 2436 4882 rusticos,
2471 4816 2665 4870 rustici
2689 4814 2952 4886 operibus
2978 4815 3216 4886 agrariis
3234 4815 3386 4870 cibos
3411 4816 3639 4871 student
3668 4821 3775 4874 mi-

579 4919 738 4986 Quod
761 4931 890 4970 vero
918 4907 1233 4967 istiusmodi
1283 4903 1557 4959 naturalis
1587 4902 1809 4972 justitia
1836 4901 2095 4957 omnibus
2176 4907 2367 4961 litibus
2392 4905 2698 4978 providere.
2732 4902 2876 4957 Item
2905 4921 3032 4958 cum
3059 4920 3296 4975 regnum
3325 4903 3462 4958 illud
3489 4905 3769 4976 frugibus,

504 5010 694 5067 omnia
708 5004 902 5062 fecerit
914 4997 1252 5062 communia,
1275 5011 1340 5049 ex
1370 4995 1466 5047 illo
1490 4992 1656 5047 verbo
1684 4992 2090 5046 desumendum

2179 4996 2283 5050 hoc
2311 4994 2689 5050 odoramentis
2718 4993 2998 5064 indigeat;
3040 5009 3166 5047 cum
3188 4993 3471 5064 provincia
3516 4994 3614 5049 illa
3645 5013 3774 5051 me-

503 5106 606 5164 est,
640 5114 750 5170 quo
773 5093 1000 5154 dicitur,
1022 5083 1487 5143 communicantis
1525 5081 1668 5136 bona
1697 5098 1797 5136 sua
1831 5098 1958 5134 cum
1987 5099 2092 5136 cae-
2174 5084 2344 5144 tallis.
2369 5083 2895 5150 basctexturis;cum
2915 5081 3068 5152 regio
3109 5081 3205 5135 illa
3246 5081 3431 5152 lignis,
3466 5082 3583 5137 haec
3613 5100 3770 5139 mar-

502 5191 640 5248 teris
660 5169 738 5242 Win
767 5183 1032 5240 saeculum
1085 5176 1271 5232 saeculi
1315 5188 1646 5245 permanere
1679 5189 1689 5222 :
1727 5192 1753 5219 ‹‹
1793 5169 2087 5241 Dispersit,

2173 5172 2422 5228 moribus
2443 5177 2624 5242 egeat,
2639 5171 2828 5242 sicque
2843 5188 2943 5242 per
2961 5171 3073 5224 alia
3087 5171 3313 5224 millena
3339 5187 3547 5240 genera
3571 5189 3769 5230 rerum

499 5281 657 5338 dedit
691 5271 1051 5350 pauperibus,
1081 5266 1304 5338 justitia
1350 5265 1472 5333 ejus
1524 5265 1716 5314 manet
1741 5260 1799 5313 in
1824 5261 2088 5315 saeculum
2172 5263 2419 5317 humana
2436 5260 2748 5315 mortalitas
2770 5260 3010 5350 vicissim
3037 5259 3142 5313 sibi
3167 5276 3305 5350 opus
3335 5259 3538 5350 habeat
3558 5261 3768 5350 subve-

494 5347 710 5428 saculi:
731 5387 758 5419 ιι
792 5363 935 5418 Item
965 5378 1031 5415 ex
1060 5357 1302 5428 quodam
1332 5350 1630 5407 Proverbio
1665 5367 1678 5403 :
1713 5367 1740 5400 α
1771 5350 1883 5403 Rex
1897 5351 2086 5420 justus
2169 5352 2310 5416 nire,
2341 5351 2610 5423 processit
2639 5348 2978 5416 humanitas,
3013 5365 3124 5420 qua
3164 5349 3284 5418 jam
3332 5347 3388 5400 in
3411 5364 3546 5418 pace
3576 5349 3763 5423 Baby-

496 5458 664 5528 erigit
682 5462 911 5519 terram,
953 5451 1038 5503 vir
1068 5463 1268 5500 avarus
1297 5445 1550 5498 destruet
1578 5455 1722 5494 eam.
1749 5459 1774 5491 n
1813 5438 1954 5492 Cum
1985 5439 2087 5492 ita-
2165 5441 2328 5495 lonia;
2347 5439 2571 5494 foederis
2588 5439 2862 5494 alternam
2892 5437 3186 5510 penuriam
3235 5437 3453 5528 alterna
3481 5437 3642 5508 copia
3673 5440 3761 5495 his

492 5524 611 5620 que
629 5547 746 5599 haec
759 5535 1264 5612 justitianaturalis
1281 5532 1553 5586 mundum
1582 5529 1764 5602 ipsum
1786 5533 1843 5582 et
1867 5526 2071 5620 omnia,
2160 5529 2668 5620 permutationibus
2697 5533 3057 5620 sustentaret,
3098 5527 3217 5620 sine
3256 5524 3455 5596 quibus
3494 5542 3627 5620 pax
3647 5528 3757 5584 ista

491 5615 616 5706 quae
646 5632 704 5684 in
734 5648 801 5685 ea
826 5635 976 5692 sunt,
1007 5623 1288 5680 censuerit
1315 5637 1436 5675 esse
1463 5619 1802 5682 communia,
1837 5616 2073 5670 avaritia
2156 5620 2411 5689 neglecta
2448 5619 2748 5686 decideret,
2782 5617 3258 5690 quemadmodum
3302 5615 3573 5669 connexio
3614 5617 3755 5690 lapi-

486 5717 844 5789 postmodum
872 5715 1288 5788 possessionum
1309 5711 1444 5781 jura
1471 5709 1530 5764 in
1560 5708 1812 5779 singulos
1837 5707 2069 5778 dispen-
2152 5707 2289 5762 dum
2316 5707 2376 5762 in
2404 5707 2638 5764 aedificio
2679 5708 2940 5776 formato,
2987 5707 3048 5762 in
3076 5723 3186 5780 quo
3229 5705 3436 5762 vicario
3473 5707 3750 5780 complexi
