3944 6364
180 350 320 410 1617

177 475 397 549 lapides
414 473 758 540 innituntur,
787 471 836 526 si
861 469 1043 525 muris
1081 463 1366 521 hiantibus
1387 481 1446 518 se
1475 460 1769 534 complecti
1784 460 1834 519 Α
1852 451 2082 510 consilio
2113 463 2233 504 suo.

178 567 469 633 desierint,
496 565 758 620 universa
786 565 1071 617 structura
1089 557 1252 612 citius
1273 554 1594 610 subruetur.

252 659 329 713 Ut
355 661 543 711 autem
574 654 704 708 huic
731 649 1071 706 humanitati
1097 647 1251 701 locus
1280 648 1398 709 ﬂat,
1431 649 1561 698 ante
1586 641 1776 695 omnia

178 763 322 818 Opus
351 751 435 800 est
472 745 678 815 linguze
732 741 874 794 inire
918 737 1197 800 notitiam,
1241 735 1360 788 sine
1415 749 1527 804 qua
1573 745 1773 802 parum

177 835 409 907 prodest
436 834 509 888 ad
532 831 824 887 sociandos
843 827 1102 882 homines
1122 826 1246 880 haec
1278 821 1570 878 subventio
1601 819 1774 874 colla-

175 924 311 979 tiva.
344 922 636 988 Quomodo
677 919 828 974 enim
858 917 945 972 vel
974 915 1188 970 mutuis
1217 912 1507 967 sublevare
1554 908 1771 973 ofﬁciis,

178 1013 269 1067 vel
298 1011 459 1067 utilia
477 1016 735 1066 mutuare
756 1005 1092 1062 commercia
1112 1007 1398 1074 poterunt,
1426 999 1521 1070 qui
1537 997 1665 1051 aliis
1683 1011 1777 1049 ne-

179 1101 472 1156 cessitates
495 1115 626 1154 suas
647 1096 945 1152 verborum
960 1096 1248 1164 nequeunt
1268 1084 1774 1159 signiﬁcationibus

175 1189 498 1263 explicare?
527 1184 1014 1252 Quemadmodum
1036 1198 1147 1236 non
1160 1178 1572 1234 humanitatem
1594 1174 1773 1244 magis

176 1297 345 1352 quam
377 1278 789 1333 immanitatem
810 1275 1014 1345 ignota:
1043 1272 1250 1340 lingua
1280 1267 1564 1322 consuevit
1593 1280 1766 1335 gene-

177 1386 304 1424 rare
367 1368 681 1432 diversitas,
737 1365 880 1418 sicut
930 1359 1271 1433 prophetica;
1317 1354 1769 1410 comminationis

174 1459 400 1514 oraculo
431 1460 775 1511 monstratur
800 1472 810 1506 :
849 1473 871 1505 ι
905 1453 1042 1506 Ecce
1061 1466 1164 1520 ego
1191 1447 1464 1502 adducam
1486 1461 1654 1515 super
1674 1460 1770 1497 vos

171 1553 396 1620 gentem
422 1547 492 1601 de
521 1544 846 1614 longinquo,
876 1541 1077 1595 domus
1126 1536 1318 1601 Israel,
1363 1535 1444 1588 ait
1476 1534 1766 1597 Dominus,

172 1643 400 1708 gentem
430 1634 968 1701 robustam,gentem
987 1625 1392 1698 antiquam,cuj
1401 1640 1466 1677 us
1485 1621 1771 1694 ignorabis

173 1727 448 1796 linguam,
480 1739 584 1777 nec
609 1721 888 1789 intelliges
914 1717 1048 1789 quid
1071 1717 1354 1786 loquatur.
1387 1735 1411 1760 ι

245 1815 532 1880 Quantum
566 1813 682 1865 haec
712 1807 1033 1864 humanitas
1059 1805 1129 1858 ad
1177 1801 1537 1857 nutriendam
1575 1816 1767 1870 pacem

171 1903 489 1959 necessaria
503 1908 588 1956 est
616 1901 766 1954 inter
793 1914 952 1967 reges
979 1901 1033 1950 et
1088 1893 1340 1964 populos,
1406 1891 1667 1962 praelatos
1714 1894 1771 1943 et

172 1993 445 2058 subditos,
479 1997 540 2046 ut
568 2007 599 2044 a
631 2006 761 2059 rege
793 1986 1108 2058 praebeatur
1152 1982 1358 2054 populo
1414 1980 1600 2044 tuitio,
1634 1986 1691 2033 et
1737 1995 1771 2032 a

172 2261 363 2316 statis.
393 2281 416 2308 ι»
452 2259 724 2312 Praelatus
762 2254 1000 2309 subditis
1039 2249 1398 2323 providentiae
1435 2247 1768 2301 sollicitudi-

172 2365 326 2416 nem,
358 2347 563 2402 subditi
586 2346 815 2417 praalato
844 2343 1194 2397 devotionem
1225 2337 1555 2392 obedientiae
1609 2336 1771 2391 debe-

173 2439 314 2492 bunt
345 2435 766 2499 exhibere.Quze
780 2432 972 2502 utique
996 2431 1126 2484 hinc
1145 2429 1274 2482 inde
1297 2433 1414 2481 tam
1455 2426 1771 2480 necessaria

174 2527 541 2582 subventione
579 2527 936 2584 concurrunt,
969 2525 1030 2574 ut
1062 2519 1300 2572 alterum
1330 2516 1450 2570 sine
1479 2515 1656 2570 altero
1678 2533 1771 2570 ne-

176 2623 348 2689 queat
374 2614 925 2687 perdurare.Quippe
955 2612 1076 2666 sine
1109 2608 1458 2681 providentia
1487 2623 1684 2676 regum
1707 2623 1771 2660 ac

174 2975 350 3029 tacita
373 2974 520 3027 inter
539 2989 667 3026 eum
685 2978 741 3025 et
761 2971 1026 3041 p0pulum
1049 2967 1242 3030 initur,
1266 2975 1328 3018 ut
1342 2970 1399 3018 et
1414 2981 1508 3017 rex
1526 2964 1771 3016 humane

173 3069 337 3135 regat
366 3063 650 3134 populum,
677 3066 734 3115 et
763 3059 1002 3131 populus
1028 3072 1217 3127 regem
1237 3053 1702 3108 statutistributis
1716 3057 1773 3107 et

174 3152 541 3207 inlationibus
557 3150 875 3204 meminerit
890 3145 1157 3201 venerari.
1196 3145 1313 3198 Hoc
1334 3148 1420 3196 est
1438 3141 1574 3195 illud
1593 3141 1771 3195 foedus

176 3242 325 3312 quod
351 3242 576 3295 Joiadas
587 3238 848 3294 sacerdos
872 3239 1022 3290 inter
1057 3250 1246 3303 regem
1277 3233 1407 3286 Joas
1427 3236 1482 3284 et
1503 3229 1769 3300 populum

175 3331 321 3386 Juda
346 3331 574 3402 pepigit,
603 3321 749 3383 sicut.
778 3327 1012 3381 historia
1031 3325 1248 3394 Regum
1273 3320 1462 3376 tradit.

248 3422 489 3476 Fovetur
517 3436 650 3490 ergo
681 3435 781 3490 per
809 3417 953 3470 hanc
1001 3411 1370 3468 humanitatis
1413 3408 1768 3462 collationem

174 3516 320 3570 inter
348 3528 509 3582 reges
541 3516 597 3564 et
622 3508 872 3580 pOpulos,
904 3505 1053 3558 inter
1101 3502 1365 3573 praelatos
1423 3503 1480 3551 et
1517 3496 1770 3551 subditos

175 3601 518 3674 Babyloniae,
548 3599 604 3653 id
633 3603 718 3652 est
772 3595 1072 3650 mundanae
1122 3591 1274 3662 pacis
1304 3587 1618 3648 concordia,
1646 3602 1768 3657 quae

173 3695 224 3748 si
263 3690 586 3762 aliquando,
617 3693 681 3742 ut
709 3687 868 3745 solet,
893 3685 1132 3739 ducatur
1163 3677 1531 3749 contemptui,
1583 3682 1644 3729 ut
1683 3675 1768 3728 vel

174 4049 357 4113 malis,
390 4053 619 4119 repente
639 4045 805 4098 simul
827 4058 952 4096 cum
989 4056 1124 4111 pace
1152 4039 1234 4091 vis
1265 4033 1604 4108 praelationis
1653 4032 1766 4086 sol-

171 4141 340 4204 vitur,
359 4144 414 4192 et
436 4153 670 4208 regnum
691 4135 858 4188 etiam
878 4133 1310 4190 transmutatur,
1335 4125 1482 4178 sicut
1498 4122 1769 4192 scriptum

174 4234 280 4291 est,
295 4228 428 4298 quia
457 4242 692 4295 regnum
723 4240 757 4276 a
775 4227 941 4291 gente
959 4220 1014 4272 in
1030 4223 1258 4289 gentem
1288 4213 1628 4268 transfertur
1649 4227 1771 4280 pro-

171 4325 301 4390 pter
303 4315 654 4442 diniiustitias,
670 4320 723 4366 et
751 4310 1004 4382 injurias,
1032 4313 1088 4362 et
1117 4304 1506 4367 contumelias,
1527 4300 1771 4354 etdiver-

173 4407 266 4442 sos
342 4407 374 4442 ο
398 4405 479 4442 os.

173 4407 266 4444 SOS
303 4405 479 4442 00108.

175 4534 307 4587 CAP.
340 4532 408 4589 X.
443 4560 508 4570 —
539 4527 808 4596 Quomodo
837 4538 934 4592 per
961 4522 1321 4591 prudentiam.
1353 4518 1460 4570 haec
1487 4531 1598 4584 pan;
1632 4513 1770 4566 acci-

730 4601 851 4668 piat
883 4598 1226 4663 ﬁrmitatem.

247 4747 525 4801 Caeterum
546 4743 789 4815 qualiter
806 4757 912 4810 pax
926 4740 1035 4793 ista
1052 4752 1152 4807 per
1163 4731 1519 4805 prudentiam
1535 4727 1774 4798 accipiat

173 4833 524 4894 ﬁrmitatem,
547 4846 646 4882 rex
676 4829 941 4882 Salomon
961 4823 1063 4878 tibi
1086 4820 1338 4890 exemplo
1369 4817 1458 4880 sit,
1493 4815 1590 4886 qui
1641 4827 1770 4883 pru-

171 4921 538 4976 dentissimus
566 4917 857 4988 sapientiae
878 4919 1016 4968 ‘suze
1044 4909 1292 4965 consiliis
1348 4923 1448 4978 per
1489 4901 1772 4973 octoginta

171 5026 452 5066 annorum
480 5007 786 5070 volumina,
816 5003 959 5058 sicut
1001 4999 1228 5070 Josephi
1261 5001 1458 5051 narrat
1510 4993 1766 5055 historia,

171 5115 409 5170 regnum
432 5095 536 5150 sibi
564 5095 622 5148 in
654 5110 789 5165 pace
814 5087 1285 5161 tranquillissima
1312 5085 1524 5157 pariter
1548 5081 1771 5136 robora-

171 5189 253 5242 vit
281 5192 338 5241 et
356 5185 695 5240 felicissima.
729 5183 903 5252 Cujus
940 5178 1092 5251 pacis
1149 5176 1355 5230 bonum
1407 5189 1598 5228 semen
1652 5172 1771 5240 ejus

173 5277 424 5331 Roboam
453 5291 552 5345 per
579 5271 962 5343 insipientiam
995 5265 1255 5339 perdidit,
1290 5279 1526 5334 regnum
1557 5261 1772 5314 faciens

171 5365 523 5437 bipertitum,
559 5363 628 5418 de
659 5377 770 5432 quo
829 5359 970 5413 liber
1020 5357 1097 5411 ait
1150 5352 1588 5416 Ecclesiasticus,
1640 5349 1773 5420 quia

179 5476 203 5508 (ι
230 5457 398 5509 finem
417 5453 614 5507 habuit
635 5453 898 5506 Salomon
921 5465 1047 5502 cum
1080 5444 1334 5517 patribus
1360 5442 1496 5505 suis,
1530 5446 1586 5493 et
1639 5438 1769 5492 reli-

177 5545 302 5616 quit
329 5553 454 5615 post
481 5560 540 5596 se
561 5542 628 5596 de
651 5539 864 5595 semine
881 5555 982 5591 suo
1002 5535 1300 5590 stultitiam
1321 5531 1497 5602 genti,
1522 5535 1578 5583 et
1594 5527 1774 5580 immi-

176 5640 380 5690 nutum
414 5649 448 5688 a
475 5631 794 5704 prudentia,
838 5628 1108 5692 Roboam,
1163 5622 1258 5694 qui
1309 5619 1511 5675 avertit
1549 5622 1776 5688 gentem

1316 338 1410 394 DE
1446 335 1642 394 ΒΟΝο
1680 331 1908 390 PACIS.
1955 357 2018 368 —
2059 323 2194 381 LIB.
2237 322 2310 377 II.

1789 4408 1838 4465 D

3315 291 3454 352 1618

2267 465 2286 497 ο
2319 444 2463 500 Item
2487 455 2657 511 super
2699 435 2898 492 eodem
2943 428 3234 500 Scriptura
3268 421 3408 478 dicit
3429 401 3451 444 ³

1861 561 1889 596 ¢
1920 543 2036 598 Rex
2067 537 2336 609 insipiens
2374 530 2572 605 perdet
2592 525 2862 600 populum
2890 535 3075 584 suum,
3107 520 3164 570 et
3195 511 3448 609 civitates

1855 599 2322 688 inhabitabuntur
2341 599 2442 694 per
2468 599 2692 674 sensum
2725 607 3143 686 prudentium.»
3157 599 3452 658 Etinlibro

1858 718 2158 792 Sapientiae
2189 733 2200 768 :
2239 733 2265 765 (ί
2285 691 2718 768 Si—delectamini
2730 699 2957 756 sedibus
2969 701 3024 749 et
3039 691 3271 764 sceptris
3288 703 3452 758 reges

1857 784 2069 882 populi,
2087 803 2303 874 diligite
2315 797 2670 867 sapientiam,
2689 797 2754 846 ut
2768 787 3016 859 regnetis
3027 784 3084 838 in
3097 784 3449 882 perpetuum,

1854 899 2011 954 Tunc
2040 916 2065 949 ›)
2098 893 2270 957 enim,
2323 889 2466 944 sicut
2519 879 2954 939 facundissimus
3005 873 3200 927 doctor
3238 865 3456 935 scribit,

1863 953 1887 1040 ξ
1910 953 2045 1042 tunc
2070 953 2265 1038 felices:
2277 985 2409 1033 sunt
2473 971 2816 1045 respublica,
2847 981 2975 1019 cum
3005 967 3105 1015 aut
3138 953 3455 1045 philosophi

1858 1079 2115 1147 regnant,
2149 1075 2248 1126 aut
2284 1083 2444 1138 reges
2470 1042 3101 1135 philosophanturJ—c
3133 1042 3454 1102 Erudimini

1855 1182 2008 1236 ergo,
2042 1161 2137 1234 qui
2161 1157 2429 1231 judicatis
2467 1160 2697 1206 terram.
2732 1168 2754 1198 ii

1923 1224 2124 1307 “Pacem
2149 1253 2340 1302 autem
2360 1245 2527 1297 istam
2561 1237 2710 1308 regis
2739 1233 2981 1289 maxime
3013 1224 3455 1301 prudentiacon-

1853 1341 2123 1404 firmabit,
2155 1337 2203 1391 si
2225 1351 2318 1389 rex
2351 1334 2470 1402 ipse
2499 1332 2678 1401 perito
2735 1317 3176 1394 dispensationis
3214 1310 3447 1368 consilio

1852 1431 2006 1487 omni
2025 1425 2220 1499 generi
2241 1421 2554 1488 hominum,
2586 1414 2788 1486 quibus
2818 1414 3038 1483 praeest,
3057 1403 3211 1460 omni
3235 1399 3441 1464 ordini,

1851 1519 2004 1575 omni
2031 1516 2206 1580 sexui,
2237 1511 2391 1567 omni
2421 1506 2596 1571 aetati,
2628 1503 2780 1558 salvo
2809 1505 3001 1554 tamen
3022 1490 3313 1567 privilegio
3337 1487 3448 1542 dis-

1853 1609 2074 1680 ciplinae
2100 1604 2394 1676 (scriptum
2424 1603 2510 1652 est
2530 1594 2703 1649 enim:
2742 1611 2764 1642 ι
2787 1586 3154 1657 Disciplinam
3209 1581 3269 1634 in
3315 1591 3451 1650 pace

1853 1669 2074 1752 servate
2102 1669 2256 1756 filim)
2291 1691 2371 1744 ita
2394 1704 2453 1742 se
2475 1681 2827 1739 tractabilem
2858 1681 2916 1730 et
2933 1675 3084 1728 velut
3120 1669 3450 1742 popularem

1791 1770 1837 1830 Β
1855 1784 2170 1848 indulserit,
2198 1785 2263 1835 ut
2293 1779 2535 1832 favorem
2561 1786 2785 1841 semper
2809 1759 3312 1839 publicumhabere
3332 1772 3452 1810 me-

1851 1881 2059 1936 reatur,
2097 1873 2241 1926 sicut
2269 1866 2634 1924 Octavianum
2663 1858 2856 1914 fecisse
2886 1856 3203 1924 Augustum
3241 1848 3455 1902 Roma-

1849 1981 2050 2021 norum
2081 1960 2449 2030 vulgaverunt
2494 1949 2762 2012 historiae,
2796 1949 3027 2016 propter
3056 1938 3204 2010 quod
3242 1938 3452 2006 longis-

1853 2322 2019 2376 aliam
2043 2317 2311 2388 negligat.
2340 2312 2460 2366 Hoc
2480 2308 2632 2361 enim
2664 2319 2784 2357 rem
2839 2293 3370 2371 perniciosissimam
3393 2290 3454 2343 in

1851 2410 2058 2483 populo
2085 2385 2297 2469 causat,
2330 2399 2542 2455 scilicet
2577 2391 2868 2448 invidiam.
2901 2385 3234 2441 seditionem
3283 2385 3456 2450 atque

1852 2497 2207 2559 discordiam,
2230 2493 2364 2546 dum
2407 2487 2502 2559 qui
2533 2481 2791 2539 omnibus
2832 2478 3092 2547 imperat,
3120 2487 3236 2526 non
3276 2468 3449 2534 omni,

1852 2589 1949 2642 sed
1989 2585 2154 2640 unius
2174 2579 2466 2651 cujusdam
2497 2573 2652 2642 eligit
2681 2565 3019 2623 utilitatibus
3051 2560 3362 2633 providere.

1853 2946 1946 3009 sit,
1977 2920 2034 2997 in
2057 2958 2166 3012 quo
2195 2954 2296 3010 per
2308 2952 2402 2989 eos
2424 2929 2716 3004 pacislmsa
2736 2925 2946 2978 foedera
2961 2920 3258 2974 videantur
3278 2935 3291 2983 ;
3311 2931 3452 2986 quo-

1853 3004 2005 3088 niam
2033 3004 2140 3086 etsi
2169 3004 2269 3100 p-er
2294 3024 2526 3092 alicujus
2554 3017 2836 3073 levitatem
2857 3011 3138 3065 modicum
3166 3006 3291 3060 laedi
3309 3004 3454 3058 forte

1854 3097 2319 3191 contigerit,—non
2363 3115 2489 3183 post
2541 3107 2680 3171 dies,
2715 3103 2813 3156 sed
2870 3097 3156 3160 continuo,
3189 3110 3318 3147 cum
3365 3108 3456 3146 res

1854 3212 2038 3266 adhuc
2067 3222 2207 3261 nova
2229 3207 2332 3264 est,
2365 3215 2466 3254 nec
2494 3191 2801 3264 majoribus
2835 3184 3163 3242 exacerbata
3207 3179 3450 3252 injuriis,

1853 3297 2119 3371 prudenti
2147 3291 2373 3348 debebit
2395 3284 2643 3342 remedio
2664 3276 2952 3349 integrari,
2975 3275 3157 3328 instar
3175 3269 3453 3325 membro-

1854 3407 2002 3453 rum,
2033 3403 2155 3458 qua}
2183 3381 2366 3454 primo
2395 3376 2603 3430 inﬂicto
2628 3372 2856 3425 vulnere
2883 3385 2918 3421 a
2945 3361 3254 3419 continenti
3294 3375 3451 3414 com-

1853 3451 1999 3551 page
2024 3451 2301 3546 incipiunt
2326 3468 2486 3521 hiatu
2516 3461 2759 3533 quodam
2772 3456 2961 3512 dirimi
2993 3473 3005 3522 ;
3030 3452 3234 3526 quibus
3250 3451 3299 3504 si
3318 3465 3454 3504 con-

1850 3568 2034 3623 festim
2062 3543 2266 3636 peritia
2296 3553 2593 3612 accesserit
2623 3546 2973 3610 medicantis,
3009 3543 3076 3597 ad
3105 3557 3329 3596 carnem
3362 3554 3458 3593 re-

1850 3629 2081 3728 liquam-
2103 3647 2394 3706 resolidari
2423 3645 2542 3698 sine
2573 3639 2926 3694 deformitate
2975 3636 3259 3702 poterunt.
3292 3629 3453 3694 Quod

1851 3763 1963 3800 non
1996 3743 2122 3807 erit,
2155 3740 2202 3794 si
2232 3739 2292 3792 in
2321 3741 2542 3804 tempus
2574 3727 2880 3800 plurimum
2910 3719 3230 3790 hujusmodi
3274 3734 3456 3772 reme-

1847 4011 2108 4067 cundiam
2142 4012 2406 4061 vestram.
2445 4021 2466 4051 ι

1851 4157 1979 4212 ΟΜ).
2010 4153 2104 4208 XI.
2135 4180 2198 4194 —
2235 4145 2586 4268 Di/ferentia/E
2606 4144 2756 4262 integr
2797 4151 2988 4205 pacem
3034 4131 3346 4200 Babylonia
3402 4132 3452 4180 et

2587 4227 2692 4268 mm
2721 4229 2759 4262 ι.

2586 4227 2759 4280 gypu.

1927 4367 2132 4437 Magna
2169 4357 2486 4416 differentia
2509 4371 2615 4426 pax
2635 4353 2753 4406 haec
2771 4349 2840 4403 ab
2860 4345 3086 4417 IEgypti
3104 4359 3241 4414 pace
3261 4341 3455 4396 discri-

1855 4458 2122 4519 minatur,
2177 4466 2325 4515 cum,
2384 4447 2528 4500 sicut
2583 4443 2796 4496 dictum
2840 4442 2942 4502 est,
2986 4432 3304 4505 respuenda
3355 4431 3455 4485 illa

1853 4561 2076 4616 semper
2103 4541 2194 4607 sit,
2225 4540 2342 4592 haec
2365 4530 2682 4606 appetenda
2709 4527 2910 4598 saepius
2951 4527 3008 4577 et
3061 4520 3315 4587 colenda,
3338 4535 3452 4573 non

1856 4611 2074 4690 tantum
2103 4646 2230 4685 cum
2257 4622 2578 4680 domesticis
2608 4625 2665 4673 et
2693 4614 2967 4676 fidelibus,
3000 4611 3099 4666 sed
3118 4611 3290 4665 etiam
3321 4625 3451 4664 cum

1856 4722 2156 4786 extraneis,
2187 4734 2314 4772 cum
2340 4711 2590 4769 barbaris
2633 4715 2690 4762 et
2741 4702 2993 4777 paganis.
3028 4701 3085 4755 Si
3139 4699 3292 4752 enim
3345 4712 3454 4768 pax

1853 4815 1964 4869 ista
1989 4812 2252 4867 colicum
2301 4799 2620 4858 infidelibus
2665 4812 2778 4850 non
2829 4792 3078 4855 deberet,
3107 4787 3266 4843 Isaac
3321 4803 3450 4840 cum

1852 4902 2156 4961 Abimelec,
2187 4893 2468 4952 Ochozath
2497 4894 2550 4944 et
2581 4880 2810 4942 Phichol
2848 4878 3122 4936 Geraritis
3146 4876 3328 4930 foedus
3351 4890 3464 4928 cura

1853 4991 2072 5063 ageret?
2097 4988 2156 5042 Si
2188 5003 2294 5058 pax
2317 4983 2425 5037 ista
2443 4995 2569 5034 cum
2593 4971 2914 5030 inﬁdelibus
2933 4967 3039 5022 coli
3068 4982 3179 5020 non
3199 4963 3449 5028 deberet,

1852 5054 2090 5152 populus
2120 5054 2294 5130 Israel
2333 5088 2367 5125 a
2403 5084 2535 5138 rege
2565 5065 2738 5119 Edom
2769 5065 2824 5114 et
2853 5057 3041 5113 Sebon
3078 5069 3212 5124 rege
3253 5054 3452 5106 Amor-

1854 5170 2132 5222 rhaeorum
2163 5164 2271 5216 iter
2291 5159 2584 5232 paciﬁcum
2607 5169 2708 5208 cur
2735 5146 3045 5222 quaesiisset
3070 5150 3092 5197 ?
3118 5142 3178 5196 Si
3209 5158 3315 5213 pax
3343 5141 3454 5194 ista

1854 5258 1960 5311 coli
1986 5271 2114 5310 cum
2134 5230 2454 5306 inﬁdelibus
2485 5261 2597 5301 non
2630 5241 2875 5302 deberet,
2912 5233 3183 5290 Dominus
3212 5231 3270 5284 in
3301 5230 3452 5284 Deu-

1854 5342 2166 5401 teronomio
2197 5356 2296 5410 per
2315 5337 2549 5407 Moysen
2579 5347 2753 5404 quare
2781 5328 2992 5382 diceret
3015 5342 3026 5376 :
3056 5343 3082 5373 «
3106 5321 3168 5375 Si
3195 5319 3363 5372 iveris
3381 5317 3454 5372 ad

1854 5430 2279 5506 expugnandam
2319 5425 2622 5483 civitatem,
2654 5421 2856 5473 offeres
2875 5416 2928 5470 ei
2956 5412 3199 5484 primum
3233 5422 3452 5479 pacem.

1858 5504 2236 5591 Si'receperit,
2270 5521 2326 5569 et
2346 5511 2631 5584 aperuerit
2649 5508 2752 5565 tibi
2783 5511 2993 5578 portas,
3016 5504 3248 5569 cunctus
3283 5511 3457 5572 popu-

1859 5614 1966 5678 lus,
2007 5608 2106 5679 qui
2134 5607 2193 5661 in
2212 5621 2278 5681 ea
2305 5609 2408 5669 est,
2431 5599 2752 5661 salvabitur.
2783 5616 2810 5649 »
