3944 6368
389 411 392 416 -
478 339 623 436 .1619

1818 347 2066 419 RUFINI
2106 347 2435 416 sciscam

3597 343 3763 409 4020

873 457 1058 555 autem
1078 474 1187 557 pax
1206 487 1454 554 istacum
1476 469 1793 554 infidelibus
1809 478 2070 552 habenda
2088 479 2317 546 Acitam
2348 471 2453 535 sibi
2485 487 2776 552 usurpare,
2827 477 3046 549 legatos
3086 476 3339 550 publicos
3386 476 3561 532 etiam
3617 475 3762 544 iﬁl-

472 579 584 642 est.
619 580 679 632 ut
706 591 809 645 pro
840 573 983 632 bono
1007 577 1130 650 ejus
1164 573 1415 643 sanctum
1441 573 1608 640 Jacob
1639 575 1875 642 munera
1909 571 2072 642 fratri
2155 575 2329 632 ciunt.
2351 572 2563 645 regalia
2587 569 2809 624 decreta
2829 567 3221 632 contemnunt,
3249 573 3361 621 non
3408 565 3764 638 pensitantes

476 663 703 734 misisse
731 663 1054 735 legerimus.

481 797 612 872 CAP.
642 797 918 876 XII.-1)e
947 801 1123 859 tribus
1151 807 1438 873 generibus
1464 807 1774 872 hominum,
1805 817 1932 861 cum
1953 811 2077 876 qui,»

738 878 834 930 bus
863 871 1171 946 Babyloniae
1193 893 1306 946 pax
1335 880 1558 932 colenda
1595 895 1708 933 mm
1733 871 1825 932 est.

557 1007 689 1089 Ideo
701 1024 890 1086 autem
905 1037 1098 1090 pacem
1115 1037 1227 1074 non
1246 1015 1586 1092 semper,sed
1606 1022 1808 1093 saepius
1823 1039 1948 1076 cum
1965 1022 2079 1076 om-

487 1107 650 1161 nibus
662 1108 950 1161 colendam
971 1126 1092 1162 esse
1103 1110 1504 1182 dixim,us,qlu,ia
1525 1128 1633 1166 non
1649 1129 1936 1181 nunquam
1952 1115 2079 1164 cum

479 1195 693 1253 talibus
731 1213 954 1251 servare
993 1215 1189 1268 pacem
1228 1199 1460 1258 minime
1517 1195 1803 1265 debemus,
1838 1207 1900 1254 ut
1947 1217 2080 1271 erga

481 1287 830 1358 pestilentes,
883 1305 1021 1358 erga
1075 1297 1492 1362 persequentes,
1535 1307 1668 1360 erga
1723 1291 2075 1360 rebellantes,

489 1393 630 1447 quos
659 1378 853 1448 utique
885 1394 1018 1447 pace
1067 1395 1179 1432 non
1236 1396 1451 1446 vovere,
1475 1381 1568 1436 sed
1619 1374 1766 1443 bello
1807 1379 2078 1435 lacessere

485 1465 670 1536 magis
697 1467 971 1537 expedieL
1004 1468 1163 1538 ,ρυοά
1188 1469 1414 1524 intuens
1445 1469 1710 1540 egregius
1740 1471 1934 1533 doctor
1951 1467 2032 1536 ait
2063 1491 2073 1524 :

485 1570 518 1618 ,α
551 1554 610 1608 Si
642 1555 762 1626 ﬁeri
791 1561 992 1626 potest,
1028 1557 1176 1626 quod
1207 1574 1272 1610 ex
1317 1545 1469 1612 vobis
1525 1564 1627 1621 est,
1647 1574 1776 1620 cum
1827 1559 2086 1614 omnibus

484 1643 813 1711 hominibus
843 1661 1034 1720 pacem
1061 1646 1352 1712 habentes.
1390 1665 1416 1700 ι)
1453 1645 1595 1709 Quia
1621 1647 1769 1712 enim
1814 1641 2085 1717 quosdam

484 1739 740 1795 noverat,
776 1750 900 1794 cum
923 1733 1129 1803 .quibus
1145 1736 1322 1805 ligare
1334 1736 1682 1800 concordiam
1712 1733 1794 1790 fas
1810 1754 1920 1790 non
1943 1744 2083 1802 erat.

483 1820 615 1878 ideo
641 1821 892 1884 dicturus
923 1841 936 1875 :
973 1845 996 1870 α
1029 1824 1170 1878 Cum
1203 1825 1461 1886 omnibus
1505 1843 1697 1896 pacem
1733 1819 2020 1895 habentes,

480 1910 863 1979 conditionem
895 1913 1079 1968 attulit
1108 1931 1116 1961 :
1153 1939 1168 1960 ι
1210 1914 1266 1968 Si
1289 1915 1410 1968 ﬁeri
1441 1921 1642 1985 potest.
1680 1935 1702 1966 ι

559 1994 894 2062 Pestilentes
922 2018 1052 2056 .vcro
1081 2019 1177 2068 eos
1194 2003 1462 2073 intellige,
1494 2005 1588 2074 qui
1620 1997 1902 2066 mediante
1949 2003 2085 2074 pace

482 2088 849 2170 Babylonica,
876 2091 1149 2162 [Egyptiaa
1182 2093 1354 2162 pacis.
1379 2094 1484 2154 hoc
1531 2100 1634 2156 est,
1679 2095 1940 2150 vitiorum
1992 2111 2087 2147 no-

483 2175 700 2246 biscum
731 2171 924 2244 volunt
942 2180 1120 2253 foedus
1147 2181 1415 2244 intexere,
1459 2199 1584 2238 cum
1619 2182 1820 2256 quibus
1861 2181 2084 2253 pactum

481 2267 702 2336 pullum
735 2269 1091 2338 pangendum
1123 2277 1226 2333 est,
1259 2271 1356 2324 sed
1387 2271 1520 2329 totis
1544 2261 1773 2324 omnino
1794 2269 2083 2334 viribusad

483 2354 924 2425 internecionem
971 2359 1446 2413 contendendum.
1501 2361 1580 2413 Ad
1639 2361 1788 2430 quod
1842 2358 2088 2429 pertinet

486 2444 637 2514 quod
660 2445 878 2516 Moyses
907 2445 964 2510 in
996 2447 1118 2516 lege
1148 2448 1440 2517 proposuit
1471 2447 1662 2502 Isracli
1694 2469 1704 2500 :
1750 2477 1762 2496 ι
1801 2450 1941 2502 Cum
1998 2449 2085 2502 in-

486 2532 802 2600 troduxerit
819 2539 875 2587 te
892 2534 1162 2590 Dominus
1194 2537 1339 2592 Deus
1366 2542 1496 2590 tuus
1549 2538 1604 2591 in
1660 2547 1888 2600 terram,
1919 2535 2082 2609 quam

484 2637 848 2694 possessurus
871 2621 1202 2692 ingrederis,
1236 2631 1291 2677 et
1330 2625 1596 2693 deleverit
1643 2628 1847 2681 multas
1889 2635 2086 2698 gentes

485 2726 675 2768 coram
707 2717 782 2777 te,
817 2712 1129 2776 Hethaeum,
1153 2711 1495 2781 Geresaaum,
1528 2712 2086 2780 Amorrhaauin,Cha-

483 2815 765 2868 paganum,
796 2801 1175 2864 Pberezmum,
1207 2803 1468 2866 Hevaeum
1501 2811 1557 2858 et
1611 2797 1968 2869 Gebusaeum,
2003 2823 2086 2860 se-

483 2893 641 2959 ptem
668 2895 886 2959 gentes,
919 2891 1097 2948 multo
1146 2893 1390 2962 majores
1420 2909 1673 2959 numero,
1701 2911 1869 2964 quam
1897 2901 1963 2962 tu
2003 2912 2081 2959 es,

481 2983 544 3053 et
571 2977 912 3050 robustiores
941 2984 1017 3046 te,
1049 2980 1454 3050 tradideritque
1485 2999 1581 3036 eos
1615 2983 1886 3048 Dominus
1939 2979 2086 3037 Deus

485 3071 622 3124 tuus
674 3067 792 3140 tibi,
857 3069 1136 3139 percuties
1196 3087 1290 3123 eos
1362 3088 1538 3141 usque
1601 3073 1670 3126 ad
1747 3073 2085 3133 internecio-

486 3171 643 3227 _nem_.
677 3157 800 3209 Non
821 3157 988 3210 inibis
1018 3174 1143 3214 cum
1176 3158 1256 3212 eis
1283 3159 1482 3223 foedus,
1499 3177 1598 3214 nec
1623 3161 1978 3218 misereberis
1998 3180 2087 3216 eo-

487 3261 638 3310 rum,
671 3261 852 3316 neque
882 3246 1118 3303 sociabis
1144 3264 1269 3302 cum
1293 3249 1373 3301 eis
1394 3250 1689 3312 connubia.
1719 3251 2086 3318 Filiamtuam

491 3350 606 3392 non
631 3333 794 3394 dabis
818 3335 931 3388 ﬁlio
980 3337 1120 3406 ejus,
1154 3353 1257 3390 nec
1307 3338 1478 3392 ﬁliam
1526 3340 1646 3408 ejus
1704 3341 1944 3410 accipies
1975 3341 2089 3406 ﬁlio

485 3428 610 3492 tuo,
644 3424 777 3494 quia
830 3424 1058 3480 seducet
1104 3426 1280 3486 lilium
1329 3432 1511 3492 tuum,
1544 3445 1614 3482 ne
1672 3436 1941 3502 sequatur
1977 3448 2086 3498 me,

493 3511 592 3564 sed
624 3512 881 3582 utiuagis
911 3513 1117 3566 serviat
1147 3514 1254 3566 diis
1284 3516 1501 3569 alienis.
1540 3534 1564 3569 ι)

566 3601 691 3655 Non
709 3602 892 3671 solum
915 3608 1104 3662 autem
1142 3620 1269 3656 cum
1298 3606 1546 3664 extranei
1594 3611 1725 3660 sunt
1765 3598 2089 3676 hujusmodi

495 3690 826 3760 contagiosi.
858 3691 956 3760 sed
1012 3692 1180 3748 etiam
1229 3711 1356 3747 cum
1402 3696 1570 3761 cives,
1616 3696 1926 3760 domestici,
1978 3695 2093 3751 fra-

493 3786 630 3846 tres,
655 3779 753 3852 ﬁlii
781 3788 880 3854 aut
911 3789 1172 3859 parentes
1201 3784 1534 3844 exstiterint.
1569 3787 1720 3856 pacis
1740 3787 1852 3844 imo
1882 3787 2090 3840 sancti-

497 3870 632 3938 tatis
658 3870 763 3925 erit
787 3871 1032 3934 ofﬁcium
1092 3873 1234 3930 tales
1285 3873 1433 3928 ferro
1489 3874 1742 3928 vindictae
1789 3866 2087 3950 debellare,

498 3959 723 4029 quando
744 3960 812 4011 de
842 3960 971 4012 liliis
999 3961 1127 4013 Levi
1149 3961 1354 4029 legitur
1381 4000 1390 4009 .
1421 3983 1441 4011 ι
1480 3963 1543 4029 In
1567 3963 1837 4018 ultionem
1858 3957 2090 4020 idolola-

495 4048 618 4101 triae
638 4049 877 4118 arreptis
903 4049 1108 4118 gladiis
1131 4067 1230 4119 per
1257 4057 1565 4104 castrorum
1599 4045 1783 4105 media
1801 4059 2093 4107 transeun-

499 4143 587 4190 tes
610 4137 844 4207 quisque
885 4137 1116 4191 fratrem
1148 4153 1334 4204 suum,
1381 4141 1624 4194 amicum
1677 4148 1734 4195 et
1776 4143 2092 4212 proximum

499 4226 604 4280 sibi
633 4226 822 4280 obvios
846 4227 1183 4280 occiderunt.
1222 4248 1242 4278 ι
1282 4227 1515 4298 Propter
1545 4230 1688 4300 quod
1736 4247 1934 4284 manus
1963 4249 2093 4284 suas

503 4314 748 4384 Domino
776 4333 1130 4382 consecrasse
1178 4317 1388 4381 laudati
1427 4326 1575 4386 sunt.
1619 4345 1633 4366 ι
1693 4321 2092 4386 Consecrastis,

501 4405 707 4477 inquit,
740 4422 940 4459 manus
971 4412 1182 4461 vestras
1211 4406 1376 4486 hodie
1411 4409 1795 4480 unusquisque
1817 4409 1871 4464 in
1905 4401 2016 4463 ﬁlio
2043 4417 2100 4463 et

504 4493 679 4562 fratre
707 4510 828 4558 suo,
861 4501 924 4547 ut
953 4494 1119 4547 detur
1145 4495 1295 4552 vobis
1327 4481 1658 4556 benedictio.
1694 4517 1720 4551 ν
1749 4499 1837 4552 Sic
1879 4491 1934 4562 et
1967 4491 2096 4552 Phi-
2119 4481 2164 4537 ἶ)

503 4598 659 4648 neiis,
687 4583 926 4652 peccatis
971 4583 1170 4650 civium
1203 4601 1313 4638 non
1365 4585 1680 4656 indulgens,
1715 4587 1846 4640 dum
1905 4599 2104 4641 coeun-

505 4679 619 4744 tem
642 4687 768 4743 cum
798 4672 1100 4736 Moabitide
1138 4660 1391 4736 Judaeum
1439 4677 1730 4744 percussit,
1763 4676 1848 4730 sui
1899 4675 2105 4742 furoris

507 4761 766 4832 incendio
797 4760 1073 4826 Dominici
1113 4761 1315 4824 furoris
1353 4765 1673 4830 incendium
1713 4762 1992 4830 exstinxit,

581 4853 976 4912 Persecutores
1005 4859 1137 4907 sunt
1166 4853 1260 4923 qui
1299 4854 1384 4906 vel
1441 4855 1754 4916 communis
1798 4843 2104 4920 concordiae

511 4947 740 5003 statum,
781 4941 867 4994 vel
923 4942 1128 5012 publici
1169 4943 1398 5012 pudoris
1428 4945 1796 5006 reverentiam
1840 4954 2105 5004 conantes

512 5037 781 5096 evertere,
815 5037 914 5084 aut
943 5032 1191 5095 crudelia
1221 5049 1498 5092 exercere,
1527 5034 1775 5088 facinora
1823 5052 1933 5088 non
1991 5049 2109 5087 me-

511 5125 697 5185 tuunt,
722 5126 822 5173 aut
853 5121 1206 5174 solemnioris
1228 5122 1472 5182 infamiae
1522 5129 1743 5193 patrare
1777 5124 1989 5193 ﬂagitia
2019 5140 2110 5176 ne-

512 5225 796 5280 quaquam
826 5209 1188 5280 erubescunt,
1220 5211 1275 5270 in
1309 5229 1447 5281 quos
1478 5219 1533 5264 et
1571 5213 1754 5282 legum
1780 5215 1910 5282 jura
1943 5219 1998 5266 et
2028 5231 2110 5266 re-

512 5315 647 5368 gum
678 5314 835 5350 arma
866 5297 1108 5367 rigorem
1137 5315 1418 5368 apponere
1449 5301 1844 5358 inexorabilem
1873 5319 2108 5356 consue-

513 5394 734 5450 verunt.
775 5405 798 5440 α
836 5389 954 5440 Non
988 5388 1134 5441 enim
1158 5389 1278 5443 sine
1299 5406 1466 5444 causa
1500 5398 1684 5460 portat
1710 5389 1980 5460 gladium,
2011 5392 2106 5450 sed

517 5477 588 5530 ad
618 5476 913 5547 vindictam
931 5477 1349 5538 malci'actorum
1366 5488 1419 5532 et
1436 5480 1502 5532 ad
1525 5480 1745 5541 laudem
1778 5479 2068 5533 bonorum.
2084 5503 2104 5532 ι

592 5564 845 5617 Rebelles
874 5583 973 5617 nos
1004 5575 1414 5636 computamus,
1452 5585 1545 5639 qui
1583 5571 1782 5639 jugum
1842 5573 2109 5640 legitimae

521 5651 921 5706 dominationis
951 5665 1262 5724 quaerentes
1290 5664 1569 5724 excutere,
1599 5666 1654 5712 et
1675 5661 1989 5713 libertatem
2009 5651 2112 5716 illi-

2152 659 2385 726 iiscalia,
2406 651 2519 716 "nec
2546 661 2757 715 tributa
2785 659 3115 730 praebentes.
3149 657 3361 711 Contra
3387 671 3528 726 quos
3557 653 3761 708 Domi-

2157 761 2299 818 nus-
2330 769 2354 803 «
2402 747 2641 806 Reddite
2685 763 2808 818 quae
2864 753 2996 800 sunt
3036 744 3290 810 Caesaris,
3345 744 3576 799 Caesari.
3612 759 3638 795 κ
3693 741 3768 798 Ἐκ

2159 839 2368 896 Paulus
2388 842 2494 895 ait:
2533 859 2558 892 α
2585 830 2821 893 Reddite
2843 834 3102 890 omnibus
3117 834 3306 888 debita
3331 851 3344 900 ;
3368 833 3456 886 cui
3479 832 3766 886 tributum

2158 930 2433 985 tributum
2461 950 2470 983 :
2498 929 2586 983 cui
2615 919 2871 995 vectigal,
2901 924 3155 994 vectigal.
3194 941 3215 974 »
3253 921 3465 987 Quibus
3494 913 3764 984 cohaeret,

2162 1021 2305 1091 quod
2341 1025 2633 1090 poetarxjm
2665 1016 2902 1070 eximius
2929 1013 2984 1066 in
3012 1011 3248 1067 Romani
3287 1011 3481 1065 laudes
3533 1007 3769 1080 imperii

2159 1121 2272 1164 non
2289 1110 2478 1162 minus
2514 1098 2738 1178 provido
2751 1102 2978 1173 ingenio
2995 1110 3164 1174 quam
3180 1100 3336 1154 lauto
3351 1105 3533 1154 metro
3550 1106 3767 1152 easeas

2160 1199 2241 1252 ait
2266 1217 2276 1251 :

2235 1343 2317 1394 Tu.
2339 1356 2522 1405 regere
2551 1341 2787 1406 imperia
2815 1339 3056 1410 populos,
3091 1336 3677 1402 Πονηαηιιθηεοηβηιο,

2229 1413 2342 1474 (Hae
2373 1414 2474 1464 tibi
2499 1415 2662 1468 erunt
2690 1412 2856 1474 artes)
2880 1409 3115 1474 paciqtie
3138 1409 3417 1473 imponere-
3441 1417 3651 1456 more-m
3676 1420 3692 1452 :

2236 1486 2463 1537 Parcere
2490 1482 2739 1549 subjectis
2765 1485 2813 1532 et
2843 1479 3110 1534 debellare
3140 1477 3413 1544 superbos,

2640 1569 2828 1633 Vina,
2863 1564 3110 1632 zEn.,lib.
3144 1571 3214 1631 ‘vt,
3254 1573 3395 1618 vers.
3428 1557 3689 1619 854-857.

2173 1714 2298 1768 CAP.
2334 1714 2548 1767 XIII.-—
2576 1713 2727 1778 Quod
2753 1723 3008 1777 regnum,
3045 1723 3156 1762 non
3191 1709 3429 1776 legitima
3457 1710 3773 1772 susceptum

2225 1787 2587 1839 latrocinium
2614 1785 2790 1849 magis
2819 1797 2983 1849 quam
3017 1796 3252 1846 regnum
3275 1778 3587 1848 putandum
3617 1780 3713 1830 est.

2060 1853 2080 1874 ”
2105 1845 2150 1904 Β
2237 1875 2444 1927 Verum
2463 1873 2610 1943 quod
2637 1845 3093 1938 nonsimpliciter
3110 1845 3367 1937 regnum,
3383 1845 3480 1920 sed
3501 1855 3774 1935 legitime

2165 1963 2378 2018 scilicet
2415 1960 2816 2015 dominationis
2867 1957 3195 2028 adjecimus,
3225 1973 3294 2010 ea
3337 1955 3554 2016 ratione
3609 1952 3774 2023 [feci-

2164 2050 2339 2123 mus],
2374 2051 2638 2120 quoniam
2659 2049 2879 2102 extimae
2910 2045 3153 2116 regionis
3174 2052 3421 2114 gentem,
3449 2059 3572 2114 quae
3629 2057 3775 2103 nun-

2165 2158 2337 2212 quam
2363 2138 2696 2193 ditionituae
2725 2137 2929 2192 collum
2981 2134 3262 2190 submisit.
3317 2132 3419 2188 tibi
3475 2146 3773 2202 nunquam

2167 2229 2482 2283 molestiam
2510 2227 2721 2288 intulit,
2770 2226 2889 2280 sola
2935 2223 3265 2284 dominandi
3312 2221 3544 2290 libidine
3595 2237 3772 2291 expu-

2163 2335 2342 2389 gnare
2371 2318 2510 2371 velle
2541 2323 2596 2370 et
2624 2315 2865 2369 subdere
2903 2330 3016 2372 non
3047 2313 3194 2382 regis
3234 2312 3481 2368 ofﬁcium
3533 2317 3641 2369 est.
3671 2309 3774 2369 sed

2167 2407 2412 2477 tyranni.
2447 2406 2566 2458 imo
2594 2403 2830 2458 latronis
2860 2408 2917 2456 et
2955 2401 3322 2471 sanguinarii.
3359 2403 3592 2470 Propter
3621 2396 3773 2468 quod

2166 2495 2364 2550 doctor
2389 2494 2638 2564 Optimus
2671 2493 3058 2557 (AUGUSTINUS.
3091 2489 3184 2541 lib.
3221 2503 3282 2554 IY
3344 2490 3412 2546 De
3457 2489 3617 2561 civit.
3654 2488 3769 2550 Dei,

2167 2602 2222 2640 c.
2258 2583 2310 2640 41
2342 2582 2538 2638 scribit
2558 2581 2786 2642 dicens:
2830 2598 2855 2630 ί(
2905 2579 3140 2634 Remota
3184 2576 3409 2650 justitia
3456 2575 3589 2646 quid
3640 2580 3774 2634 sunt

2166 2687 2342 2742 regna
2369 2671 2476 2726 nisi
2506 2669 2820 2732 latrocinia,
2852 2669 2985 2740 quia
3013 2673 3072 2721 et
3102 2659 3224 2736 ipsa
3277 2663 3574 2725 latrocinia
3630 2661 3769 2737 quid

2165 2767 2299 2818 sunt
2327 2761 2436 2815 nisi
2463 2776 2633 2830 parva
2662 2747 2870 2827 regna?
2895 2758 3091 2811 Manus
3121 2755 3311 2826 etipsa
3340 2753 3633 2810 hominum
3657 2759 3763 2820 est,

2167 2850 2403 2920 imperio
2435 2848 2703 2919 principis
2743 2847 2975 2916 regitur,
3007 2843 3294 2900 societatis
3321 2848 3486 2914 pacto
3539 2842 3769 2916 ligatur,

2166 2938 2356 3009 placiti
2377 2938 2501 3006 lege
2540 2936 2730 3005 praeda
2757 2933 3169 2996 dividiturlloc
3191 2933 3398 2990 malum
3414 2931 3459 2985 si
3474 2930 3530 3006 in
3548 2937 3771 2989 tantum

2173 3028 2521 3098 perditorum
2557 3025 2851 3088 hominum
2881 3021 3230 3088 successibUs
3272 3021 3524 3100 creverit,
3558 3025 3623 3098 ut
3649 3021 3774 3079 loca

2105 3113 2377 3178 Cteneat,
2437 3115 2598 3168 sedes
2634 3115 2958 3178 constituat,
3003 3109 3313 3181 previncias
3367 3107 3649 3179 subjuget,
3680 3126 3774 3162 oc-

2170 3209 2337 3275 cupet
2365 3204 2637 3264 civitates,
2662 3202 2973 3260 evidentius
3006 3201 3112 3254 sibi
3171 3198 3325 3268 regni
3367 3214 3572 3252 nomen
3615 3214 3775 3275 assu-

2174 3301 2296 3356 mit,
2330 3293 2477 3363 quod
2505 3293 2555 3346 ei
2570 3294 2690 3362 jam
2712 3291 3010 3352 manifesto
3049 3305 3160 3344 non
3198 3289 3428 3368 dempta
3469 3285 3769 3368 cupiditas,

2172 3384 2271 3438 sed
2301 3383 2564 3452 adjuncta
2599 3377 2908 3451 impunitas
2941 3379 3172 3432 confert.
3197 3363 3226 3426 an
3241 3377 3400 3438 Unde
3431 3375 3498 3431 ab
3529 3363 3772 3429 Alexan-

2168 3473 2272 3530 dro
2303 3472 2397 3529 illo
2430 3471 2634 3540 Magno
2656 3470 2883 3540 quidam
2911 3468 3347 3537 comprehensus
3379 3465 3580 3540 pirata,
3602 3464 3776 3525 inter-

2172 3568 2513 3631 rogatusque
2536 3539 2607 3618 ab
2641 3576 2704 3611 eo
2719 3575 2819 3620 cur
2849 3557 2987 3618 mari
3018 3557 3098 3610 ita
3135 3562 3284 3612 esset
3311 3539 3564 3624 infestus,
3597 3551 3779 3608 libera

2172 3637 2277 3704 sibi
2301 3656 2357 3703 et
2378 3649 2619 3718 eleganti
2640 3643 2846 3717 legitur
2874 3645 3228 3705 contumacia
3257 3643 3611 3714 respondisse
3630 3661 3676 3694 τι
3711 3632 3779 3696 Et

2173 3746 2236 3798 tu
2265 3755 2439 3809 quare
2467 3738 2569 3790 toti
2601 3737 2720 3800 orbi
2744 3735 3052 3798 terrarum?
3085 3734 3191 3793 Sed
3248 3733 3515 3804 quoniam
3563 3719 3620 3790 id
3673 3748 3775 3802 ego

2174 3845 2344 3899 parvo
2376 3828 2594 3897 navigio
2625 3827 2788 3890 facio,
2822 3826 2967 3884 latro
3012 3840 3213 3891 vocor;
3273 3822 3409 3894 quia
3454 3811 3517 3880 tu
3571 3814 3778 3892 magna

2173 3919 2369 3981 classe,
2401 3919 2713 3986 imperator
2743 3904 2965 3967 diceris.
3000 3930 3026 3972 ἢ

2248 4005 2462 4059 Inferre
2511 4022 2644 4074 ergo
2693 4004 2839 4064 bella
2889 4001 3165 4065 ﬁnitimis,
3205 4006 3262 4054 et
3298 4000 3355 4062 in
3402 4005 3603 4060 caetera
3649 3987 3778 4056 inde

2174 4095 2492 4166 procedere,
2535 4111 2601 4148 ac
2627 4094 2862 4166 populos
2899 4090 3004 4144 sibi
3036 4106 3147 4171 non
3177 4091 3440 4150 molestos
3470 4077 3590 4146 sola
3620 4088 3777 4159 regni

2176 4184 2482 4254 cupiditate
2509 4191 2820 4250 conterere,
2844 4181 2984 4240 nihil
3009 4169 3162 4234 aliud
3193 4186 3280 4235 est
3304 4169 3777 4237 nisilatrocinium

2177 4273 2606 4336 nominandum.

2180 4361 2311 4416 CAP.
2336 4362 2478 4414 XIV.
2581 4362 2830 4426 Qualiter
2859 4361 2932 4413 ad
2957 4355 3132 4426 ipsius
3177 4361 3329 4426 pacis
3362 4348 3563 4424 bonum
3609 4347 3781 4425 proﬁ-

2252 4437 2342 4493 cit,
2375 4433 2594 4500 quando
2637 4448 2760 4484 cum
2803 4433 3078 4500 praedictis
3123 4431 3414 4496 generibus
3470 4429 3784 4494 Babyloniae

2255 4521 2364 4572 pa-J:
2394 4520 2506 4557 non
2533 4509 2809 4556 servatur.

2258 4593 2395 4646 Ecce
2419 4592 2609 4662 igitur,
2646 4592 2888 4661 qualiter
2915 4602 3043 4644 cum
3100 4589 3212 4643 illis
3256 4588 3436 4642 tribus
3479 4586 3780 4657 generibus

2189 4683 2476 4736 hominum
2503 4699 2607 4752 pax
2629 4680 2886 4733 habenda
2915 4696 3026 4733 non
3057 4687 3160 4738 est,
3192 4679 3289 4736 sed
3334 4677 3540 4731 bellum
3594 4677 3780 4747 potius

2186 4765 2321 4841 ipsis
2372 4767 2750 4836 indicendum,
2804 4768 2948 4840 quod
2989 4765 3246 4822 Videlicet
3281 4765 3350 4820 ad
3406 4765 3582 4836 ipsius
3631 4765 3780 4835 pacis

2186 4860 2394 4914 bonum
2427 4853 2694 4931 proiicere
2726 4875 2892 4916 nemo
2938 4857 3159 4928 sapiens
3211 4855 3516 4927 ignorabit.
3554 4843 3639 4910 Ad
3681 4841 3780 4907 hoc

2191 4951 2340 5006 enim
2382 4944 2517 5004 istos
2547 4965 2752 5019 paucos
2782 4947 3097 5002 severitatis
3125 4947 3280 5019 vigor
3312 4942 3688 5018 persequitur,
3722 4943 3783 4997 ut

2191 5040 2248 5094 in
2311 5033 2528 5100 caeteris
2575 5055 2678 5109 pax
2739 5034 3006 5107 integrior
3066 5037 3123 5090 et
3167 5035 3343 5089 tutior
3402 5038 3780 5088 Conservetur.

2193 5128 2352 5191 Quod
2372 5119 2639 5182 Dominus
2666 5126 2722 5187 in
2745 5124 3017 5200 propheta
3035 5131 3231 5179 contra
3259 5123 3474 5196 plebem
3497 5123 3783 5176 Judaicam

2196 5218 2429 5287 loquens
2457 5217 2590 5270 satis
2631 5202 2864 5278 notavit,
2904 5231 3028 5268 cum
3065 5213 3337 5284 protulit:
3379 5237 3398 5259 ι
3459 5212 3595 5276 Quis
3635 5209 3788 5268 dabit

2195 5324 2282 5360 me
2313 5307 2529 5376 spinam
2563 5313 2618 5359 et
2669 5303 2890 5376 veprem
2944 5304 2999 5356 in
3045 5296 3288 5374 praelio?
3340 5301 3569 5374 gradiar
3624 5309 3790 5372 super

2193 5413 2335 5450 eam.
2372 5389 2704 5456 succvndam
2739 5413 2859 5450 eam
2897 5393 3217 5466 pariter.An
3245 5393 3428 5464 potius
3449 5390 3662 5446 tenebit
3686 5391 3787 5444 for-

2194 5485 2489 5542 titudinem
2527 5502 2728 5545 meam,
2763 5482 2926 5538 faciet
2958 5482 3149 5556 pacem
3194 5482 3352 5540 mihi,
3382 5479 3544 5534 faeiet
3596 5481 3783 5551 pacem

2194 5575 2367 5628 mihi?
2399 5594 2423 5625 ι)
2454 5566 2721 5635 subaudi,
2750 5565 2866 5626 hanc
2893 5567 3018 5646 ipSa
3046 5571 3351 5638 succensio,
3385 5573 3497 5645 qua
3526 5573 3649 5623 eain
3670 5571 3787 5642 pro-

2196 5655 2392 5717 nuntio
2416 5655 2777 5718 exurendum.
