3944 6386
464 386 596 448 1623

1786 391 2037 448 RUFINI
2075 389 2405 448 EPISCOPI

3587 388 3732 449 1624
3834 411 3843 418 ·

454 490 812 588 inquit,leoni
830 516 887 570 et
906 512 1385 585 draconiplacebit
1401 512 1760 585 magisquam
1780 513 2317 578 habitareAdivinis
2348 513 2583 585 eloquiis
2611 516 2828 588 respice
2882 514 3178 573 Israelem.
3227 517 3429 573 Nonne
3475 515 3557 585 hi,
3587 515 3728 572 dum

456 622 583 661 cum
606 605 844 659 muliere
870 620 1132 674 nequam,
1163 622 1189 656 »
1213 620 1279 657 ea
1304 602 1569 668 maxime,
1604 618 1726 673 qua
1751 602 2048 658 verborum

454 694 795 768 procacitate
827 692 1096 747 continua
1139 691 1258 745 viro
1287 690 1477 762 quieto
1505 696 1563 746 et
1592 691 1822 762 paciﬁca
1870 694 2047 753 mole-

458 784 625 839 stiam
657 783 866 853 ingerit
891 798 1057 853 quam
1080 796 1351 835 amaram.
1380 780 1540 835 Unde
1569 779 1763 853 [sicut]
1802 800 1825 832 ι
1856 798 2045 837 ascen-

458 890 554 928 sus
581 887 851 926 arenosus
879 869 937 923 in
979 869 1214 941 pedibus
1260 868 1529 935 veterani,
1564 868 1644 923 sic
1692 870 1898 924 mulier
1944 871 2047 926 lin-

455 967 631 1033 guata
656 959 872 1015 homini
892 959 1102 1029 quieto.
1140 978 1164 1010 ι

525 1051 612 1106 Ne
629 1049 803 1120 igitur
829 1064 931 1119 per
951 1047 1277 1118 hujusmodi
1303 1063 1411 1119 pax
1428 1046 1690 1102 amicitia
1699 1046 2042 1120 familiaque

455 1143 773 1211 rumpatur,
823 1137 1115 1192 iracundia
1154 1153 1256 1208 per
1291 1136 1801 1201 mansuetudinem,
1836 1154 1939 1208 per
1966 1138 2046 1192 lo-

456 1228 663 1302 quendi
692 1225 1096 1299 parcimoniam
1132 1224 1439 1280 verbositas
1475 1226 1822 1284 excludatur.
1863 1228 2046 1283 Aures

452 1318 736 1390 sepiamus
767 1332 803 1370 a
832 1315 1122 1384 susurriis,
1151 1332 1213 1370 os
1258 1314 1329 1369 ab
1357 1314 1616 1369 omnibus
1664 1315 1922 1370 conviciis
1951 1333 2046 1388 op-

452 1409 715 1481 pilemus,
745 1406 901 1462 nullo
932 1421 1103 1477 super
1128 1404 1372 1459 amicum
1401 1404 1702 1459 efferamur
1723 1405 2039 1476 supercilio,

452 1498 641 1555 nullas
670 1497 729 1551 in
752 1511 882 1551 eum
908 1494 1121 1549 fraudis
1162 1492 1464 1547 moliamur
1490 1492 1743 1558 insidias,
1777 1510 1881 1549 nec
1907 1496 2048 1550 ami-

454 1603 649 1643 corum
678 1589 912 1650 secreta,
947 1599 1069 1655 qua
1098 1582 1374 1647 novimus,
1394 1582 1596 1652 lingua
1623 1583 1913 1653 pruriente
1943 1586 2045 1640 de-

453 1675 753 1732 nudemus.
786 1673 916 1727 Hac
945 1672 1094 1726 enim
1127 1670 1258 1735 tria,
1297 1670 1511 1725 scilicet
1535 1671 1906 1730 inimicitiam.
1939 1674 2045 1729 du-

453 1764 765 1838 plicitatem
796 1766 853 1816 et
874 1760 1169 1833 perfidiam
1195 1760 1457 1814 amicitia
1474 1776 1690 1815 venena
1715 1761 1835 1816 fore
1860 1763 2046 1834 explo-

2131 620 2324 675 pacem
2354 603 2503 657 inter
2529 621 2590 658 se
2608 604 2887 660 haberent
2905 611 2963 661 et
2984 607 3055 661 ad
3086 606 3395 662 Dominum
3423 607 3727 662 unanimes

2130 692 2580 763 ingemiscerent.
2614 695 2685 748 de
2712 695 2950 767 Egypto
2973 695 3145 751 eximi
3174 696 3351 766 signis
3372 696 3729 767 triumphan-

2129 781 2280 835 tibus
2300 782 2662 837 meruerunt?
2681 784 2835 838 Mare
2862 784 3002 839 vidit
3028 801 3124 839 eos
3142 785 3383 840 sociatos
3402 791 3459 840 et
3480 785 3726 855 aufugit,

2129 875 2534 925 convertuntur
2579 877 2711 926 ante
2758 888 2853 927 eos
2882 873 3119 928 flumina
3142 879 3455 928 retrorsum
3499 874 3731 944 cognati

2129 960 2304 1014 maris
2330 959 2615 1014 imitantia
2641 960 2997 1025 famulatum,
3031 964 3233 1017 calum
3263 979 3450 1017 escam
3470 962 3731 1018 esurien-

2130 1048 2299 1111 tibus,
2328 1054 2490 1120 petra
2515 1054 2708 1121 potum
2737 1050 3058 1106 sitientibus
3087 1051 3513 1110 subministrat.
3542 1050 3731 1106 Beata

2129 1138 2247 1192 hac
2268 1154 2408 1209 gens
2437 1143 2576 1203 erat,
2600 1139 2758 1209 cujus
2805 1140 3080 1196 Dominus
3122 1141 3272 1196 Deus
3300 1157 3517 1207 eorum,
3559 1141 3731 1213 plena

2127 1226 2366 1297 populis,
2394 1227 2582 1298 opima
2610 1228 2841 1291 divitiis,
2888 1234 2944 1283 et
2994 1228 3209 1285 viribus
3253 1229 3576 1285 fortissimis
3607 1236 3732 1285 tam

2126 1314 2470 1371 roborosaut
2487 1332 2634 1371 unus
2658 1317 2812 1373 mille
2833 1319 3142 1386 invaderet,
3158 1323 3215 1374 et
3231 1319 3343 1375 duo
3379 1319 3573 1374 decem
3596 1320 3731 1375 mil-

2127 1403 2205 1459 lia
2230 1411 2693 1461 transmoverent.
3428 1428 3439 1429 ί

2197 1493 2402 1550 Postea
2445 1511 2596 1559 vero,
2644 1497 2869 1568 quando
2899 1498 3178 1553 scandalis
3215 1499 3386 1570 capit
3410 1482 3728 1554 acdissen-

2127 1582 2377 1638 sionibus
2403 1585 2613 1655 urgeri,
2643 1590 2701 1640 et
2723 1586 2782 1640 in
2816 1592 3008 1658 partes
3036 1587 3227 1654 dividi,
3245 1593 3615 1660 posteaquam
3635 1589 3728 1644 Je-

2129 1672 2360 1727 roboam
2380 1678 2437 1728 et
2452 1674 2702 1729 Roboam
2722 1675 2967 1731 diarcha
2987 1677 3725 1749 prodierunt,posteaquam

2128 1762 2400 1817 factiones
2429 1768 2487 1817 et
2515 1763 2838 1831 seditiones,
2870 1769 3238 1837 posteaquam
3268 1783 3410 1838 puer
3438 1768 3609 1837 capit
3632 1782 3727 1821 se-

453 1832 566 1911 rati
587 1851 783 1925 judicii
806 1832 910 1906 est.
939 1849 1082 1905 Dein
1110 1854 1166 1904 et
1193 1854 1277 1911 tu,
1301 1848 1397 1920 qui
1425 1849 1864 1920 privatadomus
1884 1832 2042 1908 actus
2059 1832 2110 1895 Β
2130 1851 2369 1916 niorem,
2398 1852 2661 1923 ignobilis
2683 1832 3021 1909 honoratum
3047 1832 3347 1922 oifendere,
3362 1856 3421 1910 in
3454 1832 3590 1927 quid
3620 1856 3727 1911 de-

453 1945 762 2017 dispensas,
797 1939 1053 1996 mulieris
1093 1938 1178 1992 vel
1207 1938 1396 1993 uxoris
1423 1944 1537 1993 tua
1564 1939 1902 2010 proterviam
1931 1941 2043 1996 im-

451 2048 654 2107 perare
679 2044 971 2101 nunquam
1007 2026 1353 2081 consentias.
1405 2027 1685 2099 Scriptum
1739 2034 1827 2083 est
1870 2029 2044 2096 enim,

454 2122 590 2196 quia
614 2139 640 2173 (ί
669 2119 896 2185 mulier,
926 2117 975 2172 si
1021 2116 1327 2188 primatum
1376 2115 1602 2185 habeat,
1649 2117 1934 2173 contraria
1961 2123 2049 2174 est

453 2213 573 2267 viro
598 2226 720 2265 suo.
756 2230 780 2261 ι

453 2353 587 2411 Cap.
616 2349 823 2407 XVIII.
869 2377 939 2392 -—
983 2349 1263 2417 Quantam
1291 2348 1561 2402 bonorum
1589 2353 2041 2418 consequentiam

871 2454 990 2508 paa:
1017 2438 1621 2507 habeatiBabylonica"

522 2565 901 2622 Monstratum
929 2565 1017 2616 est
1046 2576 1191 2625 ecce,
1226 2558 1428 2631 quibus
1455 2558 1636 2613 modis
1666 2575 1775 2630 pax
1810 2559 2048 2633 Babylo-

451 2655 580 2722 nia,
616 2652 816 2709 mundi
848 2650 1077 2718 scilicet,
1111 2648 1368 2703 contrahi
1392 2646 1595 2702 debeat
1622 2653 1677 2703 et
1703 2651 2042 2705 conservari.

452 2745 736 2811 Quantam
763 2745 952 2796 autem
974 2738 1249 2793 bonorum
1276 2737 1675 2809 temporalium
1703 2755 2045 2810 consequen-

447 2834 589 2890 tiam
617 2831 825 2888 habeat
850 2845 958 2902 pax
980 2829 1093 2883 ista
1111 2827 1416 2893 mundana,
1441 2826 1707 2899 exemplis
1718 2832 1907 2898 potest
1925 2829 2047 2883 mil-

446 2922 595 2979 libus
623 2919 871 2977 edoceri.

522 3010 950 3083 Quamprimum
1003 3023 1138 3078 ergo
1180 3006 1242 3060 in
1268 3005 1391 3078 ipso
1434 3010 1554 3060 toto
1592 3005 1805 3060 mundo
1851 3022 2046 3078 pacem

452 3101 755 3176 quamdam
777 3097 1095 3153 naturalem
1115 3095 1427 3160 considera,
1444 3111 1558 3166 qua
1593 3095 1822 3167 superni
1844 3113 2046 3152 manus

449 3190 706 3247 Artiﬁcis
735 3188 1083 3263 diversarum
1108 3191 1442 3240 naturarum
1474 3185 1752 3239 elementa
1776 3185 1835 3238 in
1867 3201 2045 3240 unum

449 3280 634 3353 coegit
660 3294 861 3351 corpus
888 3291 1203 3346 assurgere,
1228 3279 1286 3328 et
1325 3290 1555 3344 prorsus
1583 3274 1812 3329 dissona
1838 3274 1895 3329 in
1924 3281 2047 3329 tan-

446 3375 567 3426 tam
596 3368 797 3424 statuit
826 3364 1254 3421 consonantiam
1283 3364 1552 3434 aspirare,
1588 3369 1653 3417 ut
1672 3363 1779 3417 nisi
1812 3363 2046 3419 alterius

448 3458 624 3530 ligata
653 3455 915 3512 subsidiis
935 3470 1047 3509 non
1068 3452 1338 3508 subsistat
1390 3452 1606 3507 Caelum
1629 3453 1780 3507 enim
1795 3452 1902 3506 nisi
1934 3453 2047 3507 exi-

448 3552 643 3613 steret,
669 3561 781 3617 quo
812 3545 1004 3599 lumen
1026 3542 1309 3609 funderet,
1339 3557 1452 3595 non
1489 3540 1740 3596 haberet.
1773 3542 1906 3595 Acri
1933 3559 2045 3597 coe-

447 3637 566 3692 lum
595 3634 840 3689 colorem
863 3631 1089 3686 exhibet
1110 3650 1123 3690 :
1148 3647 1247 3684 aer
1272 3636 1484 3684 terram
1511 3629 1661 3684 fovet
1686 3630 2046 3697 imbribus,et

448 3724 667 3782 cunctis
685 3720 1069 3777 animantibus
1089 3720 1261 3774 vitam
1294 3718 1496 3774 tribuit
1531 3719 1858 3791 respiratus.
1883 3723 2046 3791 Aqua

447 3814 632 3870 ﬂuviis
655 3813 889 3884 irrigat;
922 3828 1045 3883 qua
1068 3810 1267 3882 utique
1296 3814 1354 3864 et
1382 3809 1508 3880 ipsa
1535 3825 1651 3864 non
1687 3808 2041 3877 subsisteret,

449 3904 498 3960 si
517 3920 641 3959 eam
664 3906 852 3957 terra
896 3901 1105 3955 fundus
1134 3899 1369 3955 ultimus
1409 3915 1522 3954 non
1544 3904 1781 3956 teneret.
1813 3898 2045 3954 Talibus

449 3992 624 4065 igitur
650 3990 870 4062 legibus
888 3989 1159 4043 faderata
1186 3988 1467 4044 elementa
1492 4003 1689 4059 pacem
1712 3986 1925 4041 habent
1946 3987 2046 4041 de-

450 4098 641 4138 coram
670 4085 728 4136 et
747 4085 1095 4152 perpetuam.

522 4171 685 4237 Quod
703 4170 751 4225 si
779 4169 1051 4224 dissensio
1072 4168 1261 4239 aliqua
1280 4167 1547 4222 adversus
1567 4182 1627 4221 se
1643 4166 1774 4221 huic
1793 4166 2045 4222 materia

448 4264 769 4332 generetur,
797 4262 855 4312 et
893 4257 1168 4311 seditione
1196 4256 1387 4327 aliqua
1414 4255 1752 4310 solutionem
1790 4255 1877 4310 sui
1923 4271 2044 4309 me-

448 4350 659 4404 ditetur
686 4349 805 4403 hac
824 4347 1106 4409 machina,
1136 4346 1223 4400 vel
1263 4345 1311 4399 si
1342 4345 1530 4399 divino
1559 4348 1703 4398 nutu
1731 4342 1947 4415 aliquid
1975 4359 2042 4398 ex

2127 1943 2363 2008 veniret,
2398 1942 2533 2013 quid
2581 1943 2733 2014 passi
2782 1943 2915 2010 sint,
2949 1950 3008 1999 et
3053 1950 3303 2001 veterum
3360 1945 3612 2001 historia
3668 1952 3730 2001 et

2127 2031 2336 2088 Threni
2355 2031 2595 2086 recitant
2622 2033 2895 2089 Ieremia.
2920 2035 3066 2089 Nam
3097 2035 3347 2106 undique
3382 2035 3442 2089 in
3481 2051 3579 2089 eos
3609 2033 3733 2088 bel-

2128 2123 2314 2177 lorum
2350 2120 2536 2175 rabies
2560 2126 2616 2176 et
2644 2122 2779 2176 ferri
2828 2123 3098 2178 effrenata
3125 2124 3370 2189 licentia,
3410 2123 3547 2179 urbs
3584 2140 3728 2195 pra-

2132 2210 2285 2265 clara
2311 2208 2708 2282 prosternitur,
2728 2210 3002 2282 templum
3032 2210 3437 2266 sanctificatum
3462 2210 3727 2283 profana-

2131 2305 2245 2367 tur,
2286 2315 2453 2353 nemo
2473 2298 2773 2354 miseretur
2800 2300 3046 2366 senibus,
3062 2316 3229 2355 nemo
3250 2299 3578 2367 infantibus,
3602 2299 3729 2355 abs-

2133 2405 2243 2461 que
2270 2392 2526 2459 respectu
2540 2388 2775 2458 juvenes
2802 2389 3179 2457 trucidantur,
3216 2389 3490 2444 matronis
3526 2389 3608 2444 nil
3637 2405 3729 2443 ve-

2128 2477 2428 2542 recundia,
2451 2477 2530 2531 nil
2552 2476 2782 2547 pudoris
2805 2477 3116 2549 virginibus
3144 2484 3485 2534 reservatur.
3509 2480 3575 2534 In
3598 2478 3728 2550 ipsa

2129 2572 2319 2622 autem
2349 2565 2658 2632 obsidione,
2690 2570 2994 2638 antequam
3024 2585 3084 2623 se
3108 2568 3400 2624 traderent
3425 2568 3483 2622 in
3515 2584 3724 2623 manus

2125 2655 2317 2726 gladii,
2351 2660 2466 2710 tam
2511 2654 2715 2711 infesta
2736 2655 3137 2712 cruciabuntur
3160 2657 3349 2712 inedia
3387 2664 3449 2715 ut
3486 2658 3545 2713 in
3575 2657 3725 2713 fame

2127 2745 2289 2798 ﬁeret
2316 2743 2479 2799 famis
2505 2744 2817 2799 remedium
2858 2745 3119 2801 solatium
3167 2747 3556 2802 dulcissimum
3584 2747 3725 2802 libe-
3779 2732 3788 2739 ’

2127 2850 2352 2901 rorum;
2381 2834 2453 2888 ad
2481 2839 2792 2888 extremum
2821 2850 2857 2888 a
2883 2834 3079 2906 patria
3117 2835 3323 2891 ﬁnibus
3358 2836 3573 2891 turbati
3623 2853 3726 2909 per

2130 2939 2325 2977 omnes
2352 2923 2754 2994 disperguntur
2780 2923 3112 2994 provincias,
3135 2930 3356 2979 atema
3385 2918 3727 2996 captivitatis

2129 3011 2413 3066 miseriam
2444 3012 2820 3083 deplorantes.
2843 3013 3003 3079 Ecce,
3028 3013 3124 3085 qui
3152 3019 3286 3068 sunt
3311 3013 3602 3070 discordia
3617 3015 3730 3069 exi-

2130 3106 2224 3155 tus
2253 3107 2311 3155 et
2331 3101 2550 3155 fructus
2578 3101 2939 3156 dissidiorum
2962 3103 2975 3156 !

2203 3191 2281 3245 Ex
2307 3189 2719 3245 contrariorum
2768 3190 3057 3245 eﬂectibus
3109 3208 3263 3262 ergo,
3313 3197 3591 3263 quantum
3646 3192 3725 3247 sit

2129 3278 2299 3349 hujus
2321 3279 2472 3350 pacis
2502 3279 2731 3347 bonum,
2760 3281 2878 3351 jam
2901 3279 3108 3335 clarius
3133 3280 3402 3336 videmus.
3430 3281 3546 3335 Pax
3575 3281 3728 3336 enim

2126 3368 2245 3423 hac
2296 3368 2557 3439 producit
2612 3367 3035 3439 rempublicam,
3068 3378 3347 3441 propagat
3390 3370 3726 3440 potentiam,

2127 3456 2394 3511 fortificat
2429 3472 2625 3527 regna,
2657 3456 2948 3511 libertates
2996 3456 3278 3524 nobilitat,
3332 3457 3523 3512 condit
3549 3459 3726 3530 leges,

2127 3546 2230 3600 alit
2256 3550 2426 3610 artes,
2470 3546 2720 3600 illustrat
2747 3546 3007 3610 honores,
3054 3546 3384 3616 religionem
3417 3547 3582 3613 fovet,
3615 3548 3731 3602 im-

2126 3634 2245 3705 plet
2279 3633 2499 3701 urbem,
2543 3633 2882 3705 multiplicat
2908 3633 3178 3700 sobolem,
3211 3634 3378 3689 altrix
3417 3641 3503 3690 est
3531 3636 3731 3707 pueri-

2127 3723 2239 3784 tia,
2259 3723 2435 3777 tutrix
2464 3723 2873 3785 adolescentia,
2896 3725 3249 3794 juventutem
3283 3723 3544 3790 latiﬁcat,
3577 3725 3732 3779 cani-

2127 3811 2265 3866 tiem
2306 3812 2641 3867 condecorat
2682 3813 3007 3867 senectutis.
3060 3813 3219 3877 Quod
3265 3818 3445 3868 totum
3497 3830 3564 3867 ex
3610 3831 3728 3870 uno

2130 3901 2431 3971 Scriptura
2459 3901 2785 3956 testimonio
2823 3901 3088 3972 colligere
3126 3901 3227 3956 tibi
3258 3908 3359 3956 est.
3401 3904 3542 3957 Cum
3573 3904 3728 3958 enim

2130 3990 2367 4045 Genesis
2397 3990 2467 4044 de
2475 3991 2665 4061 jurgio
2685 3991 2836 4045 inter
2864 3996 3116 4062 pastores
3145 3991 3370 4047 Gerara
3397 3997 3454 4046 et
3470 3998 3729 4063 pastores

2128 4080 2286 4135 Isaac
2313 4086 2526 4151 ageret,
2555 4079 2809 4150 adjunxit
2841 4079 2991 4150 quod
3033 4099 3056 4131 α
3106 4080 3349 4151 primum
3382 4086 3636 4152 puteum,
3699 4103 3722 4135 ι

2127 4170 2197 4224 de
2226 4185 2336 4241 quo
2365 4169 2531 4223 rixati
2559 4173 2746 4235 sunt,«
2769 4168 2983 4223 vocavit
3005 4170 3161 4224 Isaac
3182 4170 3560 4232 Calumniam,
3583 4191 3609 4225 ι)
3632 4189 3729 4228 se-

2126 4259 2370 4314 cundum
2398 4260 2757 4314 Inimicitias.
2789 4257 3042 4325 tertium,
3073 4258 3144 4312 de
3174 4275 3285 4330 quo
3305 4275 3417 4313 non
3442 4259 3553 4315 fuit
3580 4261 3727 4317 rixa-

2123 4349 2224 4413 tio,
2268 4348 2645 4402 Latitudinem
2694 4346 3020 4401 nominavit.
3068 4347 3140 4401 Et
3176 4347 3442 4402 Salomon
3472 4348 3529 4403 in
3580 4349 3726 4405 Pro-

447 4439 559 4493 ista
586 4453 723 4508 pace
751 4440 1062 4502 moveatur,
1097 4435 1145 4489 si
1168 4435 1256 4488 vel
1285 4450 1443 4488 mare
1462 4434 1743 4497 efferveat,
1777 4433 1862 4487 vel
1886 4437 2106 4534 terraD
2123 4435 2328 4492 verbiis
2354 4455 2366 4490 :
2410 4454 2439 4490 α
2487 4436 2595 4501 Qui
2622 4435 2821 4491 ineunt
2844 4435 2999 4507 pacis
3027 4435 3283 4503 consilia,
3329 4442 3599 4508 sequetur
3628 4456 3726 4495 eos

449 4526 760 4600 quatiatur,
778 4525 826 4579 si
846 4525 1195 4596 perniciosus
1225 4522 1406 4577 imber
1429 4522 1668 4589 decidat,
1687 4527 1787 4576 aut
1803 4522 1886 4576 sol
1906 4521 2040 4575 sub-

445 4622 630 4672 tracta
658 4615 782 4670 luce
809 4615 1070 4685 refugiat,
1105 4614 1153 4669 si
1182 4631 1281 4668 aer
1315 4612 1608 4668 ardoribus
1651 4612 2036 4680 excandescat,

446 4711 550 4762 aut
568 4706 719 4760 ultra
739 4719 1065 4759 mensuram
1090 4703 1176 4758 sui
1205 4708 1413 4759 natura
1456 4703 1604 4775 ignis
1633 4706 1919 4768 exastuet,
1950 4718 2043 4756 ex-

446 4796 659 4852 cidium
687 4794 809 4849 sine
836 4793 1008 4849 dubio
1028 4793 1224 4848 mundi
1247 4793 1623 4864 interitusque
1646 4796 1894 4864 putatur,
1904 4792 2041 4846 dum

443 4885 657 4942 bonum
684 4884 839 4956 pacis
894 4883 1303 4939 elementorum
1354 4883 1460 4938 hac
1488 4881 1764 4937 seditione
1816 4880 2043 4936 subver-

444 4976 608 5032 titur.

517 5066 594 5123 Ut
611 5070 802 5121 autem
832 5065 1090 5120 omittam
1120 5080 1295 5135 regna
1329 5068 1388 5118 et
1417 5063 1656 5134 populos
1687 5061 2037 5129 innumeros,

441 5161 508 5213 ut
544 5156 805 5211 omittam
831 5155 1105 5216 civitates,
1139 5152 1385 5208 familias
1414 5168 1479 5206 ac
1507 5153 1724 5216 domos,
1757 5167 1882 5221 qua
1925 5168 2040 5205 om-

438 5247 536 5302 nia
565 5262 665 5318 per
688 5261 885 5317 pacem
917 5249 971 5298 et
995 5244 1351 5298 concordiam
1383 5247 1646 5297 constant
1685 5258 1785 5312 per
1816 5240 2037 5294 dissen-

442 5336 657 5391 sionem
682 5353 810 5389 vero
843 5335 1137 5389 solvuntur
1166 5339 1222 5387 et
1253 5339 1508 5403 pereunt,
1533 5337 1597 5385 ut
1615 5338 1832 5385 taceam
1865 5330 2035 5383 etiam

2122 4525 2413 4597 gaudium,
2449 4545 2474 4577 ι

2191 4615 2348 4669 Adde
2368 4615 2517 4687 quod
2537 4631 2644 4686 pax
2675 4614 2786 4669 ista
2803 4614 2895 4668 via
2925 4614 3181 4685 quaedam
3211 4620 3271 4671 et
3304 4616 3458 4672 scala
3483 4622 3589 4683 est,
3622 4634 3727 4690 per

2122 4721 2292 4775 quam
2321 4704 2394 4759 ad
2417 4720 2610 4776 pacem
2629 4703 2943 4759 Jerusalem
2963 4703 3326 4759 obtinendam
3349 4705 3719 4777 pertingitur;

2122 4793 2236 4848 imo
2266 4794 2325 4848 in
2360 4811 2496 4865 pace
2531 4794 2643 4848 ista
2667 4809 2774 4864 pax
2802 4793 3119 4853 Jerusalem
3154 4793 3481 4860 includitur,
3520 4800 3580 4850 et
3608 4812 3726 4851 ser-

2121 4888 2303 4948 vatur,
2336 4883 2481 4939 sicut
2505 4899 2677 4954 supra
2696 4899 2763 4937 ex
2799 4882 2982 4937 verbis
3005 4883 3262 4937 Jeremia
3298 4883 3459 4939 licuit
3486 4884 3720 4940 intueri.

2125 4972 2195 5027 Et
2214 4973 2422 5028 Paulus
2444 4974 2516 5027 ad
2535 4972 2892 5028 Timotheum
2905 4989 3007 5044 pro
3027 4972 3134 5026 hac
3170 4989 3310 5043 pace
3347 4989 3510 5027 orare
3533 4973 3719 5030 docet:

2126 5079 2153 5115 «
2185 5062 2428 5117 Obsecro
2456 5062 2630 5132 igitur
2657 5061 2902 5134 primum
2932 5062 3186 5116 omnium
3230 5061 3354 5116 ﬁeri
3382 5062 3723 5120 obsecratio-

2123 5166 2243 5216 nes,
2292 5151 2595 5217 orationes,
2651 5149 3078 5221 postulationes,
3111 5149 3428 5220 gratiarum
3469 5151 3723 5207 actiones

2121 5256 2222 5310 pro
2252 5239 2530 5306 omnibus,
2588 5238 2928 5300 hominibus,
2951 5254 3052 5309 pro
3097 5237 3321 5309 regibus
3351 5243 3409 5293 et
3436 5239 3719 5306 omnibus,

2121 5330 2216 5400 qui
2256 5330 2311 5384 in
2357 5330 2704 5384 sublimitate
2734 5335 2868 5383 sunt
2902 5328 3213 5391 constituti,
3264 5334 3324 5382 et
3364 5328 3614 5398 quietam
3666 5335 3725 5384 et

440 5426 511 5478 de
542 5426 657 5495 ipsa
702 5425 858 5487 urbe,
894 5441 1017 5494 qua
1072 5424 1242 5492 prius,
1277 5422 1408 5475 dum
1470 5422 1523 5474 in
1575 5437 1640 5473 ea
1674 5436 1775 5490 pax
1823 5419 2032 5473 floruit.
2118 5420 2480 5489 tranquillam
2519 5421 2682 5472 vitam
2715 5434 2951 5488 agamus
2984 5417 3038 5469 in
3061 5417 3212 5469 omni
3238 5418 3446 5487 pietate
3475 5424 3531 5471 et
3556 5419 3720 5472 casti-

441 5515 670 5567 dumina
695 5514 802 5567 fuit
852 5512 1066 5568 mundi.
1101 5528 1247 5565 nunc
1270 5520 1457 5564 autem
1495 5527 1632 5581 pene
1673 5512 1824 5581 jacet
1850 5507 2036 5562 humi-
2115 5515 2252 5560 tate.
2289 5530 2310 5559 υ
2348 5509 2481 5562 Inde
2508 5516 2591 5562 est
2623 5509 2766 5578 quod
2793 5506 3062 5560 Dominus
3092 5512 3284 5559 noster
3310 5523 3501 5576 pacem
3538 5507 3719 5561 Eccle-

444 5600 578 5653 liata
620 5602 989 5655 so-ditinnihus
1041 5612 1093 5655 el
1142 5602 1299 5655 hellis
1345 5601 1599 5654 civilibus
1641 5604 2031 5669 mnquassata,
2118 5597 2215 5650 sia
2267 5598 2503 5651 daturus
2543 5597 2863 5659 adveniens,
2909 5604 3123 5649 tantam
3175 5595 3225 5648 ei
3277 5611 3467 5665 pacem
3502 5598 3718 5665 paravit

441 5699 528 5754 ut,
549 5689 802 5757 inquam,
829 5692 1020 5743 oumia
1048 5691 1159 5744 ista
1190 5701 1541 5765 praeteream,
1583 5690 1655 5749 ad
1696 5687 2034 5742 taiuiliarem
2117 5695 2181 5740 ut
2200 5688 2448 5743 auferret
2473 5687 2618 5740 bella
2647 5701 2824 5763 usque
2848 5687 2923 5743 ad
2958 5686 3099 5747 lines
3128 5692 3313 5749 terra,
3342 5700 3538 5739 arcum
3576 5701 3712 5740 con-
