3944 6362
214 387 356 456 1625

1353 387 1448 443 DE
1485 386 1683 444 BONO
1719 386 1949 442 PACIS.
1987 414 2057 428 --
2094 385 2233 442 LIB.
2273 387 2344 440 II.

3350 381 3487 441 1626

212 519 442 582 tereret,
495 531 655 574 arma
700 516 1107 587 confringeret,
1155 518 1213 569 et
1247 517 1409 569 scuta
1447 511 1871 572 combureretA
1885 511 2206 581 juncturam
2222 509 3090 569 subministrationis.secundum
3103 508 3486 581 operationem

213 624 351 678 igni.

212 731 341 786 CAP.
373 731 521 786 XIX.
557 762 622 773 —
659 733 734 786 De
754 748 888 800 pace
922 733 1249 793 Jerusalem,
1284 731 1381 785 hoc
1421 734 1494 784 est
1541 730 1804 783 Ecclesiae.

279 838 406 892 Jam
447 838 588 891 hora
613 843 698 892 est
725 842 790 892 ut
813 837 883 891 de
910 852 1047 908 pace
1074 835 1412 899 Jerusalem,
1453 835 1558 889 hoc
1587 840 1672 889 est
1703 835 1805 889 Ec-

210 926 411 989 clesiae,
454 943 578 998 quae
623 926 859 981 dicenda
899 930 1047 990 sunt,
1098 931 1482 980 annectamus.
1523 925 1641 978 Pax
1671 924 1799 990 ista,

210 1016 356 1070 sicut
379 1033 482 1070 nos
502 1016 873 1088 praeposuisse
892 1015 1274 1084 meminimus,
1307 1013 1638 1069 Christianae
1653 1014 1806 1085 pacis

209 1106 508 1159 concordia
557 1110 662 1169 est,
719 1107 879 1174 cujus
919 1109 1264 1159 monstrator
1301 1109 1358 1158 et
1398 1103 1644 1157 monitor
1684 1107 1808 1157 erat

210 1195 438 1255 Paulus,
471 1210 598 1248 cum
629 1194 842 1249 diceret
874 1212 886 1248 :
913 1212 938 1246 α
956 1195 1081 1248 Non
1110 1199 1196 1248 est
1211 1209 1447 1264 regnum
1478 1193 1579 1247 Dei
1609 1209 1736 1247 esca
1751 1204 1807 1246 et

208 1288 396 1355 potus,
428 1284 526 1338 sed
542 1284 770 1354 justitia
796 1292 854 1338 et
883 1299 1008 1354 pax.
1043 1284 1240 1354 Itaque
1280 1299 1403 1354 quae
1447 1282 1599 1354 pacis
1648 1286 1798 1343 sunt,

209 1379 510 1428 sectemur.
557 1394 578 1423 ι
628 1373 697 1427 Et
741 1390 939 1427 rursus
977 1373 1049 1427 ad
1076 1372 1434 1427 Timotheum
1469 1387 1482 1425 :
1519 1390 1545 1424 α
1579 1371 1804 1425 Sectare

204 1462 508 1533 justitiam,
559 1463 748 1528 ﬁdem,
792 1461 1120 1528 amicitiam,
1155 1461 1485 1514 charitatem
1525 1465 1583 1514 et
1609 1475 1804 1530 pacem

211 1567 339 1606 cum
369 1551 474 1617 his,
519 1551 615 1622 qui
659 1551 921 1605 invocant
959 1550 1262 1604 Dominum
1293 1550 1362 1603 de
1386 1549 1552 1603 corde
1581 1565 1741 1619 puro.
1776 1566 1803 1600 »

283 1641 608 1696 Evidentius
632 1647 822 1696 autem
853 1641 923 1695 de
950 1641 1055 1694 hac
1081 1656 1217 1711 pace
1232 1640 1531 1710 discipulos
1555 1655 1808 1693 commo-

211 1729 384 1784 nebat
410 1729 683 1783 Dominus
718 1750 729 1782 :
765 1748 788 1779 ι
838 1727 1071 1792 Habete,
1097 1727 1299 1798 inquit,
1345 1728 1401 1782 in
1434 1727 1589 1782 vobis
1617 1729 1718 1790 sal,
1752 1732 1809 1781 et

209 1835 406 1918 pacem
432 1817 640 1918 habete.
663 1817 812 1918 inter
840 1834 1018 1918 vos.)
1051 1816 1116 1871 In
1147 1817 1263 1918 sale
1309 1817 1600 1917 sapientiae
1631 1817 1872 1918 post-i813
1891 1816 2025 1918 ter—ﬂ"

210 1907 452 1976 intelligi
483 1906 920 1960 condimentum.
956 1906 1089 1970 Quae
1113 1913 1304 1961 autem
1328 1906 1513 1961 verior
1531 1907 1809 1978 sapientia

213 2012 384 2068 quam
423 2011 507 2056 ea,
569 1995 639 2049 de
681 2012 792 2066 qua
833 1994 1115 2060 scribitur,
1163 1995 1296 2066 quia
1351 2017 1376 2045 α
1442 1996 1808 2066 praedicamus

214 2085 504 2140 Christum
517 2085 619 2139 Dei
639 2083 902 2139 virtutem
925 2092 982 2139 et
997 2085 1333 2156 sapientiam
1355 2084 1379 2138 ?
1401 2104 1422 2135 ι
1441 2085 1808 2140 Mandaturus

213 2191 349 2245 ergo
376 2175 446 2228 de
474 2175 580 2228 hac
607 2190 763 2245 pace,
810 2174 880 2228 de
923 2175 1040 2228 sale
1084 2175 1438 2245 praemonuit,
1471 2176 1605 2246 quia
1646 2192 1812 2230 nemo

213 2280 412 2336 pacem
443 2263 607 2317 istam
638 2269 890 2318 meretur
917 2263 1146 2328 habere,
1189 2264 1298 2318 nisi
1347 2264 1443 2336 qui
1471 2265 1627 2336 prius
1656 2265 1814 2320 Chri-

213 2359 367 2408 stum
395 2352 631 2423 elegerit
659 2369 761 2424 per
787 2353 954 2406 fidem
988 2353 1046 2407 in
1069 2354 1234 2407 corde
1258 2370 1360 2407 suo
1386 2354 1688 2424 suscipere.
1715 2355 1814 2408 Est

215 2442 368 2496 enim
395 2441 534 2512 ipse,
565 2447 631 2495 ut
675 2441 890 2495 dudum
933 2440 1195 2506 diximus,
1247 2441 1398 2513 pacis
1436 2443 1606 2512 hujus
1633 2443 1812 2496 conci-

214 2531 386 2584 liator
417 2535 473 2584 et
502 2535 718 2596 auctor,
755 2549 778 2580 ι
813 2530 999 2592 Pater,
1041 2530 1227 2601 inquit
1251 2531 1537 2602 eloquium
1566 2547 1809 2597 sacrum,

215 2619 393 2674 futuri
413 2619 621 2684 saeculi,
652 2619 908 2690 princeps
935 2620 1109 2691 pacis.
1142 2638 1169 2671 »

325 2728 456 2781 CAP.
489 2727 960 2793 XX.—Quom0do
983 2742 1097 2794 pax
1126 2730 1233 2780 ista
1254 2743 1356 2795 per
1385 2729 1716 2783 charz'tatcm

859 2800 1170 2865 lirderetur.

283 2905 444 2970 Quod
471 2909 660 2960 autem
684 2921 786 2975 per
811 2904 1168 2964 charitatem,
1204 2904 1351 2959 sicut
1373 2906 1809 2976 praelibavimus,

1888 601 1948 654 in
1977 616 2299 654 mensuram
2348 601 2512 654 unius
2537 602 2808 670 cujusque
2831 599 3069 653 membri
3117 605 3484 668 augmentum

1888 689 2136 761 corporis
2164 689 2298 744 facit
2326 689 2384 743 in
2413 689 2842 743 aediﬁcationem
2895 688 2983 742 sui
3027 689 3086 742 in
3128 688 3421 742 charitate.
3455 705 3484 740 »

1888 777 2046 833 Idem
2075 795 2296 849 quoque
2327 783 2383 832 et
2409 778 2620 832 eisdem
2649 794 2791 848 pene
2818 776 3000 831 verbis
3026 793 3156 830 eum
3180 777 3252 830 ad
3283 777 3479 842 Colos-

1889 884 2079 922 senses
2101 868 2391 939 scripsisse
2419 867 2685 939 reperies.

1959 958 2217 1013 Charitas
2245 974 2380 1027 ergo
2411 963 2512 1017 est,
2550 973 2672 1027 quae
2702 954 2954 1010 membra
2985 954 3195 1010 Christi
3221 954 3483 1021 vivificat,

1887 1053 2056 1119 atque
2073 1064 2140 1101 ea
2159 1047 2216 1100 in
2235 1063 2411 1100 unum
2431 1062 2631 1116 corpus
2645 1045 2878 1099 fcederat
2893 1049 2950 1098 et
2963 1045 3282 1098 concordat.
3294 1044 3486 1099 «Unde

1886 1138 2121 1191 sollicite
2141 1143 2358 1190 servate
2378 1135 2654 1189 unitatem
2675 1134 2906 1206 spiritus
2935 1135 2991 1189 in
3008 1133 3230 1187 vinculo
3249 1133 3425 1203 pacis.
3452 1153 3478 1187 »

1889 1228 2006 1280 Hoc
2037 1233 2123 1279 est
2146 1225 2283 1279 illud
2309 1224 2537 1278 beatum
2566 1239 2708 1278 arcae
2739 1225 2857 1278 Noe
2881 1223 3154 1287 bitumen,
3187 1239 3298 1292 quo
3329 1222 3486 1293 ligna

1886 1319 2012 1387 ipsa
2050 1315 2300 1370 collinita
2346 1314 2599 1369 tenacius
2635 1330 2811 1386 aquas
2849 1314 3097 1384 irrepere
3135 1311 3331 1366 diluvii
3368 1327 3482 1366 non

1887 1405 2126 1460 sinebat.
2150 1405 2281 1458 Haec
2305 1410 2391 1458 est
2419 1404 2681 1474 ligatura,
2717 1419 2827 1472 qua
2845 1419 2960 1457 una
2973 1401 3234 1473 superius
3261 1400 3484 1470 copula-

1890 1500 1983 1550 tur
2009 1511 2167 1555 ansa.
2199 1511 2321 1564 quae
2359 1491 2701 1547 humanitati
2729 1492 2997 1546 deitatem
3025 1490 3304 1555 infibulat,
3334 1489 3484 1543 linea

1891 1601 2060 1656 quam
2091 1583 2361 1638 Dominus
2392 1582 2448 1636 in
2480 1588 2633 1636 terra
2659 1581 2950 1652 disposuit,
3002 1585 3060 1634 et
3101 1580 3385 1634 hominem
3423 1577 3485 1631 in

1891 1675 2140 1729 ccelestia
2167 1672 2545 1728 translevavit.

1961 1765 2092 1818 Haec
2120 1779 2253 1833 ergo
2282 1762 2400 1816 sola
2423 1767 2524 1823 est,
2569 1779 2692 1832 quae
2720 1760 2976 1815 Ecclesiae
3003 1762 3275 1829 aggregat
3304 1756 3490 1812 unita-

2057 1853 2170 1906 imo
2199 1853 2323 1922 ipsa
2345 1856 2433 1905 est
2471 1851 2728 1905 Ecclesiae
2763 1850 2971 1913 unitas,
2997 1847 3189 1903 tunica
3213 1847 3310 1900 illa
3341 1845 3489 1900 vide—

1890 1942 2022 1996 licet
2048 1940 2418 2003 inconsutilis,
2447 1939 2692 2010 desuper
2715 1944 2976 1993 contexta
3003 1954 3105 2009 per
3131 1941 3335 1997 totum,
3370 1951 3484 1990 non

1891 2032 2160 2086 divisione
2189 2032 2258 2084 ad
2281 2031 2490 2101 plures,
2513 2031 2613 2084 sed
2637 2030 2709 2084 ad
2735 2046 2913 2083 unum
2943 2033 3094 2082 sorte
3124 2024 3478 2097 perveniens.
3536 2070 3542 2075 .

1895 2121 1954 2176 Si
1975 2119 2223 2174 tunicam
2255 2120 2399 2172 hanc
2422 2124 2642 2173 tantum
2671 2135 2820 2173 unus
2844 2116 3099 2187 accipiat,
3123 2129 3289 2168 nemo
3320 2117 3483 2184 putet

1893 2227 1954 2265 se
2000 2209 2208 2263 habere
2242 2209 2594 2274 charitatem,
2629 2207 2725 2278 qui
2777 2207 2836 2261 in
2879 2206 3096 2270 unitate
3134 2219 3247 2258 non
3290 2205 3484 2256 manet

1894 2299 2166 2354 Ecclesiae.
2218 2297 2340 2352 Imo
2397 2298 2553 2352 nulla
2605 2303 2691 2351 est
2729 2296 2818 2350 via
2859 2294 3077 2358 salutis,
3110 2293 3298 2348 nullus
3327 2291 3484 2345 locus

1894 2389 2146 2454 remedii,
2176 2388 2288 2442 illis
2317 2387 2606 2452 nimirum,
2640 2387 2786 2458 quod
2809 2384 3092 2439 catholicae
3112 2381 3346 2436 unitatis
3364 2396 3490 2450 gre-

1895 2477 2066 2532 mium
2090 2494 2202 2531 non
2227 2477 2491 2543 includit,
2511 2476 2658 2547 quod
2680 2474 2922 2546 praefatae
2941 2488 3082 2526 arcae
3103 2472 3220 2525 Noe
3244 2471 3488 2540 ﬁgurata

1893 2573 2055 2622 notat
2072 2566 2328 2624 historia.
2363 2566 2572 2620 Omnes
2601 2565 2771 2630 enim,
2804 2563 2899 2633 qui
2937 2567 3096 2616 extra
3123 2576 3248 2614 eam
3277 2557 3488 2629 reperti

1895 2662 2047 2721 sunt,
2081 2657 2244 2728 aquis
2259 2654 2664 2725 castigantibus
2676 2653 2982 2724 perierunt.
3005 2650 3068 2703 Id
3083 2649 3268 2720 ipsum
3291 2649 3487 2717 loque-

1893 2746 2062 2800 batur
2092 2745 2318 2798 Paschze
2348 2743 2679 2814 mysterium
2712 2761 2724 2793 :
2759 2760 2785 2794 α
2818 2739 2886 2794 In
2924 2756 3056 2804 una,
3088 2737 3290 2808 inquit,
3320 2736 3487 2789 domo

1896 2835 2240 2899 comedetur,
2288 2850 2390 2886 nec
2439 2834 2707 2886 efferatur
2744 2831 2814 2884 de
2849 2827 3112 2882 carnibus
3158 2827 3282 2896 ejus
3329 2829 3488 2879 extra

1893 2925 2058 2980 fores.
2095 2943 2118 2976 ›)
2153 2926 2363 2979 Carnes
2392 2923 2543 2976 enim
2572 2921 2703 2991 agni
2730 2918 3008 2974 Dominici
3036 2916 3286 2987 corporis
3313 2913 3488 2968 sacri-

208 3013 318 3068 pax
349 2997 458 3049 ista
489 3000 867 3057 construatur,
899 2995 1147 3084 psalmus
1164 2994 1302 3084 mihi
1317 2995 1476 3048 testis
1505 3001 1590 3050 est
1614 3016 1658 3049 ε(
1687 2997 1814 3051 Fiat
1893 3015 2082 3068 ﬁcium
2107 3012 2507 3084 pmludebam,
2541 3011 2658 3064 Hoc
2695 3014 2884 3063 autem
2909 3006 3244 3061 sacriﬁcium
3264 3002 3490 3058 estuni-

207 3101 317 3157 Pax
345 3085 404 3138 in
436 3084 639 3139 "mute
669 3090 785 3137 tua"
820 3102 845 3136 ))
882 3083 965 3137 lbi
1014 3083 1240 3137 Virtutis
1287 3083 1512 3138 nomine
1554 3086 1808 3156 ι’θείηεω
1837 3150 1870 3158 ._
1892 3104 2026 3158 tatis
2069 3083 2459 3157 ecclesiasticae
2501 3099 2983 3154 evidentissimum
3048 3099 3485 3150 sacramentum.

207 3150 480 3228 virtutum
508 3173 760 3226 omnium
781 3172 1028 3242 intellige
1054 3172 1407 3238 charitatem,
1441 3190 1564 3244 quae
1585 3150 1808 3246 praprie

1900 3193 2048 3247 [dem
2074 3193 2243 3246 etiam
2273 3192 2330 3244 in
2353 3191 2520 3244 domo
2569 3188 2726 3243 Raab
2754 3187 2943 3241 divina
2988 3184 3149 3239 lectio
3177 3182 3483 3255 praesigna-

205 3264 386 3317 virtus
416 3261 621 3316 idcirco
652 3261 876 3327 dicitur,
911 3261 1043 3332 quia
1067 3261 1225 3315 fortis
1252 3267 1337 3316 est
1356 3268 1419 3316 ut
1446 3279 1598 3316 mors
1629 3265 1810 3329 (fortis
1890 3281 1989 3346 vit,
2020 3298 2147 3335 cum
2176 3281 2388 3335 diceret
2429 3297 2439 3332 ;
2479 3298 2500 3328 ε
2539 3279 2764 3332 patrem
2787 3282 2951 3330 tuum
2976 3281 3034 3329 et
3058 3278 3298 3327 matrem
3328 3278 3486 3326 tuam

208 3353 360 3408 enim
391 3360 476 3406 est
515 3357 578 3405 ut
608 3367 759 3404 mors
795 3350 1044 3421 dilectio)
1073 3351 1163 3404 cui
1195 3351 1381 3405 nullus
1406 3352 1636 3415 resistit,
1679 3369 1806 3407 cum

208 3441 380 3506 venit,
409 3440 507 3510 qui
543 3439 761 3504 occidit,
789 3439 937 3509 quod
965 3439 1112 3493 male
1141 3440 1374 3509 tuimus,
1395 3445 1460 3494 ut
1493 3441 1645 3494 aliud
1664 3441 1808 3495 bene

210 3530 412 3585 simus.

285 3619 582 3674 Enimvero
605 3617 847 3688 qualiter
864 3617 1009 3670 hanc
1026 3633 1219 3688 pacem
1242 3617 1409 3672 faciat
1427 3619 1809 3684 charitas,non

211 3710 350 3763 latet
377 3707 620 3778 aliquem
656 3706 801 3759 sacri
831 3707 1127 3760 voluminis
1141 3707 1400 3761 notitiam
1431 3709 1803 3778 profitentem.

211 3798 300 3852 Ita
339 3811 583 3865 namque
612 3801 697 3848 est
725 3794 967 3848 Charitas
998 3794 1056 3848 in
1087 3795 1190 3848 hac
1220 3811 1375 3866 pace,
1407 3795 1551 3849 sicut
1579 3795 1810 3866 spiritus

210 3883 396 3937 vitalis
425 3883 484 3936 in
515 3899 766 3953 corpore.
799 3883 1284 3946 Quemadmodum
1318 3883 1467 3937 enim
1493 3884 1552 3937 in
1579 3901 1812 3955 corpore

212 3973 418 4044 spiritu
445 3978 742 4042 vegetante
784 3971 1038 4024 membra
1076 3971 1284 4036 vivunt,
1327 3979 1383 4026 et
1423 3974 1575 4027 velut
1618 3990 1811 4045 pacem

1892 3376 1949 3424 et
1963 3387 2184 3424 omnem
2201 3368 2590 3439 cognationem
2607 3373 2763 3421 tuam
2785 3363 3157 3435 congregabis
3179 3363 3236 3416 in
3257 3362 3487 3416 domum

1889 3465 2069 3516 tuam.
2102 3459 2210 3522 Qui
2247 3459 2454 3512 ostium
2493 3457 2694 3511 domus
2720 3462 2832 3510 tuae
2864 3469 3125 3525 egressus
3151 3452 3338 3507 fuerit,
3362 3466 3488 3506 san-

1889 3549 2015 3618 guis
2044 3549 2217 3619 ipsius
2246 3548 2353 3602 erit
2373 3547 2432 3601 in
2462 3553 2632 3618 caput
2668 3547 2808 3616 ejus.
2844 3563 2870 3597 ν

1965 3637 2203 3708 PrOpter
2258 3637 2426 3706 hujus
2476 3636 2628 3706 pacis
2673 3651 2737 3688 ac
2775 3633 3010 3688 unitatis
3050 3631 3332 3686 vinculum
3364 3630 3487 3701 ipsa

1891 3732 2076 3780 mater
2105 3727 2350 3780 Ecclesia
2383 3744 2408 3776 α
2438 3741 2554 3778 una
2579 3723 2840 3778 columba
2889 3743 2912 3773 ι
2955 3721 3179 3785 dicitur,
3208 3739 3235 3773 ι
3262 3719 3428 3773 unica
3459 3739 3483 3768 ι

1892 3816 2062 3871 etiam
2092 3813 2422 3885 simpliciter
2466 3813 2815 3884 appellatur;
2853 3829 2879 3864 «
2923 3827 3038 3865 una
3078 3815 3165 3864 est
3204 3808 3352 3862 enim
3393 3823 3489 3861 co-

1893 3904 2087 3959 lumba
2124 3919 2272 3968 mea,
2315 3903 2560 3973 perfecta
2598 3918 2741 3955 mea.
2791 3920 2814 3952 »
2859 3901 2928 3955 Et
2961 3898 3134 3954 David
3162 3898 3222 3952 in
3255 3913 3383 3952 voce
3419 3895 3482 3969 ff.

1893 3994 2031 4064 vice]
2063 3992 2283 4047 Domini
2312 3993 2532 4047 unicam
2565 4007 2726 4045 suam
2755 3995 2880 4044 orat
2905 4007 2938 4044 a
2967 3987 3199 4042 canibus
3227 3991 3285 4040 et
3312 3985 3492 4040 leoni-

214 4062 518 4134 quamdam
539 4061 993 4132 sanitatemque
1015 4060 1337 4132 Pl'OPaginis
1357 4063 1817 4125 retinent’absce'
1895 4060 2257 4138 busvliherari
2285 4083 2476 4136 dicens
2505 4100 2553 4135 ει
2585 4083 2665 4136 De
2685 4097 2857 4134 manu
2873 4078 3028 4132 canis
3041 4078 3262 4132 unicam
3282 4091 3487 4139 meam,

213 4151 384 4205 dente
414 4155 604 4204 autem
634 4150 834 4220 spiritu
865 4149 1009 4203 mori
1025 4167 1091 4204 ea
1121 4167 1347 4204 necesse
1368 4157 1454 4205 est
1483 4159 1538 4205 et
1565 4152 1811 4219 dissolvi,
1898 4177 1955 4226 et
1984 4190 2018 4225 δ
2036 4173 2290 4226 leonibus
2319 4172 2543 4226 unicam
2575 4170 2923 4226 meam.ch
2937 4168 3070 4222 unio
3082 4172 3187 4230 est,
3207 4181 3317 4236 qua
3340 4163 3490 4235 apud

212 4241 293 4295 sic
320 4245 377 4330 et
403 4239 660 4330 charitas
677 4239 798 4292 sola
821 4244 926 4330 est,
967 4255 1087 4308 quae
1111 4240 1255 4293 ﬁlios
1286 4240 1544 4295 Ecclesiae
1563 4240 1622 4294 in
1645 4243 1815 4311 hujus
1897 4261 2238 4315 Ezechielem
2257 4261 2368 4314 duo
2397 4261 2568 4330 ligna,
2601 4259 2841 4330 populus
2865 4273 3066 4327 nempe
3090 4255 3413 4311 “deorum
3434 4257 3491 4307 et

212 4329 368 4400 pacis
415 4327 730 4390 consolidat
777 4327 1025 4393 unitate,
1072 4345 1184 4398 qua
1218 4330 1512 4383 recedente
1557 4347 1664 4401 pax
1705 4331 1816 4385 ista

212 4417 564 4473 discinditur.
599 4418 676 4471 Ex
709 4433 821 4487 quo
840 4417 974 4470 licet
993 4425 1223 4488 propter
1251 4426 1604 4474 sacramenta
1631 4421 1812 4474 eccle-

212 4507 440 4561 siastica
467 4506 642 4578 ipsius
670 4507 920 4576 corporis
959 4506 1284 4560 simulatam
1304 4508 1582 4578 tantisper
1604 4511 1811 4563 retinet

213 4596 626 4667 compaginem,
651 4611 753 4666 per
775 4601 1068 4665 peccatum
1097 4600 1289 4649 tamen
1318 4597 1450 4654 odii.
1484 4597 1634 4668 quod
1660 4615 1812 4653 mors

215 4691 305 4739 est
341 4685 561 4751 animae,
595 4700 822 4738 sensum
847 4685 1070 4755 penitus
1089 4685 1361 4740 amittunt
1383 4686 1527 4741 vitae.

286 4774 446 4839 Quod
487 4775 693 4828 Doctor
727 4775 984 4844 gentium
1030 4774 1090 4828 in
1131 4776 1418 4830 nonnullis
1449 4777 1812 4847 epistolarum

213 4880 448 4918 suarum
501 4863 638 4916 locis
685 4863 905 4933 argutis
953 4863 1264 4918 rationibus
1294 4865 1627 4937 explanavit,
1677 4868 1813 4922 dum

213 4953 366 5007 inter
406 4951 662 5006 membra
709 4952 919 5006 Christi
959 4959 1016 5007 et
1056 4959 1243 5024 partes
1288 4955 1522 5009 humani
1565 4957 1814 5027 corporis

217 5046 515 5112 cognatam
552 5041 856 5095 admodum
886 5042 1314 5097 similitudinem
1362 5044 1566 5115 posuit,
1611 5046 1682 5100 ad
1714 5047 1816 5100 Co-

215 5130 456 5184 rinthios
486 5130 713 5200 quidem
737 5129 816 5184 ita
851 5147 895 5182 ε(
921 5130 1075 5184 Sicut
1103 5132 1251 5185 enim
1274 5150 1476 5204 corpus
1508 5151 1682 5188 unum
1706 5142 1810 5201 est,

215 5225 273 5275 et
293 5219 545 5273 membra
577 5218 745 5272 habet
775 5220 973 5286 multa,
1005 5220 1196 5274 omnia
1209 5228 1396 5276 autem
1420 5224 1672 5278 membra
1689 5242 1813 5279 cor-

209 5309 379 5379 poris.
407 5324 534 5362 cum
565 5307 679 5361 sint
700 5308 1076 5374 multa,unum
1109 5317 1296 5364 tamen
1326 5328 1528 5383 corpus
1557 5319 1708 5372 sunt.
1732 5314 1813 5367 ita

210 5404 267 5451 et
295 5397 566 5452 Christus.
638 5396 847 5449 etenim
897 5397 953 5449 in
991 5415 1103 5452 uno
1151 5399 1352 5470 spiritu
1393 5417 1586 5455 omnes
1625 5418 1726 5456 nos
1752 5403 1810 5456 in

213 5505 386 5541 unum
421 5487 683 5557 baptizati
706 5503 900 5540 sumus
966 5507 987 5537 ι
1037 5489 1119 5543 Ad
1156 5491 1422 5559 Ephesnos
1458 5499 1646 5544 autem
1681 5491 1760 5545 sic
1793 5510 1803 5544 :

215 5595 242 5629 α
276 5579 606 5631 Crescamus
637 5576 694 5628 in
727 5576 819 5628 illo
850 5577 946 5646 qui
969 5584 1055 5630 est
1082 5585 1266 5649 caput,
1303 5580 1578 5644 Christus,
1614 5597 1678 5633 ex
1699 5598 1809 5651 quo

210 5671 394 5720 totum
423 5682 625 5735 corpus
652 5670 1006 5734 compactum
1037 5674 1094 5720 et
1116 5684 1427 5722 connexum
1457 5682 1558 5738 per
1585 5685 1810 5729 omnem

1894 4350 2172 4420 gentium,
2204 4350 2284 4402 sic
2325 4351 2646 4419 junguntur
2690 4363 2868 4402 unum
2919 4346 2990 4399 ad
3032 4345 3274 4398 alterum
3322 4347 3388 4395 ut
3423 4357 3490 4395 ex

1896 4439 2114 4494 duobus
2135 4455 2308 4492 unum
2339 4437 2478 4508 ligni
2508 4454 2709 4508 corpus
2741 4440 3012 4508 appareat
3035 4433 3403 4504 glutinatum.

1895 4583 2032 4638 CAP.
2063 4579 2214 4638 ΧΧΙ.
2245 4610 2315 4622 -
2346 4581 2488 4647 Quid
2533 4583 2604 4632 sit
2637 4583 2814 4648 pietas
2839 4583 3136 4648 proposita,
3171 4583 3220 4632 et
3250 4579 3491 4646 qualiter

2231 4655 2349 4721 ipsa
2366 4667 2554 4719 pacem
2584 4654 2802 4705 nutriat
2820 4654 3145 4706 Jerusalem.

1974 4777 2251 4832 Pietatem
2311 4793 2458 4844 vero,
2519 4793 2631 4847 qua
2681 4793 2876 4847 pacem
2922 4777 3234 4831 Jerusalem
3283 4773 3489 4828 nutriri

1896 4867 2160 4931 diximus,
2221 4883 2392 4938 opera
2443 4866 2840 4920 misericordiae
2904 4866 3131 4920 credere
3195 4864 3483 4929 debemus,

1896 4956 2098 5027 quibus
2125 4957 2184 5010 in
2225 4955 2620 5027 temporalium
2658 4972 2757 5009 seu
2786 4955 3167 5026 spiritualium
3211 4953 3490 5008 bonorum

1895 5046 2136 5116 penuria
2164 5046 2221 5099 in
2245 5046 2483 5099 invicem
2511 5045 2760 5099 fraterna
2785 5045 3058 5098 charitate
3085 5043 3485 5109 succurrimus,

1895 5135 1965 5187 de
1995 5134 2197 5204 quibus
2225 5134 2437 5189 dictum
2467 5140 2553 5188 est
2585 5150 2632 5186 :a:
2665 5135 2876 5204 Rogata
2898 5150 3021 5203 quae
3044 5134 3115 5187 ad
3141 5149 3336 5204 pacem
3357 5138 3492 5188 sunt

1895 5223 2225 5277 Jerusalem.
2263 5243 2288 5275 »
2323 5224 2492 5287 Quasi
2521 5220 2848 5295 [diceretur]
2884 5241 2894 5276 :
2932 5222 2977 5277 Ο
3007 5239 3125 5284 vos,
3158 5222 3254 5292 qui
3281 5221 3489 5276 sedetis

1894 5313 1952 5366 in
1977 5312 2208 5381 judicio,
2241 5319 2435 5382 rogate
2484 5313 2895 5383 interrogantes
2941 5328 3086 5374 eam,
3121 5328 3243 5382 quze
3271 5317 3405 5365 sunt
3431 5316 3490 5365 et

1894 5401 2080 5454 valent
2109 5401 2176 5453 ad
2210 5417 2402 5471 pacem
2434 5403 2791 5455 nutriendam
2821 5401 3150 5455 Jerusalem.

1965 5492 2041 5544 Ex
2074 5508 2182 5561 quo
2213 5491 2454 5545 latenter
2481 5493 2736 5547 innuitur
2773 5492 2920 5563 quod
2950 5491 3055 5560 illi,
3087 5491 3181 5562 qui
3215 5491 3490 5547 sedebunt

1892 5598 2061 5652 super
2090 5579 2251 5633 sedes
2293 5581 2586 5634 duodecim
2623 5581 2929 5652 judicaturi
2975 5581 3267 5636 duodecim
3307 5583 3488 5637 tribus

1892 5669 2086 5737 Israel,
2104 5669 2461 5740 potissimum
2482 5670 2551 5724 de
2572 5671 2832 5741 operibus
2851 5671 3367 5742 pietatis,utrumne
3386 5672 3489 5726 sci-
