3944 6360
246 384 391 453 1329

1382 398 1477 453 DE
1512 386 1708 453 BONB
1743 382 1978 451 meis:
2021 416 2088 436 ω-
2123 374 2265 448 eis.
2304 393 2378 448 Π.

3380 370 3524 444 me

242 518 387 575 nent
397 512 562 576 servi.
582 510 743 577 Unde
753 522 905 578 unus
923 522 1115 578 eorum
1136 512 1220 578 ait
1238 534 1257 589 γε
1273 528 1296 575 ε
1318 512 1445 577 Non
1465 518 1840 592 nosmetipsos
1858 510 1906 580 Α
1990 512 2238 572 Eccum
2265 518 2370 589 pa”:
2403 510 2716 572 Jerusalem
2746 520 2856 590 quo
2883 508 3249 589 mummium
3291 520 3359 571 ac
3395 507 3519 572 diu;

241 602 1041 680 pmdicamussedﬂominum
1057 609 1343 668 nostrum!
1351 624 1506 666 esum
1528 606 1835 676 Christum,

241 708 348 753 nos
368 704 557 754 autem
589 710 776 754 servos
800 706 1012 756 vestros
1037 710 1141 781 per
1166 703 1377 756 Jesu‘m.
1416 720 1439 751 ι
1469 696 1537 755 Et
1570 696 1842 754 Dominus

242 788 315 842 ad
343 786 647 860 diecipulos
673 804 684 843 :
714 814 737 842 (ι
771 791 878 855 Qui
904 782 1140 845 voluerit
1158 792 1307 854 inter
1337 805 1431 845 vos
1462 790 1675 861 primus
1697 798 1840 853 esse,

240 876 355 930 erit
375 873 569 931 servus
600 882 801 932 vester.
839 888 859 928 ι
895 880 1034 933 Cum
1076 881 1247 944 enim,
1296 878 1445 933 "sicut
1488 872 1840 951 praemissum

238 970 349 1030 est,
363 976 559 1036 pacem
583 967 749 1021 istam
762 968 1006 1024 charitas
1025 977 1173 1040 agat,
1197 978 1358 1023 amor
1382 974 1571 1023 autem
1598 966 1839 1038 gradum

238 1052 480 1118 nesciat,
513 1052 725 1117 omnes,
762 1058 854 1127 qui
886 1052 1053 1126 hujus
1084 1057 1236 1127 pacis
1264 1052 1473 1111 foedere
1529 1057 1654 1110 nexi
1684 1056 1836 1114 sunt.

236 1132 476 1207 paribus
493 1136 601 1191 sibi
620 1139 927 1195 studebant
943 1131 1141 1195 ofﬁciis
1161 1136 1495 1199 subservire,
1508 1141 1675 1211 juxta
1690 1136 1837 1209 quod

240 1218 455 1279 Paulus
485 1225 566 1280 ait
585 1226 657 1281 ad
687 1228 918 1283 Galatas
944 1248 955 1283 :
981 1242 1008 1282 ι
1039 1222 1490 1284 Percharitatem
1511 1226 1739 1300 spiritus
1753 1229 1842 1283 in-

239 1312 421 1367 vicem
447 1315 772 1372 servientes.
799 1328 824 1368 ii

315 1400 461 1456 Item
508 1418 614 1475 pax
657 1404 969 1461 Jerusalem
1010 1407 1233 1462 omnem
1279 1408 1521 1463 remittit
1545 1408 1838 1479 injuriam,

241 1489 392 1545 sicut
416 1494 580 1546 testis
607 1500 693 1548 est
720 1494 899 1549 oratio
920 1497 1017 1550 illa
1042 1498 1386 1568 quotidiana,
1420 1512 1532 1568 qua
1564 1496 1834 1551 dicimusi

240 1597 273 1629 ιι
303 1579 537 1636 Dimitte
565 1581 726 1637 nobis
746 1578 935 1639 debita
980 1593 1191 1648 nostra,
1223 1587 1367 1641 sicut
1395 1594 1450 1640 et
1479 1604 1579 1641 nos
1609 1584 1840 1640 dimitti-

238 1675 373 1721 mus
404 1667 747 1727 debitoribus
793 1675 1020 1729 nostris.
1059 1690 1081 1725 υ
1128 1672 1242 1730 Pax
1295 1670 1611 1747 Babylonia;
1651 1674 1835 1745 legem

240 1756 460 1822 statuit,
497 1760 561 1813 ut
588 1760 811 1831 injuriis
840 1771 1147 1835 opponeret
1166 1758 1452 1819 talionem.
1489 1758 1630 1819 Item
1653 1760 1837 1836 Baby-

1922 607 2146 661 turnior
2171 604 2360 667 merit,
2395 604 2665 661 virtutum
2713 606 2913 661 merita
2951 600 3165 661 Vit-ilius
3206 598 3513 662 r‘oborabit.

1924 690 2161 768 Propter
2180 695 2326 766 quod
2362 696 2557 749 Petrus
2587 692 2723 749 dicit
2749 688 3010 750 ﬁdelibus
3041 708 3053 751 ε
3088 704 3113 747 ὲ(
3146 690 3342 750 Gratia
3362 687 3517 749 vobis

1926 788 1983 838 et
2014 798 2119 856 pax
2148 780 2574 855 multiplicetur.
2600 804 2625 837 ι)
2660 779 2729 839 Et
2747 778 2954 839 Paulus
2978 784 3099 856 jam
3128 786 3241 838 non
3267 781 3514 855 longam;

1927 872 2025 927 sed
2051 878 2377 944 perpetuam
2408 880 2604 944 pacem
2649 868 3245 928 Thessalonicensibus
3297 872 3521 944 εισι)ωὲ

1922 960 2057 1016 bat:
2092 972 2117 1014 α
2141 964 2267 1033 Ipse
2295 968 2485 1016 autem
2526 962 2801 1017 Dominus
2830 962 2982 1034 pacis
3011 958 3108 1017 det
3135 958 3290 1017 vobis
3322 960 3516 1033 pacem

1923 1050 2321 1124 sempiternam
2344 1052 2402 1105 in
2432 1052 2583 1105 omni
2613 1046 2753 1105 loco.
2790 1064 2814 1101 ι

1993 1138 2077 1194 Ad
2107 1144 2419 1195 extremum
2451 1147 2509 1195 et
2538 1132 2635 1194 illa
2663 1144 2776 1195 non
2813 1139 3004 1195 tenuis
3054 1138 3374 1195 ditl‘erentia
3411 1144 3517 1205 est;

1926 1230 2070 1301 quod
2089 1226 2386 1284 mundana
2405 1229 2555 1301 pacis
2570 1230 2926 1295 consociatio;
2953 1226 3195 1284 maxime
3217 1238 3339 1301 qum
3368 1226 3520 1284 inter

1926 1318 2261 1373 domesticos
2283 1326 2337 1372 et
2353 1316 2562 1373 amicos
2582 1316 3049 1390 transigitur,quo
3079 1311 3300 1373 dulcior
3325 1314 3514 1382 fuerit,

1923 1422 1988 1461 eo
2008 1408 2183 1478 ipsius
2199 1404 2498 1478 disjunctio
2517 1408 2733 1472 ultima,
2756 1424 2877 1479 quae
2890 1420 2990 1479 per
3018 1408 3255 1462 mortem
3286 1409 3352 1462 ﬁt
3364 1410 3520 1462 ama-

1920 1496 2038 1550 rior
2057 1500 2434 1567 computatur.
2460 1497 2575 1550 Nec
2591 1494 2739 1550 enim
2761 1492 2881 1550 ﬁeri
2903 1497 3106 1568 potest,
3124 1500 3190 1550 ut
3217 1497 3338 1566 ejus
3365 1500 3519 1552 mors

1922 1583 2081 1639 nobis
2107 1585 2275 1639 nimis
2296 1602 2486 1639 amara
2518 1600 2629 1639 non
2652 1586 2744 1652 sit,
2788 1587 2949 1655 cujus
2982 1574 3095 1639 vlta
3124 1585 3293 1639 nimis
3335 1580 3516 1641 dulcis

1922 1675 2230 1728 exstiterat.
2266 1675 2434 1746 Atqui
2465 1675 2851 1730 ecclesiasticae
2899 1675 3050 1746 pacis
3085 1668 3250 1729 beata
3279 1670 3517 1729 s’oeietas

1921 1779 2022 1835 per
2054 1764 2290 1817 mortem
2322 1778 2434 1817 non
2454 1760 2911 1829 distrahitur,sed
2941 1767 3195 1818 mutatur
3214 1764 3272 1818 in
3294 1763 3512 1819 melius.

240 1836 410 1900 lonia;
434 1846 587 1917 pacis
616 1849 877 1915 cultores,
904 1852 1049 1906 sicut
1099 1866 1272 1924 supra
1327 1858 1702 1907 monstratum
1731 1857 1836 1917 est,
1858 1844 1903 1934 ᾗ
1926 1849 2082 1906 Unde
2115 1851 2324 1915 ﬁdeles,
2356 1850 2461 1907 hac
2491 1852 2756 1907 societate
2778 1851 3239 1917 concordes,cum
3270 1846 3519 1923 aliquem

243 1949 383 2003 erga
398 1951 509 1997 eos,
536 1938 628 2007 qui
654 1938 932 2008 publicam
956 1952 1148 2011 pacem
1167 1941 1837 2019 violiantﬁmpa’catisuntg
1862 1932 1893 1934 ﬁ
1925 1932 1994 1994 de
2024 1941 2141 1995 suis
2171 1942 2493 2008 extulerint,
2525 1938 2632 1995 nisi
2653 1947 2926 2013 quantum
2978 1940 3237 1996 naturale
3266 1938 3520 1997 debitum

242 2023 342 2092 qui
370 2038 500 2078 vero
532 2022 703 2096 hujus
731 2029 880 2098 pacis
928 2043 1277 2101 possessores
1306 2032 1457 2098 sunt,
1501 2033 1669 2087 etiam
1713 2042 1840 2087 cum

240 2110 564 2167 odientibus
584 2130 774 2186 pacem
808 2119 1024 2188 paciﬁci
1053 2134 1173 2174 esse
1202 2130 1314 2175 non
1370 2119 1654 2176 desinunt.
1697 2122 1839 2176 Nam

244 2214 271 2250 α
302 2214 431 2253 cum
462 2198 568 2269 his,
613 2204 709 2274 qui
729 2202 970 2261 oderunt
1024 2217 1234 2279 pacem,
1292 2222 1445 2263 eram
1488 2208 1772 2281 paciﬁcus.
1808 2230 1834 2263 τ)

240 2287 397 2353 Quos
417 2296 628 2358 tamen,
680 2302 807 2349 tum
854 2297 1085 2367 reliquis
1132 2298 1329 2353 salutis
1384 2296 1693 2370 periculum
1727 2310 1840 2354 non

238 2376 498 2445 timetur,
522 2394 647 2435 cum
667 2384 761 2453 pia
779 2387 1075 2441 severitate
1089 2388 1463 2459 persequitur,
1486 2402 1597 2443 non
1609 2386 1835 2460 quidem

241 2466 381 2521 mali
406 2470 570 2547 ferro,
591 2468 689 2525 Sed
715 2472 995 2544 spirituali
1022 2475 1209 2547 gladio
1230 2478 1435 2531 feriens
1448 2476 1834 2532 rebellantem.

242 2554 390 2610 Nam
422 2546 484 2611 ut
510 2560 590 2614 ait
616 2560 934 2633 Apostolus,
972 2585 994 2617 ι
1029 2546 1188 2620 arma
1228 2574 1433 2622 nostrae
1472 2566 1686 2621 militiae
1724 2580 1838 2622 non

243 2651 381 2699 sunt
405 2648 671 2716 carnalia,
705 2651 801 2706 sed
830 2655 1083 2723 potentia
1142 2648 1277 2710 Deo.
1335 2676 1355 2706 ι
1395 2654 1495 2711 Pia
1541 2657 1840 2711 severitate

246 2733 455 2791 idcirco
485 2742 789 2808 posuerim,
814 2742 945 2812 quia
962 2744 1040 2798 sic
1069 2745 1124 2799 in
1159 2763 1271 2810 eos,
1316 2748 1412 2816 qui
1441 2746 1662 2800 obnoxii
1686 2752 1836 2811 sunt,

246 2824 595 2882 extrinsecus
615 2830 992 2887 anathematis
1021 2841 1103 2888 est
1124 2834 1431 2889 exercenda
1458 2836 1743 2902 severitas,
1780 2840 1844 2889 ut

244 2916 437 2969 tamen
467 2917 804 2974 intrinsecus
834 2924 969 2993 erga
1002 2924 1128 2977 illos
1157 2924 1419 2980 fraternae
1449 2925 1743 2980 charitatis
1769 2924 1841 2978 vi-

242 3012 405 3058 scera
423 3006 534 3060 non
564 3015 919 3085 rumpantur.
955 3011 1113 3067 Unde
1142 3012 1349 3068 Paulus
1381 3014 1839 3068 Thessalonicen-

242 3092 431 3148 sibus:
460 3118 480 3143 σι
506 3095 727 3169 Siquis,
754 3098 955 3171 inquit,
982 3114 1093 3156 non
1125 3100 1398 3158 obedierit
1428 3104 1595 3159 verbo
1620 3111 1834 3168 nostro,
1865 3144 1885 3171 ,-

242 3196 346 3252 per
374 3182 666 3254 epistolam
697 3187 847 3243 hunc
893 3192 1103 3255 notate,
1153 3199 1210 3247 et
1250 3209 1321 3247 ne
1368 3192 1843 3247 commisceamini

242 3284 370 3327 cum
406 3274 521 3342 ilio,
554 3283 613 3330 ut
647 3278 1042 3342 confundatur,
1078 3288 1135 3335 et
1164 3280 1335 3336 nolite
1361 3281 1521 3353 quasi
1552 3281 1842 3337 inimicum

242 3363 526 3434 reputare,
559 3367 655 3419 sed
686 3368 949 3439 corripite
980 3375 1043 3423 ut
1069 3369 1320 3424 fratrem.
1356 3386 1383 3423 ν

317 3451 457 3507 Item
478 3455 631 3525 pacis
650 3452 968 3528 Babyloniae
987 3459 1228 3513 cultores
1256 3473 1339 3521 ea,
1357 3464 1479 3531 quae
1500 3459 1674 3531 ipsius
1689 3460 1840 3531 pacis

242 3536 392 3595 bona
411 3550 561 3609 Sunt,
579 3543 683 3598 sibi
705 3544 960 3601 sufficere
1004 3548 1363 3610 aestimantes,
1391 3546 1467 3603 nil
1498 3550 1649 3603 ultra
1684 3566 1840 3621 quie-

242 3637 379 3685 runt
408 3633 492 3686 vel
510 3640 800 3704 appetunt.
827 3637 915 3691 Sic
934 3638 1161 3707 quidam
1196 3654 1264 3692 ex
1287 3639 1422 3710 ipsis
1451 3639 1652 3694 dixisse
1699 3636 1839 3709 legi-

243 3725 339 3774 tur
371 3740 382 3773 :
421 3740 445 3773 «
478 3722 604 3787 Fiat
629 3730 852 3779 tantum
880 3740 984 3797 pax
1015 3729 1071 3781 et
1097 3728 1302 3781 veritas
1325 3729 1380 3782 in
1410 3726 1609 3783 diebus
1641 3728 1835 3783 meis»

244 3806 428 3882 Hujus
449 3812 638 3866 autem
667 3813 819 3883 pacis
849 3815 1193 3870 amatoribus
1251 3819 1485 3872 meliora
1535 3816 1662 3889 post
1696 3819 1841 3872 hanc

242 3900 415 3954 vitam
482 3898 821 3972 pessideiida
880 3904 1298 3981 relinquuntur,
1359 3906 1838 3979 quemadmodum

242 3990 514 4062 scriptum
545 3993 795 4063 reperies
820 4005 871 4048 ξ‹‹
888 3990 1164 4059 Quoniam
1194 4003 1326 4052 sunt
1353 3994 1602 4069 reliquiae
1623 3996 1839 4051 homini

242 4078 495 4153 pacili‘co.
529 4092 554 4131 ὑ

315 4171 456 4225 Ite'm
481 4180 587 4246 pax
613 4164 936 4247 Babylonia
958 4177 1409 4247 persecutionum
1425 4178 1840 4233 immunitatem
1859 4194 1909 4253 ι)

242 4260 462 4326 tribuit;
495 4268 597 4333 p'aX
617 4256 926 4318 Jerusalem
947 4267 1274 4336 patientiam
1294 4272 1514 4323 tantum
1538 4270 1709 4340 exigit
1738 4264 1839 4323 ad-

243 4342 553 4403 vereoruiii.
575 4348 733 4413 QUOd
754 4342 989 4407 innuere
1006 4347 1200 4420 voluit,
1249 4358 1346 4430 qui
1379 4357 1609 4412 virtutes
1644 4368 1840 4413 nume-

246 4432 397 4502 ratis,
416 4436 541 4509 post
558 4448 749 4511 pacem
780 4440 849 4495 de
888 4441 1160 4515 patientia
1178 4454 1305 4498 mox
1329 4447 1570 4517 subjecit
1602 4456 1612 4494 2
1648 4472 1672 4495 ιι
1707 4448 1844 4502 Fru-

249 4524 373 4579 ctus
393 4533 581 4581 autem
611 4527 843 4602 spiritus
862 4522 1125 4595 charit‘as,
1164 4534 1452 4602 gaudium,
1484 4540 1590 4613 pax
1622 4538 1844 4608 patien-

247 4614 348 4669 tia.
375 4622 401 4668 ὃ
446 4612 702 4688 Amplius
734 4638 744 4668 :
779 4618 892 4674 Pax
924 4614 1240 4694 Babyloniae
1268 4623 1315 4681 si
1345 4622 1721 4697 tranquillior,
1755 4636 1846 4681 co-

251 4699 479 4775 piosior,
511 4709 811 4781 perennior
856 4711 1043 4773 fuerit,
1105 4712 1161 4765 in
1199 4709 1539 4771 luxuriosam
1590 4717 1758 4770 nimis
1790 4724 1847 4772 et

249 4792 632 4851 eu’emiuatam
655 4796 1002 4855 remollietur
1030 4796 1366 4873 voluptatein
1391 4805 1553 4873 j'uxta
1580 4805 1731 4859 illam
1760 4816 1845 4866 sa-

246 4883 439 4951 tyricae
468 4882 919 4957 reprehensionis
947 4890 1333 4959 acrimoniam,
1367 4910 1489 4968 quae
1526 4896 1847 4969 aspérgitdr

249 4972 307 5027 in
333 4974 616 5030 Romanos
650 4995 661 5029 :

318 5132 615 5191 Przstabat
640 5144 817 5193 castas
845 5140 1077 5195 humilis
1097 5145 1341 5198 Fortuna
1372 5140 1594 5200 Latinas

320 5222 629 5293 Quondam,
666 5236 762 5283 nec
790 5233 943 5284 vitiis
972 5236 1220 5301 contingi
1243 5249 1420 5301 parva
1440 5237 1693 5290 sinebant

324 5312 477 5369 Tecta
510 5318 664 5370 labor
691 5323 977 5387 somnique
1009 5322 1186 5376 breves
1215 5326 1261 5376 et
1292 5326 1483 5377 uellere
1517 5320 1700 5383 Tusco.

328 5404 573 5469 chtor,
608 5408 865 5475 duraque
891 5424 1092 5465 manus
1118 5426 1183 5464 ac
1204 5415 1496 5483 promimus
1526 5412 1656 5469 Urbi

318 5493 580 5553 Annibal,
617 5498 664 5548 et
704 5502 907 5549 stantes
937 5500 1152 5554 Collina
1184 5507 1338 5554 turre
1367 5506 1583 5556 mariti.

319 5574 485 5635 Nunc
508 5587 767 5651 patimur
790 5587 959 5653 longae
974 5593 1127 5655 pacis
1162 5592 1329 5655 mata,
1354 5595 1544 5644 savior
1562 5595 1740 5646 armis

321 5672 573 5726 Lemuria
594 5675 883 5737 intumuit,
919 5676 1231 5749 victumque
1251 5680 1545 5736 ulciscitur
1571 5675 1772 5735 urbem.

1924 2030 2291 2085 humanitatis
2316 2032 2583 2101 exposcit,
2610 2032 2779 2085 nullis
2808 2030 3134 2085 afﬁciuntur
3160 2032 3516 2103 maeroribus,

1923 2117 2019 2173 sed
2051 2120 2231 2189 magis
2252 2118 2494 2190 quedam
2524 2122 2747 2175 interno
2771 2121 2979 2190 gaudio
3032 2114 3438 2191 praecedentem
3458 2114 3519 2174 in

1921 2209 2163 2278 patriam
2194 2208 2402 2263 socium
2437 2216 2877 2281 prosequuntur,
2910 2209 3149 2264 Scientes
3189 2206 3337 2281 quod
3362 2212 3515 2264 mor’s

1920 2308 2031 2352 non
2051 2298 2332 2372 scopulus,
2348 2296 2445 2353 sed
2464 2305 2659 2371 portuis
2674 2306 2777 2361 est,
2794 2299 3033 2354 honesta
3053 2296 3243 2353 missio
3293 2296 3513 2365 militis,

1923 2398 2137 2442 merces
2192 2384 2394 2459 operis,
2463 2387 2637 2442 aditio
2695 2386 3060 2443 haereditatls.
3130 2384 3273 2444 Nam
3322 2401 3344 2437 ι
3386 2388 3513 2443 cum

1919 2475 2139 2530 dederit
2165 2472 2382 2530 dilectis
2428 2474 2545 2531 suis
2590 2488 2878 2541 somnum,
2922 2486 3049 2531 ecce
3078 2474 3378 2532 haereditas
3402 2470 3516 2531 Do=

1920 2564 2079 2619 mini.
2109 2583 2135 2617 »

1922 2662 2053 2716 CAP.
2087 2656 2281 2719 XXIV.
2328 2664 2392 2704 —'
2433 2665 2507 2741 De
2536 2667 2712 2741 tribus
2743 2670 3020 2728 articulis,
3053 2658 3251 2736 'qut'lm‘s
3275 2675 3389 2741 pom
3416 2666 3518 2720 Ec-

2460 2739 2631 2789 clesia
2650 2740 2985 2791 continetur.

1993 2830 2196 2886 Tribus
2216 2837 2406 2887 autem
2442 2832 2691 2888 articulis
2738 2834 2891 2889 velut
2918 2836 3082 2890 trinis
3112 2830 3513 2904 fundamentis,

1921 2920 2131 2975 scilicet
2152 2919 2281 2975 fidei
2294 2922 2530 2988 unitate,
2546 2924 2850 2978 voluntatis
2870 2924 3519 2993 unanimitate,morum-

1922 3024 2027 3080 que
2057 3010 2451 3066 conformitate
2479 3024 2584 3082 pax
2612 3012 2723 3067 ista
2744 3007 3065 3069 subnititur.

2002 3098 2080 3153 De
2095 3098 2276 3170 primo
2291 3098 2528 3155 articulo
2558 3101 2823 3156 scribitur
2841 3099 2911 3156 ad
2953 3100 3235 3159 Romanos
3267 3122 3279 3159 :
3314 3116 3340 3159 at
3367 3102 3518 3163 Deus

1927 3194 2115 3242 autem
2133 3188 2249 3259 spei
2264 3188 2479 3260 repleat
2499 3202 2593 3244 vos
2626 3191 2778 3245 omni
2813 3193 3022 3262 gaudio
3052 3194 3109 3248 et
3144 3204 3280 3266 pace
3308 3195 3367 3250 in
3396 3204 3521 3251 crea

1927 3268 2129 3331 dendo.
2162 3296 2184 3328 ι
2210 3275 2289 3331 De
2339 3277 2646 3333 voluntatis
2700 3282 3072 3337 unanimitate
3129 3276 3279 3338 idem
3311 3280 3522 3342 Paulus

1925 3365 2184 3436 superius
2212 3364 2462 3422 dixerat:
2494 3382 2520 3421 ι
2554 3366 2702 3423 Deus
2731 3375 2919 3425 autem
2948 3373 3233 3443 patientiae
3253 3378 3309 3428 et
3332 3374 3522 3431 solatii

1922 3455 2019 3508 det
2047 3455 2201 3510 vobis
2230 3471 2424 3526 sapere
2454 3458 2510 3511 in
2552 3460 2885 3515 alterutrum
2934 3460 3174 3533 idipsum
3210 3461 3522 3519 secundum

1922 3545 2435 3611 JesumChristum,
2460 3554 2525 3601 ut
2552 3549 2850 3604 unanimes
2872 3568 2983 3605 uno
3024 3566 3122 3607 ore
3140 3550 3522 3609 hunoriilcetis

1922 3632 2122 3686 Deum.
2148 3654 2169 3685 ι
2200 3636 2274 3688 De
2291 3634 2679 3692 coni’ormitate
2710 3652 2931 3694 morum
2965 3641 3084 3712 ipse
3112 3640 3262 3697 idem
3302 3642 3522 3699 monuit

1922 3721 2364 3793 Philippenses,s
2380 3726 2442 3778 ut
2459 3722 2628 3785 idem,
2646 3727 3227 3805 inquit,sapiamus,et
3244 3732 3301 3786 in
3321 3731 3520 3788 eadem

1924 3813 2119 3880 regula
2137 3820 2583 3883 permaneamus.
2614 3835 2636 3867 ι
2675 3812 2779 3871 Ubi
2808 3819 3037 3873 nomine
3061 3819 3268 3891 regulae
3297 3818 3520 3877 confor-

1925 3898 2177 3953 mitatem
2204 3901 2390 3955 innuit
2421 3902 2561 3957 vitae
2590 3902 2879 3961 Etenimin
2896 3918 3067 3963 unam
3101 3908 3231 3964 ﬁdei
3262 3918 3520 3967 normam

1923 4000 2138 4055 omnes,
2167 3984 2262 4062 qui
2287 3994 2421 4045 sunt
2460 3987 2687 4055 Christi,
2725 3994 3082 4052 conveniunt;
3124 3994 3281 4063 Quod
3314 3992 3520 4055 visibili

1919 4078 2038 4147 jam
2060 4078 2394 4134 documento
2411 4080 2906 4157 percipimus,dum
2927 4082 3111 4142 videre
3128 4083 3522 4160 est,quomodo

1930 4172 2044 4220 tam
2067 4169 2203 4222 varii
2225 4168 2409 4224 cultus
2421 4177 2636 4241 gentes,
2661 4175 2776 4228 tam
2800 4170 3026 4230 dissona
3044 4176 3231 4232 vultus
3249 4191 3366 4235 ora.
3400 4176 3521 4234 tam

1932 4256 2150 4310 diversa
2191 4254 2509 4328 lingtlarum
2531 4261 2818 4317 schemata
2838 4265 2895 4318 in
2926 4265 3179 4335 ejusdem
3204 4270 3521 4324 consonan-

1925 4344 2061 4399 tiam
2092 4347 2382 4401 uniuntur.
2403 4348 2611 4405 Omnes
2633 4352 2805 4415 enim,
2839 4354 2935 4424 qui
2965 4350 3286 4411 Christiana
3310 4358 3523 4429 profes-

1924 4434 2081 4489 sione
2096 4452 2407 4499 censemur,
2441 4440 2606 4493 uaius
2636 4442 2859 4496 Domini
2884 4456 2947 4497 su
2960 4452 3083 4499 mus
3112 4444 3328 4509 famuli,
3352 4449 3521 4504 unius

1925 4525 2164 4598 pastoris
2184 4543 2333 4594 oves,
2352 4528 2519 4582 unius
2544 4530 2733 4603 gregis
2764 4532 2991 4593 milites.
3021 4534 3179 4597 Unus
3223 4552 3325 4597 nos
3353 4537 3522 4599 Pater

1924 4613 2137 4684 genuit,
2155 4631 2268 4668 una
2289 4612 2467 4672 mater
2482 4610 2724 4677 Ecclesia
2772 4620 3046 4694 concepit,
3079 4610 3245 4679 unius
3272 4610 3521 4696 agnosci-

1926 4720 2055 4757 mur
2077 4705 2325 4775 corporis
2355 4706 2625 4761 membra.

1996 4789 2058 4847 In
2092 4788 2392 4848 voluntatis
2423 4810 2551 4849 vero
2578 4797 2904 4853 unanimem
2935 4796 3289 4857 concordiam
3328 4802 3386 4857 et
3407 4812 3523 4859 mo-

1924 4890 2049 4937 rum
2080 4882 2334 4938 eamdem
2366 4882 2784 4941 similitudinem
2816 4898 2925 4944 non
2958 4902 3152 4945 omnes
3187 4902 3521 4949 concurrere

1924 4972 2114 5026 statim
2136 4984 2361 5028 necesse
2381 4978 2485 5038 est,
2512 4973 2824 5030 hismorum
2860 4982 2918 5032 et
2942 4979 3247 5035 uoluntatis
3275 4977 3520 5053 exceptls

1926 5060 2204 5132 capitulis,
2229 5074 2352 5133 quae
2367 5069 2481 5118 tam
2500 5063 2829 5135 evangelicae
2841 5074 3011 5136 quam
3041 5064 3356 5139 apostolica
3386 5080 3522 5142 pra}-

1927 5149 2200 5221 teptionis
2250 5152 2476 5207 decreta
2517 5155 2725 5225 scripta
2752 5155 3034 5227 tacitaque
3064 5165 3389 5225 sanxerunt,
3428 5168 3520 5215 se-

1927 5239 2171 5293 cundum
2196 5242 2343 5312 quod
2371 5242 2545 5297 totius
2576 5238 2877 5299 Christiani
2894 5247 3119 5315 generis
3140 5248 3348 5302 statum
3380 5264 3522 5321 opus

1929 5335 2014 5382 est
2041 5329 2360 5385 indissimili
2416 5333 2717 5389 voluntatis
2768 5342 2823 5389 et
2867 5337 3036 5390 moris
3091 5334 3229 5392 facie
3258 5332 3518 5393 colorari.

1926 5419 2081 5473 Alias
2102 5426 2312 5482 autem,
2338 5416 2465 5483 licet
2485 5422 2714 5479 novellae
2730 5423 2982 5480 Ecclesiae
3018 5424 3160 5481 ﬁlios
3192 5422 3442 5483 moribus
3466 5435 3525 5484 et

1928 5506 2132 5561 aniinis
2164 5508 2641 5566 conformissimos
2671 5513 2843 5569 luisse
2871 5516 3130 5586 legamus
3164 5536 3187 5568 α
3213 5512 3526 5574 multitudi-

1929 5595 2016 5650 nis
2037 5594 2185 5649 enim
2208 5597 2554 5652 credentium
2587 5609 2711 5655 erat
2733 5612 2830 5657 cor
2857 5618 3034 5659 unum
3055 5608 3112 5660 et
3138 5606 3327 5660 anima
3356 5614 3472 5661 una
3492 5625 3519 5659 n

1930 5682 2140 5739 uestris
2163 5689 2354 5741 tamen
2376 5687 2723 5760 temporibus
2758 5696 2882 5748 tum
2910 5696 3139 5767 propter
3156 5690 3524 5767 fragilitatem
