3944 6378
434 341 573 400 1631

1747 354 1998 411 RUFINI
2035 353 2370 412 EPISCOPI

3580 352 3719 412 1632

437 466 879 534 hominum,tum
892 470 1061 526 etiam
1074 473 1496 530 disseminatum
1513 493 1616 548 per
1633 483 1815 534 totum
1838 479 2031 536 orbem
2051 485 2097 542 Α
2117 485 2545 553 concrepantem
2577 484 2782 537 nostrae
2809 483 3102 552 nequeunt
3129 495 3296 536 aures
3340 479 3712 552 distinguere,

439 559 905 614 numerositatem
933 562 1301 628 credentium,
1327 581 1468 636 quos
1495 567 1662 621 unius
1691 569 1916 638 penitus
1937 587 2033 624 vo-

439 647 677 702 luntatis
708 654 765 702 et
778 650 949 704 moris
979 652 1248 721 qualitate
1265 653 1494 708 formari
1516 656 1586 710 ab
1603 657 1756 711 omni
1775 659 2033 714 humanae.

439 736 828 808 possibilitatis
863 738 1124 794 facultate
1145 758 1313 812 quam
1356 744 1521 813 longe
1548 751 1649 799 est.
1687 748 1811 801 Non
1839 764 2033 804 omnes

438 825 498 879 in
528 827 784 881 eamdem
811 828 1161 884 affectionem
1190 837 1246 885 et
1271 834 1648 889 moralitatem
1675 843 1900 903 coeunt,
1933 839 2030 892 sed

438 914 566 969 aliis
593 915 706 970 alia
735 917 956 986 placent
977 925 1034 972 et
1061 919 1286 984 habent,
1347 929 1508 976 extra
1536 941 1704 994 quam
1735 927 1781 980 si
1812 927 2031 998 aliquos

438 1019 616 1074 usque
633 1006 772 1059 adeo
796 1023 900 1075 pax
920 1007 1255 1079 istaligavit,
1275 1016 1340 1064 ut
1377 1011 1456 1065 eis
1476 1029 1587 1067 non
1607 1019 1827 1069 tantum
1855 1017 2031 1071 animi

439 1093 840 1161 assensionem,
867 1096 964 1150 sed
979 1097 1149 1151 etiam
1167 1099 1434 1154 domicilii
1463 1101 1865 1158 habitationem
1891 1105 2032 1158 indi-

438 1181 663 1235 viduam
695 1183 984 1254 largiatur,
1010 1185 1079 1239 de
1100 1187 1303 1257 quibus
1331 1190 1602 1260 scriptum
1639 1198 1724 1246 est
1756 1211 1766 1245 :
1805 1211 1830 1244 «
1861 1194 2028 1261 Deus,

439 1269 534 1341 qui
559 1269 812 1326 habitare
840 1273 971 1327 facit
993 1275 1160 1328 unius
1191 1277 1363 1331 moris
1394 1277 1450 1332 in
1473 1280 1773 1336 domo.»Et
1787 1283 1989 1336 iterum
2017 1302 2027 1336 :

443 1376 468 1410 ί(
495 1359 631 1414 Ecce
661 1377 828 1432 quam
861 1361 1067 1417 bonum
1113 1371 1171 1418 et
1225 1383 1392 1436 quam
1436 1369 1749 1437 jucundum
1779 1371 2033 1426 habitare

434 1448 636 1503 fratres
657 1450 714 1504 in
736 1467 930 1506 unum.
961 1472 983 1503 ι
1029 1453 1096 1508 Et
1126 1453 1184 1507 in
1215 1455 1560 1526 Evangeliis:
1600 1480 1621 1507 α
1674 1459 1777 1514 Ubi
1807 1460 1918 1515 duo
1950 1462 2033 1515 vel

437 1542 552 1592 tres
574 1541 898 1610 congregati
918 1541 1131 1597 fuerint
1151 1543 1209 1597 in
1227 1545 1453 1599 nomine
1483 1562 1628 1611 meo,
1664 1547 1742 1602 ibi
1774 1565 1876 1620 ego
1907 1567 2031 1604 sum

435 1626 494 1680 in
521 1628 704 1681 medio
735 1646 948 1684 eorum.
997 1651 1022 1683 »

508 1715 644 1770 CAP.
680 1718 919 1772 XXV.-
953 1722 1026 1774 De
1044 1722 1378 1776 dissensione
1406 1727 1572 1778 Pauli
1600 1731 1650 1779 et
1672 1728 1953 1782 Barnabz.

2117 570 2592 642 quemadmodum
2613 569 2903 640 scripsisse
2926 569 3135 624 inventi
3154 576 3305 634 sunt,
3330 571 3424 642 qui
3441 571 3710 625 caelorum

2115 660 2334 714 arcanis
2365 660 2555 714 oculos
2575 659 2908 713 domesticos
2927 659 3265 728 injecerunt:
3285 661 3507 730 quia,ut
3525 661 3705 726 aiunt,

2114 755 2344 821 propter
2355 753 2597 804 veterem
2613 748 3072 802 consuetudinem
3089 765 3224 818 erga
3235 750 3508 820 crepitum
3527 749 3708 815 illum,

2116 837 2211 908 qui
2241 853 2304 891 ex
2356 837 2539 908 prima
2589 836 2882 890 nativitate
2930 836 3202 900 resanuit,
3237 853 3344 891 usu
3387 837 3716 908 quotidiana

2113 927 2464 996 oppletamm
2495 925 2717 979 aurium
2759 941 2958 978 sensus
3011 924 3324 987 obsurduit,
3376 925 3488 980 imo
3520 926 3713 981 minus

2114 1014 2235 1083 ejus
2253 1015 2572 1068 auscultare
2597 1030 2897 1085 possumus
2918 1014 3392 1076 melodiam,sicut
3411 1015 3469 1068 in
3491 1015 3712 1070 officina

2115 1103 2397 1158 metallica
2425 1103 2666 1158 assiduis
2698 1101 3051 1173 operantium
3081 1101 3284 1157 ictibus
3309 1110 3578 1158 contusus
3619 1103 3715 1158 he-

2118 1191 2291 1246 bcscit
2318 1192 2566 1247 auditus.
2594 1192 2681 1246 Ad
2710 1191 2859 1264 quod
2898 1192 3153 1256 forsitan,
3199 1192 3506 1247 secundum
3537 1193 3712 1247 fidem

2115 1281 2462 1350 historicam,
2490 1281 2629 1335 illud
2661 1281 2924 1351 pertinet,
2956 1281 3102 1351 quod
3127 1281 3398 1335 Dominus
3427 1282 3482 1336 in
3511 1281 3614 1336 Job
3631 1282 3715 1336 di-

2114 1369 2196 1423 xit
2223 1389 2234 1424 :
2271 1390 2294 1420 ι
2325 1369 2463 1434 Quis
2483 1369 2770 1424 enarrabit
2790 1369 3056 1423 cmlorum
3087 1369 3382 1434 rationem,
3407 1375 3464 1423 et
3481 1387 3715 1426 concen-

2117 1463 2235 1512 tum
2264 1459 2388 1513 coali
2411 1460 2536 1530 quis
2561 1459 2807 1513 dormire
2836 1458 3059 1519 faciet,»
3089 1458 3411 1524 subaudias,
3433 1459 3540 1514 nisi
3571 1460 3712 1529 ego?

2116 1548 2371 1602 Dormire
2391 1548 2596 1619 quippe
2608 1549 2731 1602 coeli
2761 1560 3064 1603 concentus
3083 1548 3199 1602 Deo
3228 1547 3464 1603 faciente
3484 1548 3710 1616 dicitur,

2117 1637 2340 1706 quando
2359 1637 2712 1708 planetarum
2740 1641 2926 1691 motus
2946 1636 3040 1692 ille
3069 1636 3428 1691 harmonicus
3455 1637 3536 1691 sic
3563 1654 3717 1691 sum-

2117 1726 2196 1779 mi
2228 1726 2458 1798 Opificis
2487 1732 2608 1780 arte
2639 1726 2980 1796 compositus
3010 1732 3099 1781 est
3136 1731 3201 1780 ut
3251 1742 3450 1780 sonum
3482 1727 3710 1797 quidem

507 1806 760 1877 Denique
781 1808 828 1861 si
881 1808 1059 1879 ipsam
1100 1810 1418 1865 animorum
1470 1815 1824 1869 concordiam
1882 1798 2570 1871 interBtonantissimum
2592 1816 2816 1880 habeat,
2861 1816 2958 1870 sed
3006 1815 3270 1869 humanis
3301 1814 3531 1870 auribus
3559 1816 3717 1870 velut

431 1896 618 1965 justos
635 1896 985 1952 dissensione
1008 1899 1152 1953 forte
1182 1900 1372 1971 aliqua
1403 1903 1684 1956 vulnerari
1705 1906 2024 1976 contigerit,

435 1998 550 2036 non
577 1983 686 2037 erit
707 1984 1117 2055 desperandum
1147 1988 1428 2051 continuo,
1455 2007 1556 2045 nec
1594 1992 1680 2046 his
1709 1993 2031 2048 dissidenti-

435 2069 542 2125 bus
589 2073 1022 2141 detrahendum,
1062 2077 1195 2147 quia
1241 2079 1410 2132 etiam
1462 2080 1624 2134 Pauli
1672 2088 1729 2136 et
1759 2083 2029 2139 Barnabaa

439 2161 762 2217 societatem
795 2165 1170 2234 evangelicam
1203 2168 1485 2237 quondam
1526 2171 1763 2241 legimus
1783 2171 2032 2226 funiculo

437 2251 1276 2325 disjunctam,quemadmodum
1291 2259 1561 2330 scriptum
1584 2267 1671 2314 est
1698 2262 1830 2332 quia
1846 2281 1870 2313 «
1895 2263 2034 2316 Bar-

439 2341 616 2395 nabas
644 2343 818 2397 voluit
841 2361 1029 2398 secum
1060 2361 1345 2402 assumere
1372 2350 1668 2414 Joannem,
1703 2351 1799 2420 qui
1828 2367 2033 2422 cogno-

439 2430 691 2486 minatur
737 2434 995 2502 Marcus;
1029 2436 1239 2490 Paulus
1300 2444 1489 2492 autem
1519 2439 1756 2508 rogabat
1779 2456 1930 2503 eum,
1971 2449 2036 2497 ut

445 2521 540 2592 qui
561 2521 911 2577 discessisset
937 2523 1007 2578 ab
1050 2526 1132 2579 eis
1183 2527 1252 2580 de
1297 2527 1630 2598 Pamphilia,
1661 2535 1718 2582 et
1747 2546 1859 2584 non
1903 2531 2038 2585 isset

443 2625 570 2664 cum
596 2610 677 2664 eis
701 2610 759 2664 in
798 2628 957 2683 opus,
984 2630 1094 2667 non
1111 2614 1314 2668 debere
1335 2616 1524 2687 recipi.
1559 2617 1726 2672 Facta
1738 2624 1824 2672 est
1847 2625 2036 2674 autem

441 2697 734 2765 dissensio,
760 2701 840 2754 ita
855 2708 919 2756 ut
939 2702 1291 2757 discederent
1306 2705 1376 2758 ab
1397 2705 1716 2772 invicem,et
1745 2708 2034 2763 Barnabas

442 2788 669 2859 quidem
691 2797 981 2862 assumpto
998 2791 1190 2847 Marco
1227 2794 1517 2864 navigaret
1529 2795 1796 2867 Cyprum.
1827 2797 2034 2851 Paulus

442 2894 574 2932 vero
593 2879 767 2935 electo
791 2881 906 2935 Sila
925 2882 1204 2952 profectus
1223 2889 1327 2944 est,
1360 2885 1603 2939 traditus
1637 2887 1834 2956 gratiae
1860 2887 1962 2941 Dei
2000 2905 2034 2940 a

437 2967 724 3023 fratribus.
756 2988 782 3021 »
799 2969 976 3034 Quem
989 2971 1237 3026 Marcum
1255 2979 1449 3043 postea
1464 2975 1671 3029 Paulus
1695 2975 1752 3029 in
1773 2976 2034 3030 affectum

441 3059 738 3129 recipiens,
758 3058 939 3130 ipsum
973 3060 1142 3114 etiam
1187 3063 1610 3118 Colossensibus
1640 3065 1858 3119 studuit
1881 3083 2035 3120 com-

439 3148 706 3202 mendare
735 3148 926 3203 dicens
953 3163 965 3198 :
1001 3168 1026 3202 (‹
1061 3151 1282 3205 Salutat
1311 3169 1405 3205 vos
1443 3153 1801 3207 Aristarchus
1830 3170 2033 3209 conca-

439 3237 624 3309 ptivus
653 3255 833 3304 meus,
866 3244 924 3292 et
951 3239 1174 3293 Marcus
1218 3240 1586 3296 consobrinus
1633 3241 1923 3308 Barnabas,
1964 3244 2033 3298 de

441 3343 551 3397 quo
577 3328 870 3398 accepistis
899 3328 1186 3392 mandata,
1225 3351 1246 3379 ι
1278 3330 1434 3400 prius
1463 3330 1738 3394 videlicet,
1774 3348 1940 3402 quam
1958 3333 2036 3386 di-

439 3416 728 3470 scessisset
757 3417 895 3471 (haec
937 3433 1086 3470 enim
1141 3422 1392 3490 mag...)
1424 3439 1445 3470 ι
1481 3418 1527 3473 si
1559 3420 1772 3473 venerit
1822 3422 1894 3476 ad
1916 3439 2032 3490 vos,

439 3503 674 3574 excipite
703 3504 884 3558 illum.
919 3523 948 3557 ι

510 3593 844 3662 Quiaigitur
859 3593 1244 3649 ecclesiastica
1260 3597 1411 3666 pacis
1437 3595 1864 3654 fundamentum
1889 3617 2032 3670 prte-

439 3682 666 3754 cipuum
689 3682 828 3736 fides
848 3689 952 3744 est,
977 3684 1023 3736 si
1043 3684 1346 3755 aliquando
1369 3686 1518 3740 inter
1548 3689 1800 3742 membra
1826 3689 2035 3744 Christi

439 3789 551 3827 non
569 3772 795 3843 quidem
828 3773 1016 3827 hostili
1046 3774 1295 3838 dissidio,
1337 3777 1433 3830 sed
1467 3777 1755 3832 simultate
1786 3778 2037 3832 fraterna

439 3862 678 3930 alicujus
708 3863 1082 3917 contentionis
1107 3865 1338 3934 querela
1379 3865 1638 3922 subsiliat
1655 3868 1806 3939 (quae
1843 3874 2035 3922 tamen

437 3951 837 4005 mediocritatis
857 3951 1066 4006 limites
1081 3969 1192 4007 non
1214 3954 1460 4020 excedat)
1485 3971 1594 4010 non
1616 3963 1702 4010 est
1723 3956 2036 4012 timendum

442 4041 662 4112 penitus
697 4060 708 4093 :
738 4040 868 4112 quia
898 4041 1057 4095 facile
1086 4042 1273 4096 curari
1299 4051 1534 4113 possunt
1584 4045 1700 4099 haec
1724 4046 1934 4116 jurgia,
1975 4048 2033 4100 in

440 4130 643 4201 quibus
654 4146 756 4184 nec
771 4130 899 4184 fidei
923 4147 1046 4201 pax,
1065 4148 1166 4184 nec
1183 4132 1412 4202 pietatis
1443 4134 1647 4187 veritas
1678 4135 2025 4193 collabescit.

439 4220 571 4274 Haac
599 4219 746 4274 enim
773 4219 951 4289 magis
979 4219 1154 4273 dissui
1186 4237 1354 4290 quam
1388 4221 1626 4276 discindi
1659 4224 1909 4294 putanda
1948 4232 2034 4279 est

437 4310 686 4364 fraterna
707 4310 1023 4378 concordia,
1039 4309 1095 4363 in
1113 4326 1225 4380 qua
1241 4310 1531 4365 charitatis
1553 4328 1686 4365 usus
1704 4312 2028 4376 remittitur,

438 4415 541 4453 nec
569 4399 761 4454 odium
787 4399 1062 4452 irritatur.

439 4549 574 4604 CAP.
606 4550 802 4604 XXVI.
820 4579 884 4590 —
917 4551 1190 4616 Quomodo
1206 4566 1317 4617 pax
1346 4553 1452 4603 ista
1481 4555 1692 4620 angelis
1722 4556 1907 4606 suavis
1935 4557 2028 4613 est,

866 4627 914 4674 et
937 4623 1272 4675 dmnonibus
1302 4624 1590 4676 terribilis.

509 4752 873 4809 Admirabilis
888 4753 1124 4807 nimium
1142 4771 1247 4825 pax
1267 4754 1393 4820 ista,
1409 4761 1467 4808 ct
1485 4761 1605 4810 tota
1643 4757 1808 4811 laude
1828 4759 2034 4813 solem-

438 4845 544 4906 nis,
579 4861 701 4915 quae
713 4843 898 4898 suavis
918 4843 1149 4913 angelis,
1182 4844 1450 4898 terribilis
1461 4845 1647 4900 existit
1663 4846 2029 4902 daemonibus.

438 4935 534 4989 Est
555 4933 706 4988 enim
729 4949 832 5004 pax
856 4932 1114 4986 Ecclesiae
1130 4933 1328 4988 similis
1353 4934 1433 4987 illi
1451 4935 1664 4988 caelesti
1680 4942 1735 4988 et
1749 4936 2032 5006 primaria;

436 5022 743 5078 harmoniae
759 5023 840 5076 vel
865 5022 1040 5076 motui
1054 5023 1407 5093 planetarum
1423 5030 1636 5092 septem
1653 5041 1831 5096 usque
1853 5027 2032 5081 orien-

437 5118 551 5166 tem
585 5111 955 5166 currentium.
993 5111 1180 5164 Dulcis
1212 5112 1466 5181 quaedam
1511 5119 1565 5164 et
1591 5114 1755 5182 plena
1779 5115 2030 5184 gratissi-

437 5217 543 5255 mae
572 5199 898 5254 sonoritatis
927 5216 1028 5253 vox
1059 5198 1332 5262 redditur,
1365 5216 1492 5253 cum
1523 5201 1727 5254 scissus
1770 5203 1943 5256 aether
1971 5205 2029 5258 in

437 5291 559 5361 ipso
589 5289 976 5343 sonorantium
1027 5289 1380 5358 planetarum
1427 5295 1541 5342 tam
1583 5290 2027 5358 artificiabiliter,

436 5384 554 5434 tam
585 5377 938 5449 aequabiliter
964 5385 1130 5430 acuta
1160 5394 1284 5430 cum
1333 5379 1598 5447 gravibus
1627 5385 1926 5450 temperat,
1968 5389 2031 5435 ut

438 5477 742 5521 concentus
763 5468 892 5520 inde
908 5467 1184 5520 formetur
1201 5466 1279 5520 sic
1308 5468 1688 5530 suavissimus,
1715 5471 1861 5540 quod
1893 5470 2030 5524 inef-

437 5556 682 5610 fabiliter
696 5558 914 5610 vincere
936 5556 1139 5609 habeat
1150 5574 1370 5611 onmem
1390 5558 1551 5611 dulco
1561 5559 1601 5611 ri
1634 5559 2030 5612 modulaminis

439 5645 798 5702 cantilenam.
813 5646 990 5708 Quem
1011 5654 1202 5702 tamen
1221 5653 1435 5700 motum
1456 5647 2032 5716 orbium,immensius

2113 1920 2214 1975 per
2239 1906 2420 1960 somni
2449 1905 2831 1976 quietudinem
2862 1903 3176 1958 obsilescat.

2186 1995 2346 2059 Quod
2379 2001 2568 2049 autem
2594 1994 2978 2048 ecclesiastica)
3009 1994 3161 2064 pacis
3189 1993 3542 2048 concordiam
3581 2011 3709 2048 mo-

2112 2083 2436 2138 dulatarum
2459 2100 2655 2138 vocum
2703 2083 3020 2137 concinnati
3073 2083 3387 2154 comparari
3434 2088 3712 2154 oporteat,

2118 2174 2364 2244 optimus
2381 2173 2631 2244 psalmus
2647 2173 2855 2226 clamat
2875 2191 2886 2226 :
2914 2192 2936 2222 ε
2955 2172 3206 2226 Laudate
3218 2188 3345 2226 eum
3365 2171 3422 2225 in
3441 2177 3716 2242 tympano

2119 2268 2175 2317 et
2202 2264 2392 2328 choro,
2422 2261 2648 2315 laudate
2672 2278 2801 2315 eum
2830 2261 2889 2314 in
2931 2261 3162 2315 ‘chordis
3212 2266 3271 2315 et
3298 2277 3529 2330 organo.
3556 2279 3582 2314 io
3607 2260 3716 2314 Ubi

2117 2370 2219 2424 per
2245 2352 2500 2416 chorum,
2533 2351 2666 2422 quia
2717 2351 2960 2421 plurium
3014 2367 3206 2404 vocum
3254 2349 3424 2404 habet
3457 2350 3717 2404 adunan-

2117 2442 2276 2507 tiam,
2308 2441 2697 2495 ecclesiasticae
2726 2439 3034 2494 concordiae
3087 2439 3276 2493 unitas
3331 2439 3629 2509 ﬁguratur,
3657 2439 3714 2493 in

2118 2533 2264 2586 hanc
2287 2530 2731 2592 similitudinem,
2759 2529 2889 2600 quia
2918 2529 3064 2583 sicut
3083 2529 3141 2582 in
3169 2529 3492 2600 pluralitate
3519 2545 3712 2583 vocum

2119 2639 2184 2676 eo
2215 2621 2430 2675 dulcior
2458 2620 2756 2674 harmonia
2783 2620 2865 2682 fit,
2901 2635 3010 2689 quo
3058 2635 3170 2672 non
3219 2635 3284 2672 ex
3343 2618 3574 2684 eisdem,
3617 2619 3716 2672 sed

2118 2711 2350 2765 diversis
2381 2710 2534 2764 sonis
2585 2715 2783 2762 cantus
2839 2724 2985 2762 unus
3040 2707 3432 2777 compingitur,
3465 2707 3545 2761 sic
3570 2717 3628 2761 et
3656 2708 3716 2762 in

2117 2799 2503 2854 ecclesiastica:
2515 2798 2667 2870 pacis
2697 2802 2847 2851 statu
2879 2813 2944 2850 eo
2966 2801 3052 2850 est
3081 2795 3377 2849 concordia
3407 2795 3714 2866 pulchrior,

2116 2907 2226 2960 quo
2253 2905 2364 2943 non
2397 2905 2594 2942 omnes
2649 2886 2929 2950 omnibus,
2980 2885 3079 2938 sed
3140 2884 3346 2954 singuli
3383 2884 3622 2955 singulis
3659 2890 3719 2939 et

2115 2978 2350 3032 diversis
2377 2977 2574 3032 officiis
2596 2977 2679 3030 uti
2709 2975 2812 3029 sub
2831 2991 2944 3028 uno
2977 2973 3267 3027 charitatis
3295 2972 3598 3028 sociamine
3627 2974 3716 3027 di-

2115 3073 2482 3138 gnoscuntur.
2517 3065 2749 3130 Qualem
2769 3064 2976 3118 etenim
2990 3070 3219 3133 putares
3234 3069 3296 3116 tu
3318 3063 3576 3117 Ecclesiae
3593 3079 3717 3117 esse

2117 3156 2495 3218 concordiam,
2533 3154 2581 3208 si
2609 3153 2809 3207 docere
2864 3151 3071 3206 vellent
3108 3168 3324 3216 omnes,
3357 3151 3403 3205 si
3432 3152 3718 3206 exhortari

2117 3244 2342 3315 singuli,
2359 3243 2405 3297 si
2427 3244 2838 3313 eleemosynam
2872 3240 3119 3295 tribuere
3147 3240 3412 3305 universi,
3437 3246 3496 3294 et
3514 3247 3719 3296 caetera

2117 3334 2187 3388 ab
2212 3334 2466 3405 apostolo
2494 3337 2791 3386 numerata
2811 3330 3032 3384 officia?
3064 3347 3187 3400 quae
3223 3329 3414 3383 omnia
3435 3329 3480 3384 si
3501 3329 3560 3383 in
3579 3346 3719 3384 uno-

2117 3423 2367 3495 quolibet
2383 3421 2550 3476 simul
2585 3426 2791 3486 essent,
2808 3436 3001 3474 eorum
3023 3419 3275 3473 omnium
3300 3419 3582 3490 deperiret
3602 3421 3718 3473 uti-

2115 3514 2266 3577 litas,
2299 3513 2432 3566 dum
2464 3527 2628 3565 nemo
2679 3510 2749 3564 ab
2796 3510 2907 3563 alio
2963 3507 3255 3578 reciperet,
3287 3525 3396 3579 quo
3451 3508 3570 3580 ipse
3600 3525 3716 3564 non

2117 3610 2324 3673 egeret,
2370 3601 2561 3670 sicque
2611 3603 2965 3653 evanesceret
2993 3614 3096 3668 pax
3128 3598 3403 3662 Ecclesize,
3447 3615 3614 3668 quam
3656 3599 3715 3652 in

2118 3691 2288 3746 dandi
2320 3697 2377 3744 et
2405 3689 2713 3760 accipiendi
2742 3689 2950 3759 pietate
2977 3687 3384 3757 disputavimus
3414 3687 3713 3741 contineri.

2191 3782 2351 3834 Nunc
2381 3779 2554 3848 igitur
2601 3779 2735 3832 dum
2791 3783 2854 3830 tu
2905 3776 3042 3829 mihi
3093 3775 3359 3829 nescienti
3399 3775 3715 3830 doctrinam

2120 3869 2407 3938 praedicas,
2446 3874 2502 3920 et
2523 3883 2625 3936 ego
2655 3865 2757 3919 tibi
2785 3865 2972 3935 egenti
2988 3864 3255 3917 alimenta
3279 3863 3715 3934 dispendo,dum

2118 3957 2224 4010 iste
2253 3956 2332 4009 illi
2373 3957 2430 4009 in
2451 3955 2662 4025 templo
2683 3959 2826 4020 orat,
2851 3953 2944 4007 ille
2965 3953 3060 4006 isti
3085 3953 3140 4006 in
3163 3953 3423 4023 praetorio
3444 3953 3716 4022 postulat,

2117 4052 2175 4100 et
2195 4045 2273 4100 sic
2303 4063 2402 4116 per
2430 4045 2649 4115 reliqua
2679 4044 2931 4114 ejusdem
2965 4042 3134 4105 modi,
3178 4048 3313 4095 tunc
3342 4042 3715 4112 plurimorum

2118 4135 2367 4188 fidelium
2395 4143 2559 4204 grata
2603 4133 2917 4194 concordia,
2968 4131 3120 4185 velut
3161 4131 3464 4184 multarum
3513 4146 3717 4183 vocum

2117 4223 2374 4278 blandior
2402 4222 2759 4293 componitur
2778 4220 3091 4275 harmonia.
3130 4219 3264 4274 Haec
3284 4225 3370 4273 est
3397 4219 3494 4272 illa
3516 4219 3717 4273 fortas-

2117 4313 2194 4366 sis
2224 4313 2457 4377 musica,
2492 4327 2661 4382 quam
2693 4310 2926 4380 Sapiens
2951 4307 3210 4379 prohibet
3234 4306 3493 4377 impediri
3527 4325 3540 4360 :
3568 4326 3593 4358 ι
3630 4308 3715 4360 Ne

2048 4432 2097 4490 Β
2115 4401 2390 4472 impedias
2411 4403 2700 4454 musicam.
2723 4419 2744 4449 ι
2791 4399 2972 4462 Quam
3002 4397 3276 4467 impedire
3302 4395 3426 4466 quis
3446 4395 3717 4466 intelligi-

2118 4497 2230 4557 tur,
2243 4507 2368 4544 cum
2382 4490 2686 4543 fraternam
2709 4486 2857 4558 pacis
2878 4485 3106 4540 turbare
3127 4485 3549 4539 consonantiam
3562 4484 3718 4537 inve-

2118 4581 2290 4634 nitur.
2314 4571 2566 4649 Denique
2596 4594 2706 4630 non
2729 4577 2905 4630 otiose
2934 4576 2992 4629 in
3020 4576 3189 4628 choro
3227 4575 3355 4638 isto,
3387 4573 3490 4626 hoc
3520 4580 3603 4626 est
3653 4575 3712 4627 in

2117 4671 2336 4724 unitate
2359 4669 2510 4740 pacis
2523 4666 2907 4721 ecclesiasticae
2929 4665 3146 4718 divinas
3162 4679 3361 4718 canere
3376 4662 3570 4716 laudes
3609 4663 3717 4716 ad-

2117 4774 2432 4818 monemur,
2456 4758 2587 4828 quia
2609 4757 2785 4810 Deum
2805 4771 2970 4808 nemo
2991 4754 3221 4808 laudare
3243 4753 3509 4817 creditur,
3545 4768 3714 4807 nemo

2114 4847 2256 4901 bene
2275 4863 2521 4916 unquam
2540 4844 3143 4916 operaricognoscitur,
3178 4843 3226 4896 si
3247 4848 3405 4896 extra
3447 4842 3712 4895 ecclesia-

2115 4937 2266 4991 stica:
2298 4937 2448 5007 pacis
2476 4935 2785 4989 claustrum
2817 4939 3104 5002 evagetur.

2187 5026 2264 5080 Ex
2302 5025 2388 5078 his
2435 5041 2568 5093 ergo
2625 5023 2807 5092 liquet
2848 5021 3128 5092 quomodo
3175 5019 3437 5072 fraternae
3469 5019 3713 5074 societas

2114 5115 2265 5186 pacis
2285 5112 2647 5168 concinnitati
2666 5127 2931 5164 sonorum
2952 5109 3137 5162 affinis
3159 5115 3262 5162 est.
3292 5108 3548 5171 Qualiter
3577 5127 3710 5163 vero

2113 5203 2406 5258 concentui
2430 5203 2780 5272 planetarum
2815 5200 2888 5254 sit
2919 5198 3137 5254 similis.
3191 5197 3284 5250 ille
3330 5197 3471 5250 scire
3502 5199 3706 5268 potuit,

2114 5294 2209 5364 qui
2242 5292 2432 5362 [novit,
2464 5289 2589 5363 cur]
2627 5289 2736 5343 veri
2765 5289 2863 5342 filii
2910 5288 3030 5349 Dei,
3073 5303 3138 5340 ex
3169 5286 3372 5356 quibus
3412 5288 3712 5341 concordia

2111 5384 2220 5436 ista
2248 5380 2620 5452 componitur,
2651 5377 2957 5431 luminibus
2979 5376 3101 5429 cceli
3133 5382 3546 5445 comparentur.
3568 5377 3711 5431 Dicit

2112 5471 2258 5523 enim
2290 5470 2588 5537 Apostolus
2618 5467 2683 5520 ad
2719 5465 3039 5535 huj'vsmodi
3065 5483 3076 5516 :
3116 5483 3142 5514 «
3172 5464 3246 5517 Ut
3275 5463 3396 5516 sitis
3426 5463 3548 5516 sine
3575 5480 3712 5533 quc-

2114 5560 2225 5612 rela
2248 5566 2305 5612 et
2334 5559 2614 5630 simplices
2644 5556 2744 5609 filii
2777 5555 2896 5614 Dei.
2930 5560 2987 5607 et
3015 5554 3136 5606 sine
3178 5552 3612 5622 reprehensione
3654 5553 3708 5605 in

2113 5648 2299 5702 medio
2327 5647 2571 5702 nationis
2601 5661 2784 5715 pravae
2819 5651 2876 5698 et
2909 5659 3202 5713 perversae,
3255 5645 3404 5695 inter
3440 5657 3582 5712 quos
3621 5642 3708 5694 lu-
