3944 6358
250 381 388 442 1683

246 597 320 652 tis
350 597 444 652 ille
477 604 782 652 concentus
799 597 1059 662 efficitur,
1084 603 1142 651 et
1170 614 1270 668 per
1298 597 1680 669 septiformem
1715 595 1842 666 Spi-

247 687 390 741 ritus
431 688 611 742 sancti
641 689 883 758 gratiam
930 687 1079 757 pacis
1126 693 1332 741 nostrze
1361 687 1600 740 societas
1620 703 1842 740 concor-

247 775 434 830 datur.
467 776 676 830 Versus
706 777 977 830 orientem
1011 782 1194 829 motus
1219 775 1312 829 ille
1332 777 1636 830 concinnus
1667 775 1837 842 vadit,

248 865 383 934 quia
411 865 594 918 omnis
621 865 895 935 regularis
925 865 1157 919 unitatis
1195 864 1518 918 fraternitas
1561 864 1632 918 ad
1671 865 1840 917 finem

245 954 769 1020 consummationis,
824 953 1109 1008 Christum
1167 953 1414 1024 respicit,
1463 954 1534 1006 de
1563 969 1673 1024 quo
1703 953 1841 1006 scri-

245 1047 406 1113 ptum
437 1047 522 1096 est
548 1060 559 1096 :
599 1063 621 1094 «
657 1044 793 1097 Ecce
821 1043 905 1096 vir
932 1043 1118 1096 oriens
1143 1059 1347 1096 nomen
1376 1043 1518 1112 ejus.
1556 1062 1579 1092 ι
1624 1041 1845 1095 Dormit

245 1137 550 1185 concentus
582 1132 678 1185 ille
712 1131 972 1198 caelestis,
1000 1131 1135 1185 dum
1175 1131 1234 1184 in
1255 1130 1664 1201 tranquillitate
1691 1131 1842 1200 pacis

247 1229 452 1274 nostrae
481 1219 801 1291 spirituales
820 1219 944 1284 viri,
975 1236 1009 1273 a
1036 1220 1232 1274 mundi
1262 1219 1464 1274 secreti
1483 1219 1838 1284 tumultibus,

245 1310 481 1364 internas
506 1309 794 1379 sapientiae
819 1307 1097 1380 profunda
1107 1308 1623 1373 meditantur,sicut
1635 1325 1842 1379 sponsa

248 1398 306 1451 in
337 1415 468 1452 voce
513 1399 712 1453 talium
760 1399 974 1469 Sponso
1013 1398 1316 1469 respondet
1363 1396 1556 1451 dicens
1601 1415 1611 1450 :
1651 1415 1677 1448 «
1727 1396 1843 1466 Ego

247 1485 486 1552 dormio,
517 1495 576 1541 et
603 1503 698 1541 cor
726 1504 914 1541 meum
941 1487 1154 1556 vigilat.
1193 1505 1216 1538 »

318 1575 474 1630 Sicut
499 1583 689 1630 autem
719 1575 1016 1630 harmonia
1043 1575 1140 1629 illa
1166 1574 1408 1629 caelestis
1437 1573 1598 1628 nobis
1632 1573 1843 1643 imper-

249 1664 527 1734 ceptibilis
557 1671 661 1728 est,
677 1663 1078 1732 distinguibilis
1099 1670 1286 1718 autem
1307 1669 1364 1718 et
1391 1663 1569 1718 dulcis
1587 1679 1843 1733 supernae

247 1752 570 1822 regioni,sic
590 1759 646 1806 et
662 1752 993 1807 Christianae
1023 1753 1307 1806 societatis
1336 1753 1686 1823 spiritualem
1709 1768 1840 1805 con-

1385 382 1481 438 DE
1516 380 1713 438 BONO
1751 379 1980 436 PACIS.
2025 409 2089 420 —
2129 381 2266 435 LIB.
2308 381 2382 436 II.

245 510 385 564 cetis
403 510 550 564 sicut
576 509 880 564 luminaria
899 509 957 562 in
980 509 1208 563 mundo.
1246 525 1273 561 ι
1301 509 1378 563 Ex
1407 513 1618 579 septem
1652 507 1840 579 plane-
1858 507 1910 566 A

3380 386 3519 448 1634

2204 505 2347 562 CAP.
2385 505 2637 561 XXVIII.
2667 533 2726 548 -
2753 508 2826 561 De
2849 513 2999 576 pacis
3029 517 3226 568 osculo.

1995 591 2153 649 Inter
2179 595 2368 649 omnia
2395 601 2586 650 tamen
2609 595 2761 667 pacis
2780 597 2962 667 signa,
2986 617 3109 670 quae
3128 603 3343 659 actibus
3365 609 3520 660 tran-

1923 682 2202 752 siguntur,
2236 685 2580 755 praecipuum
2608 691 2665 738 et
2691 686 2870 756 magis
2898 705 3221 759 expressum
3241 699 3326 747 est
3354 711 3517 750 oscu-

1923 771 2062 836 lum,
2109 789 2220 826 non
2267 773 2388 826 dico
2421 773 2596 844 pedis,
2648 780 2748 828 aut
2796 776 3016 846 frontis,
3068 786 3168 834 aut
3217 783 3386 848 auris,
3420 789 3521 838 aut

1924 860 2159 915 alterius
2188 861 2444 927 membri,
2481 863 2579 916 sed
2608 863 2722 916 oris
2745 869 3158 922 tantummodo.
3188 870 3333 934 Quia
3369 873 3520 927 enim

1925 948 2256 1014 evidentius,
2307 967 2408 1021 per
2453 951 2565 1004 oris
2607 952 2850 1007 ofﬁcium
2913 971 3082 1025 quam
3142 975 3244 1028 per
3295 967 3522 1017 caetero-

1925 1053 2052 1090 rum
2081 1039 2462 1093 membrorum
2494 1046 2636 1094 nutu
2686 1042 2859 1096 animi
2898 1050 3088 1099 votum
3129 1048 3514 1118 exprimimus,

1922 1125 2048 1180 ideo
2078 1143 2180 1197 per
2215 1127 2468 1182 osculum
2520 1128 2633 1182 oris
2681 1130 2832 1200 pacis
2875 1130 3287 1203 beneplacitum
3333 1139 3520 1210 aptius

1923 1214 2278 1268 adnotamus.

1993 1303 2173 1357 Datur
2202 1303 2353 1374 pacis
2387 1305 2700 1360 Jerusalem
2731 1308 2985 1362 osculum
3017 1310 3285 1370 fratribus
3312 1316 3370 1370 in
3411 1318 3518 1373 Ec-

1926 1391 2096 1444 clesia
2123 1407 2235 1445 non
2266 1392 2516 1462 qualibet
2540 1394 2696 1458 hora,
2729 1395 2828 1449 sed
2850 1396 2908 1450 in
2946 1397 3121 1454 missa
3158 1409 3284 1472 post
3313 1404 3518 1461 immo-

1925 1482 2195 1536 lationem
2227 1483 2473 1552 quidem.
2502 1484 2599 1538 sed
2630 1490 2762 1539 ante
2799 1487 3208 1558 susceptionem
3243 1493 3520 1551 Dominici

1926 1571 2192 1641 corporis.
2228 1571 2384 1634 Quod
2419 1574 2669 1628 osculum
2701 1575 2947 1645 primum
2977 1594 3011 1630 a
3041 1581 3328 1638 sacerdote
3359 1585 3520 1641 mini-

1926 1659 2059 1712 stris
2082 1660 2345 1723 traditur,
2375 1669 2438 1715 ut
2469 1663 2667 1716 exinde
2700 1681 2800 1734 per
2828 1681 2924 1720 eos
2962 1666 3019 1720 in
3052 1675 3283 1725 caeteros
3320 1689 3520 1745 expen-

1925 1747 2110 1802 datur.
2145 1747 2214 1802 In
2254 1766 2407 1820 pace,
2459 1767 2626 1822 quam
2672 1753 2827 1822 prius
2874 1757 3133 1811 sacerdos
3163 1759 3378 1823 tribuit,
3412 1781 3520 1835 pax

245 1842 544 1897 tinentiam
587 1843 843 1897 homines
885 1843 1201 1896 mundiales
1248 1842 1531 1913 ignorant,
1569 1840 1843 1900 (animalis
1865 1859 1911 1918 B
1929 1836 2028 1890 Dei
2055 1838 2125 1891 ad
2154 1855 2276 1902 nos,
2303 1846 2494 1896 nostra
2527 1841 2738 1895 scilicet
2765 1845 3163 1912 reconciliatio,
3191 1865 3254 1902 ex
3287 1867 3398 1922 qua
3412 1869 3520 1924 pax

247 1931 400 1985 enim
433 1931 599 1985 homo
627 1948 739 1985 non
771 1931 1010 2002 percipit
1037 1947 1103 1984 ea
1123 1947 1246 2002 qua:
1259 1937 1392 1984 sunt
1405 1929 1841 2001 spiritus)quam

248 2025 438 2074 tamen
469 2021 696 2091 superni
726 2020 892 2084 cives,
924 2021 1028 2074 hoc
1058 2025 1162 2084 est,
1191 2020 1373 2089 angeli
1403 2019 1721 2073 distinctius
1742 2035 1845 2072 no-

248 2113 392 2171 tant,
421 2126 659 2180 eamque
685 2109 836 2163 velut
865 2108 1166 2178 quamdam
1203 2107 1382 2162 dulcis
1420 2107 1686 2162 carminis
1724 2123 1844 2160 mo-

248 2196 559 2251 dulantiam
589 2203 767 2267 gratae
797 2197 1130 2268 acceptionis
1160 2197 1392 2251 auribus
1412 2197 1729 2251 auscultant
1759 2212 1844 2250 se-

248 2286 494 2340 cundum
543 2286 680 2341 illud
730 2286 945 2341 Cantici
993 2287 1340 2340 canticorum
1387 2287 1456 2340 ad
1490 2284 1838 2340 Ecclesiam:

253 2393 280 2426 α
311 2375 445 2438 Quae
472 2375 690 2429 habitas
719 2375 777 2429 in
809 2375 1005 2442 hortis,
1038 2375 1204 2429 amici
1233 2375 1556 2429 auscultant
1585 2380 1660 2440 te,
1698 2395 1720 2425 ε
1756 2373 1843 2428 di-

249 2468 438 2518 centes
468 2463 674 2533 singuli
709 2481 720 2515 :
759 2482 784 2514 (ι
813 2463 921 2517 Fac
950 2480 1040 2517 me
1069 2464 1264 2518 audire
1292 2480 1484 2517 vocem
1511 2469 1721 2518 tuam.»
1741 2463 1846 2517 Ubi

249 2552 476 2605 nomine
514 2551 820 2604 amicorum
867 2551 1098 2622 spiritus
1144 2551 1396 2605 caelestes
1441 2551 1742 2620 intelligas,
1776 2551 1846 2605 de

250 2639 452 2709 quibus
481 2639 537 2692 in
569 2640 865 2710 Evangelio
910 2640 1121 2693 mentio
1166 2640 1423 2701 habetur,
1464 2640 1597 2710 quia
1632 2639 1844 2694 scilicet

250 2744 376 2782 cum
407 2734 598 2798 pastor
624 2745 782 2782 ovem
810 2729 1040 2794 invenit,
1079 2749 1101 2779 ι
1128 2729 1355 2783 veniens
1385 2730 1614 2782 domum
1645 2745 1844 2783 convo-

249 2821 338 2869 cat
365 2817 577 2870 amicos
601 2822 659 2871 et
686 2816 896 2870 vicinos
925 2817 1114 2870 dicens
1151 2833 1163 2870 :
1206 2817 1688 2887 Congratulamini
1733 2818 1843 2871 mi-

249 2904 326 2970 hi,
361 2905 491 2976 quia
521 2906 705 2959 inveni
736 2922 890 2959 ovem
924 2922 1127 2972 meam,
1159 2922 1282 2976 quae
1313 2907 1496 2976 periit.
1527 2927 1553 2960 »

321 2993 573 3065 Denique
599 2995 743 3048 sicut
771 2993 985 3063 angelis
1008 2994 1306 3048 concordia
1343 2995 1722 3050 ecclesiastica
1760 3001 1845 3050 est

252 3087 435 3152 grata.
471 3083 549 3137 ita
599 3083 961 3148 daemonibus,
1004 3089 1069 3138 ut
1096 3084 1529 3154 prmlibavimus,
1573 3086 1844 3139 formido-

1926 1927 2238 1980 Jerusalem
2269 1928 2476 1998 pendet
2497 1935 2555 1984 et
2575 1929 2791 1996 nititur,
2809 1932 3152 2003 designatur.
3172 1938 3347 2009 Cujus
3366 1942 3520 2012 pacis

1927 2017 2181 2071 osculum
2214 2017 2476 2088 primitus
2517 2021 2776 2074 sacerdos
2821 2022 3003 2089 otl‘ert,
3035 2026 3168 2096 quia
3198 2045 3303 2099 pax
3329 2047 3519 2087 recon-

1927 2105 2230 2159 ciliationis
2268 2123 2369 2177 per
2401 2108 2804 2164 ecclesiasticos
2830 2113 3088 2181 praelatos
3115 2116 3275 2172 nobis
3303 2135 3520 2176 annun-

1923 2193 2066 2247 tiata
2083 2200 2170 2248 est
2189 2200 2246 2248 et
2270 2195 2508 2261 indulta,
2531 2196 2954 2269 sicutscriptum
2981 2207 3067 2256 est
3092 2217 3104 2251 ε
3139 2223 3164 2256 τ(
3198 2206 3518 2280 Suscipiant

1925 2289 2144 2337 montes
2175 2300 2367 2354 pacem
2401 2286 2626 2356 populo.
2665 2305 2687 2335 ι
2730 2287 2889 2342 Unde
2917 2305 3062 2344 unus
3094 2309 3162 2347 ex
3192 2294 3279 2349 his
3309 2300 3517 2353 monti-

1928 2371 2052 2433 bus,
2086 2372 2246 2442 quasi
2291 2373 2458 2442 hujus
2488 2374 2742 2428 osculum
2772 2376 2923 2446 pacis
2953 2379 3257 2437 Corinthiis
3281 2385 3518 2442 offerens

1927 2460 2112 2530 inquit
2145 2479 2156 2512 :
2194 2482 2215 2512 σ
2250 2461 2414 2516 Dedit
2459 2462 2619 2516 nobis
2658 2465 2989 2534 mysterium
3029 2471 3519 2532 reconciliationis.

1927 2547 2036 2601 Pro
2069 2548 2290 2603 Christo
2316 2567 2450 2620 ergo
2466 2551 2748 2621 legatione
2777 2553 3083 2624 fungimur,
3103 2563 3374 2630 tanquam
3404 2563 3518 2618 Deo

1927 2637 2256 2692 exhortante
2287 2655 2387 2709 per
2411 2655 2531 2693 nos.
2567 2640 2938 2697 Obsecramus
2965 2661 3068 2714 pro
3098 2647 3339 2718 Christo,
3366 2670 3389 2702 ι
3414 2652 3519 2708 hoc

1927 2731 2012 2780 est
2031 2727 2146 2780 vice
2175 2729 2318 2796 ejus,
2353 2747 2380 2777 «
2410 2730 2851 2785 reconciliamini
2893 2733 3024 2787 Deo.
3061 2753 3086 2786 »

1999 2813 2072 2868 Et
2101 2814 2363 2884 quoniam
2416 2833 2524 2887 pax
2570 2817 2679 2871 ista
2717 2819 2776 2872 in
2808 2819 3014 2874 Christi
3043 2829 3226 2878 morte
3255 2843 3517 2882 consum-

1927 2909 2082 2956 mata
2101 2909 2203 2969 est,
2233 2909 2382 2957 recte
2405 2911 2530 2974 post
2554 2907 3023 2978 immolationem,
3045 2927 3168 2981 quae
3197 2915 3394 2970 mortis
3415 2917 3520 2972 Do-

1925 2990 2142 3046 minicaa
2192 2993 2522 3048 memoriam
2562 2995 2854 3066 imaginat,
2883 2999 3053 3068 hujus
3083 3002 3235 3071 pacis
3265 3006 3519 3061 osculum

1925 3082 2184 3136 sacerdos
2213 3081 2365 3136 libat.
2401 3083 2544 3146 Quia
2574 3101 2703 3139 vero
2731 3085 2868 3140 illud
2898 3089 3170 3158 osculum,
3195 3095 3343 3163 quod
3373 3100 3520 3166 post-

251 3171 389 3226 losa.
422 3171 577 3226 Sicut
597 3171 744 3226 enim
777 3172 1156 3227 Romanorum
1187 3180 1498 3228 castrorum
1525 3174 1670 3229 acies
1707 3180 1842 3228 tunc
1862 3209 1908 3270 ϐ
1929 3186 1996 3224 ea
2025 3171 2471 3226 communicatur
2501 3172 2559 3226 in
2604 3174 2872 3245 singulos.
2907 3177 3169 3234 fraternae
3197 3183 3350 3252 pacis
3381 3201 3517 3239 con-

251 3366 353 3420 per
382 3350 569 3420 plures
600 3349 884 3420 pugnabat
924 3351 1165 3416 ordines,
1205 3357 1401 3422 postea
1424 3352 1635 3422 junctis
1659 3353 1841 3407 corni-

250 3436 355 3491 bus
378 3438 650 3508 impetum
677 3438 936 3492 mittebat
954 3439 1014 3493 in
1038 3440 1225 3494 hostes
1250 3458 1261 3507 ;
1283 3440 1361 3494 sic
1395 3441 1663 3496 nimirum
1696 3448 1753 3496 et
1782 3442 1840 3496 in

252 3524 586 3580 Christianae
617 3526 828 3582 militiae
872 3527 1146 3597 praesidiis
1179 3528 1270 3598 agi
1301 3529 1611 3599 putandum
1641 3535 1744 3595 est,
1778 3537 1843 3584 ut

253 3614 509 3669 videlicet
537 3632 582 3668 SI
609 3632 709 3685 per
740 3615 985 3686 aliquam
1017 3617 1364 3670 occasionem
1395 3618 1570 3672 divisa
1596 3619 1843 3674 Ecclesia

251 3709 446 3757 contra
467 3704 826 3758 tenebrarum
854 3705 1130 3776 principes
1150 3723 1250 3776 per
1279 3712 1466 3776 partes
1494 3707 1702 3761 bellare
1723 3715 1841 3762 ten-

250 3793 472 3857 taverit,
507 3794 691 3847 minus
711 3793 901 3846 timori
933 3794 1024 3854 sit.
1059 3799 1114 3847 et
1140 3793 1209 3847 ob
1246 3795 1351 3848 hoc
1373 3795 1585 3849 tardius
1617 3796 1684 3848 de
1715 3813 1843 3850 con-

251 3881 428 3935 traria
474 3882 799 3936 fortitudine
846 3882 1134 3936 victoriam
1179 3883 1540 3950 nanciscitur,
1573 3884 1841 3939 terribilis

251 3976 442 4024 autem
475 3971 573 4024 fiat
616 3970 907 4041 vincatque
949 3971 1230 4036 facillime,
1273 3971 1320 4025 si
1347 3971 1596 4026 adunata
1616 3989 1841 4028 concor-

249 4060 344 4114 dia
371 4058 720 4130 spiritualem
749 4064 944 4113 contra
973 4059 1190 4113 hostem
1221 4061 1562 4131 promoverit
1591 4067 1839 4117 armatu-

250 4165 395 4203 ram.
429 4149 588 4212 Quod
629 4148 824 4219 utique
862 4148 921 4202 in
959 4165 1025 4202 ea
1055 4149 1289 4220 Sapiens
1319 4149 1604 4205 admirans
1633 4159 1690 4205 et
1725 4153 1844 4207 lau-

252 4239 394 4293 dans
440 4238 520 4292 ait
551 4253 563 4288 :
599 4255 625 4290 (
667 4239 801 4302 Quae
832 4244 918 4293 est
962 4239 1091 4305 ista,
1141 4256 1264 4308 quae
1298 4241 1657 4311 progreditur
1687 4243 1846 4312 quasi

253 4344 461 4382 aurora
506 4344 868 4398 consurgens,
907 4327 1143 4398 pulchra
1171 4334 1237 4382 ut
1263 4329 1416 4395 luna,
1449 4330 1626 4386 electa
1651 4335 1716 4386 ut
1743 4332 1847 4400 sol,

262 4415 528 4472 terribilis
557 4422 621 4470 ut
648 4422 957 4503 castrorum
988 4416 1136 4471 acies
1163 4416 1465 4473 ordinata?
1484 4438 1510 4472 ι

268 4615 399 4671 CAP.
432 4612 662 4670 XXVII.
689 4642 748 4652 —
769 4617 841 4670 De
871 4619 1046 4683 signis
1067 4617 1218 4685 pacis
1249 4622 1362 4670 tam
1390 4615 1648 4672 hmnanav
1685 4635 1854 4686 quam

867 4690 1250 4742 ecclesiastica.

337 4847 511 4919 Signa
541 4854 749 4910 autem.
784 4847 986 4919 quibus
1012 4853 1129 4902 tam
1149 4865 1256 4920 pax
1275 4848 1384 4903 ista
1420 4865 1589 4920 quam
1621 4849 1855 4922 Babylo-

264 4937 391 4992 nica
411 4936 698 5008 quaeritur,
721 4937 909 5002 datur,
941 4937 1169 5007 ligatur,
1203 4937 1556 5000 discernitur,
1601 4939 1854 4993 multifa-

262 5027 349 5080 ria
379 5031 530 5080 sunt.
560 5025 686 5080 Alia
708 5026 855 5080 enim
883 5026 1082 5090 verbis,
1117 5026 1230 5080 alia
1258 5025 1448 5095 rebus,
1487 5027 1598 5081 alia
1635 5027 1854 5083 actibus

265 5114 633 5187 explicantur.
656 5115 873 5182 Verbis,
893 5121 957 5169 ut
976 5120 1132 5186 puta,
1164 5115 1616 5182 salutationibus,
1649 5117 1855 5187 pactio-

263 5204 447 5270 nibus,
492 5205 864 5274 juramentis,
918 5204 1102 5269 rebus,
1156 5205 1630 5275 quemadmodum
1685 5207 1852 5273 lauri,

265 5294 422 5349 olivae
451 5294 760 5364 palmaeque
779 5293 1135 5350 ramusculis.
1161 5294 1322 5348 Unde
1346 5295 1533 5365 palma
1561 5295 1720 5366 quasi
1761 5313 1857 5367 pa-

266 5384 344 5438 cis
374 5384 524 5437 alma
547 5382 618 5436 ab
643 5383 975 5454 etymologis
1014 5389 1390 5454 nuncupatur.
1430 5383 1680 5452 Actibus,
1713 5385 1859 5440 sicut

265 5473 323 5527 in
363 5472 746 5542 complexione
773 5471 1151 5540 dexterarum,
1183 5473 1242 5527 in
1271 5473 1687 5528 coacervatione
1716 5472 1857 5545 lapi-

267 5564 422 5627 dum,
469 5566 525 5614 et
570 5559 628 5613 in
666 5560 780 5614 ictu
817 5560 1196 5615 sacriﬁcandae
1241 5560 1476 5616 victimae
1512 5562 1856 5616 consuetudo

266 5650 541 5709 vetustior
563 5654 888 5724 usurpatur.

145 3303 148 3306 .
251 3259 423 3314 ﬁebat
456 3261 699 3315 inimicis
735 3261 1019 3326 terribilis,
1055 3262 1280 3331 quando
1328 3279 1451 3332 quae
1477 3263 1634 3332 prius
1664 3263 1843 3318 divisa
1866 3259 1908 3270 “’”
1926 3259 2117 3312 cordia
2145 3261 2583 3322 demonstratur,
2603 3262 2728 3317 ideo
2755 3269 2884 3318 ante
2907 3268 3321 3338 susceptionem
3336 3289 3523 3328 sacra-

1924 3351 2100 3402 menti
2118 3349 2473 3415 tribuitur,ut
2495 3351 2751 3406 videlicet
2778 3355 2932 3408 omni
2949 3355 3172 3412 deterso
3203 3360 3332 3415 odio
3353 3379 3519 3418 mun-

1923 3437 2057 3490 dum
2088 3438 2271 3492 cordis
2301 3445 2648 3510 praeparetur
2691 3443 3013 3513 hospitium,
3057 3446 3116 3500 in
3149 3450 3296 3519 quod
3325 3451 3520 3508 Domi-

1923 3525 2260 3596 nusingredi
2290 3527 2461 3597 eligat
2489 3535 2546 3582 et
2573 3529 2856 3587 habitare.
2897 3533 3048 3587 Istud
3073 3541 3158 3589 est
3185 3537 3324 3592 illud
3353 3555 3519 3596 oscu-

1922 3613 2061 3679 lum,
2095 3615 2243 3685 quod
2274 3617 2480 3671 Paulus
2508 3619 2565 3671 in
2597 3619 2976 3675 Romanorum
3016 3629 3074 3677 et
3103 3625 3518 3685 Corinthiorum

1923 3701 2354 3757 salutationibus
2396 3705 2596 3759 statuit
2623 3707 2970 3761 offerendum
3006 3728 3016 3761 :
3055 3727 3082 3762 α
3116 3712 3386 3781 Salutate,
3431 3717 3520 3772 in-

1923 3790 2063 3860 quit,
2112 3792 2349 3846 invicem
2391 3794 2447 3846 in
2490 3795 2680 3848 osculo
2712 3802 2922 3859 sancto,
2962 3817 2988 3850 »
3031 3798 3136 3852 hoc
3164 3807 3251 3856 est
3279 3802 3515 3874 sincero,

1923 3896 2035 3933 non
2056 3881 2272 3946 fictitio,
2307 3883 2471 3952 quale
2501 3883 2606 3937 fuit
2642 3885 2798 3939 Judae
2829 3886 3100 3953 osculum,
3136 3906 3245 3960 quo
3275 3894 3520 3962 prodidit

1921 3969 2284 4035 Salvatorem,
2319 3972 2482 4041 quale
2503 3977 2560 4026 et
2583 3972 2720 4027 illud
2748 3974 2910 4035 Joab,
2936 3977 3031 4046 qui
3057 3979 3321 4036 Amasam
3351 3987 3512 4054 quasi

1925 4056 2249 4112 demulcens
2316 4059 2504 4114 osculo
2557 4062 2832 4131 percussit
2874 4063 2932 4116 in
2987 4064 3183 4135 latere,
3225 4073 3282 4124 et
3324 4071 3522 4129 effudit

1926 4145 2196 4202 intestina
2225 4150 2367 4219 ejus,
2405 4154 2462 4203 et
2498 4155 2755 4205 mortuus
2793 4156 2896 4208 est.

1932 4291 2062 4348 CAP.
2095 4292 2290 4346 XXIX.
2320 4323 2376 4332 -
2403 4294 2471 4346 De
2498 4294 2582 4346 his
2611 4297 2712 4360 qui
2729 4311 2920 4362 pacem
2951 4299 3181 4352 turbant
3206 4304 3520 4360 ecclesiasti-

2025 4379 2146 4416 cam
2176 4369 2228 4416 ει
2256 4365 2592 4430 fraternam,
2629 4366 2692 4418 de
2716 4371 2933 4434 peccato
2960 4384 3150 4423 eorum
3181 4377 3228 4424 et
3246 4387 3430 4440 poma.

2009 4489 2190 4559 Hujus
2217 4489 2391 4544 osculi
2421 4491 2768 4557 conﬁctores,
2809 4493 3149 4550 schismatici
3190 4500 3431 4556 maxime
3469 4509 3526 4558 et

1870 4568 1920 4626 D
1937 4578 2185 4632 haeretici
2209 4579 2636 4643 credendisunt,
2666 4581 2758 4650 qui
2785 4598 2899 4635 non
2923 4583 3214 4651 columbas,
3238 4589 3335 4643 sed
3352 4592 3523 4661 corvi,

1937 4685 2049 4722 non
2077 4669 2228 4739 agni,
2260 4669 2357 4723 sed
2385 4668 2503 4740 lupi
2532 4669 2724 4723 oscula
2751 4670 3078 4741 deﬁgentes,
3093 4675 3410 4734 castitatem
3430 4697 3527 4752 pa-

1936 4757 2017 4811 cis
2046 4757 2432 4812 ecclesiasticaa
2472 4757 2730 4828 polluunt
2772 4765 2830 4812 et
2857 4770 3243 4833 corrumpunt,
3279 4767 3413 4822 dum
3444 4770 3528 4826 illi

1938 4847 2196 4901 scissuris
2230 4847 2515 4912 dirimere,
2545 4847 2639 4901 isti
2669 4847 2952 4902 erroribus
2977 4851 3262 4907 catholicae
3292 4857 3525 4914 unitatis

1936 4935 2253 5007 discerpere
2290 4937 2641 4992 concordiam
2681 4952 2792 4990 non
2827 4944 3110 5007 verentur,
3145 4942 3214 4997 ad
3244 4944 3348 5000 hoc
3371 4945 3529 5003 blan-

1935 5027 2173 5094 dientes,
2203 5032 2266 5082 ut
2290 5027 2514 5098 rapiant
2539 5032 2597 5081 et
2623 5026 2892 5081 occidant.

2007 5117 2082 5169 At
2110 5116 2529 5171 subversionem
2576 5115 2742 5170 istam
2783 5116 2935 5186 pacis
2957 5117 3123 5172 ludus
3162 5119 3367 5178 Ismael
3397 5143 3526 5183 cum

1938 5207 2096 5260 Isaac
2127 5206 2494 5276 praesignasse
2506 5205 2766 5270 traditur,
2777 5221 2941 5276 quem
2968 5206 3162 5262 ludum
3189 5216 3528 5281 persecutio-

1937 5310 2066 5347 nem
2107 5295 2410 5365 Apostolus
2447 5294 2761 5348 nominavit
2794 5312 2806 5347 :
2853 5313 2878 5346 «
2921 5295 3210 5359 Quomodo
3235 5304 3387 5368 tunc,
3431 5305 3527 5375 qui

1939 5383 2247 5437 secundum
2300 5400 2526 5437 carnem
2590 5389 2758 5438 natus
2818 5384 3020 5448 fuerat,
3086 5390 3530 5459 persequebatur

1940 5490 2087 5537 eum,
2122 5473 2217 5544 qui
2245 5473 2552 5527 secundum
2588 5473 2848 5544 spiritum
2883 5496 2894 5528 :
2923 5475 3005 5528 ita
3046 5489 3104 5529 et
3145 5492 3310 5532 nunc.
3344 5497 3368 5531 ν
3395 5481 3530 5546 Quae

1940 5562 2198 5616 videlicet
2215 5561 2525 5633 persecutio
2558 5561 2810 5616 timenda
2827 5563 2955 5634 plus
2977 5570 3062 5618 est
3089 5581 3258 5635 quam
3287 5585 3372 5637 ea,
3406 5587 3529 5643 quas

1940 5657 2134 5727 aperta
2181 5649 2604 5726 impugnatione
2630 5657 2944 5724 grassatur.
2987 5653 3227 5712 Facilior
3266 5665 3354 5714 est
3379 5659 3530 5720 enim
