3944 6386
1697 587 2542 720 ADDENDA.

730 848 895 938 (Col.
938 854 1145 935 hujus
1177 852 1550 919 voluminis
1588 857 1784 929 1147,
1820 857 1976 935 post
2004 852 2344 916 Wilhelmi
2375 851 2882 933 Hirsaugiensis
2923 849 3502 936 Constitutiones).

1207 1154 1597 1266 SAN
1601 1154 1910 1267 0T1
1984 1155 3044 1263 WILIIBLMI

1631 1380 1965 1440 ABBATIS
2009 1379 2614 1442 HIRSAUGIENSIS

885 1566 1608 1662 PREFATIO
1687 1566 1832 1659 IN
1906 1565 2164 1661 SUA
2239 1565 3219 1662 ASTRONOMICA
3276 1565 3360 1621 ⁸)·

1796 1778 2012 1866 (Circa
2048 1800 2158 1845 an.
2208 1778 2436 1864 1073.)

870 1977 1090 2052 [Edidit
1119 1978 1183 2032 R.
1218 1977 1282 2032 P.
1314 1975 1635 2032 Bernardus
1665 1975 1794 2040 Pez,
1833 1974 1979 2029 Thes.
2011 1975 2256 2030 aneodot.
2291 1978 2491 2029 noviss.
2525 1980 2660 2030 tom.
2696 1976 2766 2046 V,
2795 1982 2958 2048 parte
2984 1992 3024 2047 Ι,
3057 1996 3186 2052 pag.
3219 1979 3368 2054 259.]

568 2269 752 2324 Divini
769 2267 954 2339 operis
969 2266 1213 2338 quadam
1233 2265 1323 2320 die
1342 2263 1620 2336 completa
1641 2260 1856 2332 synaxi,
1876 2265 2080 2333 optatae
2094 2260 2149 2320 A
2166 2260 2451 2314 ctuatione
2479 2260 2987 2333 tua,'_'charissime,
3016 2264 3222 2320 tacitus
3252 2267 3545 2322 considero
3575 2266 3760 2336 quali-

489 2360 694 2431 quietis
712 2358 1268 2429 gratiasecretiorem
1293 2356 1479 2409 locum
1503 2353 1660 2425 petii,
1677 2352 1774 2407 ubi
1801 2350 2078 2421 meipsum

491 2449 632 2502 mihi
657 2454 788 2502 ante
817 2449 1007 2501 oculos
1027 2446 1232 2500 mentis
1262 2461 1489 2516 ponere,
1522 2452 1580 2498 et
1602 2442 1937 2497 miserabilis
1957 2442 2079 2496 vitae

488 2537 934 2608 superﬂuitatem
969 2535 1128 2606 quasi
1152 2534 1453 2605 judiciaria
1482 2532 1830 2586 districtione
1867 2531 2079 2584 exami-

487 2642 625 2680 nare
654 2626 864 2680 liceret.
895 2625 1156 2678 Discussa
1187 2639 1319 2693 ergo
1350 2639 1474 2676 mox
1499 2621 1790 2692 qualitate,
1823 2622 2003 2674 multa
2021 2620 2080 2674 in

487 2731 577 2769 me
611 2713 1090 2787 reprehensibilia,
1125 2713 1302 2766 multa
1332 2728 1571 2765 maerore
1601 2716 1658 2764 et
1685 2711 1840 2764 luctu
1870 2709 2079 2779 dignis-

486 2805 651 2870 sima,
685 2804 865 2858 multa
895 2819 1031 2857 sane
1063 2819 1236 2873 prava
1271 2807 1327 2856 et
1357 2817 1575 2871 aspera,
1603 2799 1815 2870 vimque
1852 2798 2079 2853 Domini

486 2891 675 2946 minus
698 2891 1009 2962 composita
1025 2889 1387 2962 deprehendi,
1404 2889 1551 2942 inter
1569 2905 1691 2959 quae
1721 2887 1960 2958 speciale
1984 2887 2079 2942 do-

485 2980 622 3034 loris
653 2985 1019 3051 augmentum
1052 2981 1116 3050 [f.
1133 2979 1572 3050 argumentum],
1593 2977 1921 3047 ceterisque
1947 2993 2078 3046 pas-

485 3069 706 3124 sionum
739 3069 1002 3123 oneribus
1032 3069 1444 3139 quodammodo
1476 3067 1703 3137 gravius
1729 3065 1866 3119 illud
1881 3082 2077 3119 occur-

485 3158 561 3213 rit
575 3159 785 3225 animo,
808 3159 956 3230 quod
974 3159 1162 3212 nescio
1183 3174 1294 3228 qua
1324 3157 1554 3210 violenti
1577 3155 1748 3209 divini
1777 3160 1950 3209 nutus
1977 3171 2078 3225 po-

483 3248 666 3302 tentia
695 3254 938 3313 coactus,
957 3248 1027 3302 ad
1059 3248 1232 3302 totius
1254 3246 1482 3316 quidem
1501 3244 1816 3316 quadruvii,
1837 3244 2080 3298 maxime

485 3343 676 3392 autem
707 3338 774 3392 ad
808 3336 1166 3391 astronomiae
1195 3336 1445 3390 studium
1473 3351 1562 3388 me
1588 3333 1810 3405 penitus
1833 3333 2082 3387 contule-

483 3425 592 3480 rim
625 3443 638 3480 :
681 3432 738 3479 et
775 3426 924 3496 quod
963 3425 1211 3490 interim,
1253 3425 1387 3478 dum
1435 3425 1493 3477 in
1546 3423 1742 3477 eadem
1782 3422 2079 3493 disciplina

484 3515 626 3568 mihi
654 3514 757 3568 soli
780 3514 1036 3568 laborare
1066 3513 1794 3585 proposueram,inopinata
1815 3528 2080 3582 quorum-

2160 2355 2251 2404 ter
2287 2351 2555 2421 antiquus
2602 2353 2849 2417 coluber,
2898 2353 2969 2407 ad
3013 2355 3201 2409 omnia
3241 2373 3464 2427 semper
3512 2355 3757 2410 caelestis

2159 2442 2355 2512 gratiae
2410 2459 2647 2497 munera
2685 2442 2907 2498 invidia:
2946 2447 3174 2499 venenis
3211 2447 3571 2502 inﬁciendum
3603 2447 3761 2501 ober-

2162 2548 2314 2595 rans,
2333 2532 2449 2586 haec
2468 2549 2692 2604 quoque
2716 2532 2876 2587 nobis
2905 2533 3173 2589 divinitus
3202 2537 3411 2590 donata
3426 2536 3750 2592 violandum

2163 2621 2485 2691 arrepserit.
2529 2623 2618 2675 Me
2657 2621 2807 2675 enim
2847 2623 2966 2692 jam
2997 2623 3093 2677 diu
3128 2631 3504 2695 opportunum
3530 2631 3756 2697 tempus

2163 2711 2233 2764 ad
2263 2712 2320 2765 id
2349 2727 2600 2780 quaerere
2618 2711 3001 2782 praesentiens,
3019 2717 3084 2766 ut
3097 2730 3165 2766 ea
3187 2730 3309 2783 quae
3332 2715 3391 2768 in
3412 2715 3610 2769 eadem
3633 2721 3756 2769 arte

2163 2801 2309 2854 mira
2351 2806 2408 2854 et
2435 2800 2505 2854 ab
2542 2801 2792 2854 humana
2831 2800 3140 2856 subtilitate
3179 2819 3357 2874 usque
3395 2804 3562 2858 modo
3601 2803 3758 2859 inde-

2159 2889 2439 2961 prehensa
2475 2889 2624 2944 Deus
2659 2889 2763 2943 tibi
2805 2890 3088 2957 revelavit,
3133 2892 3547 2961 jucundissima
3585 2893 3754 2946 colla-

2159 2979 2313 3032 tione
2350 2979 2746 3049 perdiscerem,
2789 2985 2846 3033 et
2882 2980 3070 3034 omnia
3106 2980 3310 3035 litteris
3346 2982 3751 3048 commendari,

2161 3068 2354 3138 sicque
2370 3068 2656 3122 communi
2672 3068 3052 3123 studiosorum
3076 3070 3203 3124 usui
3225 3071 3540 3125 transfundi
3557 3071 3755 3125 darem

2162 3157 2479 3216 consilium.
2522 3162 2718 3211 contra
2745 3157 2922 3228 ipsius
2952 3159 3225 3229 propositi
3255 3159 3624 3214 intentionem
3649 3161 3760 3215 huc

2163 3252 2285 3318 post
2321 3252 2374 3300 te
2394 3246 2558 3300 modo
2589 3246 2906 3301 venientem
2935 3248 3239 3303 calliditate
3269 3266 3373 3303 sua
3400 3266 3760 3321 praeoccupa-

2162 3336 2240 3388 vit
2279 3334 2382 3389 sub
2420 3341 2678 3407 pretextu
2718 3337 3007 3407 religionis
3046 3337 3377 3393 innocentiae
3415 3345 3526 3393 tuae
3565 3339 3760 3393 volens

2162 3441 2486 3495 suggerere,
2527 3430 2805 3496 quatenus
2842 3426 3192 3481 Dominicam
3233 3429 3527 3498 pecuniam
3582 3428 3760 3483 humo

2162 3514 2360 3567 malles
2402 3513 2670 3576 infodere,
2714 3531 2882 3587 quam
2921 3515 3183 3570 humanis
3230 3517 3570 3587 profectibus
3610 3517 3757 3571 mul-

484 3605 636 3668 dam,
667 3603 835 3658 etiam
866 3603 1355 3674 peritissimorum,
1380 3602 1726 3672 inquietarer
1742 3600 2074 3671 frequentia:
2099 3603 2521 3674 Btiplicandam
2551 3603 2795 3657 tradere.
2826 3604 2973 3668 Quin
3003 3621 3125 3675 age,
3154 3609 3212 3659 et
3235 3622 3492 3660 errorum
3521 3607 3642 3676 ejus
3681 3606 3756 3660 si-

486 3693 765 3764 quodque,
792 3693 927 3746 dum
955 3691 1041 3747 his
1069 3692 1308 3762 singulis
1329 3708 1363 3744 a
1385 3708 1476 3744 me
1503 3696 1569 3745 ut
1589 3691 1660 3744 ad
1689 3690 1869 3761 ipsam
1898 3695 2078 3744 artem

484 3781 935 3849 introducantur,
964 3781 1334 3853 exigentibus,
1355 3779 1581 3834 obedire
1611 3779 1944 3842 studuerim,
1964 3795 2077 3833 non

483 3872 667 3926 solum
697 3889 731 3927 a
760 3889 1016 3943 supernae
1033 3870 1523 3942 contemplationis
1539 3869 1887 3932 celsitudine,
1903 3869 2001 3923 sed
2021 3874 2078 3922 et

483 3977 519 4014 a
541 3960 729 4016 debito
759 3961 1084 4032 quotidiano
1097 3959 1382 4014 servitutis
1397 3959 1498 4014 Dei
1525 3957 1708 4028 gradu
1731 3974 1822 4012 me
1843 3957 2075 4011 viderim

478 4050 778 4121 dejectum.
1547 4110 1551 4115 .

553 4141 753 4210 Itaque
779 4156 906 4194 cum
935 4141 1053 4195 haec
1081 4155 1304 4194 mecum
1334 4138 1500 4193 anxia
1526 4138 1906 4209 pervolverem
1919 4136 2074 4190 solli-

483 4227 751 4295 citudine,
795 4229 1156 4284 charissimus
1185 4235 1239 4283 et
1271 4229 1428 4282 valde
1457 4227 1658 4282 unicus
1689 4227 1825 4280 mihi
1855 4225 1902 4282 Ο
1933 4227 2074 4295 [alia

482 4334 686 4371 manus
714 4323 868 4372 notat
894 4337 906 4371 ε
941 4319 1212 4388 Otochus]
1229 4317 1649 4388 superveniens,
1675 4332 1878 4386 meque
1895 4313 2073 4368 solitae

482 4405 799 4462 dilectionis
846 4409 1071 4462 intuens
1127 4406 1438 4472 alacritate,
1499 4405 1763 4460 continuo
1827 4403 2072 4457 tristitiae

481 4513 710 4552 causam
755 4498 1008 4569 inquirit.
1061 4496 1163 4551 Cui
1193 4512 1296 4567 ego
1327 4513 1447 4550 rem
1487 4494 1650 4549 fateri
1688 4498 1966 4559 metuens,
2008 4509 2074 4547 eo

483 4587 631 4657 quod
656 4587 774 4658 ipse
820 4587 1037 4658 primus
1068 4585 1267 4641 secreti
1297 4585 1406 4639 mei
1449 4584 1666 4638 delator
1692 4584 1762 4637 ad
1792 4582 2072 4654 publicam

481 4675 762 4747 praedictae
781 4677 918 4731 artis
930 4675 1352 4747 occupationem
1370 4673 1583 4745 potenti
1609 4674 1857 4736 flamma,
1880 4676 2074 4741 utpote

479 4763 676 4818 intima
694 4763 801 4818 sibi
822 4765 1141 4820 devinctum
1163 4764 1440 4819 charitate
1460 4761 1702 4816 maxime
1732 4759 2068 4826 incenderit,

481 4852 717 4924 ambage
745 4855 990 4925 quadam
1020 4853 1395 4915 dissimulare,
1439 4858 1496 4906 et
1532 4850 1602 4904 ab
1631 4867 1696 4905 eo
1734 4850 2076 4904 abscondere

2163 3693 2430 3748 nuamine
2477 3691 2652 3745 virilis
2703 3693 3032 3748 constantiae
3083 3693 3268 3748 orbita
3303 3695 3565 3763 transito,
3604 3711 3754 3767 saepe

2160 3781 2509 3854 propositum
2526 3781 2732 3851 dialogi
2750 3798 2973 3836 cursum
2990 3783 3414 3853 aggrediamur:
3441 3800 3610 3854 quem
3627 3801 3752 3855 ego,

2161 3871 2208 3925 si
2234 3870 2469 3942 jusseris
2506 3870 2604 3935 ita,
2645 3876 2710 3924 ut
2749 3871 2914 3924 hodie
2944 3872 3059 3925 Deo
3084 3872 3234 3926 inter
3269 3889 3370 3926 nos
3410 3871 3596 3928 medio
3627 3891 3760 3928 con-

2159 3965 2476 4014 summatus
2493 3959 2874 4026 fuerit,divina
2884 3961 3019 4014 item
3031 3968 3315 4015 annuente
3329 3961 3514 4031 gratia
3529 3962 3757 4034 scriptis

2158 4065 2429 4120 exponam
2467 4067 2479 4102 :
2507 4050 2698 4121 sicque
2719 4055 2778 4104 et
2803 4049 3082 4104 diuturna:
3111 4050 3374 4105 desiderii
3394 4051 3503 4105 mei
3531 4052 3756 4107 satisfa-

2157 4138 2301 4192 ciam
2339 4137 2753 4209 exspectationi,
2801 4144 2860 4193 et
2904 4139 3243 4206 theoreticaa,
3277 4155 3445 4211 quam
3483 4145 3639 4196 totus
3668 4141 3753 4196 in-

2153 4227 2357 4291 tendis,
2378 4227 2667 4282 securitati
2689 4228 2919 4282 reddam
2941 4228 3283 4299 expeditum.
3300 4229 3443 4294 Quia
3459 4229 3610 4284 enim
3625 4231 3751 4286 illas

2163 4333 2290 4370 vere
2319 4315 2608 4371 mirandas
2630 4316 3054 4372 adinventiones
3073 4324 3202 4372 tuas
3231 4317 3614 4390 probabilibus
3627 4321 3750 4391 jam

2155 4405 2481 4460 deformasti
2509 4405 2918 4470 instrumentis,
2960 4407 3007 4461 si
3039 4407 3260 4462 easdem
3283 4408 3485 4462 litteris
3525 4426 3751 4480 quoque

2157 4495 2393 4565 exprimi
2418 4495 2634 4561 feceris,
2676 4496 2976 4550 maximam
3004 4497 3382 4551 studiosorum
3410 4499 3656 4568 gratiam
3695 4504 3754 4553 et

2157 4582 2562 4656 beneplacitam
2601 4601 2701 4656 pro
2756 4591 2950 4640 sancta
2993 4586 3182 4657 quiete
3223 4587 3440 4641 veniam
3495 4587 3752 4659 ipsorum

2155 4673 2383 4745 dignam
2406 4674 2728 4729 mereberis.
2760 4693 2786 4727 ))

2230 4763 2482 4830 Memini,
2515 4764 2766 4835 inquam,
2798 4770 2874 4830 te,
2905 4765 3231 4820 charissime
3253 4766 3445 4832 frater,
3465 4766 3572 4821 hoc
3611 4768 3753 4823 mihi

2157 4853 2383 4907 salubre
2414 4858 2582 4908 antea
2609 4854 2829 4908 dedisse
2857 4855 3168 4910 consilium.
3207 4856 3315 4910 Sed
3343 4856 3478 4927 quia
3507 4874 3757 4928 praesens

481 4945 711 4997 tentavi.
775 4944 882 4998 Sed
942 4943 1075 5014 quia
1113 4943 1194 4997 rei
1246 4942 1535 4996 veritatem
1590 4942 1778 4996 subita
1819 4948 1876 4996 et
1919 4947 2296 5019 extranmtas
2319 4944 2469 4997 inter
2492 4943 2820 4998 innumeras
2839 4943 3101 4998 vitiorum
3121 4944 3297 4999 furias
3333 4945 3638 5001 maximam
3661 4964 3758 5019 pa.

481 5031 886 5087 abundantiam
940 5001 1124 5087 cordis
1174 5033 1304 5086 ﬁcta
1344 5031 1710 5086 similitudine
1762 5049 1951 5086 coram
1991 5001 2142 5086 εει-ο
2162 5031 2300 5085 titur
2320 5031 2609 5097 invidiam,
2634 5031 2819 5095 timui,
2847 5031 3043 5092 fateor,
3067 5048 3138 5086 ne
3158 5031 3205 5086 si
3224 5038 3396 5088 tanta;
3425 5050 3536 5101 res,
3558 5001 3759 5107 utpote

481 5120 673 5192 piente
707 5121 1098 5193 [abscondere]
1134 5121 1359 5176 difﬁcile
1388 5127 1492 5175 est.
1528 5121 1622 5174 ille
1652 5138 1778 5175 mox
1809 5122 2074 5190 sentiens,

391 5205 396 5209 ’
481 5215 539 5265 et
588 5210 799 5266 fraudis
854 5229 1116 5282 arguens,
1175 5211 1358 5266 amica
1406 5211 1577 5281 cmpit
1630 5209 2074 5282 importunitate,

480 5301 617 5373 quid
647 5300 934 5368 haberem,
969 5318 1237 5373 quaerere,
1272 5306 1330 5355 et
1370 5317 1442 5354 ne
1475 5299 1672 5354 multis
1699 5317 1908 5368 morer,
1947 5318 2074 5356 con-

478 5396 641 5447 sueta
683 5392 914 5446 tandem
963 5390 1255 5446 charitatis
1283 5389 1550 5444 violentia
1585 5405 1780 5444 verum
1819 5391 2070 5446 extorsit.

479 5482 588 5546 Qui
618 5481 841 5552 cognita
869 5497 931 5535 re
962 5481 1152 5535 statim
1179 5478 1474 5534 subridens
1505 5478 1588 5532 ait
1620 5497 1632 5532 :
1683 5499 1707 5531 ι
1747 5477 1814 5534 In
1844 5480 1947 5535 hac
1976 5481 2079 5536 ﬂu-

2161 5119 2232 5173 ab
2263 5120 2512 5191 antiquis
2537 5119 2884 5192 philos0phis
2926 5137 3029 5192 pro
3057 5121 3385 5177 difﬁcultate
3412 5124 3499 5178 sui
3528 5131 3632 5179 aut
3667 5126 3757 5181 in-

2159 5216 2323 5266 tactae
2363 5215 2462 5264 aut
2491 5215 2652 5266 tactae
2696 5215 2754 5264 et
2802 5210 2862 5264 in
2907 5209 3078 5264 dubio
3125 5211 3348 5278 relictae,
3380 5218 3480 5266 aut
3505 5217 3671 5268 tactae
3700 5220 3759 5268 et

2159 5307 2431 5366 tractatae,
2469 5300 2565 5354 sed
2597 5299 2782 5354 minus
2833 5305 2999 5354 cauta
3049 5299 3378 5371 probatione
3409 5302 3602 5369 ﬁnitae,
3651 5302 3755 5357 sub

2157 5407 2398 5462 persona
2423 5389 2654 5444 vilitatis
2684 5405 2822 5444 mea:
2847 5388 3571 5462 proferantur,quibusdam
3593 5391 3755 5446 fasti-

2158 5479 2249 5535 dio
2271 5480 2403 5544 sint,
2430 5495 2542 5534 non
2565 5478 2772 5541 studio,
2787 5482 2844 5534 et
2864 5478 3046 5549 magis
3067 5479 3386 5551 depravatae
3409 5495 3580 5552 quam
3608 5497 3754 5537 verm

553 5639 624 5710 (1)
647 5641 880 5699 Exstant
906 5642 968 5699 in
992 5659 1176 5701 coaevo
1202 5642 1320 5700 fere
1346 5643 1539 5702 codice
1565 5643 2093 5718 Emmerammensi,
2122 5643 2223 5701 sed
2250 5642 2355 5701 sub
2374 5642 2546 5698 ﬁnem
2563 5639 2785 5697 mutila.
