3944 6360
207 387 344 446 1641

763 392 1126 450 ADDENDA.
1173 423 1236 435 —-
1277 392 1343 448 S.
1385 392 1705 451 WILHEM.
1745 391 2092 448 HIRSAUG.
2133 393 2359 450 PREF.
2400 395 2481 451 IN
2515 394 2929 452 ASTRONOM.
2960 397 2985 428 ~'

3343 395 3481 455 1642

204 515 568 588 deprehensa
611 523 822 574 temere
860 520 929 574 ab
976 520 1056 573 eis
1093 519 1436 591 judicentur,
1481 517 2000 590 prasertimAejus
2021 517 2336 590 Evangelio,
2361 520 2538 592 signis
2589 525 2643 576 et
2681 521 2952 592 prodigiis
2997 521 3140 591 ejus,
3182 521 3477 592 discipulo-

147 647 153 656 .
201 621 332 662 cum
352 607 511 662 nobis
537 610 827 663 monachis
857 610 998 664 nihil
1023 609 1269 664 liberalis
1315 607 1558 662 scientia
1595 611 1798 679 praeter

200 695 540 751 Psalterium
571 697 738 752 licere
759 703 1033 753 asseram.

271 786 429 840 Tunc
447 787 575 841 ille:
618 813 632 833 -
672 788 816 852 Quid
842 793 922 852 tu,
965 788 1062 850 ait,
1095 805 1287 842 eorum
1319 789 1403 842 vel
1443 787 1619 842 ullam
1661 784 1794 840 facis

201 874 566 941 mentionem,
591 877 684 947 qui
716 877 959 932 inimicis
988 877 1168 931 crucis
1224 877 1429 931 Christi
1467 875 1546 929 nil
1595 878 1796 946 putant

198 965 502 1031 auctorale,
544 964 652 1020 nisi
692 966 839 1036 quod
890 966 998 1036 ipsi
1053 966 1359 1021 secundum
1406 982 1466 1019 se
1520 969 1795 1026 statuunt,

196 1052 447 1107 volentes
467 1054 648 1108 lucem
671 1055 1029 1125 professionis
1057 1062 1279 1118 nostra,
1314 1053 1795 1108 sanctissimorum

196 1141 429 1197 Patrum
445 1143 648 1213 jubere
667 1149 869 1209 ortam,
893 1144 1199 1215 caliginosa
1215 1143 1496 1214 dogmatis
1515 1143 1600 1197 sui
1616 1146 1800 1196 muta-

194 1230 349 1285 tione
377 1231 708 1286 obfuscare?
734 1234 879 1287 Nam
909 1233 956 1286 si
987 1234 1337 1288 Psalmorum
1361 1233 1478 1286 sola
1507 1231 1666 1286 nobis
1695 1247 1793 1300 pe-

193 1319 327 1374 ritia
354 1321 616 1389 sufﬁciat,
647 1323 817 1385 unde,
842 1339 1048 1393 quaso,
1074 1322 1248 1376 Vetus
1276 1327 1334 1376 et
1358 1323 1577 1376 Novum
1605 1321 1794 1375 Testa-

194 1414 473 1475 mentum,
505 1411 654 1465 unde
683 1411 816 1465 Vita
836 1414 1083 1475 Patrum,
1121 1412 1270 1466 unde
1302 1411 1641 1467 Collationes
1688 1409 1792 1463 Pa-

193 1501 370 1567 trum,
383 1499 533 1554 unde
544 1499 839 1570 Dialogum
860 1500 1135 1570 Gregorii,
1160 1501 1411 1572 aliosque
1425 1517 1490 1556 ex
1512 1507 1788 1573 pracepto

193 1587 374 1641 sancti
414 1589 695 1644 Benedicti
733 1606 833 1660 per
878 1605 1129 1646 annuum
1185 1589 1458 1645 circulum
1524 1591 1790 1661 legendos

191 1676 410 1730 codices
428 1677 742 1748 intelligere
761 1681 1109 1750 poterimus?
1139 1681 1340 1736 Nonne
1387 1697 1643 1735 summus
1695 1681 1790 1735 ille

191 1771 319 1836 post
357 1767 638 1836 apostolos
686 1765 941 1824 Ecclesiae
993 1772 1278 1841 plantator
1320 1770 1695 1840 Hieronymus
1733 1770 1788 1823 in

191 1854 437 1908 homiliis
459 1861 512 1909 et
535 1857 972 1927 expositionibus
1002 1861 1118 1914 suis
1140 1861 1344 1931 sapius
1372 1859 1584 1913 eisdem
1631 1875 1788 1928 usus,

189 1944 361 2015 hujus
381 1962 531 2000 vena
551 1947 838 2002 metallum
860 1949 1172 2019 purissima
1184 1949 1353 2003 divini
1366 1949 1572 2020 eloquii
1594 1965 1790 2002 massa

190 2035 439 2088 conﬁat?
486 2034 544 2090 Si
590 2037 910 2093 dulcisonus
967 2039 1061 2092 ille
1119 2039 1330 2092 caelesti
1376 2038 1529 2092 verbi
1565 2038 1789 2092 tubicen

190 2122 496 2194 Gregorius
516 2127 820 2183 dialectica
835 2128 971 2182 artis
986 2145 1183 2198 expers
1204 2129 1260 2180 in
1277 2127 1576 2181 universali
1597 2144 1786 2181 rerum

189 2214 432 2268 essentia
460 2215 737 2286 triplicem
768 2217 880 2270 vim
909 2218 1111 2272 anima
1148 2218 1479 2287 ignorasset,
1534 2217 1666 2286 quid
1719 2216 1788 2271 de

188 2305 286 2360 illo
333 2308 668 2378 Evangelio:
706 2327 734 2360 «
777 2311 986 2364 Euntes
1033 2311 1090 2363 in
1145 2309 1416 2364 mundum
1464 2310 1786 2364 universum

188 2396 487 2466 pradicate
507 2397 873 2469 Evangelium
894 2400 1044 2453 omni
1067 2405 1398 2461 creatura,»
1417 2416 1573 2469 aque
1590 2399 1790 2470 jucun-

186 2483 322 2539 dum
352 2485 729 2542 intonuisset?
761 2488 1052 2559 Exponens
1081 2506 1324 2559 namque
1343 2489 1456 2542 ait:
1493 2507 1520 2540 ‹‹
1554 2489 1788 2558 Lapides

189 2579 342 2642 sunt,
375 2575 470 2629 sed
495 2577 819 2647 necgvivunt
863 2594 964 2632 nec
1007 2578 1276 2632 sentiunt.
1322 2577 1568 2632 Arbusta
1613 2585 1779 2639 sunt:

189 2661 381 2719 vivunt
408 2667 776 2736 quidem,sed
812 2684 924 2721 non
965 2668 1231 2722 sentiunt.
1285 2669 1459 2721 Bruta
1519 2669 1787 2722 animalia

189 2756 350 2806 sunt:
378 2751 586 2819 vivunt,
620 2755 890 2818 sentiunt,
933 2755 1030 2808 sed
1071 2771 1181 2809 non
1211 2755 1555 2810 discernunt.
1591 2757 1787 2827 Angeli

1877 623 2117 678 rumque
2146 609 2284 678 ejus,
2318 626 2421 664 nec
2445 619 2560 664 nan
2599 610 2850 665 omnium
2885 609 3140 665 Ecclesia
3183 610 3472 665 doctorum

1875 695 2057 750 verbis
2077 701 2135 750 et
2151 698 2419 768 exemplis
2447 698 2518 752 ad
2550 698 2607 752 id
2650 699 2958 753 humanum
3003 715 3182 768 genus
3215 715 3474 770 provoca-

1877 784 2035 850 verit,
2059 791 2336 855 quatenus
2363 787 2646 841 calestem
2694 787 2877 841 vitalis
2903 786 3168 857 spiraculi
3198 793 3256 842 et
3274 787 3472 842 simili-

1877 873 2089 928 tudinis
2110 875 2208 929 Dei
2235 875 2636 930 sublimitatem
2666 876 3023 932 hareditaria
3059 877 3233 931 animi
3270 877 3474 932 virtute

1879 962 2014 1016 velit
2043 963 2406 1034 repossidere.
2436 965 2642 1019 Verum
2675 965 2845 1019 etiam
2880 967 3037 1035 cujus
3056 965 3312 1020 innatam
3345 983 3472 1020 san-

1878 1051 2129 1106 ctitatem
2149 1053 2360 1108 imitari
2390 1054 2676 1120 debemus,
2709 1054 3001 1125 physicum
3039 1071 3262 1126 quoque
3289 1055 3473 1110 scien-

1878 1139 1971 1194 tiae
1992 1142 2114 1212 ejus
2147 1159 2383 1198 acumen
2437 1143 2643 1207 studio,
2667 1160 2776 1215 quo
2813 1159 3130 1215 possumus,
3155 1145 3314 1215 sequi
3357 1160 3470 1200 non

1874 1230 2346 1289 solumlicet.sed
2367 1236 2424 1286 et
2464 1225 2741 1296 omnibus,
2792 1233 2888 1304 qui
2936 1233 3176 1304 practice
3219 1233 3495 1289 viventes

1873 1319 2149 1373 talentum
2168 1320 2380 1391 ingenii
2408 1337 2442 1374 a
2468 1321 2708 1376 Domino
2736 1321 3021 1377 consecuti
3047 1327 3200 1391 sunt,
3232 1321 3303 1377 ab
3360 1323 3466 1378 hoc

1871 1408 2130 1462 exercitio
2148 1408 2452 1464 subsistere
2471 1409 2555 1465 fas
2581 1426 2694 1464 non
2723 1415 2823 1465 est.

1941 1497 2244 1552 Videamus
2263 1503 2451 1553 autem
2480 1499 2528 1552 si
2550 1499 2840 1570 sapientiae
2853 1499 2901 1568 ej
2912 1515 2975 1554 us
2993 1499 3330 1570 plenitudini
3349 1500 3469 1555 hac

1871 1585 1940 1640 de
1970 1602 2081 1657 qua
2107 1587 2326 1658 agimus
2341 1587 2640 1659 disciplina
2667 1587 2911 1642 defuerit
2928 1589 2987 1642 in
3028 1587 3170 1644 libro
3201 1589 3469 1644 Collatio-

1871 1690 2026 1738 num,
2059 1676 2150 1745 qui
2175 1677 2428 1731 maxima
2449 1677 2800 1731 auctoritatis
2814 1676 3069 1743 habetur,
3093 1677 3176 1731 ita
3196 1677 3467 1749 scriptum

1875 1769 1989 1816 est:
2030 1783 2052 1814 α
2083 1764 2167 1816 Ab
2197 1764 2294 1818 illa
2322 1781 2452 1819 vera
2489 1764 2732 1836 physica
2768 1765 3134 1837 philosophia
3177 1766 3472 1837 disciplina

1807 1832 1854 1891 Β
1873 1852 2126 1906 homines
2155 1832 2508 1918 exciderunt,
2561 1832 2730 1924 quam
2769 1832 3009 1925 primus
3030 1855 3198 1909 homo
3231 1832 3344 1918 ille,
3376 1854 3474 1926 qui

1874 1942 2260 1997 universarum
2316 1949 2648 1997 naturarum
2693 1943 3107 1997 institutionem
3154 1960 3185 1997 e
3235 1945 3471 2014 vestigio

1874 2031 2204 2087 subsecutus
2233 2037 2334 2096 est,
2369 2033 2554 2102 potuit
2592 2031 2878 2086 evidenter
2906 2031 3201 2102 attingere,
3249 2039 3306 2088 et
3352 2033 3469 2088 suis

1873 2123 2111 2192 posteris
2123 2129 2274 2176 certa
2294 2121 2513 2175 ratione
2525 2121 3142 2192 transmittere,quippe
3158 2123 3253 2192 qui
3273 2122 3471 2176 mundi

1871 2211 2045 2281 ipsius
2073 2212 2365 2266 infantiam
2417 2212 2600 2265 adhuc
2647 2215 2900 2265 teneram
2943 2216 3001 2264 et
3057 2211 3468 2283 quodammodo

1872 2303 2241 2372 palpitantem
2269 2301 2581 2371 rudemque
2637 2305 3032 2371 conspexerat:
3087 2305 3144 2354 et
3194 2301 3250 2354 in
3301 2316 3468 2371 quem

1871 2396 2030 2444 tanta
2064 2391 2168 2444 fuit
2187 2381 2299 2444 nan
2319 2390 2502 2444 solum
2533 2389 2823 2459 sapientia
2835 2389 3145 2459 plenitudo,
3169 2389 3265 2442 sed
3297 2389 3467 2443 etiam

1867 2481 2053 2549 gratia
2077 2480 2380 2550 prophetia
2408 2478 2610 2532 divina
2638 2478 2736 2531 illa
2754 2472 3133 2532 insufflatione
3161 2479 3466 2546 transfusa,

1867 2575 1932 2621 ut
1949 2584 2059 2622 non
2081 2569 2261 2622 solum
2279 2567 2709 2636 omnigenarum
2730 2565 3036 2620 bestiarum
3059 2570 3228 2636 atque
3245 2581 3473 2636 serpen-

1865 2657 2009 2710 tium
2031 2659 2245 2711 t'urores
2265 2657 2529 2727 virusque
2553 2654 3019 2721 discerneret,sed
3040 2654 3210 2708 etiam
3232 2654 3469 2708 virtutes

1868 2746 2169 2800 herbarum
2198 2752 2253 2799 et
2283 2744 2545 2798 arborum
2574 2744 2938 2814 lapidumque
2966 2748 3216 2808 naturas,
3241 2759 3306 2797 ac
3323 2748 3471 2797 tem-

187 2847 356 2896 sunt;
388 2841 598 2907 vivunt,
629 2844 882 2898 sentiunt
906 2849 963 2898 et
994 2844 1334 2898 discernunt,
1371 2846 1565 2898 omnis
1595 2853 1783 2899 autem
1869 2851 2066 2905 porum
2087 2835 2324 2889 necdum
2347 2837 2703 2904 expertarum
2720 2831 3127 2886 vicissitudines
3140 2831 3466 2901 partiretur,

180 2935 454 2985 creatura
473 2931 684 3002 aliquid
709 2932 877 2986 habet
897 2933 1081 2987 homo.
1107 2933 1290 2987 Habet
1316 2934 1467 2987 enim
1487 2950 1784 2988 commune
1869 2925 1949 2978 ita
1975 2930 2036 2978 ut
2060 2923 2307 2995 potuerit
2336 2923 2633 2977 efficaciter
2675 2921 2862 2975 dicere
2891 2939 2902 2974 :
2941 2940 2963 2972 ι
3001 2920 3272 2975 Dominus
3317 2920 3474 2974 dedit

184 3036 306 3074 esse
337 3037 464 3075 cum
493 3021 790 3092 lapidibus,
815 3022 996 3076 vivere
1036 3039 1162 3076 cum
1217 3022 1532 3087 arboribus,
1573 3025 1785 3078 sentire
1873 3037 1896 3062 α
1933 3014 2071 3067 mihi
2093 3029 2285 3067 eorum
2315 3029 2438 3082 quae
2464 3015 2596 3066 sunt
2615 3011 2906 3065 SCientiam
2937 3026 3148 3074 veram,
3203 3014 3268 3063 Ut
3295 3009 3469 3064 δείδω

183 3127 310 3164 cum
342 3111 698 3177 animalibus,
741 3113 1052 3182 intelligere
1082 3129 1208 3166 cum
1249 3113 1482 3182 angelis.
1517 3113 1574 3167 Si
1605 3114 1783 3183 igitur

1873 3121 1895 3156 α
1933 3102 2352 3174 dispositionem
2375 3101 2524 3155 orbis
2550 3107 2848 3161 terrarum,
2883 3105 2940 3153 et
2957 3099 3195 3152 virtutes
3221 3099 3470 3154 elemen-

182 3216 480 3254 commune
528 3201 695 3255 habet
723 3202 935 3272 aliquid
964 3218 1090 3256 cum
1137 3202 1287 3255 omni
1319 3209 1578 3255 creatura
1615 3203 1781 3257 homo

163 3287 340 3358 juxta
367 3289 578 3360 aliquid
637 3292 820 3346 omnis
875 3299 1134 3347 creatura
1175 3293 1360 3346 homo.
1410 3292 1577 3346 Omni
1625 3309 1776 3363 ergo,

179 3385 452 3434 creatura
482 3381 817 3450 pradicatur
835 3383 1217 3453 Evangelium,
1267 3399 1394 3436 cum
1425 3381 1526 3435 soli
1565 3382 1779 3436 homini

181 3469 536 3541 pradicatur.
576 3493 597 3520 ι
631 3472 784 3525 Licet
809 3471 1074 3526 nimirum
1107 3479 1164 3525 et
1201 3487 1328 3524 vere
1370 3471 1529 3524 decet
1558 3487 1658 3525 nos
1686 3489 1782 3525 sa-

185 3559 433 3613 cularem
465 3559 875 3629 philosophiam
901 3560 1288 3630 investigando
1328 3576 1526 3614 aurum
1559 3560 1616 3614 in
1663 3560 1781 3614 luto

181 3664 449 3719 quarere.
484 3649 784 3720 [Egyptum
830 3651 1092 3721 spoliare,
1147 3650 1454 3704 odoriferos
1481 3650 1695 3704 fructus
1724 3649 1781 3703 in

181 3737 361 3808 Spinis
391 3755 638 3809 carpere,
672 3740 718 3794 si
759 3746 950 3794 tamen
974 3741 1236 3795 effossum
1268 3740 1368 3793 tibi
1401 3739 1689 3794 metallum
1713 3739 1780 3793 ad

174 3827 638 3898 purgatissimum
671 3830 814 3883 sacri
847 3830 1052 3901 eloquii
1107 3831 1433 3885 thesaurum
1483 3831 1780 3887 transfera-

176 3933 304 3971 mus
329 3934 341 3984 ;
375 3917 421 3971 si
452 3918 639 3972 evulsa
668 3916 768 3971 tibi
786 3918 1065 3988 plantaria
1087 3918 1232 3972 inter
1253 3919 1675 3989 pigmentiferas
1696 3937 1780 3974 ar-

175 4005 342 4061 bores
369 4007 490 4077 agri
522 4006 691 4077 pleni,
733 4024 897 4077 quem
932 4008 1210 4063 benedixit
1238 4009 1528 4075 Dominus,
1562 4010 1778 4064 decenti

174 4095 374 4149 ordine
401 4113 780 4150 conseramus.
840 4097 910 4150 Et
964 4097 1013 4150 si
1065 4098 1298 4167 profana
1338 4098 1584 4162 illorum,
1641 4115 1780 4170 quos

175 4184 335 4251 dicis,
369 4201 434 4239 eo
462 4201 640 4256 usque
657 4191 990 4256 prorumpat
1014 4186 1252 4252 insania,
1279 4193 1340 4241 ut
1368 4195 1779 4243 sacrosanctam

173 4278 465 4329 tantorum
492 4275 742 4328 virorum
763 4275 906 4339 ideo,
928 4275 1060 4345 quia
1089 4277 1344 4330 monachi
1394 4277 1635 4343 fuerant,
1677 4294 1780 4332 au-

178 4363 499 4417 ctoritatem
529 4369 824 4428 nauseant,
857 4364 1122 4418 validiore
1146 4365 1326 4418 adhuc
1354 4366 1572 4420 ratione
1601 4383 1663 4421 os
1684 4384 1781 4421 eo-

1874 3211 1897 3244 1
1929 3199 2136 3256 torum,
2155 3191 2377 3245 initium
2396 3196 2450 3244 et
2466 3189 3006 3244 consummationem
3032 3193 3089 3240 et
3106 3187 3468 3241 medietatem

1868 3302 1891 3336 ςι
1924 3288 2260 3352 temporum,
2293 3279 2738 3334 vicissitudinum
2768 3277 3190 3331 immutationes
3228 3281 3284 3330 et
3323 3276 3467 3330 divi-

1869 3391 1890 3422 ι
1925 3373 2110 3426 siones
2136 3377 2473 3442 temporum,
2522 3384 2798 3422 annorum
2838 3383 3036 3420 cursus
3067 3371 3123 3420 et
3172 3366 3465 3419 stellarum

1867 3482 1892 3516 (ι
1923 3462 2571 3532 dispositiones,naturas
2583 3456 2912 3511 animalium
2928 3460 2985 3509 et
3001 3455 3114 3508 iras
3133 3453 3462 3520 bestiarum,

1869 3574 1889 3602 α
1929 3552 2034 3604 vim
2067 3550 2368 3620 spirituum
2391 3554 2447 3602 et
2473 3545 2929 3602 constitutionem
2957 3543 3270 3607 hominum,
3304 3543 3466 3598 diffe-

1868 3659 1892 3692 (‹
1928 3640 2140 3694 rentias
2162 3638 2428 3692 arborum
2454 3642 2511 3692 et
2535 3637 2768 3691 virtutes
2818 3633 3093 3698 radicum,
3122 3639 3179 3686 et
3199 3648 3464 3703 quacun-

1870 3751 1892 3782 α
1930 3747 2036 3800 que
2067 3733 2200 3782 sunt
2223 3726 2569 3792 abscondita,
2601 3726 2660 3778 in
2691 3729 2953 3794 promptu
2982 3721 3234 3791 cognovi.
3271 3743 3293 3772 ι
3327 3721 3463 3777 Ecce

1866 3837 1931 3873 ex
1965 3835 2130 3889 quam
2156 3815 2548 3887 limpidissimo
2573 3815 2726 3868 fonte
2755 3829 2856 3866 nos
2884 3811 2994 3882 [ad]
3029 3811 3202 3864 totius
3223 3810 3464 3881 quadru-

1864 3909 1934 3962 vii
1968 3907 2322 3977 disciplinam
2375 3920 2475 3975 per
2507 3902 2762 3957 naturale
2811 3899 3100 3970 ingenium
3153 3900 3314 3970 quasi
3364 3915 3465 3970 per

1862 3999 2114 4069 quaedam
2135 3994 2443 4066 spiramina
2455 3993 2624 4047 etiam
2645 3990 2802 4044 inviti
2820 3989 3160 4043 attrahimur
3184 3989 3195 4041 ε
3221 3989 3464 4059 Ideoque

1863 4087 2142 4150 omnibus,
2168 4086 2264 4157 qui
2288 4085 2532 4154 maligna
2551 4084 2877 4154 loquuntur,
2911 4081 3075 4151 plane
3104 4080 3369 4144 confusis,
3402 4080 3462 4134 in

1861 4177 2089 4232 nomine
2115 4177 2255 4246 ejus,
2281 4174 2376 4245 qui
2409 4178 2672 4227 numerat
2699 4169 3118 4224 multitudinem
3147 4169 3459 4238 stellarum,

1863 4273 1922 4321 et
1953 4265 2210 4320 omnibus
2238 4264 2316 4317 eis
2334 4262 2564 4316 nomina
2582 4265 2760 4325 vocat,
2786 4260 3190 4313 astronomiam
3209 4263 3461 4312 nostram

1862 4355 2146 4429 pr0posito
2175 4352 2458 4422 dialogica
2486 4350 2952 4405 confabulationis
2983 4349 3185 4404 itinere
3229 4365 3462 4422 percur-

175 4468 301 4507 rum
325 4451 702 4519 obstruamus,
733 4459 797 4507 ut
821 4453 1042 4525 penitus
1074 4459 1231 4508 muta
1247 4455 1545 4509 ﬁantlabia
1563 4456 1774 4523 dolosa,
1794 4467 1844 4526 1)
1862 4463 2071 4500 ramus-

175 4558 298 4614 qua
325 4543 635 4613 loquuntur
662 4543 926 4598 adversus
939 4543 1222 4614 justitiam
1243 4543 1599 4614 iniquitatem
1620 4545 1678 4599 in
1691 4563 1778 4600 su-

177 4631 374 4703 perbia
402 4637 460 4686 et
486 4632 543 4686 in
564 4632 852 4687 abusione.

250 4721 525 4776 Omnibus
550 4722 837 4778 catholicis
881 4722 1132 4778 inidiotis
1182 4723 1394 4795 liquido
1440 4728 1596 4794 patet
1624 4723 1774 4794 quia,

178 4816 407 4883 excepto
433 4811 572 4866 Filio
601 4812 864 4879 hominis,
898 4814 994 4884 qui
1013 4831 1183 4885 super
1201 4831 1395 4869 omnes
1423 4819 1526 4875 est,
1552 4814 1608 4866 in
1626 4814 1777 4867 omni

175 4899 426 4956 humana
452 4901 778 4973 propagine,
811 4902 906 4956 illo
927 4903 1274 4974 protoplasto
1305 4905 1484 4958 Adam
1513 4903 1653 4958 nihil
1677 4919 1778 4957 un-

178 5009 345 5064 quam
373 4992 621 5047 sanctius
663 4992 834 5047 fuerit
884 5009 986 5046 nec
1043 4993 1170 5058 erit,
1227 4993 1439 5047 scilicet
1495 4994 1590 5064 qui
1646 4998 1776 5046 ante

175 5086 681 5154 transgressionem
728 5081 938 5137 bonum
976 5082 1312 5136 naturaliter
1331 5083 1530 5148 sciens,
1565 5082 1776 5136 malum

172 5172 476 5228 nesciebat.
511 5172 800 5244 Siquidem
827 5177 998 5227 tanta
1019 5177 1140 5226 erat
1159 5172 1491 5238 sanctitatis,
1513 5177 1599 5242 ut,
1623 5176 1776 5243 post-

175 5280 346 5337 quam
366 5264 461 5319 illo
484 5264 543 5319 in
571 5265 741 5335 hujus
768 5263 965 5318 mundi
1006 5261 1197 5316 exsilio
1231 5262 1425 5333 procul
1466 5261 1635 5316 dubio
1675 5278 1776 5333 pro

173 5355 340 5427 culpa
368 5354 654 5424 damnato,
686 5353 938 5426 ingenita
969 5352 1142 5408 menti
1172 5351 1294 5424 ejus
1315 5351 1575 5423 puritasa
1597 5357 1779 5422 poste-

171 5445 360 5500 ritatis
381 5445 557 5517 ipsius
574 5444 927 5515 malignitate
942 5443 1109 5515 coepit
1127 5441 1438 5512 depravari,
1457 5441 1583 5511 pius
1597 5441 1777 5494 factor

173 5533 370 5589 dolens
398 5533 469 5587 ab
499 5532 756 5605 originali
785 5532 986 5586 divina
1015 5531 1250 5586 rationis
1291 5529 1567 5599 dignitate
1596 5528 1775 5583 factu-

168 5642 298 5682 ram
329 5644 490 5682 suam
518 5627 904 5692 denobilitare,
939 5624 1118 5693 primo
1168 5620 1536 5692 patriarchas,
1577 5617 1777 5673 deinde

172 5719 296 5790 lege
326 5737 392 5774 ex
423 5717 730 5791 prophetis,
765 5714 1092 5813 novissimi
1094 5713 1319 5785 proprio
1367 5711 1505 5766 Filio
1555 5727 1655 5765 suo
1721 5715 1778 5766 et

413 5819 682 5881 PATnOL.
729 5815 844 5878 CL.

1931 4536 2074 4589 Tum
2103 4549 2205 4602 ego
2232 4529 2606 4596 validissimis,
2632 4528 2883 4600 inquam,
2917 4525 3320 4583 assertionibus
3347 4545 3455 4596 me,

1859 4624 2039 4679 frater
2065 4619 2445 4686 dilectissime,
2477 4625 2532 4673 et
2570 4623 2768 4672 contra
2801 4618 3146 4672 adversarios
3172 4618 3456 4684 animasti,

1863 4721 1920 4771 et
1949 4731 2020 4768 ne
2042 4712 2214 4784 jussis
2243 4711 2356 4765 tuis
2393 4710 2544 4764 ultra
2575 4709 2836 4762 resistere
2893 4707 3152 4769 audeam,
3204 4712 3464 4778 potenter

1868 4803 2144 4873 obligasti.
2182 4802 2290 4856 Sed
2313 4817 2378 4854 ea
2407 4797 2662 4852 mercede
2695 4795 3040 4866 obtempero,
3064 4802 3147 4862 ut,
3182 4797 3314 4867 quia
3357 4813 3460 4867 ego

1865 4893 2062 4964 ﬁguris
2094 4892 2277 4946 adhuc
2305 4896 2362 4944 et
2374 4888 2626 4960 pluribus
2642 4885 3033 4940 instrumentis
3053 4885 3122 4938 ad
3155 4885 3264 4940 ista
3291 4887 3462 4956 perti-

1866 4984 2128 5038 nentibus
2157 4982 2405 5052 graviter
2423 4978 2776 5050 occupandus
2803 4992 2948 5041 sum,
2998 4980 3061 5029 tu
3103 4977 3459 5032 collationem

1859 5081 2109 5130 nostram
2135 5071 2355 5138 litteris,
2382 5067 2854 5142 quemadmodum
2869 5065 3195 5136 promisisti,
3227 5067 3460 5138 replica-

1857 5170 1974 5220 tam
1999 5162 2280 5235 expedias,
2314 5167 2418 5216 etc.

2469 5303 2672 5374 Incz'pit
2706 5303 2866 5373 Opus.

1931 5434 2111 5507 Igitur
2139 5451 2172 5488 a
2199 5429 2455 5486 solstitiis
2505 5435 2562 5484 et
2607 5428 2956 5501 aquinoctiis
3003 5427 3138 5483 ordo
3190 5426 3458 5483 adinveno

1858 5527 2076 5582 tionum
2099 5528 2419 5578 nostrarum
2449 5519 2624 5574 sumit
2651 5519 2963 5586 exordium,
2997 5518 3131 5589 quia
3168 5517 3459 5571 hominum

1859 5617 2041 5672 adhuc
2083 5611 2397 5668 naturalem
2451 5607 2756 5662 terminum
2808 5607 3094 5678 ignorans,
3152 5607 3329 5661 multa
3387 5606 3467 5660 fa-

1857 5715 1998 5774 teor,
2031 5710 2135 5760 etc.

3144 5795 3222 5857 52
