4010 6218
323 311 375 372 11
1471 324 1726 385 εοΝεΤ.
1771 321 1906 386 nat

1974 322 2406 384 [ENOPULUS
3494 336 3557 398 ,ρ

3525 387 3556 400 Α

317 432 470 484 tricis
510 435 676 484 Annae
705 428 1095 501 Palieologinze,
1141 433 1410 500 hnjnsqne
1451 434 1566 498 lilii,
1611 434 1835 487 Joannis
1869 432 2150 501 Palmologi
2180 448 2308 486 ann.
2354 448 2382 485 a
2419 444 2604 488 creato
2656 439 2856 489 mundo
2887 437 3047 506 6853,
3098 443 3150 498 ll.
3183 458 3232 496 0.
3267 461 3394 500 ann.
3421 448 3550 502 Chr.

320 519 477 581 1545,
531 532 586 572 et
639 529 920 582 retractat,
975 521 1204 573 aliorum
1246 521 1372 573 nlitn
1431 533 1652 576 secutus
1694 523 1950 581 rationes,
2011 521 2333 574 sententiam
2387 529 2542 573 antea
2593 523 2731 576 libro
2781 524 3145 582 vComment.
3204 532 3254 583 in
3298 533 3460 586 lndie.
3517 553 3550 599 ι,

321 623 371 673 p.
402 606 504 659 688
531 622 635 672 sq.,
671 616 722 659 εἰ
781 607 875 658 771
911 607 1026 676 (sed
1068 623 1114 659 v.
1161 608 1368 660 Knllar.
1406 610 1560 674 ibim,
1599 627 1649 678 p.
1677 609 1801 678 555)
1831 611 2116 676 prolatam,
2150 611 2431 680 rejicitqne
2466 614 2751 681 opiniones
2780 616 2988 670 Tlieml.
3019 620 3118 671 ΛιΙ.
3153 619 3549 689 St'allnlnberg.

317 690 407 758 (γ’.
442 703 625 761 postea
654 693 723 745 ad
748 704 882 746 sect.
908 693 973 760 t),
1007 693 1310 761 Marquardi
1341 693 1563 750 Frcheri
1613 698 1663 748 in
1701 696 2080 766 Clironnlngia,
2124 700 2339 766 prazlixa
2362 698 2478 753 Jnri
2502 700 2692 754 Graeco
2724 701 2991 760 Romano.
3025 721 3087 758 ac.
3117 705 3338 778 Jnscphi
3369 689 3553 764 Mari-ie

315 779 552 832 Suaresii
592 780 644 831 in
679 778 877 833 Notitia
917 781 1268 835 Basilicarum
1301 783 1440 850 (1'2),
1477 783 1570 852 qni
1609 791 1820 837 :rtatem
1855 783 2190 838 Constantini
2226 784 2483 840 llarmeu.
2522 788 2811 857 alligaruut
2840 805 2891 843 a.
2918 789 2981 844 C.
3019 793 3158 847 1145
3187 796 3352 863 (quas
3384 801 3548 853 etiam

314 878 527 918 secutus
550 875 633 920 cst
670 866 829 919 Burc.
863 865 1122 921 G'Ottbell'.’
1157 869 1346 923 Struv.
1376 869 1428 922 in
1462 867 1701 923 Historia
1739 872 1899 938 juris,
1935 872 2068 925 lenae
2099 871 2258 934 1718.
2283 873 2344 929 τά,
2371 886 2422 941 p.
2455 873 2550 927 511
2582 891 2646 928 ac
2668 876 2833 940 605);
2867 887 3027 944 atque
3061 879 3178 933 Jac.
3211 881 3549 946 Gotliolreili,

312 956 363 1006 in
401 953 636 1006 Manuali
662 953 801 1020 juris
825 954 910 1024 (ρ.
945 954 1032 1016 79,
1063 957 1191 1008 edit.
1230 956 1285 1008 11
1329 956 1536 1012 Genev.
1570 959 1726 1021 1710,
1783 958 1899 1023 12);
1937 974 1998 1012 ac
2035 959 2267 1027 Philippi
2305 960 2505 1014 Labbei
2558 961 2611 1015 in
2662 962 2914 1018 Biblioth.
2949 966 3258 1036 chronolog.
3300 969 3406 1026 SS.
3449 971 3549 1024 Ec-

313 1041 456 1103 rles.,
489 1041 578 1108 qui
621 1040 764 1094 illius
793 1050 1006 1095 {etatem
1039 1043 1340 1096 retulerunt
1376 1044 1440 1095 ad
1476 1061 1604 1098 ann.
1635 1046 1764 1099 Chr.
1813 1047 1980 1110 1150;
2020 1047 2271 1102 Christfr.
2305 1063 2518 1117 quoque
2561 1049 2942 1106 Waechtlerus
2995 1054 3048 1108 in
3082 1054 3306 1124 Opusm,
3345 1075 3396 1125 p.
3428 1061 3550 1118 501.

312 1131 585 1198 vulgarem
619 1130 946 1183 sententiam
975 1130 1273 1198 amplexus,
1303 1131 1762 1201 llarmeuopnlum
1785 1135 1895 1201 jam
1926 1149 2051 1188 srec.
2081 1149 2154 1187 xu
2188 1135 2390 1190 vixisse
2414 1139 2718 1203 contendit,
2750 1139 2847 1195 sed
2879 1141 3000 1194 ideo
3034 1154 3256 1199 notatus
3278 1161 3307 1198 a
3334 1147 3551 1199 Trotzm

312 1217 361 1267 in
390 1215 596 1282 praefat.
637 1216 707 1284 ad
737 1215 1062 1271 Waechtleri
1091 1215 1297 1284 Opusc,
1321 1233 1373 1286 p.
1425 1218 1491 1271 75
1530 1219 1752 1284 aliique.
1794 1218 1906 1273 Vid.
1940 1223 2006 1273 ad
2045 1223 2138 1275 110.
2188 1224 2466 1292 sequentis
2515 1228 2838 1294 paragrapbi
2873 1229 3018 1285 2,-
3047 1232 3242 1286 Contra
3283 1235 3348 1288 de
3393 1247 3555 1289 aetate

312 1305 424 1371 ιι]οδ
456 1322 576 1356 cum
617 1303 865 1362 Fabricio
895 1305 1243 1358 consentiunt
1272 1304 1469 1359 Oudin.
1503 1306 1554 1357 in
1589 1306 1893 1359 Comment.
1921 1307 1988 1360 tle
2017 1305 2114 1362 SS.
2152 1310 2354 1362 Ecclus.
2401 1321 2530 1367 tom.
2567 1311 2660 1374 lll,
2694 1329 2746 1381 p.
2780 1315 2905 1380 92-1,
2932 1318 2998 1371 ad
3023 1333 3149 1372 ann.
3182 1321 3364 1385 1310;
3395 1323 3555 1376 llam-

311 1393 505 1459 berger
536 1392 587 1443 in
626 1393 934 1444 Zurerlc'iss.
969 1390 1307 1454 Nachricht.,
1341 1405 1379 1446 t.
1433 1391 1525 1455 ιν,
1559 1411 1610 1462 p.
1647 1393 1751 1445 615
1797 1409 1915 1462 sq.;
1951 1394 2166 1458 Saxius,
2205 1396 2256 1448 in
2295 1396 2487 1451 Onam.
2530 1399 2639 1463 lit.,
2672 1411 2814 1469 part.
2849 1418 2908 1465 11,
2960 1421 3011 1470 p.
3049 1406 3155 1459 56ῗί
3185 1424 3294 1476 sq.,
3328 1411 3392 1462 ad
3425 1426 3549 1462 ann.

311 1481 470 1542 1515,
503 1481 593 1548 qui
627 1486 884 1546 prazterea
921 1479 1104 1546 plures
1139 1483 1284 1533 viros
1316 1481 1510 1536 doctos
1543 1483 1812 1550 praiciptte
1847 1481 2140 1549 scriptores
2175 1481 2382 1538 Ilistor.
2409 1486 2552 1553 juris
2587 1489 2650 1539 de
2682 1504 2745 1542 eo
2773 1489 2985 1556 laudat;
3025 1495 3286 1559 Sainmet,
3324 1497 3375 1550 in
3409 1499 3555 1566 Opu-

309 1567 493 1628 sculis,
521 1566 668 1631 Lips.
706 1567 866 1628 1765,
918 1567 974 1629 4,
1018 1583 1072 1636 p.
1116 1569 1215 1627 50;
1250 1597 1318 1605 —-
1342 1565 1427 1620 Jo.
1457 1571 1592 1636 Aug.
1636 1568 1887 1634 Baebius,
1917 1571 1969 1620 in
2009 1568 2146 1621 llist.
2173 1570 2474 1637 jurisprud.
2508 1573 2684 1637 Hom,
2727 1585 2781 1629 et
2808 1577 2944 1646 Aug.
2983 1578 3152 1636 Com.
3191 1565 3550 1642 Stockmann,

309 1659 360 1708 in
385 1654 508 1707 Not.
547 1656 612 1707 ad
649 1655 814 1714 illam.
849 1671 899 1722 p.
926 1656 1030 1710 655
1061 1672 1140 1723 sq.
1183 1657 1269 1708 ed.
1296 1657 1530 1725 quintm;
1568 1655 1720 1708 l’nbl.
1755 1659 1820 1708 ad
1865 1655 2088 1710 Suarcs.
2124 1660 2156 1711 Ι.
2197 1675 2245 1712 (·.
2281 1674 2334 1726 p.
2368 1661 2452 1723 16,
2490 1664 2580 1728 qui
2617 1679 2738 1732 pag.
2775 1664 2843 1716 17
2891 1681 3013 1734 sqq.
3047 1669 3328 1724 editiones-
3368 1689 3553 1725 recru-

307 1751 424 1806 sct;
468 1754 521 1796 et
559 1743 687 1795 Car.
723 1742 869 1796 Frid.
913 1743 1210 1810 Zepernick
1254 1743 1318 1796 ad
1360 1745 1589 1810 Caspar.
1627 1743 1822 1798 Aibat.
1870 1744 2026 1797 Beck.
2069 1744 2142 1798 De
2175 1745 2411 1800 Novelli;
2444 1747 2632 1801 Leonis
2665 1751 2914 1819 Augusti.
2942 1765 3075 1817 etc.,
3115 1755 3258 1809 Ilalre
3299 1758 3457 1821 1779,
3489 1762 3545 1819 8.

307 1850 357 1972 p.
391 1831 461 1883 9'2
489 1847 607 1901 Sqq.
649 1833 786 1884 Add.
818 1849 988 1884 meam
1023 1833 1348 1894 lntroduct.,
1376 1842 1506 1898 clc.,
1535 1832 1598 1895 ll,
1633 1841 1772 1901 part.
1806 1849 1842 1907 ι,
1879 1849 1931 1902 p.
1969 1833 2074 1886 559
2105 1849 2189 1903 sq.
2235 1846 2289 1889 et
2327 1833 2708 1904 Supplementa
2768 1842 2834 1893 ad
2887 1841 3058 1907 illam,
3105 1842 3172 1906 ll,
3200 1861 3317 1914 pag.
3367 1847 3426 1900 61
3466 1865 3548 1916 sq.

337 1919 533 1972 llant..l

337 1919 533 1989 llam.)

1309 2075 1646 2130 Constantini
1677 2075 2063 2149 Harmenopuli
2097 2081 2299 2146 scripta
2335 2082 2509 2215 edit}

379 2235 418 2274 t.
457 2219 784 2285 Ἐξάὸιϐλος,
825 2218 936 2272 sive
970 2219 1266 2287 Πρόχειρον
1303 2223 1506 2287 νόμιον,
1538 2215 1962 2286 Promptuariun;

1960 2217 2136 2284 ijuris
2167 2217 2337 2270 civilis
2368 2218 2420 2271 in
2450 2231 2544 2270 sex
2566 2218 2753 2283 libros,
2781 2219 2967 2274 titulos
3016 2220 3252 2276 LXXXII
3282 2225 3542 2288 divisum,

215 2323 232 2343 ο
303 2310 448 2376 quod
475 2323 577 2360 una
611 2323 732 2360 cum
777 2305 970 2369 Ecloga
1017 2305 1190 2374 legum
1230 2305 1594 2374 georgicorum
1614 2321 1678 2356 ea:
1735 2304 1882 2372 jure.
1911 2302 2280 2367 Justinianeo,
2313 2304 2504 2358 Grmce
2542 2321 2674 2358 cura
2714 2305 3047 2362 Theoderici
3109 2312 3346 2366 Adammi
3386 2313 3544 2368 Sual-

305 2395 586 2462 lembergii
615 2395 793 2448 lucem
831 2396 967 2448 vidit
999 2393 1229 2447 Parisiis
1261 2393 1400 2459 apud
1426 2392 1802 2445 Christianum
1840 2388 2167 2443 Wechclnm
2204 2390 2365 2454 1510,
2394 2390 2448 2451 4,
2477 2390 2666 2444 Latine
2695 2393 2857 2445 vertit
2888 2396 2948 2448 1).
2984 2395 3336 2452 liernhardus
3369 2417 3397 2454 a
3433 2402 3542 2468 l‘u-y

303 2481 494 2536 Cuion.
537 2481 696 2544 1517,
720 2480 777 2544 8,
818 2483 957 2548 apud
987 2479 1279 2534 Martii-um
1312 2477 1655 2548 Gytnpicum,
1688 2487 1745 2531 et
1785 2493 1850 2530 ex
1900 2476 2134 2530 secunda
2190 2477 2570 2546 recognitione
2607 2478 2736 2532 ibid.
2768 2482 2909 2546 apud
2947 2481 3307 2538 Gualtherum
3351 2486 3545 2540 Fabri-

304 2571 445 2624 cium
476 2570 636 2631 1556,
668 2571 721 2624 8.
753 2569 964 2621 Etcum
999 2567 1314 2621 Enchiridio
1351 2583 1547 2620 usuum
1581 2566 1882 2620 icndalinm
1921 2581 2016 2632 per
2049 2567 2398 2634 interpretem
2436 2565 2644 2632 addito,
2679 2567 2840 2631 1566,
2872 2570 2924 2622 8.
2967 2571 3294 2629 Accuratius
3350 2579 3546 2632 deinde

307 2671 360 2713 et
393 2659 719 2728 elegantius,
765 2657 966 2710 additis
991 2656 1153 2708 etiam
1212 2653 1458 2707 schnliis.
1509 2651 1753 2707 Joannes
1806 2654 2276 2716 Mercerus,‘cum
2326 2654 2650 2723 prazfatione
2681 2656 2748 2709 ad
2795 2655 3114 2714 Michaelem
3157 2661 3543 2731 llospitalium,

304 2747 477 2814 Lugd.
507 2743 664 2806 1656,
708 2743 776 2808 4;
808 2755 862 2797 et
892 2743 1221 2804 Lausanrim,
1253 2742 1394 2809 apud
1448 2738 1795 2792 Franciscum
1827 2739 1874 2793 10
1910 2739 2110 2804 Prenx,
2141 2740 2340 2796 illustr.
2377 2744 2438 2795 D.
2473 2742 2828 2798 Bernensinru
2850 2750 3243 2817 typographum
3288 2753 3446 2813 1580,
3480 2755 3532 2806 8.

307 2836 444 2890 llinc
476 2835 667 2890 GI'IBCC
704 2846 760 2889 et
791 2834 991 2888 Latine
1019 2849 1140 2887 cum
1168 2833 1394 2887 Merceri
1425 2833 1670 2886 versione
1701 2840 1754 2884 et
1803 2832 2044 2896 scholiis,
2093 2843 2148 2887 et
2192 2834 2463 2901 paratitlis
2515 2835 2752 2902 Dionysii
2806 2835 3122 2894 Gothofredi
3158 2853 3211 2894 et
3259 2849 3532 2898 variarum

305 2926 595 2978 lectionum
634 2922 813 2976 libello
844 2938 910 2975 ex
941 2922 1126 2975 codice
1157 2937 1259 2974 ms.
1293 2919 1480 2975 Jacobi
1513 2919 1714 2984 Lectii;
1743 2932 1796 2973 et
1845 2916 2250 2972 nonienclatore
2277 2915 2590 2971 Graecarum
2631 2920 2926 2974 dictionum
2972 2922 3114 2989 juris
3145 2925 3209 2976 ad
3242 2925 3541 2980 “:ITIIICIItl~

305 3012 509 3080 pulum,
549 3010 753 3063 Gencv.
803 3008 966 3072 1587,
1015 3009 1069 3060 4.
1125 3005 1490 3078 [Constantini
1541 3006 1766 3062 Selectae
1809 3005 2200 3074 praiccptioncs
2240 3007 2306 3058 de
2347 3005 2701 3075 agricultura,
2743 3005 2956 3071 Latine,
3013 3025 3112 3078 per
3157 3011 3280 3068 Jan.
3328 3014 3535 3070 Cerna-

304 3102 464 3160 riuni,
495 3099 656 3155 Basil.
688 3097 848 3161 1558,
875 3097 928 3150 8.
957 3094 1032 3165 (in
1057 3096 1178 3150 Cat.
1201 3096 1329 3149 bibl.
1359 3095 1614 3149 Leidens.
1642 3110 1766 3164 pag.
1813 3093 1960 3163 1491.)
1992 3093 2233 3148 Postbaec
2255 3094 2451 3147 edituri
2477 3103 2634 3148 erant
2682 3094 3068 3164 llarmcuopuli
3097 3097 3536 3171 Promptnarinm

305 3185 473 3240 llenr.
536 3187 806 3248 Ernstius,
868 3185 999 3236 Abr.
1065 3182 1518 3249 llaverkampius,
1573 3185 1663 3251 qui
1730 3181 1898 3234 edidit
1949 3181 2233 3248 Spceimen
2282 3182 2574 3249 juridicum
2633 3184 2698 3235 ad
2753 3185 3095 3239 Constantini
3157 3187 3540 3260 llarmenOpnli

305 3275 662 3342 l’t'Otttptuarii
698 3274 789 3334 lib,
826 3288 886 3332 n,
926 3273 1012 3325 Iit.
1047 3274 1098 3332 4,
1123 3271 1150 3340 §
1175 3271 1266 3334 5-1,
1307 3271 1476 3338 Lugd.
1517 3271 1705 3322 Batav.
1741 3269 1896 3332 1758,
1926 3277 2112 3337 postea
2153 3285 2181 3321 a
2226 3269 2394 3322 Gerh.
2425 3269 2700 3332 Oelrichs,
2735 3270 2886 3327 Thes.
2936 3274 3068 3329 diss.
3109 3276 3275 3337 iurid.
3323 3281 3433 3333 vol.
3475 3281 3540 3346 l.,

304 3381 432 3418 tom.
489 3363 578 3427 111,
633 3381 685 3431 p.
737 3362 834 3428 45,
871 3363 1164 3423 insertum;
1216 3370 1271 3413 et
1342 3357 1470 3410 Dav.
1524 3357 1810 3409 Ruhnken.
1865 3356 1968 3409 Sed
2027 3357 2221 3408 horum
2282 3367 2511 3410 conatus
2558 3355 2775 3410 fuerunt
2831 3359 2997 3413 irriti.
3046 3362 3167 3427 Quo
3218 3363 3364 3418 facto
3408 3366 3535 3420 Ger.

301 3450 632 3506 Meermann.
691 3451 960 3517 persuasit
1009 3447 1130 3501 Gul.
1184 3445 1368 3499 011011.
1427 3445 1656 3508 Ιὶυὶιιῑο,
1703 3454 1760 3495 ut
1808 3458 1995 3496 curaui
2046 3459 2196 3496 0011ςο
2236 3446 2499 3498 editionis
2551 3446 2876 3514 susciperet,
2905 3449 3086 3512 eique,
3118 3466 3338 3518 operam
3382 3471 3535 3508 suam

302 3546 366 3598 ad
408 3544 552 3597 hunc
609 3543 847 3596 laborent
877 3541 1264 3610 proﬂiganduni
1305 3538 1568 3608 pollicito,
1612 3536 1996 3605 suppeditavit,
2027 3544 2291 3605 quotquot
2320 3535 2435 3603 ipse
2466 3537 2761 3603 collegerat
2795 3539 2848 3592 in
2873 3538 3122 3606 Graecum
3155 3544 3511 3612 interpretem

301 3637 543 3692 subsidia
571 3645 681 3689 tum
706 3635 864 3690 codd.
897 3649 1032 3687 mss.
1086 3641 1198 3685 tum
1229 3632 1603 3695 collationum,
1630 3639 1741 3683 tum
1775 3629 2326 3688 animadversionum,
2354 3629 2422 3682 ab
2445 3630 2676 3685 eruditis
2704 3631 2834 3685 viris
2858 3632 3251 3700 proiectarum.
3281 3610 3537 3694 Reitziui

301 3729 465 3797 igitur
495 3727 705 3780 duobus
735 3726 892 3777 codd.
925 3720 1080 3777 MSS.
1107 3722 1344 3790 aliisque
1373 3720 1633 3774 subsidiis
1654 3733 1783 3773 usus
1813 3728 2016 3770 textum
2040 3715 2217 3770 Graec.
2253 3717 2492 3770 restituit
2527 3727 2689 3786 atque
2719 3721 3055 3784 emendavit,
3087 3738 3280 3778 novatn
3308 3740 3536 3797 eamque

299 3815 694 3883 elegantiorem
735 3812 1043 3864 versionem
1079 3807 1316 3863 confecit
1349 3816 1402 3861 et
1436 3807 1902 3861 nomenclatorem
1932 3803 2182 3857 Grtccum
2223 3802 2541 3858 Gothofredi
2583 3806 2813 3860 editioni
2865 3807 3137 3875 adjectum
3187 3814 3362 3867 auxit.
3401 3815 3535 3880 Quia

303 3919 430 3957 vero
465 3900 710 3955 lteitzius
749 3915 871 3953 cum
917 3900 1006 3952 vix
1052 3899 1117 3950 ad
1173 3899 1332 3950 tinem
1375 3910 1511 3962 opus
1541 3893 1906 3961 perduxisset,
1934 3900 1988 3944 et
2018 3890 2324 3959 prmiationi
2359 3890 2602 3944 ultimam
2635 3893 2974 3949 admovisset
3021 3912 3260 3965 inanimi,
3297 3903 3535 3957 animam

293 3991 498 4047 einavit
535 4006 548 4040 :
577 3990 697 4059 ejus
721 3988 888 4051 lilins,
925 3987 1156 4041 Carolus
1189 3985 1496 4047 Conradus,
1527 3999 1553 4034 a
1576 3981 1925 4035 Meermanno
1964 3987 2205 4045 rogatus,
2239 3977 2539 4031 secundum
2573 3981 2804 4034 schedas
2830 3992 3088 4051 paternas
3114 4001 3253 4053 opus
3276 3990 3530 4053 absolvit,

296 4081 439 4146 quod
468 4087 587 4146 post
629 4087 860 4131 mortem
894 4075 1021 4128 Ger.
1053 4073 1381 4126 Meermanni
1425 4071 1644 4124 tandem
1689 4067 1850 4146 hujus
1877 4066 2021 4119 titius
2053 4065 2136 4120 Je.
2173 4065 2232 4120 L.
2265 4067 2326 4119 Β,
2358 4065 2427 4119 (10
2468 4067 2776 4123 Meermann
2809 4072 2983 4125 edidit
3014 4072 3391 4142 Supplementa
3415 4079 3535 4130 novi

298 4140 533 4218 thesauri
564 4167 734 4216 civilis
759 4177 804 4216 et
835 4163 1099 4224 canonici,
1141 4161 1304 4229 “agat
1350 4159 1644 4220 Comitum,
1677 4140 1815 4228 1&0
1857 4156 1952 4208 lol.
1990 4155 2109 4206 init.
2150 4169 2270 4207 cuni
2312 4153 2667 4220 inscriptione
2696 4173 2714 4208 :
2755 4140 3101 4212 Constantini
3131 4140 3536 4227 ’Μαι-0101100011

299 4257 552 4310 Manuale
588 4257 782 4326 legum,
810 4258 929 4307 item
957 4255 1089 4322 leges
1123 4255 1351 4321 agraria:
1374 4267 1439 4305 ea:
1474 4251 1635 4303 variis
1660 4248 1812 4302 codd.
1839 4247 2132 4300 emendavit
2159 4257 2315 4314 atque
2337 4247 2491 4299 auxit
2514 4264 2531 4312 ;
2563 4263 2694 4299 nova
2733 4251 2967 4301 versione
2994 4249 3188 4304 Latina
3215 4255 3532 4317 adornavit;

299 4354 554 4409 notasque
590 4355 634 4395 et
690 4343 972 4396 observa”.
1001 4340 1353 4405 complurium
1387 4340 1749 4410 eruditorum,
1784 4347 1888 4387 tam
1922 4337 2092 4387 editas
2119 4334 2209 4404 (0.
2239 4333 2400 4388 Bent.
2437 4348 2465 4388 a
2489 4333 2636 4403 'Rey,
2665 4333 2747 4389 Jo.
2782 4335 3028 4390 Mercerii
3055 4348 3108 4391 et
3141 4340 3298 4394 Dion.
3329 4341 3534 4396 Gltlhn-

299 4432 479 4498 l'redi),
514 4448 670 4498 quam
700 4432 951 4491 ineditus,
988 4440 1039 4480 ut
1075 4437 1124 4480 et
1171 4443 1318 4488 snas,
1363 4426 1580 4494 adjecit,
1618 4440 1708 4476 nec
1749 4439 1851 4476 non
1880 4419 1933 4474 1.
1967 4420 2032 4476 G.
2058 4419 2290 4475 Sammet
2324 4419 2624 4475 Diatribam
2661 4426 2728 4477 de
2774 4423 3052 4493 Hypobolo
3089 4429 3362 4495 subjunzit
3400 4429 3525 4484 Gul.

294 4519 413 4574 Otto
439 4520 692 4573 Reilzius.
729 4516 920 4572 Tcxtui
963 4515 1066 4570 Gr.
1099 4533 1125 4568 a
1151 4531 1272 4583 pag.
1307 4515 1326 4566 1
1367 4513 1600 4582 subjecit
1632 4513 1921 4567 lectionum
1957 4514 2296 4574 varietatem,
2329 4511 2537 4566 scholia
2595 4522 2776 4565 vetera
2824 4523 2989 4581 atque
3041 4515 3378 4570 eruditorum
3411 4523 3524 4573 ani-

298 4608 737 4669 madversiones;
775 4609 824 4657 in
869 4605 1198 4658 Prazfatinne
1228 4613 1410 4654 autem
1457 4602 1684 4654 uberius
1735 4609 1983 4661 recenset
2012 4600 2281 4663 subsidia,
2311 4599 2509 4669 quibus
2544 4603 2610 4654 ad
2653 4603 3052 4656 emendandum
3097 4620 3250 4673 aeque
3297 4621 3360 4658 ac
3408 4608 3535 4660 illu-

297 4696 580 4752 strandum
615 4693 861 4746 Manuale
898 4709 1028 4747 usus
1065 4700 1171 4745 est.
1219 4689 1290 4742 Ea
1327 4701 1507 4743 autem
1559 4689 1776 4742 fuerunt
1809 4689 1915 4741 duo
1938 4687 2097 4742 codd.
2149 4687 2602 4751 Meermanniaui,
2653 4690 2889 4744 ineditus
2933 4703 3291 4746 commentor.
3339 4695 3528 4748 Eman.

249 4763 265 4780 ’
293 4784 494 4837 Soarez
531 4797 558 4834 a
593 4781 850 4846 Ribeira;
882 4783 1030 4834 obss.
1073 4790 1127 4832 et
1173 4779 1494 4831 COllilllOllCS
1527 4779 1593 4828 ad
1625 4777 1785 4828 codd.
1831 4777 2112 4829 auecdotaa
2167 4777 2232 4828 A.
2282 4775 2472 4840 Petra»,
2510 4777 2638 4830 Ant.
2667 4776 2871 4841 Contii.
2923 4778 3091 4833 Gerb.
3125 4778 3527 4850 Falltenburgii,

290 4869 402 4923 Jas.
439 4868 670 4935 Cujacii,
717 4866 828 4922 Jos.
872 4867 1153 4935 Scaligeri,
1189 4865 1378 4919 Claud.
1432 4864 1706 4924 Salmasii,
1739 4863 1872 4918 Abr.
1910 4862 2290 4934 llaverkampii
2352 4874 2408 4918 et
2456 4863 2542 4919 1ο.
2590 4865 2727 4918 Dan.
2779 4867 2996 4930 ltittcri,
3026 4882 3255 4936 quorum
3309 4870 3532 4924 ultinms

298 4965 559 5017 lectiones
598 4980 744 5018 varr.
787 4964 978 5018 etlnca
1025 4965 1258 5016 lctornm
1307 4961 1599 5030 exscripsit
1631 4975 1696 5013 ex
1748 4958 2150 5029 Harmenopulo
2177 4960 2407 5026 Cujacii,
2462 4977 2622 5030 quem
2679 4975 2862 5016 servat
2906 4963 3230 5018 bibliotheca
3281 4964 3518 5018 8011111οη

288 5052 608 5120 Lipsiensis,
645 5051 822 5118 iisque
859 5066 987 5104 snas
1033 5052 1241 5102 addidit
1271 5051 1567 5103 observatt.
1601 5064 1721 5116 pag.
1761 5063 1832 5107 \‘l,
1859 5047 2074 5099 Pra'l’at.
2111 5065 2176 5101 ex
2223 5051 2344 5101 cod.
2393 5047 2727 5102 Meermann.
2771 5051 2979 5118 integro
3036 5064 3193 5107 vetus
3229 5053 3525 5124 Πρὸχειρον

287 5142 452 5209 νόμον
484 5141 534 5192 111
567 5139 636 5191 40
683 5139 941 5190 tribtnnm
987 5138 1172 5191 titulos
1213 5139 1553 5199 continente,
1590 5138 1790 5197 locum,
1828 5150 1870 5185 at

1936 5136 2155 5188 initium
2193 5135 2550 5205 Προθεωρίας
2583 5137 2919 5206 llartnenop.
2958 5137 2985 5208 ᾗ
3021 5138 3107 5202 18,
3144 5141 3519 5202 pertinentem,

291 5248 408 5282 cum
449 5231 625 5280 tabula
661 5227 960 5290 titulorum,
989 5224 1084 5278 Gr.
1113 5234 1165 5277 et
1196 5226 1315 5277 Lat.
1349 5242 1471 5276 cum
1507 5221 1842 5284 Vavassoris,
1871 5223 2003 5277 illud
2037 5224 2258 5284 edituri,
2293 5225 2516 5292 suisque
2553 5227 2697 5278 notis
2728 5227 2978 5292 inseruit,
3010 5238 3065 5280 et
3110 5243 3228 5297 pag.
3267 5244 3316 5282 rx
3349 5230 3518 5280 anim-

286 5318 514 5380 adverit,
575 5318 674 5368 hoc
726 5314 1025 5382 [ιρόχειρον
1057 5328 1162 5365 non
1200 5311 1344 5363 aliud
1392 5326 1531 5375 esse,
1567 5326 1627 5364 ac
1650 5312 1808 5379 cujus
1841 5311 2025 5367 titulus
2051 5309 2097 5366 J.
2129 5313 2192 5364 11.
2224 5315 2399 5378 Majus
2434 5315 2484 5366 in
2507 5313 2642 5368 Bibl.
2675 5312 3128 5382 Ull‘cnbacliiana,
3161 5332 3214 5386 p.
3248 5334 3284 5379 1,
3319 5332 3370 5384 p.
3393 5313 3516 5375 529..

285 5407 552 5468 exhibuit,
581 5405 633 5458 in
658 5403 992 5471 quibusdam
1023 5412 1203 5454 tamen
1237 5398 1494 5466 ditior-re;
1525 5411 1635 5451 tum
1665 5415 1785 5467 pag.
1819 5415 1911 5452 xm
1939 5417 2061 5469 sqq.
2095 5415 2416 5468 repetuntur
2442 5403 2783 5471 superiorum
2823 5404 3121 5458 editionum
3151 5403 3518 5460 Dedicationcs

285 5507 345 5542 ac
376 5489 751 5543 Praefationes.
782 5487 1044 5542 Sammcti
1078 5487 1351 5538 Diatrihen
1385 5488 1682 5554 excipiunt,
1710 5502 1762 5553 p.
1807 5485 1910 5539 536
1948 5503 2064 5556 sqq.
2103 5488 2238 5556 teges
2271 5491 2524 5555 agrarim,
2552 5505 2617 5542 ex
2647 5499 2884 5558 quatuor
2916 5493 3083 5545 codd.
3123 5487 3520 5543 Meerrnannia-

269 5576 368 5627 .nis
405 5579 722 5638 emendatae,
756 5576 850 5629 Gr.
884 5586 936 5629 et
975 5574 1091 5627 Lat.
1123 5589 1246 5626 cum
1284 5575 1424 5626 notis
1479 5573 1672 5624 Reitzii
1724 5583 1775 5626 et
1815 5574 2066 5626 aliorum.
2120 5576 2193 5628 Ex
2229 5576 2410 5627 indice
2458 5577 2743 5629 nominum
2777 5579 3126 5646 propriorum
3173 5575 3238 5630 de
3272 5573 3516 5644 Magistri

351 5748 461 5819 (12)
515 5745 576 5801 ν.
610 5761 731 5817 pag.
773 5750 839 5803 16
870 5751 952 5802 ed.
1001 5749 1151 5803 Publ.
1197 5747 1284 5817 qui
1323 5750 1373 5802 in
1423 5756 1532 5802 not.
1587 5749 1760 5817 plura-
1786 5759 1837 5804 et
1879 5749 2108 5804 certiora
2144 5751 2208 5802 dc
2248 5749 2433 5803 Const.
2473 5747 2728 5804 llartnen.
2761 5752 3003 5820 scripsit.

3143 5860 3366 5998 cy,

3238 6025 3252 6040 \

3269 6059 3308 6098 Χ
3357 6089 3380 6114 ί

3343 6089 3389 6158 ~'.'
3444 6087 3521 6158 Ἰ
