4010 6218
288 307 365 374 23
1471 320 1729 382 cous'r.
1767 321 2329 393 muns-mrum
2562 388 2571 397 κ
3326 294 3329 297 ’
3462 343 3533 405 2t

292 430 393 486 llic
440 431 652 503 integra
700 431 1051 492 distinctione
1090 439 1283 509 posita,
1322 454 1537 496 versum
1574 441 1740 495 alium
1776 443 1828 497 in

1975 444 2236 527 Ἐνταῦθα
2269 449 2570 516 στίεαντες,
2607 452 2703 506 ἀπ’
2736 454 2904 526 ἄλλης
2936 455 3114 526 ἀρχῆς
3148 453 3303 522 αὖθις
3341 460 3500 529 ἀνατι
3521 494 3533 507 ι

288 526 576 589 choantes,
615 541 831 583 rursum
864 529 1050 598 legunt
1080 552 1092 585 :
1128 549 1146 580 ι
1178 532 1231 585 ld
1261 548 1328 587 ne
1361 535 1661 590 miremini.
1694 554 1714 589 ι

362 617 415 671 7.
446 616 755 674 Nestoriani
785 620 1040 677 dicebant
1094 623 1369 679 Christum
1404 626 1604 681 habere
1643 638 1859 696 propter

288 715 544 769 virtutem
596 716 1029 785 inseparabiliter
1074 720 1176 773 sibi
1208 719 1551 785 coniunctum
1599 719 1691 775 Dei
1728 721 1858 776 Ser-

290 822 540 862 monem:
576 809 645 864 ita
671 810 911 880 quidem,
945 821 1005 866 ut
1038 811 1090 865 in
1120 827 1185 867 co
1213 811 1334 866 Filii
1368 820 1473 867 duo
1500 814 1855 869 consideren-

289 905 415 965 tnr;
462 914 601 955 unus
659 900 775 969 Dei,
826 901 1063 974 Virginis
1115 904 1272 960 alter.
1330 904 1515 975 anue
1570 905 1637 962 de
1672 920 1856 960 causa

289 989 706 1061 Christiparam,
761 1011 867 1050 non
932 995 1213 1066 Deiparam
1271 997 1496 1052 vocabat
1548 1012 1690 1063 eam,
1738 1014 1857 1066 qua:

291 1100 482 1153 reapse
531 1088 758 1157 Deipara
804 1099 908 1145 est.
954 1088 1152 1145 Verum
1188 1099 1243 1144 et
1271 1090 1324 1145 hi
1364 1106 1486 1145 cum
1517 1090 1585 1145 de
1612 1090 1855 1161 pluribus

285 1179 407 1232 aliis
436 1178 603 1234 dictis
645 1192 1033 1251 coarguuntur,
1062 1190 1180 1236 tum
1212 1184 1279 1237 de
1308 1182 1420 1249 illo,
1453 1201 1471 1233 ι
1502 1182 1694 1239 Sermo
1724 1198 1854 1238 caro

286 1277 461 1326 facitis
490 1279 595 1328 est.
633 1290 652 1323 ι

360 1364 416 1418 8.
449 1363 624 1433 Sergii
652 1363 954 1433 Pyrrhique
970 1365 1265 1435 complices
1307 1381 1469 1419 unam
1499 1368 1851 1429 voluntatem,

286 1464 335 1508 et
371 1471 532 1509 unam
564 1456 833 1511 actionem
868 1457 919 1510 iu
948 1456 1188 1523 Christo,
1219 1457 1310 1527 qui
1352 1457 1560 1513 duabus
1591 1472 1655 1513 ex
1699 1461 1854 1512 tiatu—

284 1549 358 1602 ris
386 1558 552 1615 esset,
592 1552 897 1605 tradebant.

350 1662 405 1717 9.
434 1660 755 1732 Origeniani
785 1678 934 1717 more
964 1680 1296 1736 paganorum
1329 1665 1593 1721 exsistere
1640 1665 1850 1718 animas

1963 534 2233 591 νὼσκουσι
2253 554 2267 569 ⁸
2291 542 2381 610 Μὴ
2418 543 2725 615 θαυμάζετε
2754 547 2932 601 τοῦτο.

2031 628 2097 690 ζ’.
2129 631 2190 683 Οί
2213 633 2340 702 περὶ
2360 633 2453 689 τδν
2480 637 2791 708 Νεστόριον,
2822 641 2915 694 τὸν
2935 640 3170 711 Χριστὸν
3195 645 3382 714 ἔλεγον
3410 662 3532 700 συθ-

1960 722 2208 790 ημμένον
2230 725 2613 791 ἀδιασπάστως
2641 732 2820 802 ἑαυτῷ
2851 734 2943 787 τὸν
2968 735 3063 788 τοῦ
3093 736 3229 789 Θεοῦ
3260 738 3437 805 Λόγον
3465 738 3533 792 δι’

1959 810 2164 883 ἀρετὴν
2180 812 2346 884 ἔχειν,
2377 816 2451 880 ὼς
2477 818 2574 873 δύο
2594 820 2760 885 Υίοὺς
2787 823 2847 875 ἐν
2876 823 3027 893 αὐτῷ
3054 824 3403 896 θεωρεῖσθαι,
3429 830 3527 883 ἕνα

1956 898 2050 952 τὸν
2086 901 2181 954 τοῦ
2216 902 2388 967 Θεοῦ,
2425 907 2519 960 καὶ
2558 907 2655 963 ἕνα
2693 911 2785 965 τδν
2816 913 2917 981 τῆς
2960 904 3277 984 Παρθένου.
3305 917 3416 970 Καὶ
3440 917 3529 969 διὰ

1958 991 2119 1046 τοῦτο
2151 996 2244 1048 καὶ
2274 997 2317 1049 Χ
2328 1002 2661 1069 ριστοτόκον,
2696 1001 2812 1057 ἀλλ’
2843 1006 2904 1059 οὐ
2932 1006 3200 1061 Θεοτόκον
3232 1009 3329 1079 τὴν
3357 1008 3528 1071 ὅντως

1959 1082 2110 1153 ἔλεγε
2142 1088 2426 1145 Θεοτόκον.
2483 1093 2829 1165 Ἐλέγχονται
2863 1098 2921 1151 δὲ
2950 1099 3046 1151 καὶ
3076 1100 3229 1153 αὐτοὶ
3262 1102 3321 1164 ἐξ
3348 1101 3525 1154 ἄλλων

1956 1192 2014 1229 τε
2048 1178 2279 1241 πολλῶν.
2311 1184 2405 1237 καὶ
2435 1186 2497 1238 ὲκ
2521 1187 2614 1240 τοῦ
2656 1205 2673 1239 ι
2709 1188 2770 1242 Ὀ
2796 1190 2971 1257 Λόγος
3002 1192 3141 1262 σὰρξ
3167 1193 3402 1261 ἐγένετο.
3446 1212 3464 1245 ι

2027 1360 2096 1423 η’.
2125 1356 2187 1410 Οί
2212 1362 2341 1429 περὶ
2361 1360 2585 1431 Σέργιον
2629 1366 2721 1419 καὶ
2744 1367 3013 1440 Πύρῤον,³
3032 1370 3163 1440 μίαν
3189 1371 3407 1442 θέλησιν
3434 1373 3525 1423 καὶ

1958 1447 2088 1513 μίαν
2113 1449 2392 1520 ἐνέργειαν
2423 1455 2515 1508 ἐπὶ
2553 1458 2787 1528 Χριστοῦ
2819 1461 3040 1531 ελεγον,
3076 1464 3173 1517 τοῦ
3204 1467 3267 1519 ὲκ
3301 1464 3393 1519 δύο
3423 1466 3522 1536 φύ-

1958 1555 2095 1593 σεων
2124 1545 2450 1609 πεφυκότος.

2025 1648 2088 1705 θ’.
2117 1653 2179 1704 Οἱ
2206 1656 2334 1724 περὶ
2359 1654 2643 1730 Ὠριγένην
2668 1662 2806 1732 προθ
2818 1666 3014 1733 παρξιν
3040 1666 3149 1719 τῶν
3169 1669 3359 1736 ψυχῶν
3382 1672 3522 1723 κατὰ

280 1763 405 1809 ante
440 1769 669 1824 corpora
694 1754 982 1821 docebant,
1032 1768 1085 1812 ct
1111 1756 1270 1812 linem
1299 1758 1544 1829 supplicii
1575 1771 1840 1825 nunquam

1952 1743 2079 1805 τοὺς
2108 1743 2375 1814 Ἕλληνας
2409 1751 2786 1819 ὲδογμάτιζον,
2816 1756 2909 1808 καὶ
2926 1757 3081 1822 τέλος
3108 1760 3205 1829 τῆς
3232 1762 3525 1829 ἀτελευτή-

280 1846 501 1903 ﬁniendi
536 1852 873 1911 statuebant,
904 1858 957 1903 et
1004 1850 1215 1905 animas
1247 1866 1274 1904 a
1317 1851 1635 1921 corporibus
1677 1848 1840 1902 nudas

1948 1848 2043 1885 του
2072 1835 2348 1901 κολάσεως
2369 1839 2709 1910 ἐψηφίζοντο,
2735 1847 2829 1898 καὶ
2850 1847 2949 1911 τὰς
2975 1848 3085 1920 ψυχ
3097 1851 3156 1915 ἀς
3179 1853 3393 1923 γυμνὰς
3411 1855 3522 1909 τῶν

279 1954 585 2006 resurgere.

349 2050 436 2105 lo.
471 2052 614 2105 Petri
668 2062 1027 2123 cognomento
1076 2055 1316 2111 Fullonis
1367 2054 1588 2111 asseclze
1648 2054 1846 2126 hymno

280 2154 441 2209 quem
506 2141 817 2211 Trisagium
867 2156 1064 2200 vocant
1093 2146 1256 2216 (quod
1298 2149 1468 2203 sancti
1519 2164 1620 2202 vox
1663 2156 1746 2202 ter
1789 2149 1842 2201 in

276 2244 344 2285 eo
382 2233 680 2303 repetatur)
712 2234 1028 2304 adjecerunt
1072 2237 1185 2291 haec
1223 2238 1385 2293 verba
1418 2256 1431 2293 :
1466 2257 1485 2290 ι
1511 2237 1613 2303 Qui
1664 2237 1842 2293 cruci—

275 2321 415 2377 fixus
443 2319 502 2379 es
546 2335 772 2396 propter
801 2341 902 2383 nos
935 2338 950 2384 :
994 2346 1013 2382 ι
1044 2328 1353 2395 passibilem
1387 2329 1597 2384 scilicet
1648 2329 1846 2382 divini-

272 2421 439 2469 tatem
474 2415 762 2481 facientes,
794 2432 915 2486 quae
947 2420 1217 2487 passionis
1246 2419 1426 2473 omnis
1457 2433 1657 2489 expers
1680 2425 1781 2472 est.

344 2525 433 2583 ll.
467 2526 800 2584 Marcionita:
825 2544 888 2584 ac
918 2528 1202 2585 Manichzei
1229 2529 1625 2599 legislationem
1654 2526 1846 2583 Testa-

273 2618 438 2672 menti
468 2617 677 2674 Veteris
705 2619 828 2672 ntali
857 2636 1037 2675 rerum
1059 2621 1271 2691 opilieis
1294 2636 1414 2677 esse
1438 2622 1644 2674 dicunt.
1673 2619 1840 2674 iidem

272 2708 486 2775 quoties
513 2710 655 2779 apud
702 2710 849 2775 ipsos
884 2726 992 2765 non
1024 2711 1329 2781 baptizatus
1362 2710 1558 2779 aliquis
1591 2709 1836 2775 moritur,

272 2800 374 2852 sub
398 2798 594 2855 lectulo
614 2800 857 2855 defuncti
875 2802 999 2856 vivo
1014 2802 1246 2871 quodam
1272 2802 1562 2866 occultato,
1585 2800 1839 2856 lectulum

272 2890 497 2956 adeunt,
526 2907 589 2946 ac
623 2900 897 2947 mortuum
929 2893 1291 2963 interrogant,
1322 2908 1391 2948 an
1441 2894 1702 2963 baptizari
1751 2909 1840 2948 ve-

270 2982 354 3036 lit.
396 2980 702 3050 Respondet
735 2985 1040 3040 occultatus
1091 2987 1160 3041 ab
1203 2985 1334 3049 imo,
1381 2984 1540 3050 velle,
1571 2994 1734 3054 atque
1765 2986 1839 3039 ita

269 3074 391 3129 loco
437 3076 853 3133 defunctieum
890 3079 1192 3150 baptizant.
1223 3079 1456 3135 Causam
1501 3077 1705 3141 roeati.
1755 3077 1838 3132 di-
1864 3117 1906 3173 ο

265 3176 401 3220 eunt
471 3167 572 3221 hoc
622 3168 939 3237 Apostolum
998 3169 1272 3233 docuisse,
1333 3185 1454 3226 cum
1517 3169 1684 3225 ait':
1731 3169 1834 3226 tSi

268 3273 490 3326 prorsus
526 3262 720 3313 mortui
769 3277 873 3315 non
917 3264 1335 3327 resuscitantur,
1391 3278 1492 3319 cur
1532 3263 1694 3318 etiam
1738 3263 1836 3317 ba-

267 3350 541 3415 ptizautnr
559 3366 658 3419 pro
679 3353 944 3406 mortuis?
966 3371 987 3405 »
1020 3352 1124 3407 Sed
1160 3354 1431 3423 ignorant,
1465 3352 1516 3407 id
1550 3354 1649 3408 hoc
1682 3354 1838 3409 ttlodo

269 3439 539 3510 prolatum
570 3454 883 3509 propterea,
936 3444 1077 3511 quod
1114 3446 1423 3513 quicunque
1468 3445 1837 3515 baptizantur,

269 3530 322 3582 iu
368 3532 708 3585 confessione
747 3536 1171 3589 resurrectionis
1227 3546 1562 3607 mortuorum
1613 3536 1836 3605 ejusque

268 3634 364 3691 spe
392 3621 759 3691 haptizentur.
798 3624 859 3677 Ili
900 3625 1180 3681 Manichtei
1211 3626 1488 3682 Christum
1530 3628 1714 3681 dicunt
1745 3626 1839 3681 de-

269 3711 447 3775 posito
480 3712 533 3765 itt
576 3722 716 3767 terra
753 3728 1003 3784 corpore,
1037 3731 1229 3786 purum
1261 3717 1544 3786 solumque
1580 3716 1743 3772 Deum
1782 3718 1836 3772 in

268 3804 467 3857 cteluut
499 3806 829 3861 ascendisse.
866 3808 1026 3862 Iidem
1050 3820 1106 3864 et
1137 3812 1417 3875 mundum,
1440 3820 1501 3865 ut
1530 3810 1752 3874 malum,
1783 3820 1836 3864 et

266 3908 485 3948 carnem
532 3895 916 3963 criminantur,
953 3914 1015 3953 ac
1049 3899 1140 3953 Dei
1172 3901 1242 3954 ab
1277 3900 1495 3969 opificio
1523 3902 1836 3957 excludunt.

266 3985 515 4045 'l'raduut
553 3999 607 4045 et
635 3992 744 4045 duo
782 3994 1069 4059 principia,
1109 3995 1306 4049 malum
1352 4006 1407 4052 ct
1453 3997 1680 4057 bonum.
1724 4000 1837 4053 sive

266 4080 431 4133 Deum
467 4092 524 4134 et
559 4084 839 4136 materiem
892 4084 965 4137 De
988 4083 1340 4141 Testamento
1371 4088 1552 4144 Veteri
1575 4088 1836 4159 sacrilege

267 4174 579 4240 loquuntur.
627 4172 833 4227 Lunam
866 4184 921 4229 et
955 4176 1153 4238 sidera,
1187 4192 1284 4232 ceu
1317 4179 1467 4242 deos,
1508 4179 1719 4234 adorari
1751 4182 1840 4250 ju-

267 4264 418 4318 hent.
450 4262 647 4318 Carnis
688 4269 1139 4321 resurrectionem
1174 4281 1393 4339 negant.
1423 4271 1738 4327 Animarum
1772 4275 1839 4328 de

263 4352 587 4420 corporibus
618 4354 669 4407 in
703 4370 929 4423 corpora
956 4357 1332 4426 migrationem
1361 4360 1576 4414 docent.
1604 4360 1834 4429 llerhas,

1950 1927 2224 1996 σωμάτων
2255 1930 2603 1990 ἀνίστασθαι.

2018 2039 2072 2095 ι’.
2121 2044 2185 2097 Οί
2232 2045 2363 2116 περὶ
2413 2048 2621 2120 Πέτρον
2668 2051 2762 2105 τὸν
2811 2053 3060 2124 Κναφέα,
3119 2058 3198 2129 τῷ
3248 2062 3517 2129 τρισαγίῳ

1948 2133 2297 2205 προσέθηκαν
2325 2136 2406 2201 τὸ,
2448 2155 2467 2188 t
2513 2138 2573 2192 '0
2601 2144 2940 2209 σταυρωθεὶς
2964 2145 3031 2199 δι’
3058 2147 3207 2217 ἡμᾶς
3227 2164 3242 2177 ’
3282 2168 3300 2201 ι
3344 2150 3522 2220 παθη-

1944 2224 2042 2293 τὴν
2065 2225 2164 2297 τὴν
2199 2227 2387 2298 ἀπαθῆ
2421 2232 2704 2297 ποιοῦντες
2733 2234 2986 2307 θεότητα.

2019 2514 2110 2599 ια’.
2142 2510 2205 2565 Οί
2237 2514 2366 2583 περὶ
2392 2516 2698 2587 Μαρκίωνα
2729 2522 2822 2574 καὶ
2850 2523 3109 2580 Μάνεντα
3144 2529 3245 2599 τὴν
3281 2531 3520 2586 παλαιὰν
3560 2582 3567 2591 ,

1941 2597 2036 2651 τοῦ
2069 2603 2307 2670 πονηρο)
2341 2604 2681 2678 δημιουργοῦ
2712 2610 2965 2679 λέγουσιν
2998 2609 3141 2669 εἶναι
3173 2597 3517 2687 νομοθεσίαν.
3572 2602 3583 2613 ⁸

1942 2694 2005 2746 Oi
2045 2696 2198 2749 αὐτοὶ
2243 2701 2337 2752 καὶ
2386 2702 2606 2757 ἐπειδάν
2650 2722 2733 2768 τις
2780 2707 3118 2773 ἀϐάπτιστος
3159 2716 3293 2782 παρ’
3331 2716 3513 2778 αὐτοῖς

1940 2786 2187 2858 ἀποθάνῃ
2208 2829 2223 2853 ,
2259 2790 2364 2843 ὑπὸ
2398 2791 2496 2861 τὴν
2535 2794 2723 2864 κλίνην
2762 2798 2855 2849 τοῦ
2889 2800 3339 2871 τετελευτηκότος
3374 2808 3510 2875 κρύ-

1936 2878 2137 2948 ψαντές
2170 2898 2292 2935 τινα
2325 2880 2526 2951 ζῶντα,
2553 2888 2896 2961 προσιᾶσιτῇ
2928 2891 3106 2964 κλίνῃ.
3143 2896 3236 2948 καὶ
3264 2896 3514 2966 ἐρωτῶσι

1936 2972 2031 3026 τὸν
2051 2975 2244 3044 νεκρὸν
2272 2978 2321 3028 εί
2343 2975 2587 3048 βούλοιτο
2604 2978 2992 3054 βαπτισθῆναι.
3019 2985 3131 3038 Καὶ
3156 2988 3515 3059 ἀποκρίνεται

1938 3065 2189 3121 κάτωθεν
2212 3068 2241 3120 ὁ
2270 3072 2673 3141 κεκρυμμένος,
2703 3073 2832 3130 Ναί.
2858 3076 2967 3131 Καὶ
2997 3075 3170 3142 οὕτως
3194 3079 3361 3134 αὑτὸν
3387 3082 3516 3135 ἀντὶ

1941 3158 2036 3212 τοῦ
2079 3160 2418 3226 ἀπελθόντος
2465 3162 2809 3233 βαπτίζουσι.
2860 3168 2971 3222 Καὶ
3022 3170 3389 3241 ἐρωτώμενοι,
3422 3172 3515 3226 λέ-

1938 3267 2093 3319 γουσι
2144 3252 2237 3305 τὸν
2278 3252 2604 3311 Ἀπόστολον
2646 3257 2804 3311 τοῦτο
2837 3258 3045 3325 διδάξαι
3076 3263 3135 3316 ἐν
3182 3263 3261 3334 τῷ
3307 3267 3511 3333 λέγειν,

1946 3361 1964 3395 t
2000 3342 2064 3396 Ei
2094 3342 2228 3407 ὅλως
2251 3348 2437 3416 νεκροὶ
2463 3348 2564 3413 οὐκ
2595 3350 2926 3419 ἐγείρονται,
2958 3352 3011 3405 τί
3037 3354 3129 3405 καὶ
3156 3354 3512 3425 βαπτίζονται

1940 3433 2083 3506 ὑπὲρ
2126 3434 2237 3488 τῶν
2273 3436 2519 3508 νεκρῶνζς
2550 3456 2566 3489 ι
2612 3439 2956 3513 ἀγνοοῦντες,
2981 3442 3057 3508 ὠς
3077 3446 3164 3498 διὰ
3190 3447 3251 3499 τὸ
3273 3448 3362 3500 ἐπὶ
3384 3453 3513 3517 ὁμο-

1939 3529 2099 3599 λογίᾳ
2150 3528 2247 3597 τῆς
2276 3528 2386 3582 τῶν
2417 3532 2629 3601 νεκρῶν
2658 3533 3009 3600 ἀναστάσεως
3033 3575 3049 3601 ,
3088 3538 3181 3591 καὶ
3216 3538 3303 3592 ἐπ’
3337 3540 3513 3595 ἐλπίδι

1938 3618 2110 3691 ταύτῃ
2134 3619 2262 3684 τοὺς
2290 3619 2718 3691 βαπτιζομένους
2749 3623 3130 3693 βαπτίζεσθαι,
3161 3628 3316 3683 ταῦθ’
3340 3630 3513 3696 οὕτως

1938 3712 2177 3782 ετρηται.
2222 3705 2384 3765 Οὗτοι
2427 3713 2477 3766 οἱ
2526 3714 2822 3784 Λίανιχαῖοι
2866 3715 3090 3791 λέγουσι
3134 3719 3224 3786 τὸν
3273 3721 3514 3791 Χριστ“ν

1940 3804 2280 3874 ἀποθέμενον
2309 3806 2366 3858 ἑν
2388 3808 2453 3877 τῇ
2485 3808 2554 3876 γῇ
2589 3806 2651 3859 τὸ
2678 3807 2863 3877 σῶμα,
2892 3808 3050 3877 ψιλὸν
3074 3809 3209 3877 Θεὸν
3238 3814 3317 3866 είς
3345 3814 3513 3883 οὐρα·-

1940 3894 2031 3949 νδν
2060 3893 2327 3950 ἀνελθεῖν.
2356 3895 2421 3949 Οἱ
2460 3896 2615 3949 αὐτοὶ
2645 3899 2740 3955 καὶ
2766 3896 2859 3957 τδν
2886 3897 3093 3970 κόσμον
3126 3902 3385 3971 πονηρὸν,
3421 3904 3516 3955 καὶ

1939 3987 2040 4056 τὴν
2069 3985 2251 4057 σάρκα
2290 3986 2672 4053 διαϐάλλουσι,
2712 3991 2812 4059 τῆς
2849 3989 2945 4043 τοῦ
2994 3990 3130 4044 Θεοῦ
3166 3992 3371 4061 ταύτην
3419 3993 3512 4063 δη-

1944 4078 2232 4148 μιουργίας
2289 4077 2726 4147 ἀλλοτριοῦντες.
2790 4072 2950 4134 Οὗτοι
3014 4080 3109 4134 καὶ
3176 4081 3272 4134 δύο
3342 4083 3514 4153 ἀρχὰς

1940 4169 2351 4240 δογματίζουσι,
2390 4169 2636 4239 πονηράν
2664 4186 2724 4221 τε
2755 4172 2847 4222 καὶ
2876 4171 3109 4241 ἀγαθὴν,
3146 4174 3264 4243 ἦτοι
3294 4174 3423 4226 Θεόν
3455 4192 3513 4227 τε

1942 4262 2038 4313 καὶ
2093 4260 2247 4331 ὓλην.
2303 4262 2415 4332 Τὴν
2474 4259 2716 4313 Παλαιὰν
2769 4259 3157 4329 βλασφημοῦσι
3210 4264 3510 4337 Διαθήκην.

1942 4354 2180 4424 Σελήνην
2203 4354 2296 4408 καὶ
2326 4353 2567 4423 ἀστέρας
2592 4355 2946 4421 προσκυνεῖν,
2984 4348 3072 4407 οἷα
3095 4353 3272 4420 θεοὺς,
3298 4360 3514 4426 ἐπιτρέ-

263 4455 320 4499 et
375 4447 707 4510 arhores,ct
769 4462 991 4514 aquam,
1030 4462 1154 4502 esse
1212 4465 1298 4503 res
1353 4452 1621 4509 animatas
1659 4454 1833 4511 aiunt.

1945 4464 2127 4502 πουσι.
2163 4448 2371 4520 Σαρκὸς
2402 4446 2700 4499 ἀνάστασιν
2724 4445 3043 4516 ἀρνοῦνται.
3071 4448 3516 4518 Μετεμψύχωσιν

266 4534 545 4589 Manichaai
580 4550 710 4590 vero
746 4537 1017 4601 dicuntur,
1053 4537 1199 4606 quod
1248 4540 1503 4610 dogmata
1556 4541 1729 4597 Manis
1778 4544 1832 4599 in

262 4629 443 4697 pretio
486 4630 765 4697 habeant;
806 4632 896 4700 qui
932 4647 989 4687 se
1018 4632 1359 4689 Paraclvtum
1411 4638 1730 4707 appellabat,
1780 4651 1835 4696 et

262 4720 542 4775 Christum
575 4722 755 4791 specie
797 4734 956 4778 tenus
990 4734 1338 4794 conspectum
1375 4730 1693 4797 apparuisse
1738 4734 1836 4789 do-

259 4814 441 4867 ecbat.

337 5009 423 5066 12.
461 5010 723 5074 Marcelli,
776 5013 1016 5083 Photiui,
1049 5028 1105 5073 et
1162 5020 1455 5088 Saphronii
1515 5033 1834 5089 sectatmes,

264 5119 373 5158 non
411 5105 740 5163 confitentes
768 5120 1011 5163 sanctam
1056 5112 1402 5180 Trinitatem,
1447 5118 1543 5172 sed
1583 5120 1833 5188 spiritum

258 5194 431 5248 solum
473 5194 638 5249 Deum
669 5199 1023 5266 appellantes.
1051 5202 1168 5269 ejus
1194 5204 1512 5262 Sermonem
1541 5225 1665 5265 esse
1692 5210 1835 5267 dice-

259 5286 388 5338 hant
413 5285 814 5351 eliicaeitatem,
852 5304 976 5358 qua:
1016 5292 1070 5346 iu
1100 5306 1364 5362 prognato
1392 5296 1460 5352 de
1494 5301 1701 5354 semine
1730 5301 1830 5355 Da-

259 5375 399 5431 vidis
426 5376 734 5433 habitasset
762 5399 777 5446 ;
813 5396 918 5435 non
969 5384 1356 5452 substantiam,
1386 5405 1507 5457 quae
1553 5406 1706 5447 suam
1735 5394 1831 5448 ha-

258 5464 383 5520 bent
432 5469 750 5538 hypostusin
815 5489 831 5526 :
871 5474 1013 5529 male
1059 5477 1278 5544 quidem
1331 5482 1649 5538 sentientes.
1696 5484 1826 5537 Nam

256 5552 353 5609 Dei
384 5552 578 5613 Sermo
603 5576 702 5616 nec
731 5562 777 5639 is
809 5572 893 5619 est
926 5566 1015 5635 qtti
1061 5566 1333 5637 profertur
1362 5611 1376 5637 ,
1407 5587 1509 5627 nec
1542 5574 1589 5629 ei
1640 5575 1829 5645 similis

318 5724 339 5771 Ψ
371 5726 390 5785 1
420 5727 549 5805 Cor.
582 5748 671 5809 xv,
695 5735 786 5792 29.

1940 4539 2271 4594 διδάσκουσι.
2312 4538 2574 4603 Βοτάνας,
2611 4540 2707 4592 καὶ
2736 4537 2946 4607 δένδρα,
2984 4539 3079 4592 καὶ
3112 4538 3259 4605 ὕδωρ
3294 4540 3512 4611 ἔμψυχα

1940 4627 2079 4685 εἶναι
2106 4632 2399 4700 φάσκουσι.
2426 4632 2721 4701 Μανιχαῖοι
2752 4629 2809 4682 δὲ
2831 4630 3103 4697 λέγονται,
3135 4630 3211 4693 ὡς
3244 4632 3513 4702 πρεσϐεύ-

1939 4741 2092 4787 οντες
2144 4723 2210 4778 τά
2278 4724 2362 4776 τοῦ
2425 4724 2739 4786 Μάνεντος,
2791 4722 2850 4786 ὃς
2904 4723 3267 4794 Παράκλητον
3321 4726 3515 4778 ἑαυτὸν

1939 4815 2163 4879 ἐκάλει,
2217 4813 2311 4867 καὶ
2363 4813 2455 4866 τὸν
2510 4813 2745 4883 Χριστὸν
2803 4811 3026 4882 δοκήσει
3082 4813 3179 4865 καὶ
3241 4815 3513 4886 φαντασίᾳ

1939 4909 2216 4976 clamato
2254 4909 2578 4974 πεφηνέναι.

2009 5022 2099 5089 ιβ’.
2136 5021 2199 5073 οι
2242 5020 2370 5088 περὶ
2408 5018 2501 5070 τὸν
2544 5018 2891 5086 Μάρκελλον,
2944 5019 3039 5071 καὶ
3083 5018 3369 5082 Φωτεινὸν,
3418 5020 3511 5072 καὶ

1938 5112 2269 5183 Σωφρόνιον,
2294 5111 2394 5182 τὴν
2426 5110 2589 5178 ἁγίαν
2609 5109 2819 5178 Τριάδα
2843 5110 2916 5179 μὴ
2942 5110 3354 5180 ὁμολογοῦντες,
3376 5110 3513 5166 ἀλλὰ

1938 5205 2159 5274 πνεῦμα
2205 5204 2368 5273 μόνον
2420 5202 2513 5255 τὸν
2560 5202 2696 5255 Θεὸν
2738 5201 3132 5271 ὀνομάζοντες,
3181 5203 3273 5257 τὸν
3320 5204 3510 5257 τούτου

1937 5298 2112 5364 Λόγον
2134 5296 2417 5365 ἐνέργειαν
2440 5294 2629 5360 ἔλεγον
2652 5290 2793 5346 εἷναι
2822 5293 2901 5362 τῷ
2922 5294 2985 5346 ἐκ
3007 5294 3322 5365 σπέρματος
3346 5292 3509 5345 Δαόὶδ

1937 5389 2318 5458 ἐνοικήσασαν,
2336 5387 2435 5438 οὑκ
2450 5386 2638 5439 οὐσίαν
2663 5384 3073 5458 [ὲνυπὸστατον]
3098 5385 3470 5447 ὲνυποστάτως
3491 5399 3506 5415 ’

1939 5481 2123 5541 κακῶς
2150 5477 2495 5548 φρονοῦντες.
2529 5476 2590 5527 ’0
2619 5476 2729 5544 γὰρ
2756 5476 2850 5528 τοῦ
2870 5476 3009 5530 Θεοῦ
3035 5478 3207 5546 Λόγος
3230 5477 3351 5529 οὗτε
3374 5490 3507 5543 προ-

1936 5573 2161 5645 φορικόε
2224 5572 2393 5634 ἐστιν,
2437 5569 2556 5622 οὔτε
2620 5569 2967 5641 ἐνδιάθετος·
3017 5563 3187 5641 (οὗτοι
3248 5568 3356 5637 γὰρ
3393 5566 3506 5621 τῶν
