4018 6212
358 339 421 394 2-.
1660 332 1758 391 DE
1803 330 2287 392 uanasmus.
3409 306 3417 315 ’
3522 332 3594 395 26

351 447 464 499 xab‘
510 444 656 513 ἡμᾶς
700 443 790 496 καὶ
834 442 1099 514 φυσικῶν)
1144 446 1256 498 ἀλλ’
1307 446 1447 517 ὑπὲρ
1478 447 1639 515 φύσιν
1664 448 1762 517 ᾦν,
1804 450 1900 518 οὐχ

2028 451 2116 518 qui
2173 458 2351 505 mente
2384 448 2689 517 concipitur
2750 448 2826 519 (hi
2890 461 3125 515 namque
3171 463 3450 504 sermones
3492 453 3593 504 lm-

348 540 709 596 ὑποϐάλλεται
750 543 863 604 τοῖς
898 542 1047 595 κάτω
1078 542 1564 615 τεχνολογήμασιν.

413 726 499 787 ιγ’.
537 719 604 773 Oi
635 719 765 789 περὶ
801 718 897 773 τὸν
936 721 1233 791 Εὐνόμιον,
1263 724 1439 777 ταυτα
1473 723 1549 790 τῷ
1593 722 1785 792 ’Δρείῳ
1821 723 1917 776 καὶ

353 812 656 883 Μικεδονίῳ
684 812 1037 883 φρονοῦντες,
1066 818 1161 868 καὶ
1185 817 1311 878 τοὺς
1332 817 1516 881 αὐτοῖς
1545 820 1917 888 πωσερχομέο

358 925 470 968 νους
500 906 650 960 ’κατὰ
694 906 942 977 κεφαλῆς
981 907 1276 972 ἐϐάπτιζον
1316 909 1394 961 ei:
1438 912 1570 979 μίαν
1602 911 1914 964 κατάδυσιν.

357 998 455 1050 Καὶ
490 998 586 1066 τὴν
613 998 837 1051 κόλασιν
864 998 920 1052 δὲ
950 999 1052 1066 τὴν
1082 999 1407 1068 μέλλουσαν,
1425 1002 1518 1054 καὶ
1543 1001 1641 1073 τὴν
1670 1002 1915 1070 γέενναν,

346 1086 405 1137 οὐ
433 1088 575 1140 κατὰ
602 1086 887 1156 ἀλήθειαν,
924 1088 1062 1141 ἀλλὰ
1084 1089 1171 1142 διὰ
1206 1089 1375 1158 φόῦον
1404 1092 1591 1159 ελεγον
1617 1092 1920 1163 ἀπειληθῆ-

340 1194 450 1231 ναι.
479 1179 539 1230 0i
568 1178 716 1230 αὐτοὶ
741 1183 837 1232 καὶ
858 1181 1129 1247 Ἀνόμοιοι
1152 1181 1462 1241 καλοῦνται.
1497 1183 1584 1236 διὰ
1613 1183 1674 1236 τὸ
1717 1184 1925 1250 λέγειν,

344 1268 615 1334 μηδεμίαν
646 1269 794 1337 εχειν
828 1271 1132 1341 ὁμσιότητα
1162 1274 1282 1327 κατ’
1318 1274 1511 1327 οὐσίαν
1540 1275 1630 1326 τδν
1666 1275 1791 1328 Υίὸν
1824 1277 1919 1329 καὶ

340 1360 403 1410 τὸ
434 1362 653 1428 Πνεῦμα
683 1362 816 1432 πρὸς
847 1363 941 1416 τὸν
971 1365 1213 1436 Πατέρα.

415 1451 495 1502 ιδ’.
540 1454 605 1504 υἱ
639 1454 725 1504 ἐπὶ
764 1454 857 1506 τὸν
892 1455 1166 1522 Ναύατον,
1199 1457 1368 1510 τᾶλλα
1410 1457 1784 1523 εὐσεϐοῦντες,
1819 1459 1919 1531 τὴν

335 1541 605 1611 διγαμίαν
624 1544 1032 1611 ἐσδελύσσοντο,
1064 1549 1161 1601 καὶ
1187 1550 1311 1610 τοὺς
1342 1550 1792 1619 παραπεσόντας,
1826 1567 1921 1619 με·

337 1634 719 1701 τανοήσαντας
749 1638 850 1690 οὐκ
880 1638 1146 1706 ἐδέχοντο.

411 1723 492 1779 ιε’.
524 1726 588 1777 Ol
611 1728 740 1797 περὶ
770 1729 864 1781 τὸν
886 1729 1213 1796 Σαὸὃάτιον,
1246 1731 1421 1785 ταυτὰ
1455 1732 1781 1802 φρονοῦντες
1808 1737 1920 1798 τοῖς

334 1814 727 1881 Ναυατιανοῖς,
772 1820 867 1872 καὶ
899 1824 1010 1883 τοῖς
1061 1820 1329 1885 Ἰουδαίοις
1361 1820 1503 1895 ἦσαν
1538 1826 1923 1895 συνεορτάζον-

332 1921 449 1965 τες.
482 1907 546 1958 Ol
570 1910 726 1961 αὐτοὶ
752 1910 845 1962 καὶ
888 1911 1195 1981 Ἀριστεροὶ
1222 1913 1535 1973 καλοῦνται.
1563 1915 1643 1968 ὅτι
1672 1914 1772 1983 τὴν
1804 1919 1924 1987 άρι·

338 2003 540 2071 στεράν
581 2006 687 2057 εἱσι
726 2005 1144 2076 βδελυσσόμενοι
1192 2010 1387 2079 χεῖρα,
1432 2009 1500 2063 δι’
1533 2010 1703 2080 αὐτῆς
1748 2027 1920 2080 προσ-

340 2093 518 2146 ίεσθαι
552 2094 614 2146 τδ
640 2095 853 2149 οίονοῦν
880 2098 968 2167 ’μὴ
1003 2099 1330 2167 τολμῶντες.
1355 2101 1421 2154 Oi
1451 2101 1609 2154 αὐτοὶ
1647 2102 1742 2155 καὶ
1776 2102 1920 2154 Τισ-

338 2185 898 2254 σαρεσκαδεκατίται,
945 2189 1028 2241 ὃτι
1068 2189 1142 2258 μὴ
1174 2191 1319 2246 κατὰ
1361 2178 1811 2261 τὴνκυριακὴν,
1845 2192 1920 2256 ὡς

339 2278 541 2345 ἡμεῖς,
605 2279 744 2332 ἀλλὰ
802 2283 947 2334 κατὰ
1000 2282 1101 2351 τὴν
1163 2284 1771 2355 τεσσαρεσκαιδεκάτην
1824 2285 1921 2353 τῆς

337 2369 572 2439 σελήνης
602 2369 665 2422 τὸ
702 2360 893 2441 Πάσχα
925 2372 1063 2437 μετὰ
1107 2373 1381 2427 Ἰουδαίων
1410 2372 1681 2428 τελοῦσιν.
1725 2375 1788 2426 0i
1821 2374 1920 2426 αὺ-

339 2462 415 2511 τοὶ
451 2462 551 2513 καὶ
582 2463 932 2530 Τετραδίται,
967 2464 1049 2516 ὅτι
1092 2464 1154 2516 τὸ
1198 2465 1390 2535 Πάσχα
1430 2465 1817 2535 ἑορτάζοντες,
1852 2464 1914 2517 οὐ

338 2551 667 2613 καταλύειν,
720 2552 854 2606 ἀλλὰ
895 2556 1178 2624 νηστεύειν
1222 2554 1540 2625 αἱροῦνται,
1583 2555 1659 2617 ὡς
1697 2557 1756 2607 ὲν
1795 2557 1917 2617 ταῖς

335 2640 594 2709 τετράσεν
630 2642 818 2709 ἡμεῖς,
876 2642 1168 2707 Ἰουδαίους
1202 2646 1304 2697 κάν
1335 2644 1515 2714 τούτῳ
1554 2643 1918 2714 μιμούμενοι,

336 2731 459 2792 τοὺς
496 2733 638 2799 μετὰ
680 2732 744 2783 τὸ
775 2732 967 2803 Πάσχα
993 2735 1177 2802 ἄζυμα
1205 2736 1297 2787 καὶ
1333 2734 1588 2803 πικρίδας
1617 2733 1915 2796 ἐσθίοντας.

413 2830 507 2885 ις’.
540 2824 601 2876 0i
634 2826 764 2892 περὶ
789 2824 883 2877 τὸν
911 2825 1218 2889 Μοντανὸν,
1248 2826 1304 2888 ὃς
1344 2826 1535 2880 ἑαυτὸν
1565 2824 1918 2897 παράκλητον

240 2927 245 2931 ‘
343 2917 749 2983 προσηγόρευε,
790 2916 885 2972 καὶ
924 2921 1193 2982 γυναῖκας
1232 2914 1347 2986 εἶχε
1402 2918 1495 2970 δύο
1533 2918 1923 2986 παρεπομένας

352 3003 527 3070 αὐτῷ,
562 3004 890 3073 Πρίσκιλλαν
922 3008 1018 3060 καὶ
1052 3007 1399 3075 Μαξιμξλλαν
1421 3048 1433 3069 ,
1475 3006 1540 3070 ἃς
1576 3010 1672 3061 καὶ
1707 3009 1924 3078 προφή’

2029 544 2171 594 mani
2224 551 2350 595 sunt
2399 550 2453 596 et
2500 540 2836 611 naturales);
2869 541 2961 596 sed
2996 556 3117 595 cum
3155 542 3293 595 ultra
3342 553 3591 597 naturam

2027 636 2094 688 sit
2129 634 2354 700 positus,
2391 633 2625 688 terrenis
2646 630 2885 702 argutiis
2916 635 3139 687 minimc
3163 634 3470 701 subjicitur.

2104 722 2188 776 15.
2220 723 2540 778 Eunemiani
2570 725 2759 777 eadem
2793 737 2911 792 qna-
2939 724 3100 776 Arius
3128 734 3184 778 et
3219 724 3591 786 Macedonius,

2028 815 2334 869 sentiebant
2366 830 2380 868 :
2422 822 2478 868 et
2503 828 2597 868 eos
2628 814 2718 882 qui
2749 828 2807 867 se
2852 813 3098 882 partibus
3136 814 3374 881 ipsorum
3402 816 3592 880 adjun-

2028 906 2246 975 gebunt,
2277 905 2538 959 demissos
2571 904 2623 957 in
2665 912 2845 972 caput,
2876 919 2983 956 una
3033 907 3305 956 mersione
3353 903 3596 972 baptiza-

2027 999 2175 1051 bant.
2218 995 2390 1051 Minas
2439 1011 2656 1066 quoque
2698 994 2864 1049 futuri
2902 995 3176 1062 supplicii,
3215 1005 3266 1048 et
3307 997 3592 1061 gehenum,

2030 1105 2133 1144 non
2162 1089 2227 1142 ad
2266 1089 2574 1152 veritatem,
2609 1089 2703 1142 sed
2738 1087 2803 1141 ad
2834 1097 3037 1141 metum
3083 1086 3322 1156 prolatas
3349 1087 3589 1143 aiebant.

2034 1184 2305 1235 Vocantur
2342 1179 2504 1233 iidem
2532 1191 2585 1235 et
2614 1178 2859 1243 Auommi
2911 1178 3270 1247 (dissimiles).
3313 1179 3455 1245 quod
3502 1178 3591 1232 Fi-

2030 1272 2159 1325 lium
2210 1281 2267 1326 et
2309 1271 2568 1339 Spiritum
2624 1269 2831 1323 ratione
2869 1269 3186 1323 substantia:
3234 1268 3434 1322 nullam
3470 1284 3591 1323 cum

2028 1360 2186 1427 Patre
2213 1360 2623 1414 similitudinem
2650 1358 2851 1414 habere
2885 1357 3148 1412 dicerent.

2100 1452 2188 1506 M.
2227 1447 2530 1515 Navatiani,
2560 1459 2753 1503 caetera
2799 1449 2894 1515 pii,
2921 1448 3134 1513 nuptias
3166 1447 3436 1501 secundas
3462 1448 3592 1501 abo-

2031 1542 2407 1606 minabantur,
2466 1551 2519 1595 et
2560 1542 2759 1609 lapsos,
2798 1550 3148 1609 posteaquam
3208 1539 3587 1607 resipuissent,

2030 1649 2133 1689 non
2164 1632 2541 1688 admittebant.

2102 1726 2187 1781 l5.
2227 1724 2544 1780 Sabbatiaui
2567 1738 2690 1778 cum
2722 1721 3034 1777 Navatiauis
3056 1721 3250 1777 eadem
3276 1720 3594 1778 sentientes.

2023 1819 2329 1875 Iudaeorum
2354 1832 2557 1871 morem
2585 1817 2636 1872 in
2662 1816 3002 1870 celebrandis
3031 1814 3182 1871 festis
3207 1812 3593 1869 observabant.

2024 1914 2382 1970 Vocantur‘et
2410 1908 2655 1973 Sinistri,
2688 1908 2830 1978 quod
2884 1922 3101 1961 manum
3150 1907 3335 1960 lmvam
3382 1904 3595 1958 abomi-

2026 2015 2243 2071 nentnr,
2292 2018 2389 2058 nec
2435 2018 2499 2058 ea
2533 2007 2762 2063 sumere;
2795 2001 3090 2071 quidquam
3136 1999 3391 2053 audeant.
3430 1996 3594 2050 Iidem

2025 2107 2078 2151 et
2118 2095 2609 2163 Quartodecnmani
2663 2094 2935 2157 dicuntur,
2975 2091 3117 2161 quod
3168 2107 3275 2144 nun
3319 2088 3599 2143 Dominico

2030 2190 2141 2255 die,
2175 2187 2316 2242 sicut
2348 2202 2465 2250 nos,
2498 2185 2594 2240 sed
2633 2184 2771 2238 luna:
2793 2168 3009 2238 decimo
3035 2181 3218 2245 tertio,
3247 2194 3369 2234 cum
3397 2178 3598 2233 Judaeis

2027 2278 2232 2333 Pascha
2284 2277 2580 2332 celebrent.
2614 2275 2969 2343 Appellantur
3001 2272 3165 2327 iidem
3212 2281 3270 2325 et
3306 2270 3595 2337 Quartani.

2026 2380 2310 2440 propterea
2357 2368 2502 2440 quod
2549 2367 2753 2423 Pascha
2793 2368 3156 2432 celebrantes,
3188 2375 3295 2418 non
3350 2362 3414 2415 ad
3460 2360 3597 2413 alios

2026 2464 2320 2525 divertere,
2372 2461 2466 2517 sed
2522 2460 2769 2530 ieiunare
2821 2459 3071 2513 malunt:
3105 2473 3212 2528 quo
3280 2464 3445 2527 pacto
3499 2469 3596 2506 nos
3661 2528 3685 2547 δ

1980 2618 1990 2628 ⁸
2026 2562 2218 2625 quarto
2257 2567 2472 2623 quoque
2502 2551 2592 2607 die
2622 2551 2801 2605 facere
2831 2548 3106 2612 solemus;
3160 2549 3212 2600 in
3250 2548 3353 2600 hoc
3378 2559 3596 2615 quoque

2025 2644 2246 2701 Iudaeos
2278 2642 2575 2705 imitantes,
2610 2640 2702 2708 qui
2736 2654 2840 2693 una
2874 2653 2997 2692 cum
3026 2636 3261 2698 Pascha,
3293 2650 3461 2705 panes
3488 2648 3594 2687 non

2027 2735 2401 2794 fermentatus,
2431 2740 2485 2786 et
2519 2730 2759 2785 lactucas
2788 2730 3072 2783 silvestres
3102 2727 3414 2781 comedunt.

2103 2826 2189 2881 16.
2222 2824 2461 2879 Montani
2518 2830 2837 2884 sectatores,
2876 2820 2994 2888 ejus
3024 2818 3116 2886 qui
3163 2831 3221 2870 se
3264 2819 3593 2883 paracletum

2026 2918 2355 2989 appellabat,
2385 2923 2439 2971 et
2472 2915 2821 2970 mulierculas
2845 2913 2978 2969 duas
3006 2927 3065 2967 se
3086 2910 3409 2965 comitantes
3432 2908 3599 2962 habeo

2029 3011 2139 3075 hat,
2188 3007 2487 3063 Priscillam
2532 3021 2595 3062 ac
2643 3005 3015 3071 Maximillam,
3060 3019 3197 3073 quas
3245 3004 3407 3057 etiam
3449 3013 3598 3057 vates

345 3094 501 3155 τιδας
532 3096 732 3158 ἐκάλει,
764 3097 860 3151 καὶ
886 3097 1170 3162 Πέπουζάν
1186 3116 1310 3151 τινα
1335 3097 1531 3169 κώμην
1560 3099 1804 3169 Φρυγίας
1831 3100 1921 3150 ἐκ·

2029 3099 2415 3166 nuncupabat;
2474 3096 2678 3168 quique
2730 3095 3022 3165 Pcpuzam,
3085 3093 3333 3164 Phrygiae
3394 3092 3595 3154 vicum.

339 3186 578 3251 θειάζων
631 3188 989 3261 Ἰερουσαλὴμ
1031 3191 1331 3260 ὠνόμαζεν.
1385 3186 1545 3247 Οὗτοι
1595 3190 1687 3251 οὖν
1734 3191 1813 3255 είς
1862 3190 1923 3244 ἓν

338 3280 638 3349 πρόσωπον
677 3282 777 3353 τὴν
811 3282 975 3351 ἁγίαν
1025 3282 1409 3351 συναιροῦντες
1457 3284 1663 3353 Τριάδα
1685 3325 1701 3351 ,
1733 3285 1828 3337 καὶ
1858 3284 1920 3337 τὸ

339 3377 529 3445 Πάσχα
550 3377 886 3446 διέστρεφον.
907 3380 1011 3433 Καὶ
1033 3375 1174 3449 αἷμα
1194 3382 1387 3444 παιδὸς
1413 3382 1918 3451 κατακεντουμένου

336 3469 557 3541 ἀλεύρῳ
577 3472 982 3542 συμφύροντες,
1005 3474 1100 3526 καὶ
1116 3472 1533 3542 άρτοποιοῦντες
1556 3472 1919 3544 προσέφερον,

338 3564 431 3614 καὶ
460 3563 876 3631 μετελάμϐανον
903 3565 960 3629 ἐξ
990 3564 1154 3617 αὑτοῦ
1173 3583 1186 3596 ·
1214 3564 1310 3617 καὶ
1334 3565 1423 3617 τὸν
1450 3567 1628 3635 γάμον
1649 3564 1913 3629 ἐκώλυον,

342 3655 432 3707 καὶ
466 3654 782 3724 βρωμάτων
810 3655 1087 3712 ἐδίδασκον
1117 3657 1350 3725 άποχήν.

408 3830 499 3895 ιζ’.
538 3832 604 3884 Ol
630 3831 761 3899 περὶ
787 3831 880 3886 τὸν
910 3833 1157 3899 Δονάτον,
1182 3834 1374 3887 ὀστοῦν
1396 3837 1462 3904 τῇ
1488 3835 1634 3905 χειρὶ
1664 3837 1920 3905 κατέχον-

339 3938 454 3983 τες,
484 3924 665 3975 ἐκεῖνο
693 3923 961 3992 πρότερον
987 3925 1315 3994 ἠσπάζοντο,
1346 3927 1439 3981 καὶ
1469 3925 1611 3983 οὕτω
1645 3928 1921 3997 μετελάμ-

342 4011 508 4065 ϐανον
537 4014 647 4066 τῶν
677 4014 1058 4085 άγιασμάτων.

412 4106 504 4174 ιη’.
554 4109 620 4159 Ol.
655 4109 1015 4171 Maaa).ta.vo\,
1049 4109 1115 4161 τὰ
1149 4110 1257 4161 τῶν
1286 4112 1604 4181 Μανιχαίων
1637 4112 1919 4177 νοσοῦντες

346 4199 718 4269 προσεξεῦρον
747 4202 839 4253 καὶ
871 4201 986 4255 ἀλλ’
1008 4200 1143 4256 am
1169 4204 1510 4275 μιαρώτερα.
1538 4206 1642 4258 Τὸν
1668 4206 1778 4277 γὰρ
1796 4206 1923 4260 νοῦν

346 4290 454 4345 τῶν
492 4291 806 4359 ἀνθρώπων
849 4290 954 4344 ὑπὸ
996 4290 1107 4343 τῶν
1152 4292 1426 4362 δαιμόνων
1467 4294 1793 4364 κατέχεσθαι
1831 4295 1921 4346 λέ-

348 4396 503 4443 γουσι
541 4397 555 4413 ·
586 4383 685 4449 τὴν
730 4379 1082 4449 ἀνθρωπείαν
1117 4382 1283 4450 φύσιν
1324 4383 1430 4436 τῶν
1457 4384 1731 4454 δαιμόνων
1779 4380 1921 4438 εἶναι

350 4476 675 4543 κοινωνικήν
727 4490 741 4503 ’
779 4474 840 4528 τὸ
875 4474 1157 4544 βάπτισμα
1210 4475 1285 4544 μὴ
1328 4477 1567 4529 τελειοῦν
1597 4478 1688 4530 τὸν
1712 4478 1924 4547 ἀνορω-

352 4581 466 4626 nov,
502 4566 638 4633 μηδέ
677 4566 773 4634 τὴν
804 4566 1134 4635 μετάληψιν,
1170 4568 1304 4621 ἀλλὰ
1339 4570 1506 4639 μόνην
1536 4569 1634 4640 τὴν
1662 4572 1792 4639 παρ’
1825 4572 1923 4624 a6-

358 4658 456 4717 τοῖς
488 4658 679 4725 εὐχήν.
710 4660 871 4712 Φύσει
905 4656 1043 4712 εἶναι
1084 4659 1153 4712 τὰ
1200 4668 1347 4714 κακὰ
1380 4664 1438 4713 ὲν
1468 4663 1623 4731 ἡμῖν.
1663 4663 1771 4731 Τῆς
1806 4680 1925 4716 κοι-

366 4747 548 4809 νωνίας
599 4746 696 4800 τοῦ
731 4749 961 4819 νυμφίου
1016 4750 1364 4806 αἰσθάνεσθαι
1401 4753 1497 4821 τὴν
1539 4752 1754 4822 ψυχὴν,
1786 4754 1861 4815 ὡς
1891 4757 1925 4824 ἡ

368 4839 498 4905 γυνὴ
543 4839 859 4895 αἰσθάνεται
907 4842 1010 4910 τῆς
1061 4842 1157 4895 τοῦ
1211 4843 1405 4912 ἁκδρὸς
1461 4847 1772 4906 συνουσίας.
1823 4846 1927 4897 Τὸν

369 4930 595 4991 σταυρὸν
637 4933 1041 5001 βδελύσσονται.
1094 4936 1203 5005 Τὴν
1243 4936 1505 4988 Θεοτόκον
1552 4937 1612 4988 οὐ
1658 4938 1922 5007 τιμῶσιν,

352 5018 481 5071 ούδδ
532 5020 616 5075 τὸν
654 5024 965 5095 Πρόδρομον
1012 5027 1106 5081 καὶ
1138 5027 1451 5100 Βαπτιστὴν
1494 5029 1773 5099 Ἰωάννην,
1806 5030 1927 5084 οὐδὲ

350 5111 480 5173 τοὺς
506 5112 703 5181 ὁσίους,
734 5119 784 5169 εἰ
820 5118 894 5187 μὴ
927 5118 1089 5187 μόνον
1126 5121 1258 5183 τοὺς
1286 5121 1607 5191 Μάρτυρας.
1639 5120 1706 5175 Oi
1739 5120 1925 5189 βουλό-

345 5219 502 5270 μενοι
553 5207 976 5276 ἀποτέμνονται.
1004 5208 1204 5264 Δύουσι
1223 5210 1349 5273 τοὺς
1378 5210 1612 5279 γάμους,
1636 5210 1929 5278 ὀμνύουσιν

345 5293 538 5359 ἀδεῶς,
567 5297 943 5366 ἐπιορκοῦσιν.
966 5300 1451 5370 ’Λναθεματίζουσι
1472 5300 1569 5370 τὴν
1594 5302 1806 5372 αἰρεσιν
1832 5305 1929 5355 αὐ-

345 5382 471 5437 τῶν.
505 5385 726 5454 Ταύτης
765 5389 862 5457 τῆς
899 5389 1079 5459 λύμης
1115 5390 1485 5460 ὑποπλησθεὶς
1527 5393 1621 5443 καὶ
1669 5391 1923 5443 Ἐλευθέ-

348 5490 461 5539 ριος
477 5478 504 5526 ό
527 5477 675 5544 Παφὶ
687 5476 857 5546 αγὼν,
877 5480 1208 5550 προσεξεῦρε
1233 5482 1326 5533 καὶ
1348 5481 1509 5543 αὐτὸς
1537 5482 1665 5545 ἄξια
1685 5481 1886 5533 ἑαυτοῦ
1909 5496 1923 5511 ⁶

346 5565 440 5615 τὸν
471 5571 705 5638 μοναχὸν
733 5571 856 5623 δυσὶ
889 5573 1313 5636 συνευνάζεσθαι
1342 5573 1555 5640 γυναιξέ
1575 5590 1586 5601 ⁸
1622 5576 1710 5624 καῖ
1739 5573 1925 5641 χρόνον

348 5653 443 5705 ἕνα
472 5657 1010 5728 ἐγκρατευσάμενον,
1033 5660 1128 5711 τοῦ
1170 5661 1361 5712 λοιποῦ
1396 5662 1486 5712 καὶ
1516 5662 1632 5721 ταῖς
1666 5661 1922 5726 συγγενέ-

351 5758 435 5800 σιν
480 5748 643 5812 ἀδεῶς
681 5751 937 5823 χρῆσθαι,
989 5753 1155 5820 μηδὲν
1184 5752 1579 5822 διαστέλλοντα.
1627 5752 1698 5807 Τὸ
1724 5752 1777 5803 δὲ
1819 5754 1923 5807 τῶν

2031 3189 2400 3259 augustiorem
2463 3186 2714 3252 reddens,
2770 3184 3074 3241 Jerusalem
3138 3184 3492 3248 nominabat;
3543 3184 3594 3236 hi

2030 3296 2159 3351 ergo
2191 3292 2434 3336 sanctam
2466 3277 2792 3334 Trinitatem
2837 3277 2891 3331 in
2933 3291 3095 3330 unam
3147 3290 3434 3344 personam
3466 3290 3599 3329 con—

2031 3374 2328 3438 trahentes,
2368 3372 2533 3427 etiam
2559 3370 2769 3427 Pascha
2804 3368 3186 3438 pervertebaut
3208 3405 3226 3431 ,
3250 3367 3600 3437 sanguineum.

2030 3481 2136 3537 que
2183 3465 2335 3535 pueri
2384 3463 2621 3519 confossi
2651 3476 2774 3517 cum
2811 3460 2986 3515 farina
3032 3464 3467 3524 commiscentes,
3504 3475 3599 3529 pas

2033 3574 2154 3614 nem
2186 3558 2311 3614 inde
2339 3555 2646 3612 confectum
2679 3555 2912 3610 invicem
2942 3554 3047 3609 sibi
3071 3553 3394 3618 oll’erebaut,
3426 3566 3597 3619 eoque

2033 3652 2415 3709 vescebantur.
2450 3650 2848 3705 Matrimonium
2882 3663 3099 3719 quoque
3146 3645 3523 3716 prohibebant,
3546 3653 3600 3713 et

2031 3742 2406 3797 abstinendum
2439 3740 2605 3794 certis
2636 3755 2663 3792 a
2704 3740 2842 3795 cibis
2876 3740 3160 3793 docebant.

2105 3834 2190 3889 l7.
2226 3832 2537 3896 Deitatistaz,
2566 3832 2832 3898 quoddam
2856 3846 2920 3884 os
2969 3845 3129 3884 manu
3164 3839 3430 3893 tenentes,
3467 3829 3595 3898 idin-

2031 3946 2149 3985 sum
2201 3929 2352 3997 prius
2399 3927 2891 3989 exosculuhantur,
2926 3934 3088 3993 atque
3142 3923 3213 3979 ita
3256 3931 3596 3985 sacramenta

2032 4021 2419 4091 percipiebanl.

2106 4110 2193 4164 18.
2247 4106 2524 4162 Masaliani
2580 4104 2995 4159 Manichaeorum
3050 4103 3329 4159 erroribus
3384 4103 3597 4166 inlecti,

2030 4204 2276 4272 quaedam
2327 4199 2549 4268 insuper
2578 4197 2681 4251 alia
2732 4196 2903 4266 magis
2940 4197 3149 4265 impura
3196 4195 3595 4266 excogitarunt.

2033 4291 2243 4363 Quippe
2276 4301 2507 4345 mentem
2552 4288 2828 4344 hominum
2862 4303 2889 4340 a
2915 4286 3251 4342 daemonibus
3280 4295 3598 4356 occupatam

2031 4388 2218 4441 dicunt
2246 4401 2261 4438 :
2288 4392 2533 4436 naturam
2567 4380 2859 4435 humanam
2892 4379 2945 4433 in
2979 4378 3282 4433 dazmonum
3319 4392 3440 4433 esse
3467 4392 3597 4432 con-

2028 4477 2245 4531 sortio:
2300 4488 2402 4527 nec
2447 4471 2796 4539 baptismum,
2828 4484 2928 4524 nec
2976 4469 3376 4537 perceptionem
3419 4482 3598 4522 sacra.

2028 4577 2334 4623 mentorum
2366 4562 2637 4617 hominem
2672 4562 2979 4629 purificarc,
3006 4561 3100 4613 sed
3138 4560 3309 4616 solum
3346 4560 3476 4627 ipsis
3516 4560 3597 4613 l'a-

2029 4661 2292 4713 miliarem
2336 4654 2724 4719 precationem.
2765 4650 2899 4705 Mala
2934 4652 2986 4704 in
3040 4651 3195 4705 nobis
3220 4662 3413 4705 natura
3448 4653 3596 4706 exsi-

2027 4761 2192 4805 stere.
2250 4745 2339 4801 Sic
2374 4744 2613 4803 animam
2654 4741 2837 4810 sponsi
2891 4742 3323 4796 communionem
3369 4743 3598 4812 sentire,

2026 4839 2477 4908 quemadmodum
2506 4832 2609 4889 viri
2646 4833 2844 4886 coitum
2883 4832 3078 4885 mulier
3116 4833 3335 4889 sentiat.
3369 4833 3598 4889 Crucem

2027 4930 2430 4985 abominantur.
2484 4925 2769 4991 Deiparam
2826 4921 2975 4976 nullo
3032 4922 3325 4992 dignantur
3371 4922 3599 4988 honore,

2030 5037 2215 5090 nequ“
2234 5030 2622 5089 praecursorem
2662 5030 2727 5068 ac
2772 5015 3069 5083 Baptistam
3105 5013 3388 5081 Joannem,
3428 5030 3600 5085 neque

2029 5121 2264 5174 sanctos,
2320 5109 2650 5177 martyribus
2678 5105 2940 5173 exceptis.
2974 5104 3074 5171 Qui
3116 5104 3322 5170 volunt,
3353 5119 3597 5161 castran-

2031 5214 2138 5256 tur.
2170 5199 2507 5257 Matrimonia
2557 5198 2794 5251 solvunt.
2831 5197 3056 5267 Impune
3090 5197 3302 5265 jurant,
3343 5214 3416 5252 ue
3453 5198 3597 5266 μαλε.

2030 5304 2168 5366 rant.
2201 5292 2416 5347 Sectam
2465 5305 2619 5345 suam
2657 5287 3141 5343 anathematizant.
3174 5288 3286 5343 Hac
3321 5298 3471 5357 peste
3517 5296 3600 5340 tu-

2028 5396 2114 5441 tus
2145 5385 2377 5439 inlectus
2422 5384 2763 5439 Eleutlterius
2794 5380 2882 5435 ille
2929 5380 3218 5451 Paphlago,
3251 5391 3507 5448 przeterea
3539 5394 3596 5433 se

2030 5478 2183 5543 digna
2219 5476 2467 5545 quietiam
2514 5474 2827 5528 adiuvenit:
2865 5472 3065 5527 debere
3110 5468 3430 5533 monachum
3471 5482 3594 5531 cum

2029 5569 2237 5621 duabus
2270 5568 2471 5622 cubare
2507 5565 2864 5630 mulierculis,
2897 5576 3111 5630 unoque
3140 5576 3280 5617 anno
3310 5562 3591 5615 continen-

2029 5674 2109 5713 ter
2141 5671 2352 5720 cxacto,
2375 5673 2532 5726 posse
2555 5658 2810 5724 deinceps
2835 5658 3051 5721 impune
3078 5661 3426 5719 cognatarum
3460 5668 3597 5721 quu-

2029 5765 2132 5815 qnc
2166 5748 2555 5805 consuetudine
2603 5746 2740 5801 citra
2788 5742 3080 5801 discrimen
3130 5739 3227 5794 uti.
3265 5737 3466 5796 Nomen
3518 5742 3595 5817 ip.
