4018 6212
299 350 369 415 29
1506 348 1604 405 DE
1648 346 1830 404 FIDE
1874 345 2360 407 OIITIIODOXA.

306 457 520 520 ὑπήνην
544 468 556 482 ’
601 449 690 503 τὸν
717 452 775 504 δὲ
812 452 959 519 Υἱὸν,
989 452 1116 523 ἄρτι
1146 453 1237 506 τὸν
1264 452 1440 507 ἴουλον
1472 460 1875 526 παραςιοὲίίο-ντι

1993 456 2189 519 :lieunt,
2230 454 2448 509 Patrem
2484 464 2543 509 ut
2592 469 2804 520 senem,
2837 455 2926 511 cui
2997 456 3209 525 prolixa
3275 457 3441 511 barba
3506 459 3578 512 sit

302 545 559 597 ἐοικότα’
620 543 684 596 τὸ
733 542 790 595 δὲ
839 544 996 609 ᾶγιον
1038 542 1283 610 Πνεῦμα,
1330 545 1408 609 ὡς
1447 546 1667 600 νεανίαν
1694 548 1885 605 δεινῶς

299 632 640 703 ἐψιλωμένον
671 632 770 693 τὰς
812 631 1070 699 παρειὰς,
1118 632 1229 685 τῶν
1267 633 1540 703 δαιμόνων
1581 635 1756 699 οὑτως
1800 635 1859 698 ἐξ

302 725 642 780 απατώντων
696 725 917 786 αὑτοὺς,
969 727 1067 777 καὶ
1106 725 1475 780 διδασκόντων
1523 729 1709 783 ἄνισον
1740 727 1884 782 εἶναι

308 822 402 889 τὴν
428 817 592 883 ἁγίαν
620 818 854 887 Τριαδα,
889 818 1031 872 κατὰ
1058 820 1158 887 τὴν
1193 820 1303 876 τῶν
1345 823 1647 894 σχημάτων
1678 823 1885 878 τούτων

312 909 587 980 διαφοράν.

1997 546 2287 601 admodum
2314 587 2329 612 ,
2366 546 2565 601 Filium
2595 547 2643 601 ei
2680 547 2939 613 similem,
2987 547 3077 615 qui
3111 562 3305 603 recens
3360 548 3576 617 lanugi-

1996 656 2119 693 nem
2170 643 2401 710 primam
2440 650 2629 702 mutet,
2674 640 2936 709 Spiritum
2973 642 3255 720 sanctum,
3287 642 3460 695 instar
3491 642 3576 710 ju—

1998 732 2171 794 venis,
2200 734 2286 787 cui
2319 733 2477 787 valde
2508 734 2666 788 nudae
2691 733 2802 787 sint
2832 747 3023 802 genas;
3062 735 3206 801 quod
3240 733 3461 801 quidem
3499 734 3571 785 ita

1998 821 2078 884 iit,
2132 822 2532 891 decipientibus
2586 838 2682 877 eos
2727 823 3085 887 daemonibus,
3143 832 3198 876 et
3250 822 3569 891 inaequalem

1994 927 2116 966 esse
2143 911 2469 969 Trinitatem
2492 915 2831 981 docentibus,
2862 929 2961 984 pro
2995 915 3240 984 ipsarum
3269 914 3568 969 formarum

1995 1005 2337 1060 diversitate.

330 1192 3553 1223 “*mm

694 1352 1044 1483 ΤΟΥ
1119 1348 1697 1487 ΑΥΤΟΥ
1758 1352 3183 1493 ΑΡΜΕΝΟΠΟΥΛΟΥ

1122 1597 1378 1684 ΠΕΡΙ
1466 1597 1947 1685 ΠΙΣΤΕΩΣ
2014 1599 2743 1689 ΟΡΘΟΔΟΞΟΥ.

964 1958 1677 2089 EJUSDEM
1776 1947 2928 2091 HARMENOPULI

1246 2217 1393 2306 DE
1459 2216 1738 2306 FIDE
1800 2214 2604 2308 ORTHODOXA.

370 2570 663 2623 Πιστεύειν
690 2570 772 2621 δεῖ
810 2570 899 2621 τὸν
928 2569 1096 2630 ὅντως
1130 2569 1484 2637 Χριστιανὸν,
1517 2571 1591 2626 ib;
1642 2571 1697 2622 αἱ
1730 2570 1883 2637 ἆγιαι
1915 2568 1959 2627 Β

310 2667 393 2715 καὶ
422 2662 809 2732 οἰκοῦμενικαὶ
838 2662 1051 2714 σύνοδοι
1082 2661 1470 2731 ἐπεκύρωσαν,
1512 2663 1591 2727 είς
1626 2663 1723 2715 ἕνα
1752 2662 1887 2715 Θεὸν

308 2757 518 2825 Πατέρα
544 2757 990 2825 παντοκράτορα,
1024 2754 1262 2823 ἆναρχόν
1287 2771 1344 2806 τε
1377 2756 1471 2807 καὶ
1500 2755 1880 2824 ἀτελεύτητον,

310 2850 525 2901 πάντων
551 2849 768 2917 ὁρατῶν
814 2865 871 2901 τε
927 2849 1021 2901 καὶ
1054 2847 1306 2918 ἀοράτων
1356 2850 1623 2918 ποιητήνο
1661 2848 1755 2901 καὶ
1807 2847 1886 2910 είς

312 2944 405 2992 Eva
440 2943 639 3010 Κύριον
694 2942 905 3012 Ἰησοῦν
942 2943 1198 3013 Χριστὸν,
1226 2945 1319 2995 τὸν
1358 2942 1483 2994 Υίὸν
1508 2941 1601 2994 τοῦ
1637 2941 1771 2996 Θεοῦ
1792 2942 1887 2993 τὸν

318 3035 597 3104 μονογενῆ,
629 3036 719 3087 τὸν
746 3036 933 3098 ἀϊδίως
966 3036 1059 3087 καὶ
1087 3035 1315 3097 ἀπαθῶς
1345 3035 1405 3099 ἐξ
1431 3034 1596 3087 αὑτοῦ
1628 3032 1765 3087 Θεοῦ
1791 3032 1884 3086 καὶ

316 3127 523 3195 Ματρὸς
552 3126 905 3197 γεννηθέντα,
943 3127 1059 3195 φῶς
1108 3128 1174 3180 ἐκ
1220 3127 1418 3195 φωτὸς,
1453 3126 1588 3179 Θεὸν
1628 3124 1884 3196 ἀληθινὸν

309 3222 371 3268 ἐκ
399 3218 535 3270 Θεοῦ
583 3217 865 3289 ἀληθινοῦ,
898 3219 1189 3286 όμοούσιον
1230 3220 1308 3289 τῷ
1356 3221 1537 3289 Πατρὶ
1574 3219 1672 3277 καὶ
1718 3235 1884 3271 συνα-

312 3309 461 3368 ίιῖιον,
490 3308 558 3360 δι’
583 3304 643 3362 οὗ
674 3310 741 3361 τὰ
771 3311 945 3362 πάντα
974 3310 1196 3378 γέγονε⁶
1217 3313 1309 3364 καὶ
1339 3312 1418 3370 είς
1452 3311 1675 3379 Πνεῦμα
1702 3310 1880 3379 ἅγιον,

308 3401 365 3451 τὸ
400 3401 685 3461 συναίδίως
716 3402 779 3453 ἐκ
810 3400 906 3452 τοῦ
941 3401 1079 3453 Θεοῦ
1127 3403 1224 3454 καὶ
1256 3403 1470 3471 Πατρὸς
1507 3402 1880 3471 ὲκπορευόμε·

309 3510 415 3554 νον,
458 3493 570 3561 φώς
602 3492 663 3544 ὸν
695 3494 791 3545 καὶ
816 3493 968 3559 αὑτὸ,
1009 3492 1104 3547 καὶ
1148 3494 1282 3546 Θεὸν
1336 3494 1610 3563 ἀληθινὸν,
1658 3496 1753 3547 καὶ
1805 3496 1883 3565 τῷ

314 3586 486 3653 ΙΙατρὶ
517 3588 614 3637 καὶ
653 3586 758 3655 ΐίῷ
785 3586 1055 3639 συναϊδιόν
1081 3603 1141 3639 τε
1177 3588 1272 3639 καὶ
1303 3587 1588 3654 ὁμοούσιον
1610 3603 1625 3619 ⁸
1677 3586 1882 3656 Τριάδα

309 3679 616 3747 ἔλμοοὺσιον,
670 3679 765 3732 καὶ
814 3679 1104 3749 ὁμότιμον,
1142 3679 1237 3731 καὶ
1269 3679 1588 3749 ὁμόθρονον,
1638 3681 1719 3742 είς
1752 3681 1883 3749 μίαν

310 3771 601 3823 συνιοῦσαν
638 3771 885 3841 θεότητα.
933 3771 1140 3841 Τριάδα
1170 3770 1279 3839 γὰρ
1308 3773 1365 3823 ἐν
1408 3772 1595 3841 μονάδι
1628 3774 1882 3825 πιστεύο-

311 3878 429 3929 μεν,
458 3862 552 3913 καί
580 3860 788 3930 μονάδα
818 3861 877 3912 ὲν
919 3861 1113 3930 Τριάδι
1146 3860 1443 3928 δοξάζομεν
1467 3875 1479 3888 ·
1514 3860 1721 3928 Τριάδα
1756 3859 1877 3927 μὲν,

308 3954 380 4015 ώς
414 3955 473 4005 ὲν
494 3955 643 4021 τρισὶ
670 3953 989 4021 προσώποις
1014 3952 1111 4005 καὶ
1155 3952 1488 4005 ὑποστάσεσι
1518 3953 1617 4018 τὴν
1652 3950 1882 4019 θεότητα

308 4047 695 4117 θεωρουμένην
716 4061 731 4077 ο
762 4044 965 4115 μονάδα
990 4044 1070 4110 δὲ,
1097 4044 1171 4105 ὡς
1199 4045 1325 4110 μιᾶς
1349 4044 1477 4097 δντχ
1507 4043 1680 4097 ταῦτα
1699 4044 1885 4106 οὐσίας

306 4159 363 4194 τε
414 4140 507 4192 καὶ
555 4139 830 4207 θεότητος,
866 4138 957 4190 καὶ
992 4137 1090 4189 ἕνα
1115 4137 1269 4190 Θεόν.
1318 4137 1451 4188 Ἕνα
1485 4138 1593 4205 γὰρ
1632 4136 1765 4188 Θεὸν
1798 4152 1886 4187 πι-

310 4232 600 4299 στεύομεν,
636 4230 741 4282 κᾶν
788 4230 845 4283 ὲν
877 4227 1068 4299 Τριάδι
1100 4228 1438 4293 γινώσκηται
1461 4244 1475 4259 ο
1525 4231 1614 4281 καὶ
1647 4227 1741 4280 ἕνα
1772 4228 1884 4280 Κύ-

310 4341 426 4390 ριον
454 4320 855 4392 ὁμολογοῦμεν,
888 4321 992 4374 κᾶν
1015 4321 1075 4373 ὲν
1104 4320 1285 4391 τρισὶν
1316 4320 1651 4373 ὑποστάσεσι
1675 4318 1885 4373 δείκνυο

308 4434 428 4468 ται·
475 4416 571 4469 καὶ
616 4413 743 4467 οὔτε
795 4414 877 4476 είς
918 4415 1068 4482 τρεῖς
1120 4413 1404 4482 Θεότητας,
1452 4411 1574 4465 οὔτε
1616 4414 1697 4474 είς
1738 4416 1886 4481 τρεῖς

310 4508 639 4577 κυριότητας
668 4507 702 4576 ἡ
738 4508 834 4577 μία
867 4506 1060 4577 θεότης
1093 4508 1185 4558 καὶ
1216 4506 1247 4575 ἡ
1290 4506 1389 4574 μία
1425 4506 1685 4573 κυριότης
1726 4507 1887 4571 ἐκφέ-

316 4617 495 4669 ρεται·
538 4599 662 4652 οὗτε
697 4600 795 4667 μὲν
837 4599 1027 4667 ἕτερός
1074 4615 1155 4661 τις
1204 4601 1353 4650 ἐστιν
1387 4600 1414 4650 ό
1451 4598 1603 4663 Θεὸς,
1640 4597 1793 4666 παρὰ
1820 4597 1887 4648 τὰ

315 4697 437 4764 τρία
469 4696 646 4748 ταῦτα
679 4694 969 4763 πρόσωπα,
1004 4692 1149 4763 ἅπερ
1193 4693 1341 4744 ἐστὶν
1385 4695 1412 4745 ὁ
1446 4693 1655 4762 Πατὴρ,
1679 4694 1706 4743 ὁ
1737 4691 1885 4756 Υἱὸς,

313 4788 408 4837 καὶ
435 4788 493 4839 τὸ
527 4787 681 4853 ἅγιον
711 4785 933 4854 Πνεῦμα
958 4802 971 4815 ο
1008 4785 1111 4836 οὑκ
1142 4786 1356 4845 οὐσίαις
1390 4782 1563 4835 ταῦτα
1594 4788 1688 4835 καὶ
1722 4781 1887 4852 φύσε-

318 4893 405 4929 σιν
454 4877 853 4946 ἀριθμοὺμενα,
903 4876 1018 4929 ἀλλ’
1084 4877 1419 4929 ὑποστάσεσι
1501 4877 1595 4927 καὶ
1661 4876 1886 4944 ἰδιότησι

313 4972 528 5037 vesperi;
562 4969 648 5020 καὶ
694 4968 951 5031 τελείαις.
1001 4968 1067 5021 Ἦ
1118 4970 1227 5039 γὰρ
1268 4968 1509 5034 παναγία
1558 4967 1731 5036 Τριὰς
1774 4967 1887 5028 τοῖς

316 5059 626 5127 προσώποις
674 5061 1051 5131 διαιρουμένη,
1104 5060 1416 5131 ἀδιαίρετός
1462 5063 1579 5113 ὲστι
1630 5060 1697 5128 τῇ
1728 5058 1889 5130 οὐσίᾳ

311 5165 403 5203 και
451 5155 515 5218 τῇ
554 5150 795 5220 θεότητι.
827 5151 973 5204 Μίαν
1018 5150 1113 5204 οὖν
1163 5152 1373 5214 οὑσίαν,
1424 5152 1555 5220 μίαν
1587 5151 1884 5220 βασιλείαν,

2063 2566 2346 2623 Hominem
2403 2584 2597 2639 reapse
2640 2570 3016 2626 Christianum
3049 2584 3267 2642 oportet
3318 2580 3542 2633 credere.

1991 2661 2154 2715 sicuti
2207 2677 2379 2715 saera:
2409 2678 2472 2717 ac
2498 2663 2834 2718 universales
2862 2665 3054 2735 synodi
3105 2669 3478 2735 sancivcrunt,
3513 2674 3565 2725 in

1993 2770 2160 2809 unum
2201 2753 2365 2808 Deum
2403 2754 2618 2811 Patrem
2652 2756 3099 2825 omnipotentem,
3129 2760 3378 2828 principii
3416 2772 3469 2814 et
3502 2764 3566 2815 ti-

2003 2850 2088 2900 nis
2145 2855 2447 2914 expertem,
2486 2846 2727 2898 omnittm
2778 2854 2885 2899 tam
2939 2848 3352 2915 aspectabilium
3404 2866 3562 2918 quam

1991 2938 2814 3009 inaspectabilinmvenditorem
2840 2977 2857 3002 ,
2887 2946 2942 2993 et
2968 2939 3023 2993 in
3081 2956 3246 2994 unum
3277 2941 3562 2995 Dominum

1995 3033 2180 3087 Jcsum
2211 3033 2509 3097 Christum,
2542 3031 2638 3086 Dei
2677 3032 2871 3085 Filium
2900 3034 3213 3101 unigenam,
3263 3034 3331 3087 ab
3361 3044 3566 3088 aeterno

1987 3124 2238 3190 eitraqne
2294 3125 2598 3192 passionem
2650 3139 2716 3177 ex
2766 3123 2881 3192 ipso
2916 3123 3025 3178 Deo
3050 3139 3113 3177 ac
3152 3123 3314 3179 Patre
3351 3136 3562 3190 natum,

1988 3215 2165 3269 lumen
2199 3217 2267 3270 de
2311 3218 2534 3281 lumine,
2572 3219 2737 3273 Deum
2768 3234 2953 3273 verum
2998 3220 3062 3274 de
3098 3218 3208 3274 Deo
3253 3236 3401 3284 vero,
3434 3237 3566 3277 con-

1990 3309 2409 3368 siibstantialent
2449 3311 2594 3364 Patri
2654 3321 2709 3365 et
2756 3323 3109 3374 maternum,
3134 3327 3230 3379 per
3257 3327 3418 3380 quem
3446 3329 3564 3368 om-

1988 3404 2075 3457 nia
2123 3403 2267 3457 facta
2298 3412 2465 3466 sunt,
2510 3412 2565 3456 ct
2609 3403 2660 3454 in
2693 3400 2958 3471 Spiritum
2993 3412 3262 3467 sanctum,
3295 3413 3565 3460 comterne

1988 3497 2053 3549 de
2113 3496 2225 3548 Deo
2260 3509 2323 3546 ac.
2375 3493 2534 3546 Patre
2590 3494 2991 3560 procedentem,
3056 3493 3236 3548 lumen
3272 3507 3329 3550 et
3361 3497 3560 3564 ipsum,

1990 3588 2266 3656 Deumque
2301 3602 2512 3649 verum,
2549 3595 2604 3639 et
2641 3586 2785 3641 Patri
2837 3605 2901 3639 ac
2954 3587 3095 3641 Filio
3127 3599 3479 3653 coarternum,
3508 3600 3561 3643 et

1986 3677 2509 3733 consubstantialem
2537 3678 2894 3745 ;Trinitatem
2919 3679 3079 3736 unius
3102 3681 3407 3752 etejusdem
3435 3682 3567 3739 sul:-

1993 3760 2226 3834 stantize,
2261 3770 2570 3840 dignitatis,
2620 3771 2765 3837 solii,
2792 3787 2913 3841 qua:
2944 3789 3106 3827 uuam
3143 3776 3196 3828 in
3227 3775 3564 3831 divinitatem

1990 3866 2130 3927 coit,
2166 3865 2373 3934 quippe
2412 3862 2739 3919 Trinitatem
2794 3866 2846 3917 in
2913 3869 3120 3921 unitate
3174 3869 3471 3933 credimus,
3507 3880 3565 3924 (ιι

1993 3958 2249 4011 unitatem
2276 3958 2328 4010 in
2347 3955 2616 4011 Trinitate
2631 3958 2920 4011 statuimus
2945 3974 2961 4024 ;
2989 3959 3311 4016 Trinitatem
3337 3963 3476 4032 quod
3510 3965 3561 4016 in

1998 4049 2170 4103 tribus
2222 4048 2473 4115 personis
2504 4056 2559 4102 et
2609 4048 2989 4118 bypostasibns
3016 4050 3271 4106 divinitas
3321 4054 3565 4107 conside-

1994 4149 2186 4205 retur;
2231 4139 2494 4194 unitatem
2546 4140 2691 4208 quod
2752 4140 2912 4194 unius
2974 4142 3057 4195 ba:
3112 4143 3425 4199 subsuantiaa
3458 4147 3561 4200 sint

1992 4248 2053 4282 ac.
2077 4231 2399 4294 divinitatis,
2428 4241 2484 4284 et
2513 4246 2654 4285 llllllS
2677 4231 2812 4285 adeo
2843 4230 3007 4288 Dens.
3038 4232 3172 4287 Nam
3200 4250 3363 4288 unum
3396 4234 3563 4292 Deum

1992 4322 2284 4384 credimus,
2330 4319 2459 4374 licet
2502 4320 2554 4375 in
2591 4321 2861 4375 Trinitate
2897 4332 3233 4392 agnoscatur
3264 4345 3278 4393 ;
3311 4334 3366 4380 et
3400 4343 3563 4382 unum

1998 4412 2283 4467 hominum
2332 4412 2683 4475 coalitemur.
2714 4414 2842 4467 licet
2883 4414 2939 4468 in
2974 4416 3149 4469 tribus
3178 4416 3567 4485 hypostasibns

1990 4507 2352 4570 ostendatur;
2403 4521 2468 4559 ac
2499 4521 2680 4574 neque
2711 4506 2764 4559 in
2802 4518 2913 4561 tres
2949 4506 3288 4572 tliviuitates,
3321 4524 3423 4563 nec
3458 4520 3567 4563 tres

1991 4598 2326 4656 dominatus.
2362 4612 2467 4649 una
2513 4597 2796 4661 divinitas,
2828 4607 2883 4651 et
2937 4614 3076 4651 unus
3130 4598 3219 4651 ille
3260 4600 3569 4653 dominatus

1990 4688 2299 4753 exorbitat;
2338 4704 2511 4757 neque
2554 4705 2743 4743 rursus
2792 4690 2931 4742 alius
2981 4692 3252 4759 quispiam
3296 4690 3438 4745 Deus
3465 4702 3566 4755 esu,

1993 4789 2190 4846 praeter
2212 4780 2376 4833 hasce
2410 4790 2520 4834 tres
2550 4796 2834 4847 personas,
2858 4796 2977 4847 qua:
3004 4792 3130 4835 sunt
3161 4780 3343 4845 Pater,
3375 4782 3565 4847 Filius,

1992 4882 2045 4924 ct
2093 4870 2329 4939 Spiritus
2358 4879 2629 4941 :sanctus;
2671 4885 2723 4924 ct
2754 4888 2872 4939 qua:
2909 4889 3013 4925 non
3044 4874 3365 4927 substantiis
3393 4890 3455 4928 ac
3484 4890 3571 4927 na.

1993 4964 2131 5015 turis
2165 4973 2546 5025 numerantur,
2575 4964 2667 5016 sed
2707 4964 3093 5032 bypostasibus
3123 4979 3171 5018 et
3220 4964 3570 5020 intellectibi-

1993 5056 2132 5110 libus
2160 5066 2324 5122 atque
2362 5054 2617 5123 perfectis
2654 5057 3106 5124 proprietatibus.
3140 5058 3353 5112 Etenim
3408 5073 3570 5111 sanc-

1992 5150 2203 5205 tissima
2252 5147 2496 5202 Trinitas
2550 5148 2799 5217 personis
2838 5149 3117 5216 distincta,
3176 5151 3393 5203 ratione
3439 5149 3570 5202 sub-

314 5244 442 5309 μίαν
480 5242 750 5307 ἐξουσίαν,
790 5242 919 5312 μίαν
948 5244 1253 5312 ἐνέργειαν,
1305 5244 1434 5314 μίαν
1481 5243 1701 5311 βουλὴν,
1752 5240 1882 5311 μίαν

1993 5242 2210 5297 suantiae
2265 5254 2329 5294 ac
2383 5239 2685 5293 divinitatis
2730 5248 2815 5294 cst
2871 5240 3168 5295 individua.
3229 5240 3572 5309 Quapropter

312 5334 554 5405 θέλησιν,
591 5334 726 5404 μίαν
761 5335 1105 5397 δεσποτείαν,
1156 5336 1286 5407 μίαν
1325 5335 1648 5402 κυριότητα,
1684 5335 1741 5387 ὲν
1790 5334 1891 5403 μιᾷ

313 5426 466 5495 οὐσία
490 5427 589 5479 καὶ
626 5426 788 5494 φύσει
816 5428 916 5495 τῆς
949 5428 1224 5495 παναγίας
1256 5425 1490 5497 Τριάδος
1518 5427 1887 5495 γινώσκομεν,

320 5524 388 5591 μὴ
417 5525 496 5585 είς
528 5523 588 5574 ἓν
621 5524 918 5591 πρόσωπον
951 5523 982 5593 ἦ
1025 5523 1156 5591 μίαν
1194 5523 1492 5579 ὑπόστασιν
1523 5521 1737 5591 ταύτην
1763 5536 1892 5589 συγ-

317 5615 548 5683 χέοντες.
606 5615 704 5666 Διὰ
734 5614 894 5667 τοῦτο
933 5614 1137 5676 τέλειος
1182 5615 1313 5677 Θεὸς
1358 5614 1386 5667 ό
1422 5615 1635 5684 Πατὴρ,
1683 5614 1889 5675 τέλειος

318 5707 442 5768 Θεὸς
466 5709 494 5757 ὁ
521 5708 663 5772 Υἱὸς,
694 5708 895 5770 τέλειος
922 5708 1051 5771 Θεὸς
1077 5709 1137 5760 τὸ
1164 5706 1385 5775 Πνεῦμα
1410 5710 1469 5759 τὸ
1494 5709 1670 5775 ἅγιον,
1697 5708 1886 5777 ἐπειδὴ

321 5796 409 5866 τὴν
451 5797 625 5865 αὐτὴν
661 5799 752 5850 καὶ
804 5797 931 5867 μίαν
979 5800 1210 5853 ’ἑκαστῃ
1247 5800 1505 5869 ἀνελλιπῆ
1542 5801 1632 5853 καὶ
1674 5798 1885 5853 τελείαν

1996 5349 2157 5389 unam
2207 5331 2588 5397 subsmntiam,
2625 5348 2793 5387 unum
2839 5349 3087 5404 regnum,
3126 5350 3285 5387 unam
3341 5338 3571 5401 potesta-

1998 5437 2132 5491 tem,
2166 5440 2328 5479 unam
2375 5424 2781 5491 cﬂicacitatcm,
2814 5443 2983 5480 unum
3036 5427 3350 5489 consilium,
3405 5438 3571 5476 unum

2000 5518 2315 5587 imperium,
2349 5533 2512 5571 unum
2545 5518 2908 5579 dominatum.
2945 5524 2997 5574 in
3033 5536 3136 5572 una
3186 5516 3490 5572 substantia
3520 5528 3575 5571 et

2000 5621 2196 5663 natura
2244 5608 2608 5663 sanctissima:
2634 5608 2923 5665 Trinitatis
2956 5612 3299 5681 agnoscimus
3322 5654 3336 5676 ,
3374 5626 3482 5663 non
3516 5608 3572 5665 in

2000 5718 2163 5754 unam
2211 5716 2523 5769 personam,
2570 5701 2651 5757 vel
2700 5717 2862 5756 uuam
2915 5702 3248 5772 liypostasim
3300 5719 3417 5756 cant
3448 5717 3571 5757 cou-

1998 5796 2141 5852 Ῑιιηιιι
2170 5806 2307 5851 ntes.
2341 5796 2463 5849 Ideo
2502 5793 2778 5863 perfectus
2808 5791 2950 5848 Deus
2976 5803 3056 5848 est
3090 5792 3272 5859 l’atcr,
3301 5798 3571 5865 perlectus

3509 348 3581 411 30

3678 6140 3919 6187 Δ
3972 6134 3987 6187 J
