4018 6212
369 326 434 391 31
1545 340 1806 399 CONST.
1844 341 1939 398 ΠΛ

2054 343 2418 406 IENOPULI
3560 355 3628 418 32

369 440 533 510 Deus,
582 442 786 499 Filius:
841 447 1121 516 perfectus
1155 451 1320 517 Deus,
1375 451 1614 520 Spiritus
1675 467 1938 510 sanctus:

2054 459 2164 529 ἔχει
2199 461 2453 532 θεότητα.
2485 461 2620 524 Θεὸς
2666 463 2797 532 γάρ,
2837 465 2929 517 καὶ
2965 464 3120 530 Θεὸς,
3161 467 3254 518 καὶ
3291 466 3456 530 95:5;-
3509 459 3628 522 ἀλλ’

367 549 488 587 cum
525 551 685 590 unam
741 547 797 592 et
847 541 1094 597 eamdem
1163 543 1415 611 quilibet,
1447 545 1584 599 citra
1642 545 1940 611 defectum,

369 625 775 697 perlectamque
822 631 1160 688 divinitatem
1197 634 1436 702 habent;
1492 638 1632 693 Deus
1670 638 1840 703 enim,
1890 648 1945 694 et

370 716 536 783 Deus,
571 729 626 773 et
679 719 854 782 Deus:
891 725 986 778 sed
1051 724 1166 780 haec
1223 727 1327 782 tria
1389 727 1530 783 Deus
1589 745 1751 796 unus,
1803 733 1946 787 sicut

370 812 548 864 sancti
583 810 774 868 Patres
803 815 1122 883 praedicant.
1149 817 1285 874 Nam
1315 819 1451 874 nihil
1478 820 1535 873 in
1561 823 1645 876 eis
1673 836 1940 886 creatum,

372 900 452 953 vel
491 916 734 967 servum,
782 903 861 958 vel
909 916 1252 975 extraneum,
1285 911 1444 979 quasi
1479 911 1682 966 factum
1733 926 1943 969 ortum-

370 1006 476 1058 que
507 994 798 1060 posterius.
835 995 968 1049 Cum
1002 997 1117 1052 hinc
1153 1012 1356 1056 sancta:
1386 1003 1458 1058 sit
1489 1012 1546 1058 et
1584 1004 1948 1060 consubstan-

286 1091 300 1102 '
373 1082 517 1136 tialis
570 1083 858 1140 Trinitatis
908 1089 1069 1155 ratio,
1104 1089 1266 1146 simul
1322 1094 1487 1148 etiam
1546 1095 1946 1152 incarnationis

371 1177 624 1244 mysteria
670 1177 773 1233 huc
812 1181 1048 1248 quodam
1099 1184 1260 1239 modo
1290 1187 1537 1242 confiteri
1569 1203 1794 1242 necesse
1823 1200 1941 1244 cst:

286 1277 289 1280 ‘
369 1267 569 1334 quippe
617 1267 884 1325 Dominus
936 1283 1119 1329 noster
1150 1273 1308 1332 Iesus
1355 1276 1634 1342 Christus,
1671 1279 1761 1347 qui
1807 1295 1944 1335 unus

367 1367 450 1411 est
485 1372 517 1411 e
543 1372 731 1415 sancta
765 1360 1061 1432 Trinitate,
1100 1367 1194 1421 Dei
1233 1367 1425 1434 Filius,
1464 1380 1688 1438 propter
1711 1371 1943 1427 salutem

369 1461 630 1516 nostram,
661 1463 857 1523 suopte
888 1457 1142 1522 consilio,
1172 1460 1375 1530 Deique
1431 1462 1614 1519 Patris
1646 1466 1942 1533 voluntate,

369 1540 424 1594 in
465 1551 664 1596 terram
715 1546 1077 1616 descendens,
1109 1565 1175 1606 ex
1224 1563 1414 1608 saticta
1465 1554 1720 1625 Deipara,
1753 1572 1944 1627 perpe-

370 1639 568 1705 tuaque
595 1636 816 1707 Virgine
838 1638 1029 1706 Maria,
1058 1655 1203 1708 vere.
1245 1660 1353 1700 non
1389 1648 1574 1716 specie
1601 1657 1758 1704 tenus
1788 1663 1948 1707 natus

2049 547 2130 616 εἷς
2156 553 2226 606 τά
2249 555 2379 624 τρία
2405 554 2558 621 Θεὸς,
2590 557 2667 619 ὡς
2711 552 2828 619 τοῖς
2863 557 3041 623 ἁγίοις
3081 559 3331 626 Πατράσι
3367 563 3626 630 κηρύττε-

2044 661 2154 696 ται.
2187 645 2352 698 Οὐδὲν
2368 646 2476 715 γάρ
2503 647 2724 701 κτιστὸν
2749 649 2807 701 ὲν
2834 649 3038 712 αὐτοῖς,
3062 651 3095 720 ἦ
3125 651 3335 716 δοῦλον,
3364 654 3396 722 ἢ
3428 654 3624 708 enato-

2046 751 2234 798 ακτον,
2283 736 2360 799 ὼς
2413 737 2540 790 ὔστε
2549 755 2646 809 ρον
2671 741 2923 806 γεγονός.
2946 741 3107 794 Οὕτω
3127 742 3191 812 δὴ
3213 743 3310 796 τοῦ
3337 745 3438 814 τῆς
3467 747 3627 820 ἁγίας

2049 829 2145 880 καὶ
2174 828 2469 897 ὀμοουσίου
2507 831 2738 900 Τριάδος
2774 832 2992 902 ἔχοντος
3021 834 3208 902 λόγου,
3245 839 3630 907 συνομολογεῖν

2047 922 2264 991 ἀνάγκη
2297 923 2390 975 καὶ
2416 923 2484 975 τὰ
2517 924 2615 992 τῆς
2636 924 3135 996 ἑνανθρωπήσεως,
3159 928 3301 982 οὕτω
3328 935 3500 999 μυστῆ
3514 951 3622 1000 ρια.

2058 1014 2120 1067 '0
2153 1016 2262 1085 γὰρ
2295 1014 2493 1085 Κύριος
2524 1017 2680 1085 ἡμῶν
2726 1018 2933 1088 Ἰησοῦς
2960 1019 3223 1090 Χριστὸς,
3271 1023 3432 1086 αὐτὸς
3478 1023 3554 1076 ὢν
3598 1026 3626 1077 ὁ

2047 1102 2144 1173 τῆς
2193 1103 2354 1171 ἁγίας
2398 1105 2629 1174 Τριάδος
2666 1100 2768 1170 εἷς,
2813 1105 2840 1156 ὁ
2875 1107 3003 1168 Υἱὸς
3053 1109 3148 1160 τοῦ
3201 1108 3361 1171 Θεοῦ,
3395 1109 3484 1160 διὰ
3522 1110 3621 1176 τὴν

2044 1193 2326 1263 ἡμετέραν
2361 1187 2891 1266 σωτηρίανὲκουσια
2937 1196 3101 1268 βουλῇ
3145 1199 3240 1251 καὶ
3285 1198 3418 1251 Θεοῦ
3455 1199 3614 1267 θελὴο

2052 1303 2186 1357 ματι
2217 1286 2310 1339 τοῦ
2358 1289 2744 1358 γεννήσαντος,
2795 1288 2890 1341 ἐπὶ
2923 1288 3030 1357 γῆν
3063 1290 3362 1354 κατελθὼν,
3409 1293 3474 1343 ὲκ
3522 1290 3622 1358 τῆς

2048 1380 2214 1448 ἁγίας
2243 1379 2510 1434 Θεοτόκου
2540 1382 2636 1436 καὶ⁹
2671 1373 3038 1452 ἀειπαρθένου
3073 1383 3294 1452 Μαρίας
3324 1385 3464 1437 κατὰ
3492 1385 3621 1452 ἀλή-

2050 1471 2223 1534 θειαν,
2263 1473 2325 1525 ού
2382 1472 2522 1525 κατὰ
2556 1473 2860 1540 φαντασίαν
2904 1474 3268 1544 γεγέννηται,
3327 1474 3507 1545 σάρκα
3563 1477 3622 1541 ἐξ

2048 1566 2224 1635 αὐτῆς
2269 1567 2456 1620 ἔννουν
2510 1568 2606 1621 καὶ
2652 1567 2898 1638 ἔμψυχον
2942 1569 3125 1640 ἑαυτῷ
3182 1569 3621 1638 συστησάμενος,

2051 1658 2148 1712 καὶ
2175 1659 2383 1722 τέλειος
2425 1659 2670 1728 γεγονὼς
2707 1661 3018 1730 ἄνθρωπος,
3074 1661 3278 1714 τέλειος
3325 1663 3403 1715 ὣν
3450 1664 3618 1728 Θεός·

370 1737 474 1790 est,
497 1731 799 1798 composita
831 1731 934 1786 sibi
964 1749 1030 1788 ex
1052 1749 1113 1789 ea
1143 1751 1332 1801 carne,
1362 1740 1559 1792 mentis
1594 1748 1758 1808 atque
1777 1743 1944 1796 animi

2054 1749 2128 1813 ὡς
2155 1747 2298 1802 εἶναι
2327 1751 2420 1802 τὸν
2448 1751 2614 1804 αὑτὸν
2643 1752 2764 1804 ὅλον
2804 1752 2894 1804 τὸν
2929 1752 3081 1808 Θεὸν.
3121 1754 3215 1806 καὶ
3245 1753 3366 1806 ὅλον
3403 1754 3620 1825 ἀνθρω-

368 1831 658 1887 compote,
710 1824 1088 1896 perfectusque
1139 1828 1282 1884 Deus
1330 1831 1622 1898 exsisteus,
1672 1833 1944 1900 perfectus

2054 1859 2154 1895 πον
2180 1858 2194 1873 ο
2232 1843 2296 1893 ὲκ
2329 1841 2424 1895 δύο
2461 1842 2704 1911 φύσεων,
2737 1844 2991 1914 θεότητος
3033 1862 3090 1897 τε
3123 1847 3220 1898 καὶ
3266 1820 3621 1916 ἀνθρωπύτη-

368 1913 535 1965 homo
587 1912 765 1970 lactus
809 1926 933 1984 est;
988 1919 1066 1973 ita
1118 1921 1366 1991 quidem,
1399 1932 1458 1976 ut
1491 1924 1630 1980 idem
1683 1935 1829 1980 totus
1877 1927 1948 1982 sit

369 2002 534 2070 Deus,
561 2018 615 2061 et
644 2016 786 2063 totus
818 2009 1016 2078 homo;
1052 2014 1119 2068 de
1145 2016 1355 2074 naturis
1386 2016 1621 2086 duabus,
1661 2018 1948 2074 divinitate

369 2111 438 2153 ac
463 2098 824 2166 humanitate,
855 2119 959 2158 una
991 2105 1044 2159 in
1078 2107 1356 2179 liypostasi
1389 2110 1715 2176 subsistens,
1743 2113 1948 2181 absque

370 2190 707 2259 confusione,
736 2197 1056 2263 imitatione.
1090 2199 1396 2267 divisione;
1425 2201 1656 2271 ideoque
1687 2202 1823 2256 duas
1852 2217 1948 2256 vo-

366 2281 614 2340 luntates
674 2289 976 2356 naturales,
1016 2299 1070 2345 et
1120 2292 1363 2348 actiones
1419 2293 1662 2364 duplices
1718 2294 1942 2349 habens.

370 2371 486 2429 Non
532 2385 711 2433 tamen
743 2379 882 2436 duos
910 2382 1072 2449 tilios,
1099 2394 1190 2438 aut
1221 2385 1356 2440 duos
1380 2385 1650 2452 Cbristos,
1682 2393 1777 2440 aut
1807 2386 1947 2442 duos

370 2465 630 2524 Domitios
663 2471 940 2531 dicimus:
977 2475 1073 2531 sed
1120 2491 1292 2532 unum
1325 2475 1545 2542 Filium,
1579 2485 1634 2532 et
1681 2487 1808 2534 ante
1857 2479 1946 2534 in-

367 2563 764 2630 carnationem,
801 2574 856 2620 et
887 2576 1008 2636 post
1033 2568 1463 2625 incarnationem
1491 2569 1770 2637 eumdem,
1823 2584 1947 2626 con-

369 2656 788 2712 substantialem
837 2660 948 2715 lteo
997 2671 1051 2714 et
1099 2661 1273 2728 Patri,
1310 2677 1374 2717 ac
1415 2663 1574 2718 nobis
1607 2663 1943 2720 hominibus.

367 2749 734 2815 Quamobrem
769 2761 820 2806 et
848 2765 1094 2808 sanetam
1119 2754 1266 2807 illam
1294 2753 1596 2826 Virginem,
1629 2771 1746 2826 quae
1770 2757 1944 2824 ipsum

365 2839 626 2897 ineﬂabili
674 2843 837 2897 modo
868 2845 1097 2914 peperit,
1144 2845 1432 2916 Deiparam
1481 2847 1835 2917 appellamus,
1865 2849 1944 2902 uti

368 2945 490 3000 qua:
560 2931 728 2988 Deum
787 2936 1084 3004 pepererit,
1133 2953 1297 2991 unum
1326 2951 1359 2993 e
1392 2948 1580 2994 sancta
1633 2937 1943 2992 Trinitate:

369 3025 464 3093 qui
511 3035 568 3081 et.
615 3043 832 3083 crucem
885 3030 1165 3094 sustinuit,
1204 3038 1460 3100 tanquam
1494 3032 1657 3084 homo
1686 3047 1701 3097 ;
1735 3039 1788 3086 et
1821 3042 1945 3084 tan-

367 3131 532 3183 quam
566 3115 728 3183 Deus,
770 3119 934 3175 tertio
957 3121 1044 3176 die
1068 3122 1366 3177 resurrexit
1391 3122 1466 3179 ,in
1492 3136 1720 3190 corpore
1751 3135 1944 3176 corru-

369 3208 568 3276 ptionis
599 3219 858 3279 experte;
892 3227 1126 3282 cumque
1153 3227 1214 3269 se
1238 3213 1523 3280 discipulis
1569 3213 1769 3280 sapius
1811 3227 1945 3266 con-

367 3301 700 3368 spiciendum
759 3304 1120 3372 exhibuisset,
1164 3306 1218 3360 in
1273 3306 1472 3362 coelum
1527 3320 1652 3360 cum
1713 3320 1945 3376 corpore

363 3407 585 3450 sursum
616 3395 769 3460 abiit,
797 3397 988 3453 eodem
1009 3397 1170 3454 modo
1197 3399 1473 3454 rediturus
1501 3397 1566 3452 ad
1584 3397 1944 3466 jndicandum

367 3488 521 3544 viros
566 3499 732 3558 atque
761 3501 1026 3558 mortuos,
1059 3509 1184 3548 cum
1221 3507 1442 3563 regnum
1478 3492 1603 3549 linis
1637 3507 1856 3561 expers,
1890 3501 1945 3545 et

368 3579 654 3650 imperium
711 3599 986 3654 nunquam
1027 3584 1430 3659 terminandum
1476 3585 1694 3640 habeat.
1734 3584 1943 3654 Exspe-

362 3674 566 3728 ctanda
617 3690 834 3745 quoque
890 3678 1229 3746 singulorum
1283 3678 1566 3733 hominum
1606 3679 1942 3733 resurrectio

366 3779 492 3820 cum
517 3782 744 3838 corpore
768 3771 838 3825 ah
867 3772 1086 3828 interitu
1117 3774 1413 3841 vindicato,
1444 3774 1726 3843 futurique
1747 3773 1930 3830 szecmli
1967 3771 2123 3840 vita;
2173 3788 2296 3844 quae
2343 3784 2398 3829 et
2437 3775 2710 3844 justorum
2757 3781 3015 3827 aeternam
3062 3771 3329 3839 lanitium,
3397 3778 3454 3824 et
3516 3767 3626 3824 line
3691 3840 3694 3844 .

361 3872 566 3917 carens
594 3874 938 3932 peccatorum
973 3866 1300 3936 supplicium
1331 3867 1576 3924 habebit.

1951 4049 2024 4071 ρ-

2049 1949 2160 1996 τος,
2203 1934 2261 1985 ὲν
2295 1933 2593 1987 ὑποστάσει
2625 1935 2727 2004 μιᾷ
2779 1936 2880 2001 τὴν
2912 1935 3172 1989 σύστασιν
3200 1934 3412 2005 ἔχοντα.
3445 1939 3621 2004 ἀσυγο

2051 2024 2254 2094 χύτως,
2293 2025 2600 2094 ἀτρέπτως,
2652 2027 3004 2095 ἁδιαιρέτως,
3045 2027 3141 2080 καὶ
3186 2027 3272 2080 διὰ
3319 2027 3479 2081 τοῦτο
3527 2029 3623 2082 δύο

2051 2116 2288 2185 φυσικὰς
2315 2115 2592 2185 Θελήσεις,
2646 2117 2740 2169 καὶ
2773 2117 2868 2170 δύο
2913 2117 3200 2186 ἐνεργείας
3258 2119 3617 2187 κεκτημένον.

2051 2207 2357 2279 Τοιγαροῦν
2380 2196 2453 2262 ού
2478 2208 2574 2262 δύο
2605 2209 2774 2273 υἱοὺς,
2807 2209 2841 2279 ἢ
2875 2209 2968 2262 δύο
2996 2211 3288 2280 Χριστοὺς,
3321 2211 3353 2281 ἢ
3389 2210 3483 2264 δύο
3513 2214 3620 2265 Κυ-

2053 2301 2204 2372 ρίους
2232 2301 2447 2370 φαμένο
2481 2300 2595 2354 ἀλλ’
2624 2301 2722 2354 ἕνα
2765 2301 2913 2364 Υίὸν,
2947 2302 3040 2354 τὸν
3070 2302 3235 2355 αὐτὸν
3263 2303 3356 2355 καὶ
3387 2303 3493 2372 πρὸ
3523 2303 3618 2372 τῆς

2049 2390 2517 2460 ὲνανθρωπήσεως
2543 2389 2639 2442 καὶ
2662 2392 2801 2458 μετὰ
2829 2389 2927 2460 τὴν
2949 2391 3365 2462 ὲνανθρὼπησιν
3387 2408 3402 2423 °
3428 2392 3623 2460 ὁμοούο

2051 2498 2168 2535 σιον
2191 2481 2272 2553 τῷ
2301 2498 2362 2534 τε
2391 2481 2512 2552 Θεῷ
2551 2469 2647 2536 καὶ
2690 2485 2823 2554 ἡμῖν
2869 2485 2980 2546 τοῖς
3027 2483 3361 2552 ἀνθρώποις.
3401 2487 3493 2536 Διὸ
3529 2485 3622 2536 καὶ

2049 2572 2153 2642 τὴν
2179 2571 2344 2640 ἀγίαν
2373 2573 2673 2642 Παρθένον,
2719 2574 2822 2645 τὴν
2867 2575 3122 2646 ἀρῤήτως
3162 2576 3325 2629 αὑτὸν
3365 2577 3619 2642 τέξασαν,

2048 2665 2314 2719 Θεοτόκον
2362 2664 2874 2736 προσαγορεύομεν,
2908 2666 2983 2731 ὼς
3015 2667 3108 2720 τὸν
3134 2667 3230 2721 ἕνα
3269 2669 3365 2737 τῆς
3393 2668 3620 2738 Τριάδος

2048 2758 2335 2811 τετοκυῖαν
2363 2757 2533 2811 Θεόνν
2567 2758 2626 2820 ὃς
2666 2759 2762 2813 καὶ
2794 2759 3031 2828 σταυρὸν
3067 2760 3144 2823 ὡς
3175 2759 3458 2828 ἄνθρωπος
3489 2759 3620 2812 ὑπο.

2053 2851 2264 2920 μείνας,
2293 2851 2370 2914 ὡς
2401 2851 2536 2915 Θεὸς
2581 2851 2786 2922 ἀνέστη
2814 2853 3116 2922 τριήμερος
3151 2854 3211 2905 έν
3252 2852 3516 2922 ἀφθάρτῳ
3539 2851 3621 2920 τῷ

2051 2943 2289 3014 σώματι,
2343 2944 2436 2998 καὶ
2477 2946 2593 3006 τοῖς
2626 2944 2900 3016 μαθηταῖς
2937 2945 3201 3009 πολλάκις
3233 2945 3618 3014 ἐμφανισθεὶς.

2048 3035 2129 3097 είς
2173 3033 2266 3087 τὸν
2314 3034 2547 3104 οὐρανὸν
2599 3035 2736 3105 μετὰ
2769 3033 3024 3106 σώματος
3056 3035 3375 3106 ἀνελήλυθε,
3410 3035 3622 3105 μέλλων

2049 3125 2213 3180 πάλιν
2235 3124 2410 3190 οὕτως
2434 3125 2775 3191 ἐλεύσεσθαι,
2823 3129 3008 3197 κρίσιν
3035 3125 3259 3191 ζώντων
3294 3127 3390 3180 καὶ
3412 3127 3621 3195 νεκρῶν

2051 3218 2441 3288 ποιησόμενος,
2476 3217 2836 3286 ἀτελεύτητον
2881 3219 2980 3287 τὴν
3018 3218 3298 3287 βασιλείαν
3330 3216 3489 3284 ἔχων,
3527 3216 3620 3268 καὶ

2049 3313 2114 3365 τὸ
2147 3309 2350 3380 κράτος
2375 3309 2710 3380 ἀπέραντον.
2736 3309 3148 3378 Προσδοκητέον
3167 3307 3235 3360 *δὲ
3263 3309 3359 3360 καὶ
3389 3308 3618 3360 ἑκάστου

2049 3403 2160 3457 τῶν
2188 3401 2496 3472 ἀνθρώπων
2516 3401 2820 3457 ἀνάστασιν
2849 3399 2988 3469 μετά
3015 3399 3111 3452 τοῦ
3135 3400 3340 3452 οἰκείου
3367 3384 3619 3468 σώματος

2051 3494 2538 3564 ἀφθαρτισθέντος,
2585 3493 2681 3548 καὶ
2734 3491 2883 3562 ζωὴν
2927 3491 3024 3545 τοῦ
3079 3491 3366 3561 μέλλοντος
3400 3490 3617 3554 αἰῶνος,

2047 3587 2152 3656 τήν
2183 3603 2244 3639 τε
2271 3585 2384 3640 τῶν
2410 3585 2640 3640 δικαίων
2664 3584 2986 3653 ἀγαλλίασιν
3009 3583 3230 3639 αίώνιον
3258 3582 3508 3654 Ιχουσαν,
3527 3581 3622 3636 καὶ

2048 3676 2149 3747 τὴν
2180 3677 2292 3730 τῶν
2335 3675 2678 3746 ἁμαρτωλῶν
2709 3675 2930 3728 κόλασιν
2956 3674 3343 3745 ἀτελεύτητον.

1787 4200 2116 4263 APPENDI
2133 4201 2200 4261 Χ.

366 4362 548 4417 Sancti
600 4358 877 4429 Augustini
925 4359 996 4412 De
1045 4359 1330 4415 Trinitalc.
1385 4360 1466 4415 Ea:
1511 4361 1668 4423 libro,
1711 4360 1801 4426 qui
1865 4358 1940 4410 De

438 4431 733 4499 cognitione
780 4445 915 4482 uera:
949 4433 1063 4482 ritu:
1121 4433 1430 4486 inscribitur
1468 4448 1487 4490 :
1519 4435 1572 4484 in
1630 4448 1755 4500 quo.
1813 4440 1938 4482 tan.

2052 4356 2164 4409 Τοῦ
2192 4357 2368 4423 ἁγίου
2414 4355 2836 4421 Αὐγουστίνου
2869 4355 3001 4420 περὶ
3056 4352 3315 4423 Τριὰδος.
3365 4354 3463 4408 Ἑιι
3517 4355 3622 4408 τοῦ

2109 4422 2354 4489 ,ϐιϐλίου
2385 4423 2492 4476 τοῦ
2526 4425 2660 4486 περὶ
2709 4422 2817 4490 τῆς
2865 4424 3146 4493 γνώσεως
3198 4422 3309 4493 τῆς
3359 4424 3623 4490 ἀληθοῦς

434 4471 594 4571 qurum
625 4503 679 4553 in
707 4501 938 4570 dialogo,
970 4502 1164 4572 fratres
1198 4471 1810 4573 interrogaitt.mi'gistet'
1853 4513 1940 4552 re-

2318 4471 2808 4573 ἐπί

436 4572 677 4640 spondet.

439 4753 782 4812 Fl{.\TBES.
825 4753 1289 4818 Quemadmodum
1327 4753 1540 4824 pondus
1583 4752 1772 4808 carnis
1828 4751 1948 4804 ani-

366 4866 515 4906 mam
543 4856 822 4918 aggravat,
863 4845 944 4901 sic
973 4854 1028 4899 et
1055 4845 1292 4900 carnalis
1315 4845 1574 4915 cogitatio
1615 4854 1850 4899 mentem
1869 4845 1952 4900 di-

367 4949 493 5000 uina
520 4941 970 5008 contemplantem
990 4940 1187 5008 pulsat.
1206 4939 1336 4993 Cum
1360 4940 1504 4993 enim
1526 4939 1779 5007 superius
1811 4937 1950 4992 ratio

365 5051 535 5092 unum
572 5034 738 5089 Deum
779 5030 1061 5086 verissime
1085 5045 1206 5085 esse
1243 5030 1717 5092 demonstraverit,
1758 5039 1814 5084 et
1863 5030 1946 5097 ip-

367 5140 490 5180 sum
535 5121 711 5178 solum
754 5130 952 5176 cuncta
1001 5136 1069 5176 ex
1124 5119 1295 5174 nihilo
1341 5119 1536 5174 fecisse
1588 5119 1946 5188 probaverit:

361 5214 642 5288 quomodo
680 5213 833 5284 quasi
894 5221 1004 5269 tres
1045 5210 1176 5266 deos
1227 5212 1458 5265 adorare
1496 5212 1777 5272 docemur.
1821 5212 1945 5264 dum

365 5309 583 5366 Patrem
617 5305 913 5377 perfectum
948 5303 1137 5367 Deum,
1169 5300 1361 5356 Filium
1408 5299 1707 5369 perfectum
1753 5299 1946 5364 Deum.

365 5399 630 5468 Spiritum
703 5394 1000 5467 perlectum
1071 5391 1242 5446 Deum
1305 5391 1552 5445 conﬁteri
1632 5391 1948 5444 monemur?

373 5490 515 5546 Dum
579 5488 724 5544 enim
805 5485 1174 5560 subdistinctae
1243 5490 1355 5536 tres
1444 5497 1691 5552 persona:
1753 5483 1949 5537 distin-

366 5591 625 5651 guuntur,
681 5577 807 5649 quid
846 5574 988 5630 aliud
1018 5587 1179 5643 quam
1231 5583 1343 5628 tres
1407 5574 1480 5627 dii
1533 5589 1562 5628 a
1604 5575 1755 5630 nobis
1791 5576 1945 5631 intel-

364 5673 813 5824 hggllxg‘lg'mli.
845 5763 963 5826 Ipsa
993 5759 1092 5817 ial.
1115 5760 1166 5815 in
1201 5758 1575 5830 ipsa]vcritate
1616 5773 1673 5814 se
1729 5759 1950 5814 demon-

2118 4563 2423 4689 ἓρὲςὼσᾶλ
2441 4563 2557 4631 μὲν
2601 4567 2657 4618 oi
2714 4563 2992 4634 ἀδελφοὶ,
3026 4563 3414 4631 ἀποκρίνεται
3467 4563 3537 4616 δὲ
3593 4567 3626 4618 ό

2163 4657 2177 4685 ι
2221 4652 2340 4688 am:
2427 4650 2514 4689 oc.

2163 4650 2514 4697 (σασκαιιος.

2125 4748 2436 4802 ΛΔΕΛΦΟΙ.
2479 4746 2692 4816 Ὠσπερ
2737 4744 2800 4798 τὸ
2834 4746 2934 4815 τῆς
2977 4745 3182 4816 σαρκὸς
3228 4745 3396 4817 βάρος
3443 4747 3623 4812 πιέζει

2050 4841 2150 4912 τὴν
2185 4840 2382 4911 ψυχὴν,
2413 4837 2559 4895 οὕτω
2597 4841 2691 4892 καὶ
2721 4839 2750 4894 ὁ
2785 4839 3051 4908 σαρκικὸς
3077 4838 3338 4908 λογισμὸς
3361 4839 3461 4911 τὴν
3489 4843 3627 4893 eam.

2053 4935 2145 5006 ρὸν
2178 4935 2286 4988 τῶν
2335 4933 2498 4987 θείων
2548 4933 2789 4989 διάνοιαν
2835 4932 3064 5001 ἐνοχλεῖ.
3112 4931 3397 5004 Ἀνωτέρω
3447 4934 3548 5004 μὲν
3593 4937 3623 4986 ὁ

2052 5029 2144 5090 σὸς
2174 5027 2334 5095 λόγος
2359 5025 2457 5082 ἕνα
2482 5025 2618 5080 Θεὸν
2643 5025 2932 5091 ἀπέδειξεν
2954 5025 3318 5096 ἀληθέστατα,
3343 5028 3438 5080 καὶ
3461 5028 3622 5080 αὐτὸν

2055 5120 2218 5191 μόνον
2246 5119 2596 5188 παρέστησεν
2637 5118 2702 5171 ἑκ
2731 5116 2825 5170 τοῦ
2856 5118 2930 5188 μὴ
2965 5118 3118 5182 ὄντος
3159 5118 3339 5177 πάντα
3371 5136 3625 5190 παρσιγασ⁵

2052 5213 2195 5278 γεῖν.
2233 5209 2398 5262 Ἀλλά
2429 5208 2526 5264 νῦν
2555 5207 2718 5268 πάλιν
2743 5212 2895 5280 τρεῖς
2926 5209 3085 5272 θεοὺς
3114 5213 3447 5281 προσκυνεῖν
3478 5213 3621 5280 ἡμᾶς

2051 5300 2198 5354 εἴποι
2225 5318 2309 5364 τις
2335 5301 2425 5365 ἂν,
2473 5301 2824 5364 διδάσκοντος
2853 5300 2974 5365 σοῦ,
3002 5302 3210 5360 τέλειον
3240 5303 3375 5356 Θεὸν
3400 5303 3493 5356 τὸν
3519 5307 3626 5356 ila-

2052 5395 2210 5466 τέρα,
2238 5396 2446 5450 τέλειον
2467 5398 2600 5450 Θεὸν
2619 5396 2712 5450 τὸν
2730 5397 2882 5460 Υίὸν,
2906 5397 3114 5451 τέλειον
3146 5399 3280 5452 Θεὸν
3303 5399 3364 5450 τὸ
3396 5397 3625 5467 Πκεῦμα

2052 5489 2114 5542 τὸ
2151 5488 2309 5556 ἅγιον
2336 5487 2447 5540 δεῖν
2489 5489 2796 5558 ὁμολογεῖν.
2830 5489 3000 5542 Ὅταν
3044 5488 3150 5559 γὰρ
3189 5487 3314 5556 τρία
3357 5488 3624 5555 πρόσωπά

2053 5596 2134 5639 τις
2190 5579 2431 5649 ὁμολογῇ
2465 5579 2912 5649 διακεκριμένα,
2965 5579 3118 5631 οὐδὲν
3167 5579 3354 5645 ἕτερον
3389 5577 3423 5644 ἦ
3477 5581 3623 5646 τρεῖς

2055 5671 2210 5733 θεοὺς
2239 5670 2720 5738 ἀναγκασθήσεται
2763 5671 2979 5735 πάντως
3023 5668 3330 5738 ὁμολογεῖν.

2123 5764 2577 5829 ΔΙΔΛΣΚΑΛΟΣ.
2629 5764 2810 5837 Αὐτῆς
2842 5765 2938 5833 τῆς
2985 5761 3244 5831 ἀληθείας
3283 5761 3485 5828 ἑαυτὴν
3526 5762 3630 5822 δει-
