4018 6212
341 318 413 380 3'3
1408 378 1411 381 .
1570 325 1666 385 DE
1702 324 1881 385 FIDE
1921 326 2412 395 ORTIIODOXA.
3545 344 3613 407 34

342 414 575 498 κνύσης,
612 432 711 483 καὶ
745 430 838 482 τοῦ
886 428 1045 498 λόγου
1078 429 1672 501 συνεπιψηφιζομὲνου,
1721 434 1889 502 ὅψεσο

2030 449 2258 504 snante,
2290 451 2340 492 et
2374 443 2581 498 ratione
2608 448 2891 513 probante,
2923 449 3081 505 citius
3129 455 3375 511 tidebitis
3408 473 3609 515 .necesv

340 519 401 584 ἐξ
448 522 699 590 ἀνάγκης
750 522 807 572 ἐν
843 522 942 590 μιᾷ
995 520 1151 591 οὐσίᾳ
1194 522 1390 589 τριάδα
1437 525 1767 594 προσώπων,
1820 528 1915 579 καὶ

339 614 507 665 πάλιν
534 615 840 681 ἀναγκαίαν
861 614 949 666 διὰ
976 614 1197 667 πάντων
1224 617 1283 668 ὲν
1298 617 1412 679 τοῖς
1430 618 1578 687 τρισὶ
1600 618 1913 687 προσώποις

341 708 471 774 μίαν
491 706 801 778 ἀδιαιρέτου
824 706 1010 770 οὐσίας
1030 707 1280 777 ἑνότητα.
1304 708 1436 762 Ὅτε
1460 711 1639 764 τοίνυν
1660 712 1916 783 ἀνωτέρω

343 797 665 866 διελεγόμην
699 799 828 867 περὶ
861 797 998 850 Θεοῦ
1044 799 1113 851 δι’
1156 798 1499 869 αἰνίγματος,
1535 803 1660 855 ἐπεὶ
1710 805 1915 875 κυρίως

350 891 439 958 οὐχ
470 884 581 950 οἷός
610 906 668 941 τε
703 884 792 957 ἦν,
841 888 894 942 τί
926 907 1055 943 ποτε
1089 890 1190 964 τὴν
1224 891 1413 946 οὐσίαν
1458 892 1597 965 ἔφην
1625 894 1719 949 τοῦ
1752 896 1911 963 Θεοῦ,

347 982 390 1032 εἰ
421 982 706 1051 μέμνησθε
730 998 748 1047 ;

407 1074 609 1127 AAEA.
640 1071 783 1139 Φῶς.

407 1165 536 1217 AIA.
576 1165 676 1219 Ἐκ
703 1164 796 1219 τοῦ
821 1169 1001 1236 φωτὸς
1034 1169 1086 1224 τί
1117 1172 1407 1239 γεννᾶται;

409 1258 615 1312 ΑΔΕΛ.
656 1257 1030 1330 Ἀπαῦγασμα
1159 1264 1363 1338 ἀκτίς].

406 1350 533 1402 AIA.
563 1348 631 1402 Τί
656 1351 713 1403 δὲ
738 1347 901 1405 πάλιν
935 1354 992 1406 ὲν
1024 1354 1101 1426 τῷ
1125 1358 1265 1425 φωτὶ
1292 1359 1385 1411 καὶ
1406 1358 1483 1430 τῷ
1509 1360 1909 1432 ἀπαυγάσματι

336 1441 537 1502 κοινῶς
572 1440 854 1511 θεωρεῖται
869 1461 885 1511 ;

409 1532 612 1585 AAEA.
646 1532 858 1604 Θέρμη.

407 1622 533 1678 AIA.
567 1622 657 1691 Μὴ
685 1625 865 1677 τοίνυν
891 1627 948 1679 ἐν
974 1630 1039 1698 τῇ
1064 1628 1158 1681 τοῦ
1185 1628 1382 1697 φωτὸς,
1409 1625 1505 1684 τοῦ
1537 1633 1905 1705 ἀπαυγάσμα-

332 1727 443 1774 τος,
486 1717 585 1783 τῆς
617 1717 827 1786 θέρμης
862 1717 1018 1789 οὐσίᾳ
1047 1720 1163 1773 ἐστί
1193 1739 1277 1785 τις
1310 1723 1586 1795 διαφορά;

399 1805 598 1863 ΑΔΕᾹ.
642 1811 930 1880 Οὐδαμῶς,
958 1813 1093 1867 ἀλλά
1135 1817 1336 1886 μᾶλλον
1370 1820 1658 1889 ταυτότης.

401 1900 527 1952 ΔΙΔ.
579 1896 720 1954 Ἀλλ*
751 1901 861 1972 ἄρα
905 1902 980 1973 μὴ
1021 1908 1053 1974 ἡ
1103 1907 1242 1978 αὐτὴ
1271 1908 1367 1962 καὶ
1400 1912 1510 1973 τοῖς
1548 1911 1778 1982 ὀνόμασι
1810 1915 1902 1967 καὶ

330 1994 448 2053 ταῖς
474 1993 782 2061 ἐνεργείαις
822 1995 1108 2067 θεωρεῖται
1136 2003 1437 2071 ταυτότηςς
1872 2004 1876 2008 ὁ

399 2079 599 2137 AAEA.
631 2085 933 2155 οὐδαμῶς’
982 2088 1117 2141 ἀλλά
1167 2092 1373 2159 μᾶλλον
1422 2091 1655 2166 διαφορά
1699 2097 1760 2148 τὸ
1800 2098 1900 2165 μὲν

328 2175 431 2241 γὰρ
468 2174 562 2227 τοῦ
595 2179 773 2245 φωτὸς
805 2176 998 2247 ὄνομα,
1037 2182 1205 2252 αὐτὴν
1236 2184 1335 2254 τὴν
1380 2186 1600 2254 οὐσίαν,
1631 2189 1690 2241 τὸ
1719 2189 1774 2241 δὲ
1803 2190 1899 2243 τοῦ

324 2267 793 2337 ἁπαυγάσματος,
846 2271 947 2343 τὴν
993 2274 1086 2327 τοῦ
1140 2277 1317 2344 φωτὸς
1358 2281 1553 2348 χάριν,
1604 2282 1663 2334 τὸ
1698 2282 1754 2335 δὲ
1801 2285 1899 2353 τῆς

325 2358 560 2427 θέρμης,
586 2361 687 2431 τὴν
712 2363 804 2417 τοῦ
834 2365 1012 2435 φωτὸς
1050 2368 1262 2421 καὶτοῦ
1293 2369 1734 2442 ἀπαυγάσματος
1764 2374 1898 2443 δρᾶ-

331 2465 407 2498 σιν
439 2446 730 2519 ἐκφαίνειν
757 2452 926 2509 δοκεῖ.

391 2540 520 2594 AIA.
555 2541 731 2611 Δῆλον
760 2544 960 2609 τοίνυν,
994 2548 1053 2600 ιν
1087 2551 1317 2615 τούτοις,
1348 2552 1586 2624 διάφορα
1620 2554 1720 2625 μὲν
1754 2551 1895 2611 εἷναι

320 2634 384 2685 τὰ
414 2630 682 2701 ὀνόματα,
716 2635 845 2705 μίαν
872 2632 929 2692 δὲ
954 2641 1048 2693 καὶ
1082 2636 1386 2714 ἀδιαίρετον
1422 2647 1521 2717 τὴν
1547 2647 1759 2703 οὐσίαν.

389 2725 591 2778 AAEA.
631 2724 1043 2797 ’Δριόηλότατα.

387 2814 518 2868 AIA.
553 2814 630 2868 Τὸ
663 2816 835 2887 ἀκρον
873 2820 1055 2876 τοίνυν
1085 2819 1332 2893 Πνεῦμα,
1370 2824 1464 2879 τὸν
1504 2822 1742 2900 Πατέρα,
1776 2828 1890 2897 φῶς

320 2905 820 2973 προσαγορεύοντος
858 2909 1130 2978 ἠκούσατε
1168 2913 1418 2969 Ἰωάννου
1444 2916 1539 2970 τοῦ
1566 2920 1889 2985 ἀποστόλου,

329 3009 347 3042 ι
394 2994 457 3045 Ὀ
484 2994 611 3058 Θεὸς
643 2997 757 3065 φῶς
802 3001 941 3066 ἐστι,
973 3002 1065 3055 καὶ
1092 3005 1285 3060 σκοτία
1331 3009 1389 3060 ἐν
1417 3009 1567 3080 αὐτῷ
1598 3013 1701 3065 οὐκ
1740 3012 1890 3066 ἔστιν

2027 532 2228 583 sariam
2276 536 2326 586 in
2382 551 2486 588 una
2553 542 2786 593 Cs‘avttlia
2848 557 3200 609 personarum
3274 550 3606 619 trinitatem;

2022 630 2148 691 item
2221 638 2317 690 per
2379 626 2558 678 omnia
2617 634 2979 686 necessariam
3042 636 3093 688 itt
3147 640 3317 691 tribus
3369 646 3610 708 personis

2022 712 2310 769 individua:
2338 718 2660 774 substantia:
2706 723 2991 781 unitatem.
3031 728 3165 783 Cum
3218 732 3326 800 jam
3358 737 3609 801 superius

2017 806 2355 872 aenigmatice
2388 811 2453 863 de
2510 809 2620 864 Deo
2648 811 2744 884 [ιιι.
2790 816 2857 869 de
2884 816 2972 891 eo]
3011 819 3274 889 loquerer,
3323 826 3447 891 quia
3499 843 3603 877 non

2016 905 2257 962 poterant
2330 902 2559 970 proprie,
2647 907 2777 974 quid
2836 906 2947 964 dixi
3017 914 3307 968 essentiam
3362 914 3455 970 Dei
3514 934 3603 970 cs-

2013 988 2130 1044 se?

2086 1078 2195 1139 FB.
2240 1084 2461 1143 Lucem.

2088 1175 2253 1230 MAG.
2291 1178 2362 1231 De
2392 1180 2510 1235 luce
2552 1182 2683 1251 quid
2715 1182 2955 1254 gignitur
2984 1183 3009 1239 ?

2083 1264 2191 1319 Fll.
2226 1268 2516 1338 Splendor.
2600 1286 2605 1291 '

2081 1356 2246 1414 MAG.
2279 1360 2415 1427 Quid
2448 1364 2501 1418 in
2553 1365 2668 1421 luce
2708 1377 2762 1422 et
2815 1369 3099 1439 splendore
3150 1373 3312 1428 simul
3349 1376 3597 1431 conside-

2012 1460 2163 1503 ratur
2188 1453 2214 1507 ‘.’

2082 1537 2193 1597 FB.
2226 1544 2407 1602 Calor.

2082 1634 2247 1692 MAG.
2283 1637 2420 1693 Nam
2494 1642 2549 1695 in
2588 1643 2890 1699 substantia
2915 1645 3048 1702 lucis
3076 1644 3399 1717 splendoris,
3430 1661 3483 1705 et
3505 1667 3595 1705 ca-

1943 1769 1984 1824 B
2013 1725 2142 1780 loris
2176 1728 2449 1783 invenitur
2478 1732 2769 1788 diversitas
2798 1735 2822 1789 1

2084 1816 2192 1871 FR.
2226 1817 2368 1882 Non,
2405 1823 2498 1876 sed
2532 1824 2807 1880 identitas.

2081 1908 2246 1967 MAG.
2282 1911 2417 1968 Num
2474 1916 2525 1970 iu
2564 1920 2836 1976 vocabulis
2898 1920 2978 1975 vel
3036 1922 3227 1979 olliciis
3271 1925 3593 1994 praedicatur

2010 1999 2259 2060 identitas
2287 2007 2311 2059 Ἰ

2089 2094 2200 2150 FB.
2236 2098 2476 2166 Minime,
2515 2102 2607 2156 sed
2644 2104 2931 2161 diversitas
2965 2124 2979 2162 :
3016 2124 3138 2163 nam
3168 2109 3306 2165 lucis
3350 2112 3588 2166 vOCabn-

2007 2189 2116 2241 lum
2151 2190 2321 2258 ipsam
2358 2193 2738 2257 substantiam,
2779 2197 3081 2264 splendoris
3146 2200 3466 2263 vocabulum
3503 2201 3586 2254 lu-
3632 2232 3633 2235 η

2004 2281 2085 2336 cis
2129 2282 2382 2349 gratiam,
2437 2284 2633 2340 caloris
2678 2302 2809 2341 vero
2857 2290 3177 2344 vocabulum
3229 2290 3444 2345 videtur
3486 2305 3583 2345 ex.

2004 2373 2238 2441 printere
2268 2373 2403 2429 lucis
2435 2375 2722 2431 eﬂicaciatn
2754 2378 2856 2448 (Ι).

2074 2550 2238 2607 MAG.
2274 2550 2444 2622 Igitur
2499 2560 2644 2621 patet
2697 2554 2798 2609 tria
2844 2553 3102 2611 vocabula
3145 2555 3382 2622 diversa,
3415 2572 3579 2612 tutam

2000 2653 2251 2696 constare
2287 2644 2618 2698 individuam
2643 2645 2957 2701 essentiam.

2070 2727 2183 2788 FB.
2212 2733 2316 2789 Per
2346 2735 2527 2788 omnia
2560 2744 2732 2805 patet.

2069 2824 2234 2880 MAG.
2256 2824 2536 2882 Summum
2551 2828 3084 2898 Spiritum,Patrem,
3105 2831 3276 2887 lucem
3298 2829 3578 2904 appellari,

2000 2914 2211 2971 habetis
2247 2916 2302 2971 in
2358 2913 2566 2972 Joanne
2614 2918 2904 2987 apostolo:
2938 2917 3110 2975 (Deus
3144 2920 3235 2974 lux
3295 2931 3401 2988 est,
3448 2924 3577 2977 etin

1997 3018 2062 3059 eo
2096 3006 2329 3062 tenebrre
2362 3023 2465 3062 non
2498 3017 2626 3062 sunt
2648 3008 2767 3063 ulla:
2790 3010 2831 3064 ¹.
2857 3029 2876 3060 ι
2902 3011 3184 3065 Summum
3207 3026 3421 3082 quoque
3455 3014 3578 3081 Spi-

321 3085 568 3153 οὐδεμία.
616 3107 633 3139 ι
679 3090 849 3145 Πάλιν
891 3095 951 3148 τὸ
981 3094 1150 3167 ἄκρον
1199 3098 1445 3170 Πνεῦμα,
1480 3102 1571 3156 τδν
1609 3102 1759 3168 Υίδν,
1796 3104 1889 3158 τοῦ

2009 3098 2183 3165 ritum,
2223 3096 2441 3164 Filium,
2488 3101 2828 3169 splendorem
2878 3103 3200 3171 nuncupari,
3257 3106 3468 3161 habetis
3518 3108 3573 3160 in

316 3176 621 3232 ἀποστόλου
654 3181 867 3237 Παύλου
899 3187 1170 3256 ἠκούσατε
1209 3192 1554 3263 ἀπαύγασμα
1600 3194 1905 3263 λέγοντος·’

323 3286 340 3318 ι
386 3268 481 3333 Ὃς
510 3271 607 3335 ὢν,
645 3278 831 3345 φησιν,
864 3278 1205 3349 ἀπαύγασμα
1234 3284 1336 3354 τῆς
1366 3285 1546 3354 δόξης,
1594 3288 1687 3339 καὶ
1715 3305 1887 3358 χαρα-

318 3360 457 3431 κτὴρ
487 3367 585 3433 τῆς
615 3366 805 3432 οὐσίας
843 3368 1035 3427 αὐτοῦ.
1075 3391 1095 3424 ι
1153 3373 1387 3444 Ὁμοίως
1417 3376 1471 3428 δὲ
1500 3379 1593 3429 καὶ
1626 3377 1685 3429 τὸ
1716 3378 1886 3449 ἄκρον

316 3451 563 3523 Πνεῦμα,
600 3457 663 3510 τὸ
690 3460 917 3531 Πνεῦμα
964 3464 1027 3516 τὸ
1066 3464 1244 3533 ἅγιον,
1277 3466 1491 3536 θέρμην
1519 3470 1885 3537 ὀνομάζεσθαι

315 3547 463 3615 παρὰ
486 3549 564 3617 τῷ
586 3551 813 3606 Μωῦσεῖ
834 3569 848 3584 ο
880 3573 899 3607 ι
921 3553 981 3608 '0
1003 3552 1135 3618 Θεὸς
1161 3555 1318 3628 ἡμῶν
1345 3558 1457 3631 πῦρ
1486 3561 1884 3615 καταναλίσκον

315 3638 480 3694 ἐστίν.
512 3658 531 3692 ι
570 3642 780 3714 Ὠσπερ
825 3646 1005 3700 τοίνυν
1045 3648 1104 3701 τὸ
1154 3649 1290 3717 φῶς,
1342 3652 1401 3705 τό
1447 3652 1813 3721 ἀπαύγασμα,
1851 3654 1884 3722 ὴ

313 3728 513 3802 θέρμη,
554 3734 653 3801 μία
681 3735 781 3806 μὲν
817 3738 1000 3807 φύσις,
1032 3742 1127 3796 καὶ
1148 3740 1453 3812 ἀδιαίρετος
1483 3743 1663 3808 οὐσία,
1689 3746 1801 3807 τοῖς
1826 3744 1882 3798 δὲ

308 3824 542 3893 ὀνόμασι
583 3827 935 3901 διαιρουμένη
964 3849 979 3864 ο
1016 3833 1174 3901 δῆλον
1204 3837 1597 3905 ἀναμφιϐόλως
1644 3838 1880 3908 Πατρδς,

308 3918 400 3967 καὶ
445 3916 577 3971 Υίοῦ
631 3922 725 3973 καὶ
782 3922 940 3987 ἁγίου
998 3925 1337 4003 Πνεῦματος,
1403 3928 1534 3997 μίαν
1583 3929 1744 3997 φύσιν
1791 3928 1884 3983 καὶ

306 4005 621 4076 ἀδιαίρετον
676 4009 867 4065 οὐσίαν
918 4007 1081 4069 εἶναι.
1116 4016 1285 4070 Ὅταν
1338 4013 1382 4086 ᾧ
1432 4018 1689 4091 δηλοῦται
1724 4020 1789 4073 τὸ
1830 4019 1883 4073 τί

306 4099 458 4151 ἐστιν
494 4100 552 4152 ὲν
584 4101 722 4172 αὐτῇ
756 4101 1055 4171 οὐσιωδῶς,
1087 4109 1310 4179 Πνεῦμα
1359 4109 1621 4181 λέγηται’
1656 4111 1751 4164 καὶ
1780 4111 1886 4165 πά-

304 4190 389 4241 λιν
420 4191 480 4245 ὲν
506 4192 618 4256 τοῖς
645 4194 961 4265 προσώποις
980 4196 1079 4267 τὴν
1101 4200 1376 4271 διάκρισιν
1398 4203 1728 4272 ἀναγκαίαν,
1755 4204 1884 4257 ὅταν

302 4284 329 4334 ὁ
362 4282 557 4354 Πατὴρ
600 4286 697 4353 μὲν
729 4287 962 4354 γεννῶν,
1015 4292 1041 4343 ὁ
1080 4286 1135 4343 δὲ
1183 4292 1311 4356 Υἱός
1344 4294 1710 4365 γεννώμενος,
1738 4295 1799 4348 τὸ
1826 4294 1882 4348 δὲ

304 4377 533 4445 Πνεῦμα
561 4380 618 4433 τὸ
651 4380 807 4447 ἀγιον
837 4381 1180 4452 κηρύττηται
1212 4382 1271 4446 ἐξ
1295 4382 1559 4455 ἑκατέρου
1583 4383 1882 4454 ἐκπορευό-

305 4485 491 4536 μενον.

372 4562 571 4615 AAEA.
602 4564 859 4635 Φανερῶς
890 4568 1096 4638 Τριάδα
1126 4570 1185 4621 ὲν
1234 4569 1345 4632 τοῖς
1391 4569 1711 4640 προσώποις
1739 4572 1878 4644 όρῶ-

309 4665 421 4714 μεν,
463 4650 559 4705 καὶ
593 4654 899 4721 ἀναγκαίαν
930 4658 989 4710 ὲν
1038 4659 1102 4728 τῇ
1136 4653 1292 4726 οὐσία
1334 4659 1562 4728 ἑνότητα
1604 4661 1879 4730 ἀριδήλως

306 4743 629 4810 ιιι-τέκομεν.

372 4834 495 4886 AIA.
528 4830 693 4887 Ὅθεν
724 4836 1095 4908 ἀκριϐέστατα
1126 4841 1194 4893 τὰ
1224 4826 1319 4894 δύό
1350 4841 1522 4893 ταῦτα
1553 4841 1816 4910 ὀνόματα,
1847 4844 1879 4913 ή

304 4923 463 4975 οὐσία
501 4928 591 4976 καὶ
623 4925 683 4980 τὸ
714 4928 1012 4998 πρόσωπον
1062 4927 1330 4999 δηλονότι,
1368 4933 1777 5003 ἐφαρμόζονται
1813 4938 1877 5005 τῇ

302 5011 425 5081 θείᾳ
454 5012 719 5082 ὑπάρξειο
861 5022 969 5088 γὰρ
1005 5022 1160 5074 οὐσία
1210 5022 1299 5074 ἀεὶ
1343 5023 1486 5075 κατά
1520 5022 1630 5074 τῶν
1661 5024 1881 5092 ἀτόμων

310 5104 412 5155 τῶν
478 5108 535 5157 ἐν
590 5109 787 5177 πλήθει
844 5112 1157 5179 ὐφεστότων
1218 5117 1651 5184 κατηγορεῖταιο
1712 5115 1773 5168 τὸ
1825 5118 1882 5170 δὲ

303 5198 616 5267 πρόσωπον,
661 5203 805 5256 κατά
847 5206 944 5272 τῆς
990 5206 1196 5276 ἀτόμου
1243 5208 1468 5277 λογικῆς
1499 5207 1749 5273 φύσεως·
1788 5212 1882 5262 καὶ

310 5294 405 5358 γὰρ
433 5294 528 5346 καὶ
558 5296 720 5363 ἡμεῖς
744 5297 1017 5366 εἰώθαμεν
1055 5302 1167 5362 τοῖς
1194 5301 1299 5368 μὲν
1328 5299 1643 5370 προσώποις
1669 5302 1877 5373 πλῆθος

274 5410 277 5413 ν
302 5382 630 5447 amatae-lat,
662 5389 728 5456 τῇ
759 5388 815 5440 δὲ
845 5391 1075 5456 ὑπάρξει
1104 5392 1353 5461 ἑνότητα.

371 5531 384 5557 ³
422 5531 438 5580 ι
471 5532 630 5588 Joau.
660 5550 703 5599 t.
747 5536 799 5587 5.
878 5538 898 5566 ¹
936 5536 1094 5591 Hebr.
1135 5554 1172 5603 ι,
1205 5539 1271 5608 ,3.
1356 5541 1375 5570 ³
1399 5541 1559 5599 Deut.
1592 5560 1666 5609 tv,
1696 5547 1786 5601 ‘24.

371 5674 442 5753 (ί)
476 5676 649 5753 (inuri
687 5679 941 5753 legerunt.
974 5682 1110 5734 luris
1141 5694 1191 5737 et
1230 5686 1531 5753 splendmis
1560 5688 1873 5745 eilicaciam.

371 5749 444 5814 (2)
488 5749 701 5804 Inclusa
739 5750 946 5806 Latinis
991 5758 1200 5807 desum.

1996 3191 2101 3245 alio
2173 3193 2414 3260 apostolo
2460 3208 2477 3251 :
2537 3211 2555 3243 ι
2619 3194 2720 3259 Qui
2776 3202 2859 3249 est
2932 3194 3187 3263 splendor
3246 3196 3472 3269 [gloriae,
3518 3207 3574 3254 et

1994 3287 2282 3339 character
2308 3284 2412 3355 (2)]
2461 3286 2780 3342 substantiae
2820 3289 2938 3357 eius
2966 3292 3010 3345 ’.
3062 3289 3343 3344 Summum
3405 3291 3575 3347 nihil.)

1997 3377 2177 3432 minus
2205 3375 2520 3451 [Spiritum]
2578 3380 2837 3448 Spiritum
2898 3392 3146 3436 sanctum
3192 3383 3428 3437 calorem
3472 3397 3573 3436 no-

1995 3468 2189 3522 tniuari
2239 3469 2379 3537 apud
2422 3470 2638 3539 Moysen
2669 3487 2686 3525 :
2729 3489 2747 3523 ι
2786 3470 2925 3526 Deus
2960 3479 3145 3528 noster
3185 3473 3321 3543 ignis
3354 3472 3576 3545 [consu-

1995 3558 2172 3632 tnens}
2214 3569 2318 3615 est.
2349 3562 2370 3594 ³
2405 3582 2424 3615 ι
2482 3562 2615 3617 Cum
2669 3564 2848 3633 itaque
2906 3565 3019 3629 lux,
3068 3565 3343 3634 splendor,
3403 3565 3572 3633 calor,

1993 3667 2097 3705 una
2126 3652 2196 3706 sit
2227 3663 2441 3719 natura,
2486 3654 2759 3709 individua
2805 3656 3128 3723 substantia,
3171 3658 3447 3713 vocabulis
3474 3657 3571 3730 [αι-

1994 3743 2286 3816 vocabula]
2328 3760 2457 3799 vero
2503 3747 2739 3813 diversa,
2805 3758 3024 3803 constat
3074 3748 3340 3819 profecto.
3376 3749 3570 3815 Patris,

1992 3845 2047 3889 et
2082 3835 2223 3900 Filii,
2249 3848 2301 3892 et
2333 3837 2566 3906 Spiritus
2597 3840 2796 3901 sancti,
2824 3855 2985 3894 ttnam
3022 3850 3271 3895 naturam
3305 3840 3401 3912 [et]
3428 3843 3570 3895 iudi-

1992 3928 2209 3981 viduam
2238 3930 2528 3983 essentiam
2557 3944 2677 3983 esse
2710 3946 2725 3983 :
2753 3931 2880 3983 dunt
2907 3932 2958 3985 in
2992 3945 3054 3985 ea
3085 3928 3182 4001 [αι.
3214 3930 3308 4002 eo}
3339 3947 3446 3999 quo
3493 3934 3568 3985 si-

1992 4019 2211 4089 gniﬁcat
2241 4021 2369 4090 quid
2396 4020 2466 4074 sit
2495 4021 2948 4085 substantialiter,
2980 4020 3215 4092 Spiritus
3231 4024 3566 4082 nominatur:

1991 4118 2045 4165 et
2120 4111 2247 4165 item
2328 4110 2381 4165 itt
2448 4114 2693 4180 personis
2754 4113 3127 4169 diversitatem
3180 4115 3565 4179 necessariam,

1992 4202 2118 4257 dum
2146 4202 2325 4257 'Pater
2354 4204 2604 4273 gignens,
2637 4204 2805 4260 Filius
2856 4221 3106 4273 nascens,
3161 4204 3394 4277 Spiritus
3436 4207 3566 4261 San-

1993 4290 2213 4348 ctus‘ab
2245 4292 2474 4362 utroque
2509 4295 2805 4363 procedens
2832 4296 3173 4363 pt‘anlicalur.

2063 4574 2174 4631 FB.
2207 4576 2374 4631 Plane
2398 4575 2717 4632 Trinitatem
2767 4579 2818 4631 in
2862 4578 3110 4647 personis
3153 4580 3436 4647 perspicue
3481 4581 3561 4632 viv

1989 4664 2201 4730 demus,
2240 4674 2293 4719 et
2316 4666 2682 4721 necessariam
2726 4666 2778 4721 itt
2803 4666 3102 4723 substantia
3152 4668 3412 4723 unitatem
3443 4674 3563 4724 etin

1988 4758 2176 4813 denter
2206 4766 2467 4814 tenemus.

2063 4848 2227 4903 MAG.
2274 4850 2397 4903 Ideo
2444 4850 2861 4921 vigilantissime
2893 4851 3007 4905 haec
3044 4852 3150 4905 duo
3178 4853 3418 4915 nomina,
3456 4854 3563 4907 sri-

1989 4938 2115 4994 licet
2147 4940 2447 4995 substantia
2486 4952 2538 4993 et
2576 4955 2828 5009 persona,
2872 4941 3067 4995 divina:
3113 4943 3363 4996 essentia:
3405 4958 3564 5010 map.

1990 5040 2196 5099 tantur,
2253 5032 2381 5101 quia
2436 5047 2651 5101 semper
2710 5033 3014 5086 substantia
3062 5035 3127 5090 de
3188 5036 3560 5089 iudividuisiu

1988 5126 2267 5194 pluraliter
2308 5127 2751 5191 consistentibus,
2812 5142 3041 5196 persona
3097 5138 3274 5181 autem
3321 5129 3389 5182 de
3422 5128 3562 5183 iudi-

1987 5221 2147 5272 vidua
2192 5219 2440 5273 rationali
2476 5230 2665 5274 natura
2697 5221 3022 5289 praedicatur
3055 5237 3069 5276 :
3098 5237 3217 5276 cum
3248 5237 3345 5275 nos
3382 5220 3557 5274 solea-

1988 5326 2107 5363 mus
2184 5312 2431 5380 personis
2492 5312 2897 5381 pluralitatetu,
2982 5315 3282 5370 substantia
3379 5320 3558 5365 autem

1986 5404 2271 5472 designare
2299 5402 2569 5474 [essentne
2602 5406 2677 5477 (5)
2706 5404 2725 5477 ]
2767 5406 3049 5462 unitatem.

2059 5692 2135 5749 (ὅ)
2169 5694 2383 5750 Inclusa
2415 5711 2512 5749 vox
2554 5711 2578 5747 ξι
2609 5695 2811 5750 Grarcis
2840 5697 3011 5747 abest.
