4018 6212
339 329 410 389 37
1579 334 1674 391 DE
1728 333 1908 392 FIDE
1944 335 2436 397 ()ltTlItlDOXA.
3546 344 3614 405 ΓΝ

336 446 408 514 τῇ
443 442 642 496 ἑαυτοῦ
687 443 880 514 καρδίᾳ.
912 445 1041 498 ἄνευ
1089 447 1221 515 ἧχου
1264 447 1508 517 γλώττης
1567 449 1902 512 ἀ·δατυποῖ,ἱ

2024 449 2227 516 absque
2283 459 2430 504 motu
2487 451 2703 520 linguae,
2764 453 2814 506 iu
2862 456 3025 507 corde
3071 471 3168 508 suo
3226 457 3470 523 format;
3522 476 3614 516 aut

335 538 469 590 ὅταν
514 535 649 588 αὐτὸ
676 537 735 586 τὸ
769 537 872 587 ὑπὶι
903 537 998 589 τοῦ
1051 539 1227 606 λόγου.
1249 541 1655 610 σημαινόμενον
1691 541 1925 609 πρᾶγμα

334 621 452 680 οἷόν
490 630 610 680 ἐστι
641 627 856 697 νοῆται.
912 629 1117 684 Τοῦτον
1151 630 1242 684 τὸν
1273 631 1458 702 τρίτον
1504 633 1708 702 τρόπον
1736 633 1764 682 6
1794 631 1925 692 Θεὸς

333 720 426 772 τὸν
457 719 659 773 ἑαυτοῦ
705 720 1006 789 γεγέννηκε
1037 723 1232 790 Λόγον,
1266 723 1324 775 ὃν
1355 722 1545 775 ἑαυτὴν
1574 723 1924 792 λογιζόμενος

336 809 511 866 εἶπεν.
558 813 712 865 Ἐπεὶ
736 814 830 866 καὶ
858 814 917 866 τὺ
943 814 1067 867 ὅλον
1100 811 1236 876 εἶδος
1268 815 1364 868 τοῦ
1391 816 1598 886 κόσμου
1628 817 1816 869 τούτου
1847 815 1922 885 τῷ

344 904 486 973 αὐτῷ
526 903 783 974 λογισμῷ
816 905 1115 974 πεποίηκε,
1152 907 1373 974 λέγεται
1409 909 1589 961 πάντα
1618 908 1694 976 τῷ
1724 908 1921 962 ἑαυτοῦ

341 997 492 1063 Λόγῳ
521 996 952 1066 δημιουργῆσαι.
984 998 1146 1050 Ὅθεν
1176 1002 1272 1051 καὶ
1304 1001 1432 1070 περὶ
1460 1000 1559 1070 τῆς
1593 1001 1686 1052 τοῦ
1715 1003 1920 1068 κόσμου

337 1090 611 1158 ποιήσεως
640 1090 886 1158 λέγεται,
933 1109 951 1141 ι
989 1092 1162 1154 Αὐτὸς
1194 1087 1337 1154 εἶπε,
1365 1096 1460 1148 καὶ
1490 1095 1914 1164 ἐγεννήθησαν.»

334 1182 507 1233 Οὐδὲν
538 1183 646 1250 γὰρ
673 1183 1039 1251 ἒτερόν,ἐστιν
1076 1188 1104 1237 ό
1134 1185 1284 1249 Υίὸς,
1313 1185 1345 1255 ἢ
1373 1189 1399 1238 ό
1431 1188 1603 1256 Λόγος
1631 1188 1726 1240 τοῦ
1756 1189 1918 1254 Θεοῦ,

332 1276 384 1326 εἰ
429 1275 506 1344 μὴ
537 1277 566 1326 6
597 1275 886 1343 λογισμὸς,
934 1277 966 1344 ἢ
1016 1279 1048 1347 ἡ
1102 1281 1288 1348 τέχνη,
1344 1281 1373 1348 ἢ
1432 1282 1462 1351 ὴ
1519 1283 1680 1348 σοφία
1729 1284 1916 1336 αὐτοῦ.

343 1368 568 1436 Ἀμέλει
598 1369 693 1419 καὶ
734 1370 923 1437 ἡμεῖς,
964 1370 1094 1422 ὃταν
1139 1371 1267 1441 περί
1304 1387 1450 1435 τινος
1483 1373 1918 1444 διαλογιζώμεοα

328 1461 389 1510 ἐν
426 1461 542 1518 τοῖς
582 1459 885 1526 λογισμοῖς,
943 1461 1156 1514 ἐκείνου
1211 1462 1306 1516 τοῦ
1355 1466 1680 1534 πράγματος
1733 1471 1917 1520 εἰκόνα

327 1548 390 1596 ἐν
424 1549 502 1617 τῷ
538 1550 786 1617 ἡμετέρῳ
808 1551 1090 1620 τυποῦμεν
1111 1552 1377 1623 λογισμῷ.
1411 1554 1569 1608 Οὕτω
1595 1560 1688 1612 καὶ
1712 1559 1737 1610 6
1761 1559 1912 1626 Θεὸς,

324 1643 466 1694 ὅταν
500 1645 694 1696 ἑαυτὸν
748 1646 1058 1715 λογίζηται,
1111 1651 1308 1718 ὁμοίαν
1336 1652 1514 1720 ἑαυτῷ
1558 1656 1701 1722 κατὰ
1737 1655 1913 1708 πάντα

324 1735 516 1788 είκόνα
555 1737 827 1800 ἐτὺπωσε,
873 1744 966 1793 καὶ
1005 1737 1157 1803 οὗτος
1188 1744 1216 1794 6
1263 1745 1435 1812 Λόγος
1482 1745 1643 1818 [ἐκεῖ]
1688 1748 1912 1819 εἰκὼνῆ

322 1829 588 1896 ὁμοιότης
629 1829 849 1897 λέγεται
881 1835 975 1884 τοῦ
1007 1834 1145 1887 Θεοῦ
1168 1852 1180 1864 ·
1220 1835 1336 1888 ἀλλ’
1365 1838 1518 1891 οὐδὲν
1543 1839 1732 1907 ἕτερον
1768 1843 1914 1893 ἐκεί-

324 1919 420 1969 θεν
455 1921 804 1987 ἐκφαὶνεται,
847 1926 998 1991 εἰμὴ
1048 1927 1081 1992 ἢ
1130 1926 1271 1996 αὑτὴ
1326 1930 1513 1999 ἐκείνη
1556 1931 1716 1986 οὐσία
1747 1948 1760 1961 ·
1793 1932 1915 1985 ὅθεν

324 2009 422 2062 καὶ
454 2009 638 2076 λόγος,
675 2010 876 2064 ὡσανεὶ
903 2014 1118 2082 ἀληθῶς
1151 2017 1379 2084 ἀγαθόν.

391 2103 596 2158 ΑΔΙΞΛ.
649 2103 806 2159 Ἐπεὶ
852 2107 1095 2177 ἀριδήλῳ
1151 2110 1244 2162 καὶ
1283 2089 1720 2185 ἀκαταγωνίστῳ
1765 2115 1912 2186 λόγῳ

319 2197 455 2263 μίαν
490 2197 583 2248 καὶ
622 2197 934 2265 ἀδιαίρετον
978 2201 1168 2254 οὐσίαν
1215 2199 1353 2256 εἶναι
1387 2205 1482 2256 τοῦ
1513 2207 1689 2274 Λόγου
1718 2207 1908 2261 τούτου

321 2290 462 2356 μετὰ
493 2289 590 2340 τοῦ
623 2290 837 2359 Πατρός
870 2293 1086 2345 καὶτοῦ
1115 2291 1438 2364 Πνεῦματος
1461 2298 1758 2366 δέδεικται,
1790 2301 1910 2364 πῶς

321 2381 381 2432 ἂν
417 2381 503 2450 εἴη
534 2381 788 2444 δυνατὸν,
810 2384 975 2452 μόνον
1003 2385 1093 2437 τὸν
1120 2385 1247 2438 Υίὸν
1267 2388 1626 2458 σαρκωθῆναι
1655 2407 1669 2456 ;
1703 2391 1766 2442 Et
1801 2390 1908 2462 γὰρ

321 2477 413 2540 τῆς
445 2475 541 2526 τοῦ
578 2477 793 2544 Ila-:96;
838 2478 1029 2539 οὐσίας
1077 2481 1394 2549 χωρισθεὶς,
1441 2483 1588 2546 ἰδίως
1628 2484 1908 2552 σεσάρκω-

319 2581 444 2617 ται·
492 2565 679 2634 δῆλον,
727 2566 804 2629 ὡς
850 2571 879 2637 ἠ
917 2569 1010 2622 τοῦ
1063 2572 1297 2640 Πατρός,
1349 2577 1442 2628 καὶ
1477 2574 1572 2626 τοῦ
1614 2575 1766 2639 Υίοῦ,
1809 2578 1906 2627 καὶ

318 2656 412 2708 τοῦ
447 2659 610 2723 ἁγίου
643 2659 968 2728 Πνεῦματος
999 2662 1185 2729 οὐσία,
1221 2665 1324 2716 οὐκ
1373 2665 1522 2717 ἔστιν
1569 2648 1901 2736 ἀδιαίρετος,

318 2750 489 2813 πάθος
527 2754 812 2806 ὑποστᾶσα
852 2755 1155 2826 χωρισμοῦ.

396 2934 528 2984 Δια.
562 2933 768 3002 Ὥσπερ
798 2936 969 2995 ἀΐδιος
995 2935 1228 3006 δύναμις
1284 2941 1379 2992 καὶ
1423 2940 1636 3009 θειότης
1672 2941 1761 2994 διὰ
1790 2944 1900 2995 τῶν

324 3029 642 3094 γενομένων
670 3030 1012 3095 κοθορᾶταιο
1053 3029 1197 3082 οὕτω
1242 3031 1469 3086 δυνατὸν
1505 3035 1761 3103 νοηθῆναι
1804 3036 1899 3086 καὶ

311 3117 379 3168 τὸ
427 3117 570 3184 βαθὺ
603 3121 758 3171 τοῦτο
811 3123 906 3173 καὶ
954 3125 1439 3193 συνεσκιασμὲνον,
1481 3126 1569 3179 διὰ
1613 3127 1722 3179 τῶν
1769 3128 1900 3196 παρ’

309 3213 450 3278 ⁴ἡμῖν
483 3214 808 3281 γινομένων,
841 3221 937 3268 καὶ
970 3217 1059 3270 διὰ
1100 3217 1196 3269 τοῦ
1241 3219 1405 3287 λόγου
1440 3219 1897 3289 διερευνωμένου,

309 3305 544 3358 δυνατὸν
592 3309 687 3358 καὶ.
718 3307 879 3359 τοῦτο
915 3310 1312 3379 κατοραθῆναι.
1347 3312 1517 3378 Δῆλον
1548 3311 1658 3382 γὰρ
1687 3313 1779 3363 τὸν
1808 3315 1900 3366 ὰν-

309 3396 592 3464 θρὼπινον
625 3401 776 3452 ’νοῦν
833 3402 1190 3472 λογιζόμενον
1243 3405 1338 3473 ἀφ’
1378 3405 1578 3457 ἑαυτοῦ
1635 3405 1898 3474 γεννῆσαι

307 3493 504 3544 τοῦτον
537 3492 606 3560 δὴ
636 3493 730 3544 τὸν
759 3495 858 3562 τῆς
889 3495 1074 3564 κοινῆς
1101 3496 1387 3550 διαλέκτου
1425 3499 1584 3566 λόγον
1603 3514 1618 3529 ⁸
1653 3501 1746 3552 καὶ
1773 3497 1898 3551 τοῦ·

307 3600 401 3635 τον
428 3584 525 3635 τὸν
561 3583 724 3652 λόγον
769 3586 827 3637 ὲν
859 3585 939 3656 τῷ
987 3587 1064 3655 νῷ
1099 3591 1196 3641 καὶ
1231 3591 1293 3659 τῇ
1333 3593 1545 3661 μνήμῃ,
1589 3589 1727 3661 ὁμοῦ
1766 3590 1897 3662 μίαν

308 3669 451 3727 εἶναι
487 3676 707 3728 οὐσίαν.
755 3677 925 3728 Ὅταν
959 3678 1015 3730 δὲ
1049 3679 1141 3730 τὸν
1185 3680 1352 3732 αὑτοῦ
1392 3680 1550 3749 λόγον
1590 3683 1684 3735 καὶ
1715 3682 1896 3746 ἄλλοις

306 3765 637 3837 ἐπιθυμήσῃ
689 3767 917 3836 ποιῆσαι
954 3770 1256 3838 γνώριμον,
1289 3774 1568 3838 οἰκονομεῖ
1614 3774 1752 3842 μετά
1798 3773 1895 3826 τοῦ

308 3855 443 3907 ἰδίου
498 3856 791 3927 λογισμοῦ,
841 3859 901 3923 δς
953 3860 1110 3914 οὐδὲν
1159 3863 1350 3932 ἕτερόν
1393 3865 1631 3936 ὲστιν,ἢ
1677 3868 1704 3919 6
1735 3867 1896 3935 λόγος

305 3948 480 4000 αὑτοῦ
535 3952 631 4003 καὶ
693 3954 834 4018 μετὰ
887 3951 991 4021 τῆς
1036 3955 1258 4024 μνήμης
1297 3956 1462 4010 αὐτὸν
1520 3957 1680 4025 λόγον
1734 3958 1895 4027 σῶμα

305 4042 497 4109 φωνῆς
525 4043 878 4106 ἐνδύσασθαι,
907 4046 1008 4098 καὶ
1038 4050 1151 4110 τοῖς
1174 4048 1308 4104 ὠσὶν
1330 4051 1618 4114 ἀκουστὸν,
1651 4056 1744 4106 καὶ
1773 4054 1894 4115 ταῖς

303 4133 418 4184 τῶν
454 4135 768 4189 ἀκουόντων
827 4139 1080 4208 καρδίαις
1132 4142 1325 4211 όρατδν
1373 4143 1562 4214 ἐφίησι
1604 4145 1894 4212 γενέσθαιο

297 4225 389 4274 ἔτι
423 4227 521 4279 καὶ
549 4228 845 4296 γράμμασι
877 4247 944 4282 πε
954 4232 1266 4301 ρισφίγγων
1295 4234 1356 4286 τὸ
1384 4235 1547 4302 σῶμα
1569 4235 1662 4288 τοῦ
1695 4237 1854 4306 λόγου
1876 4252 1892 4268 '

302 4315 420 4368 ἀλλ’
471 4317 622 4386 ὅμως
669 4321 697 4371 6
748 4320 908 4387 λόγος
957 4323 1168 4387 ἐκεῖνος
1193 4327 1423 4397 ἀόρατος
1459 4328 1636 4396 μένων
1665 4327 1764 4397 τῆς
1800 4329 1893 4382 τοῦ

305 4407 397 4458 νοῦ
443 4409 667 4478 καὶτῆς
723 4413 945 4482 μνήμης
987 4415 1275 4486 ὑπάρξεως
1322 4419 1422 4472 οὐκ
1463 4421 1762 4493 ἀποχωρεῖ.
1815 4423 1891 4475 Οὐ

2029 553 2151 592 cum
2237 555 2348 596 res-
2404 542 2515 611 ipsa
2594 559 2756 612 quam
2825 545 3099 615 signiﬁcat
3157 547 3280 600 illud
3365 552 3608 615 verbum,

2029 632 2208 700 qualis
2255 634 2352 698 sit,
2409 635 2690 690 intellectu
2746 638 3038 707 cegitatur.
3096 639 3206 692 Hoc.
3276 641 3438 693 tertio
3493 659 3609 693 mn-

2027 723 2095 774 do
2147 721 2287 776 Deus
2331 722 2567 778 Verbum
2629 742 2784 780 suum
2835 732 3041 796 genuit,
3095 746 3215 782 cum
3253 733 3609 800 seipsumro-

2025 813 2246 882 gitaudo
2302 815 2459 868 dixit.
2522 816 2589 870 Et
2618 818 2744 886 quia
2801 828 2969 871 totam
3028 822 3210 873 mundi
3269 822 3493 874 fortnam
3515 838 3608 875 ea-

2025 902 2146 956 dem
2199 907 2529 976 cogitatione
2577 910 2802 976 creavit,
2853 911 2974 964 ideo
3043 913 3262 974 dicitur,
3315 917 3454 983 quod
3499 933 3614 968 om-

2025 994 2111 1048 nia
2165 996 2219 1049 in
2273 998 2453 1053 Vetbo
2529 1015 2628 1054 suo
2669 1001 2881 1056 fecerit.
2916 1002 3068 1058 Unde
3106 1017 3161 1057 et
3220 1005 3286 1059 de
3336 1007 3613 1060 creatione

2025 1090 2210 1142 tuundi
2267 1091 2508 1161 legitur:
2557 1093 2705 1162 «Ipse
2779 1095 2937 1157 dixit,
2989 1109 3044 1151 et
3124 1098 3261 1150 facta
3334 1101 3524 1152 suut‘.
3587 1118 3604 1148 ι

2024 1178 2166 1234 Nili-il
2228 1184 2372 1236 enim
2445 1187 2589 1240 aliud
2653 1196 2737 1241 est
2790 1187 2980 1254 Filius,
3054 1192 3135 1244 vel
3210 1191 3440 1248 Verbum
3494 1193 3608 1256 Dei,

2022 1289 2182 1340 tinam
2251 1277 2526 1348 cogitatio,
2561 1280 2643 1334 vel
2677 1296 2789 1346 ars,
2848 1283 2930 1336 vel
2965 1284 3228 1352 sapientia
3279 1286 3418 1353 ejus.
3451 1283 3611 1337 Nem-

2022 1381 2086 1431 pe
2143 1384 2265 1419 cum
2329 1385 2428 1423 nos
2480 1371 2715 1440 aliquam
2785 1388 2899 1427 rem
2947 1376 3278 1444 cogitamus,
3333 1377 3502 1444 ipsius
3535 1378 3608 1427 rei

2022 1458 2312 1528 imaginem
2365 1464 2418 1516 in
2479 1464 2804 1533 cogitatione
2870 1476 3055 1521 nostra
3133 1467 3446 1520 formamus.
3521 1466 3611 1520 Sic

2023 1548 2189 1615 Deus,
2227 1567 2348 1605 cum
2413 1555 2654 1623 seipsum
2737 1556 3014 1626 cogitavit,
3068 1558 3296 1611 similem
3364 1558 3446 1609 sui
3518 1572 3602 1625 pet

2018 1645 2201 1696 munia
2275 1645 2561 1715 imaginem
2640 1648 2913 1706 formavit.
2980 1651 3103 1703 Ideo
3171 1651 3272 1704 hoc
3349 1651 3606 1713 Verbum,

2020 1737 2216 1808 imago.
2281 1740 2365 1792 vel
2447 1741 2743 1796 similitudo
2818 1742 2912 1798 Dei
2972 1726 3225 1814 tllt‘lltll";
3302 1750 3395 1802 sed
3473 1750 3606 1802 ttiltil

2018 1833 2208 1895 aliud,
2268 1834 2368 1889 nisi
2423 1835 2612 1890 eadem
2643 1840 2908 1905 essentia,
2971 1842 3316 1908 exprimitur.
3377 1843 3527 1899 Unde
3555 1857 3603 1896 et

2019 1922 2121 1979 hoc
2171 1925 2396 1980 verbum
2453 1927 2673 1994 dicitur,
2727 1932 2879 1998 quasi
2939 1948 3063 1987 vere
3119 1935 3340 1990 boumu.

2087 2124 2196 2180 FB.
2248 2126 2384 2182 Cum
2448 2128 2669 2185 evidens
2743 2133 2878 2187 ratio
2950 2133 3128 2188 idem.
3171 2133 3404 2190 Verbum
3481 2155 3602 2192 eum

2011 2216 2195 2282 Patre,
2255 2230 2306 2273 et
2368 2220 2572 2290 Spiritu
2633 2222 2862 2289 Sancto,
2901 2240 3060 2279 uuam
3135 2237 3189 2280 ct
3272 2230 3600 2285 individuam

2011 2311 2374 2365 substantiam
2467 2315 2965 2384 inexpugnabiliter
3041 2320 3388 2386 probaverit;
3465 2338 3623 2394 quo;

2013 2403 2176 2457 modo
2228 2404 2402 2459 solum
2471 2405 2746 2463 incarnari
2791 2411 2969 2474 potuit
3017 2409 3041 2463 ?
3094 2411 3148 2465 Si
3210 2413 3352 2466 enim
3420 2431 3449 2468 a
3492 2416 3596 2470 Pa-

2009 2500 2108 2552 tris
2160 2511 2213 2554 et
2285 2501 2518 2570 Spiritus
2597 2506 2770 2557 sancti
2838 2506 3069 2559 essentia
3121 2517 3203 2560 est
3262 2507 3597 2577 Separatutn,

2006 2603 2060 2644 et
2097 2593 2174 2644 sic
2217 2593 2568 2660 singulariter
2612 2596 3029 2652 intmmanatum
3066 2601 3141 2670 (5)
3187 2617 3200 2654 :
3235 2612 3450 2656 constat
3478 2621 3596 2671 pro-

2007 2685 2170 2749 lecto,
2207 2689 2346 2756 quod
2396 2687 2595 2753 Patris,
2659 2702 2714 2744 et
2771 2689 2915 2756 Filii,
2997 2705 3050 2746 et
3118 2694 3356 2762 Spiritus
3425 2700 3596 2748 Sancti

2003 2778 2329 2842 substantia,
2394 2795 2496 2832 non
2549 2791 2633 2834 est
2691 2782 2994 2850 individua,
3058 2801 3178 2854 qum
3246 2789 3424 2856 potuit
3487 2791 3596 2857 pati

2003 2873 2360 2940 separatiouis
2413 2875 2753 2936 discrimina,

2073 2965 2238 3021 MAG.
2281 2965 2427 3019 Sicut
2479 2969 2806 3034 sempiterna
2849 2972 3024 3024 virtus
3069 2973 3364 3029 divinitatis
3413 2993 3505 3044 per
3532 2992 3592 3029 ea

2002 3076 2120 3127 (pne
2177 3058 2321 3113 facta
2367 3063 2802 3130 CUllSplCillttltlr,
2867 3078 3042 3134 petest
3089 3067 3308 3138 intelligi
3344 3084 3360 3123 :
3391 3071 3594 3124 sicboe

1958 3149 2331 3219 Iprolnudum
2392 3153 2702 3220 mysterium
2758 3163 2812 3208 et
2860 3157 3158 3222 occultum,
3220 3174 3316 3227 per
3377 3177 3439 3214 ea
3473 3179 3592 3228 quae

2005 3242 2054 3293 in
2135 3243 2290 3296 nobis
2335 3255 2617 3312 geruntur,
2685 3249 2895 3302 ratione
2944 3259 3326 3317 perscrutaute
3390 3257 3593 3321 potri-it

2000 3333 2234 3400 inspici.
2279 3333 2474 3389 Notum
2537 3347 2620 3390 est
2677 3340 2842 3402 enim,
2907 3342 3052 3410 quod
3129 3341 3362 3396 humana
3443 3361 3593 3396 meus

2001 3432 2222 3480 veritum
2300 3432 2607 3483 communis
2683 3431 2972 3486 locutionis
3046 3448 3108 3487 ex
3176 3450 3235 3489 se
3302 3437 3593 3502 cogitando

1997 3518 2168 3586 gignit
2202 3535 2217 3572 :
2264 3527 2318 3573 et
2356 3519 2493 3574 idem
2527 3521 2746 3575 verbum
2783 3522 2834 3576 in
2867 3534 3068 3590 mente,
3110 3535 3164 3579 et
3206 3526 3256 3580 in
3308 3531 3589 3589 memoria,

1996 3609 2152 3662 simul
2219 3625 2321 3664 una
2410 3613 2645 3666 essentia
2700 3614 2936 3667 exsistit.
3018 3614 3153 3670 Cum
3242 3633 3371 3673 vero
3433 3635 3585 3674 mens

1997 3701 2222 3754 verbum
2270 3718 2424 3756 sumu
2474 3704 2594 3758 aliis
2663 3706 3000 3761 innotescere
3081 3711 3249 3779 cupit,
3317 3727 3440 3765 enm
3499 3729 3591 3766 ea-

1997 3795 2117 3846 dem
2151 3796 2500 3863 cogitatioae,
2556 3814 2674 3866 qua:
2725 3799 2858 3852 ttibil
2916 3800 3061 3854 aliud
3113 3815 3196 3856 est
3244 3819 3404 3871 quam
3459 3821 3586 3858 vei-

2000 3876 2122 3929 bum
2176 3894 2331 3929 suum
2363 3888 2417 3931 ct.
2469 3895 2590 3933 cum
2630 3883 2888 3934 memoria
2940 3883 3176 3953 disponit
3207 3904 3226 3950 ;
3257 3888 3400 3953 quod
3443 3890 3580 3942 idem

1999 3971 2220 4022 Vettium
2275 3985 2471 4036 corpus
2529 3972 2680 4024 vocis
2738 3973 2934 4037 induit,
2999 3986 3052 4027 et
3096 3978 3317 4032 auribus
3373 3981 3584 4033 audibi-

2000 4060 2087 4122 Ie,
2149 4071 2200 4113 et
2250 4061 2504 4115 cordibus
2553 4062 2891 4116 audientium
2945 4065 3156 4119 visibile
3217 4070 3482 4136 precedit,
3529 4081 3583 4121 t'l.

2001 4153 2198 4206 litteris
2256 4154 2417 4208 etiam
2473 4169 2669 4223 cerpus
2717 4172 2874 4210 suum
2929 4159 3086 4226 ligari
3141 4161 3400 4225 permittit
3462 4180 3475 4216 :
3530 4175 3583 4218 et

2004 4259 2181 4302 tamen
2249 4251 2518 4306 intisibile
2574 4267 2840 4329 manens,
2877 4253 2941 4308 de
2983 4255 3218 4309 essentia
3277 4257 3475 4311 mentis
3530 4274 3582 4311 et

2007 4343 2280 4397 memoria:
2328 4358 2433 4396 non
2487 4345 2711 4398 recedit.
2772 4345 2886 4400 Non
2970 4363 3099 4416 ergo
3173 4363 3349 4410 mens,
3413 4365 3585 4418 neque

2005 4435 2289 4500 memoria,
2327 4435 2419 4489 sed
2467 4437 2640 4490 solum
2694 4435 2934 4493 Verbum
2997 4440 3341 4509 singulariter
3399 4445 3583 4498 sonuit

303 4500 493 4551 τοίνυν
522 4501 550 4552 ὀ
580 4499 705 4564 νοῦς
736 4502 769 4571 ἢ
800 4505 833 4574 ἡ
871 4506 1086 4576 μνήμη,
1124 4508 1261 4560 ἀλλὰ
1291 4510 1452 4579 μόνος
1475 4513 1503 4564 ό
1532 4512 1701 4580 Λόγος
1723 4515 1894 4583 ἤχησε

2011 4540 2104 4594 per
2171 4540 2367 4593 corpus
2433 4529 2580 4582 vocis
2649 4529 2950 4594 sensibile;
3002 4539 3055 4584 et
3133 4542 3309 4584 tamen
3368 4532 3582 4603 insepa-

304 4589 394 4642 διὰ
424 4591 520 4644 τοῦ
575 4593 846 4663 αίσθητοῦ
895 4597 1151 4666 σώματος
1202 4600 1301 4668 τῆς
1346 4601 1552 4671 φωνῆς,
1602 4607 1694 4658 καὶ
1743 4605 1890 4675 ὅμως

303 4680 612 4751 ἀδιαίρετος
643 4685 861 4753 ἔμεινεν
903 4689 964 4740 ἐν
1006 4693 1073 4759 τῇ
1110 4689 1205 4742 τοῦ
1248 4692 1340 4744 νοῦ
1394 4693 1486 4745 καὶ
1528 4694 1626 4764 τῆς
1665 4697 1888 4766 μνήμης

298 4772 481 4843 οὐσίᾳ.
516 4773 682 4829 Οὕτω
704 4779 798 4831 καὶ
823 4782 850 4832 6
874 4781 1046 4851 ἄκρος
1077 4781 1266 4853 Πατὴρ
1297 4783 1374 4854 τῷ
1405 4788 1546 4839 νοεῖν
1575 4786 1768 4840 ἑαυτὸν
1794 4787 1886 4840 τὸν

299 4865 506 4915 ἑαυτὸν
557 4869 728 4935 Λόγον
781 4873 995 4942 ἐνόησε,
1021 4874 1126 4928 κᾶν
1168 4881 1235 4946 τῇ
1277 4877 1371 4930 τοῦ
1405 4879 1622 4949 Πατρός
1660 4889 1755 4932 και
1789 4881 1886 4934 τοῦ

301 4956 473 5022 ἁγίου
505 4959 817 5032 Πνεύματος
848 4969 1010 5038 οὐσίᾳ
1053 4971 1356 5038 όμοουσίως
1397 4974 1738 5042 ὑφέστηκεν·
1771 4976 1886 5029 ἀλλ’

297 5049 458 5116 ὅμως
501 5051 588 5103 διὰ
632 5057 791 5109 τοῦτο
837 5058 1006 5111 οὓθίδ
1044 5061 1236 5133 Πατὴρ
1281 5063 1403 5117 οὔτε
1447 5065 1508 5118 τὸ
1559 5067 1782 5138 Πνεῦμα
1827 5068 1889 5119 τὸ

301 5141 461 5206 ἅγιον
488 5161 500 5174 ·
537 5145 654 5197 ἀλλ’
687 5150 714 5200 6
762 5150 935 5216 Λόγος
975 5154 1161 5221 μόνος,
1195 5156 1222 5206 6
1251 5156 1343 5208 τοῦ
1394 5158 1604 5229 Πατρός
1630 5161 1659 5211 ἴ
1682 5159 1754 5222 ἰὸς
1793 5160 1886 5231 δη-

297 5231 456 5306 λαδὴ,
497 5237 646 5303 ἰδίους
680 5243 1033 5313 ἀνθρώπινον
1079 5249 1240 5319 σῶμα
1280 5251 1538 5321 αἰσθητὸν
1571 5255 1880 5318 ἐνεδύσατο,

301 5328 394 5376 καί
428 5329 626 5382 ἑαυτὸν
658 5339 775 5396 τοῖς
818 5339 1134 5410 ἀνθρώποις
1168 5346 1508 5415 παρέστησε.
1542 5346 1615 5398 T6
1646 5348 1886 5418 προσλη-

298 5418 430 5483 φθὲν
482 5423 648 5492 σῶμα
689 5429 918 5496 ἀτιμίαν
951 5435 1277 5504 ὑπενεγκεῖν
1327 5436 1733 5509 συνεχώρησεν,
1766 5443 1884 5497 ἀλλ’

363 5629 386 5658 ’⁵
433 5631 577 5686 l‘sal.
619 5651 798 5703 χχχιι,
825 5640 880 5693 9.

364 5821 440 5892 (ὃ)
477 5819 660 5878 Latini
701 5827 920 5886 codices
951 5831 1176 5904 habent,
1207 5837 1263 5893 in
1296 5839 1650 5898 Iunnanitate.

2001 4617 2243 4672 rabiliter
2304 4619 2504 4674 mansit
2567 4622 2619 4674 in
2675 4625 2906 4676 essentia
2960 4626 3158 4677 mentis
3205 4635 3259 4679 et
3283 4629 3576 4682 lltCtltOt'lIe.

2001 4710 2093 4762 Sic
2127 4726 2372 4764 summus
2414 4709 2575 4766 Pater
2620 4713 2851 4769 Verbum
2903 4732 3081 4776 suum,
3129 4719 3361 4784 seipsutn
3425 4725 3583 4789 cegi:

1997 4799 2181 4864 tando,
2237 4805 2423 4872 genuit
2469 4820 2484 4859 :
2544 4811 2702 4876 quod
2734 4809 2785 4860 in
2829 4805 3029 4874 Patris,
3087 4822 3136 4865 et
3177 4811 3410 4880 Spiritus
3453 4831 3572 4869 san-

2003 4893 2074 4946 cti
2107 4898 2347 4949 eSscntia
2406 4897 2568 4951 simul
2633 4902 2998 4955 coessentiale
3043 4906 3322 4958 consistit.
3351 4905 3455 4960 Sed
3497 4919 3577 4959 ta-

1998 5006 2122 5043 men
2156 5008 2257 5046 nee
2303 4991 2491 5056 Pater,
2542 5011 2638 5049 uec
2673 4995 2910 5065 Spiritus
2965 5010 3210 5063 sanctus,
3261 5004 3351 5054 sed
3401 4988 3576 5056 solum

1999 5082 2260 5146 Verbum,
2297 5088 2441 5154 quod
2479 5099 2560 5141 est
2601 5087 2780 5144 Patris
2828 5090 3021 5158 Filius,
3057 5093 3411 5164 singulariter
3473 5100 3572 5150 litt--

1999 5186 2220 5225 tuanmn
2252 5183 2467 5244 ,‘corpus
2500 5176 2577 5244 (6)
2609 5177 2782 5233 induit
2813 5177 3116 5244 sensibile,
3141 5199 3198 5238 δυ
3262 5185 3572 5236 hominibus

1992 5266 2262 5330 exhibuit,
2300 5256 2501 5336 eorpus
2553 5280 2833 5340 sumptum
2878 5273 3095 5344 indigna
3133 5280 3242 5344 pati
3301 5278 3568 5347 permisit,

1993 5368 2048 5412 et
2078 5359 2254 5426 ipsum
2297 5361 2736 5429 inseparabiliter
2779 5367 2829 5417 in
2881 5370 3123 5421 essentia
3160 5367 3336 5420 Patris
3363 5377 3410 5417 et
3446 5367 3572 5432 Sp:-

1996 5450 2133 5504 ritus
2175 5451 2349 5504 sancti
2387 5451 2660 5508 invisibile
2698 5463 2749 5509 et
2785 5457 3458 5524 impassibitepermansit.

3443 5707 3473 5741 ,ἑ

2070 5847 2148 5920 (θ)
2181 5847 2305 5904 Haec
2333 5848 2385 5904 it:
2409 5847 2619 5905 Latinis
2643 5849 2865 5919 trajecta
2895 5864 3047 5913 sunt.
