4018 6212
451 352 522 416 39
1617 350 1874 412 CONST.
1920 351 2018 410 ΗΑ
2032 351 2482 415 RMENOPULI
3625 375 3696 442 40

454 465 616 528 αὐτὸς
643 465 961 537 ἀχωρίστως
1004 465 1062 516 ὲν
1093 466 1158 535 τῇ
1191 463 1283 516 τοῦ
1335 463 1546 534 Πατρὸς
1584 465 1676 518 καὶ
1721 463 1816 516 τοῦ
1859 465 2014 532 ἁγίου
2091 467 2408 536 Πνεῦματος
2455 470 2613 540 οὐσίᾳ
2663 472 2878 542 ἀπαθὴς
2918 475 3320 547 διαμεμένηκε,
3370 481 3457 534 καὶ
3532 485 3695 558 ἀόρα-

451 574 566 620 τος.

523 649 635 705 Fit.
692 650 809 716 Qua
845 657 1026 704 autem
1071 645 1426 702 similitudine
1453 661 1606 702 amor
1642 647 1734 703 Dei
1785 649 2009 718 Spiritu:

2197 651 2395 702 ΛΔΕΛ.
2463 649 2582 704 Τίνι
2632 652 2776 724 λόγῳ
2840 657 2899 708 τὸ
2927 656 3154 728 Πνεῦμα
3199 662 3342 731 ἔρως
3373 664 3692 734 ὀνομάζεται

447 751 671 798 Sanctus
697 738 1047 796 nominatur?

519 835 682 889 MAG.
714 834 803 888 Dei
827 830 1120 887 essentiam
1150 830 1259 884 dixi
1291 843 1412 886 esse
1444 830 1649 897 vitam;
1677 846 1802 887 vera
1837 844 2015 886 autem

448 927 558 980 vita
591 940 650 979 se
684 925 863 978 vivere
890 921 1172 992 intelligit,
1195 931 1250 975 et
1291 921 1336 978 si
1366 936 1426 977 se
1457 921 1622 975 vitam
1655 921 1930 994 intelligit,
1958 937 2016 978 se

449 1013 638 1081 utique
688 1011 885 1076 diligit.
917 1010 1012 1066 Dei
1062 1020 1243 1065 autem
1286 1010 1490 1074 vivere,
1521 1010 1846 1081 intelligere,
1895 1011 2018 1065 dili-

446 1119 596 1174 gere,
632 1104 764 1160 nihil
811 1115 894 1160 est
927 1105 1071 1160 aliud
1096 1121 1256 1172 quam
1291 1103 1580 1162 exsistere.
1614 1102 1843 1160 Dilectio
1885 1119 2015 1173 ergo

449 1195 564 1260 Dei,
610 1204 694 1250 est
743 1196 893 1261 vita;
937 1206 992 1250 et
1044 1197 1173 1262 vita,
1205 1205 1288 1250 est
1334 1197 1580 1266 spiritus.
1626 1195 1837 1265 thuia
1876 1195 2018 1252 Dens

443 1301 541 1354 per
597 1285 947 1341 dilectionem
1004 1287 1220 1341 cunctis
1276 1301 1396 1341 esse
1437 1273 1761 1342 vel-vivere
1803 1287 2014 1351 tribuit,

442 1373 649 1429 ideirco
708 1373 946 1444 Splritus
977 1381 1342 1444 nuncupatur.
1399 1375 1522 1430 Ideo
1567 1385 1750 1429 autem
1797 1386 2016 1430 sanctus

441 1465 680 1529 additur,
711 1464 836 1534 quia
868 1475 1062 1520 cuncta
1094 1479 1189 1534 per
1212 1481 1334 1519 eum
1366 1467 1805 1520 sanetiticantur.

513 1643 621 1698 Fll.
653 1642 894 1709 Qualiter
921 1643 1178 1712 probatur
1209 1644 1294 1700 hic
1329 1645 1560 1714 Spiritus
1595 1662 1624 1700 a
1656 1647 1813 1704 Patre
1841 1659 1896 1704 et
1927 1647 2014 1704 Fi-

441 1753 516 1790 tio
541 1735 875 1806 procedere?
1113 1781 1118 1787 .

514 1828 678 1884 MAG.
705 1826 848 1880 Nihil
885 1828 1030 1882 aliud
1071 1826 1310 1898 Spiritus
1371 1838 1619 1894 sanctus,
1671 1843 1833 1898 quam
1862 1845 2014 1883 amor

441 1921 536 1975 Dei
587 1920 930 1990 intelligitur.
983 1919 1136 1976 Unde
1193 1929 1249 1976 et
1307 1919 1448 1977 Deus
1496 1921 1735 1976 cliaritas
1787 1922 2004 1976 dicitur.

440 2012 670 2065 Constat
703 2021 906 2073 autem,
944 2009 1071 2079 quia
1101 2009 1265 2064 Pater
1296 2010 1511 2075 Filium,
1539 2020 1596 2064 ut
1628 2009 1898 2080 seipsum,
1929 2012 2010 2062 di-

439 2102 597 2171 ligit;
653 2109 708 2157 et
754 2101 884 2156 item
940 2099 1112 2156 Filius
1148 2099 1405 2167 Patrem,
1463 2111 1522 2158 ut
1578 2103 1825 2173 seipsum
1889 2103 2015 2157 dili-

435 2196 536 2264 git.
581 2192 701 2248 Vita
753 2209 986 2264 namque
1031 2193 1202 2264 diligit
1237 2209 1298 2249 se
1329 2209 1541 2264 sapere,
1589 2203 1642 2250 et
1681 2195 1900 2251 iterum.
1926 2211 2015 2249 sa-

417 2286 646 2371 .pientia
675 2285 856 2354 diligit
887 2299 946 2340 se
979 2285 1183 2339 vivere.
1213 2282 1346 2338 Vita:
1385 2294 1592 2350 autem,
1625 2293 1679 2340 et
1703 2283 2011 2353 sapientize.

397 2366 665 2445 “probata
697 2386 787 2432 est
822 2390 930 2431 una
974 2376 1215 2432 essentia
1256 2390 1400 2432 esse.
1448 2374 1618 2445 Igitur
1648 2373 1887 2441 dilectio,
1931 2377 2013 2430 vel

435 2483 612 2534 amor,
669 2467 750 2524 vel
782 2468 1046 2532 cliaritas,
1101 2466 1243 2535 quod
1270 2475 1356 2522 est
1391 2465 1631 2536 Spiritus
1671 2479 1916 2531 sanctus,
1959 2468 2012 2522 in

436 2563 744 2617 substantia
765 2557 950 2617 Fatris
999 2571 1054 2616 et
1107 2560 1226 2616 Filii
1273 2559 1640 2614 coessentialis
1679 2560 1910 2622 exsistit,
1961 2569 2016 2616 et

434 2654 562 2708 ideo
597 2652 666 2707 ab
696 2663 926 2722 utroque
961 2653 1239 2724 :cqualiter
1256 2652 1520 2722 procedit.
1893 2695 1904 2706 .

503 2742 615 2798 FB.
650 2742 707 2798 Si
737 2744 974 2815 Spiritus
1011 2751 1235 2800 sanctus
1261 2742 1405 2797 Patri
1436 2752 1491 2798 ct
1513 2738 1649 2797 Filio
1679 2745 2012 2800 eoessentia-

435 2833 504 2890 lis
531 2834 770 2898 exsistit,
798 2833 1068 2904 quomodo
1097 2833 1166 2890 ab
1196 2833 1468 2889 individua
1512 2835 1816 2889 substantia
1851 2851 2013 2905 sepa-

435 2923 544 2976 rari
576 2921 656 2991 (7)
693 2919 886 2990 potuit,
922 2934 1044 2974 cum
1083 2919 1136 2974 in
1162 2908 1343 2990 specie
1372 2919 1635 2975 columbae
1690 2935 1855 2991 super
1908 2923 2011 2977 Do-

436 3012 664 3077 minum,
685 3010 842 3078 vel_in
867 3007 1040 3064 forma
1070 3009 1211 3081 ignis
1235 3026 1398 3080 super
1427 3011 1701 3081 apostolos
1728 3011 2013 3081 apparuit?

503 3100 669 3156 MAG.
702 3099 888 3155 Sancti
913 3098 1152 3169 Spiritus
1170 3101 1469 3156 substantia
1490 3115 1596 3154 non
1625 3099 1677 3155 in
1705 3099 2010 3156 columbam

431 3202 518 3248 est
566 3200 954 3257 transmutata,
1015 3192 1154 3246 sicut
1208 3206 1308 3246 nec
1352 3189 1511 3248 Verbi
1545 3191 1898 3265 [substantia]
1953 3193 2008 3248 in

2124 739 2216 792 τοῦ
2243 742 2378 794 Θεοῦ
2405 759 2421 805 ;

2193 835 2320 890 AIA.
2353 836 2467 905 Τὴν
2495 837 2588 891 τοῦ
2624 838 2761 890 Θεοῦ
2805 840 2996 894 οὐσίαν
3036 841 3182 910 ζωὴν
3240 842 3394 898 εἶπον
3447 846 3588 903 εἶναι
3618 867 3630 881 ·
3665 851 3695 921 ἡ

2118 923 2175 975 δὲ
2204 924 2412 996 ἀληθὴς
2436 927 2549 997 ζωὴ
2579 928 2783 998 ἑαυτὴν
2812 927 2996 994 ζῶσαν
3042 936 3157 986 νοεῖ
3187 949 3202 966 ⁸
3233 937 3282 988 εί
3339 937 3523 993 τοίνυν
3561 943 3695 996 ἑαυο

2117 1012 2217 1082 τὴν
2237 1014 2386 1086 ζωὴν
2425 1013 2599 1072 οὖσαν
2630 1021 2764 1085 νοεῖ,
2811 1021 3015 1090 ἑαυτὴν
3045 1023 3266 1090 πάντως
3325 1027 3537 1101 ἀγαπᾷ.
3587 1029 3695 1084 Τοῦ

2116 1105 2174 1158 δὲ
2201 1105 2340 1160 Θεοῦ
2388 1108 2448 1162 τὸ
2487 1109 2610 1180 ζῇν,
2657 1110 2720 1164 τὸ
2746 1114 2909 1176 νοεῖν,
2955 1113 3018 1167 τὸ
3065 1117 3311 1188 ἀγαπᾷν,
3356 1120 3510 1174 οὐδέν
3544 1123 3694 1175 ἔστιν

2115 1196 2332 1266 ἕτερον,
2374 1198 2408 1268 ἢ
2455 1199 2518 1253 τὸ
2559 1197 2702 1255 εῐναι
2733 1203 2765 1272 ή
2801 1205 2990 1274 ἀγάπη
3022 1207 3204 1261 τοίνυν
3244 1208 3339 1262 τοῦ
3382 1211 3542 1276 Θεοῦ,
3579 1211 3691 1282 ζωή

2118 1291 2240 1344 ἐστι
2267 1308 2282 1322 ο
2323 1293 2468 1362 καὶὴ
2508 1295 2644 1364 ζωὴ,
2664 1294 2884 1366 πνεῦμά
2920 1299 3059 1354 ἐστι.
3093 1301 3204 1354 Καὶ
3234 1302 3359 1355 ἐπεὶ
3388 1305 3417 1356 ὁ
3459 1305 3593 1367 Θεὸς
3623 1304 3692 1356 δι’

2117 1382 2340 1453 ἀγάπην
2385 1385 2519 1438 πᾶσι
2563 1387 2623 1439 τὸ
2672 1383 2810 1443 εἶναι
2863 1392 2958 1442 καὶ
3001 1391 3100 1460 ζῇν
3127 1393 3352 1460 δέδωκε,
3405 1395 3491 1448 διὰ
3534 1396 3692 1449 τοῦτο

2121 1472 2342 1541 Πνεῦμα
2398 1474 2893 1550 προσαγορεύεται.
2929 1481 3077 1535 Ἐκεῖ
3118 1484 3175 1536 δὲ
3222 1486 3283 1538 τὸ
3331 1485 3489 1555 ἀγιον
3523 1488 3691 1559 πρόσ-

2118 1579 2313 1631 κειται,
2341 1566 2424 1620 ὅτι
2455 1567 2521 1620 δι’
2547 1568 2713 1623 ἀύτοῦ
2745 1571 2919 1624 πάντα
2947 1573 3257 1641 ἁγιάζεται.
3464 1564 3472 1572 ’

2185 1658 2381 1711 ΔΔΕΛ.
2420 1661 2546 1723 Πῶς
2578 1662 2858 1716 δείκνυται
2881 1663 3040 1718 τοῦτο
3096 1667 3320 1738 Πνεῦμα
3375 1671 3524 1741 παρά
3583 1670 3690 1724 Πα-

2114 1752 2240 1816 τρὸς
2265 1751 2360 1804 καὶ
2416 1752 2546 1806 Υίοῦ
2604 1755 3042 1824 ἑκπορεύεσθαις

2187 1839 2312 1898 AIA.
2345 1845 2421 1898 Τὸ
2462 1845 2685 1913 Πνεῦμα
2717 1847 2779 1899 τὸ
2812 1847 2970 1916 ἅγιον
3011 1849 3163 1905 οὐδὲν
3215 1852 3425 1924 ἕτερον,
3458 1856 3490 1926 ἢ
3553 1856 3690 1927 ἔρως

2116 1933 2209 1986 τοῦ
2243 1933 2379 1986 Θεοῦ
2410 1938 2634 1988 νοεῖται·
2657 1937 2783 1990 ὅθεν
2809 1940 2905 1991 καὶ
2929 1940 2958 1992 δ
2990 1939 3123 2003 Θεὸς
3189 1944 3379 2014 ἀγάπη
3437 1945 3684 2015 λέγεταιο

2119 2025 2283 2090 δῆλον
2321 2024 2401 2087 δὲ,
2435 2025 2509 2089 ὠς
2536 2028 2564 2077 ὁ
2602 2029 2789 2097 Πατὴρ
2815 2029 2905 2082 τὸν
2944 2029 3089 2095 Υίὸν,
3108 2032 3180 2094 ὡς
3205 2033 3419 2095 ἑαυτὸν,
3449 2036 3662 2108 ἀγαπᾷ·

2119 2113 2214 2166 καὶ
2235 2114 2398 2183 δῆλον
2437 2117 2466 2169 ὸ
2513 2118 2626 2180 υίὸς
2650 2118 2739 2170 τὸν
2772 2120 3013 2190 Πατέρα,
3076 2121 3151 2186 ὼς
3199 2125 3416 2190 ἑαυτὸν,
3475 2127 3682 2198 ἀγαπᾷ.

2121 2206 2232 2258 Καὶ
2265 2209 2376 2277 γάρ
2405 2208 2440 2277 ὴ
2476 2207 2592 2280 ζωὴ
2627 2213 2823 2282 ἀγαπᾷ
2857 2213 3062 2285 ἑαυτὴν
3128 2215 3442 2284 γινώσκειν,
3493 2221 3588 2273 καὶ
3650 2223 3682 2289 ἡ

2120 2296 2284 2366 σοφία
2309 2298 2501 2370 ἀγαπᾷ
2529 2293 2883 2370 ἑαυτὴνζῇν.
2918 2303 3030 2373 Τῆς
3053 2303 3110 2357 δι
3143 2305 3291 2376 ζωῆς
3320 2307 3417 2359 καὶ
3471 2309 3570 2378 τῆς
3602 2327 3686 2361 οό-

2119 2389 2249 2454 φίας
2278 2388 2549 2443 δέδεικται
2574 2389 2787 2460 ὁμοίαν.
2837 2393 2908 2446 Ὶι
2940 2394 3093 2463 φιλία
3155 2396 3332 2450 τοίνυν
3368 2398 3402 2468 ἢ
3471 2400 3500 2452 ὁ
3525 2400 3700 2478 ἔρως,
3753 2451 3786 2469 ν

2118 2477 2151 2544 ἧ
2184 2478 2397 2547 ἀγάπη,
2439 2480 2474 2550 ἦ
2505 2481 2590 2543 τίς
2635 2482 2838 2536 ὲστιτὺ
2900 2485 3125 2554 Πνεῦμα
3161 2487 3223 2540 τὸ
3282 2491 3458 2558 ἅγιον,
3496 2493 3555 2546 ιν
3618 2481 3690 2563 τῇ
3729 2479 3747 2550 ξ
3792 2485 3838 2522 ,;

2115 2568 2276 2638 οὐσίᾳ
2305 2568 2401 2621 τοῦ
2435 2572 2646 2640 Πατρὸς
2678 2575 2892 2627 καὶτοῦ
2924 2577 3078 2639 Υῐοῦ,
3103 2580 3390 2647 όμοούσιός
3427 2584 3569 2650 ἐστι,
3596 2591 3686 2638 καὶ

2115 2661 2246 2730 παρ’
2286 2662 2552 2732 ἑκατέρου
2590 2665 2954 2735 ἐκπορεύεται
2983 2668 3205 2739 ἐπίσης.

2188 2727 2390 2806 ᾸΔΕΔ.
2437 2727 2582 2806 ’λλΥ
2603 2727 2810 2808 snake
2852 2757 3076 2826 Πνεῦμα
3102 2727 3173 2811 τὸ.
3193 2761 3350 2828 ἅγιον
3381 2764 3556 2833 Πατρὶ
3591 2765 3687 2817 καὶ
3743 2727 3754 2734 ἢ

2120 2843 2232 2914 Υἱῷ
2257 2845 2404 2897 ἐστὶν
2455 2846 2770 2916 ὸμοούσιον,
2806 2849 2922 2912 πῶς
2977 2852 3078 2919 τῆς
3129 2851 3438 2924 ἀδιαιρέτου
3499 2857 3685 2920 οὐσίας

2114 2936 2454 3007 χωρισθῆναι
2485 2937 2790 3009 δεδύνηται,
2837 2941 2926 2994 ὅτε
2957 2945 3290 3014 περιστερᾶς
3320 2946 3450 3000 εῖδει
3475 2951 3567 3002 επὶ
3597 2948 3684 3002 τὸν

2116 3027 2391 3099 Κύριονηῆ
2420 3029 2593 3099 πυρὸς
2633 3035 2814 3102 μορφῇ
2838 3035 2932 3086 isti.
2947 3037 3077 3097 τοὺς
3107 3037 3440 3103 ἀποστόλους
3467 3040 3638 3109 ἐφάνη
3665 3056 3682 3105 ς

2184 3119 2314 3172 ΔΙΔ.
2353 3119 2460 3174 Τοῦ
2497 3121 2655 3188 ἁγίου
2711 3123 3030 3189 Πνεύματος
3084 3127 3241 3180 οὐσία
3291 3129 3392 3182 οὐκ
3447 3132 3531 3192 είς
3585 3132 3682 3202 τὴν

2117 3209 2450 3278 περιστερὰν
2483 3210 2754 3281 ἠμείφθη,
2818 3211 3009 3284 ὥσπερ
3037 3215 3155 3268 οὐδὲ
3189 3217 3221 3287 η
3260 3216 3354 3270 τοῦ
3396 3219 3572 3288 Λόγου
3603 3222 3682 3284 είς

435 3279 657 3340 carnem
685 3294 771 3341 est
803 3283 1217 3351 transformata,
1251 3285 1344 3340 sed
1391 3282 1626 3355 Spiritus
1669 3297 1892 3343 sanctus
1915 3300 2009 3343 co-

2117 3298 2217 3369 τὴν
2249 3302 2436 3372 σάρκα
2468 3279 2898 3374 μεταϐέϐληται·
2929 3279 3066 3363 ἀλλὰ
3091 3307 3151 3361 τὸ
3184 3279 3413 3380 Πνεῦμα
3435 3279 3498 3365 τὸ
3525 3279 3683 3380 ἅγιον

343 3424 353 3436 .
433 3377 631 3432 lumbm
665 3393 861 3447 corpus
891 3376 1151 3432 condidit.

432 3491 618 3548 Sancti
657 3490 1224 3564 I_!ilarii,Pictavorum
1250 3494 1500 3562 episcopi.
1527 3491 1611 3564 Ea:
1627 3507 1886 3561 sermone,
1913 3497 2004 3564 qui

501 3574 613 3632 post
654 3559 1014 3633 Pentecoste»,
1041 3564 1093 3616 in
1124 3564 1256 3633 {esto
1293 3559 1497 3620 sane-ta
1523 3562 1827 3632 Trinitatis,
1866 3559 2003 3620 na-

503 3645 649 3685 tatur

501 3743 787 3800 Credimus
822 3753 1068 3800 sanctam
1119 3744 1464 3805 Trinitatem.
1507 3745 1609 3801 lioe
1634 3754 1742 3812 est,
1787 3743 2001 3800 Patrem

395 3879 400 3884 .
428 3845 486 3891 et
509 3833 708 3891 Filium
743 3846 798 3890 et
829 3834 1091 3906 Spiritunt
1121 3846 1392 3904 sanctum,
1429 3853 1596 3892 unum
1631 3837 1796 3892 Deum
1825 3838 2004 3892 omni-

428 3939 728 3998 potentem,
773 3929 933 3984 unius
966 3929 1306 3997 substantiae,
1345 3930 1506 3987 unius
1539 3931 1812 3995 essentia,
1847 3931 2006 3986 unius

427 4023 738 4092 potestatis,
763 4021 1097 4078 conditorem
1119 4021 1360 4077 omnium
1384 4031 1784 4089 creaturarum,
1811 4039 1877 4079 ex
1899 4038 2006 4094 quo

425 4115 631 4180 omnia,
668 4129 765 4184 per
798 4130 955 4182 quem
1008 4115 1214 4179 omnia,
1247 4114 1299 4168 in
1322 4128 1432 4184 quo
1483 4115 1686 4181 omnia;
1720 4113 1934 4170 Patrem
1975 4131 2004 4169 a

425 4207 628 4274 seipse,
657 4223 761 4262 non
781 4207 850 4261 ab
879 4206 1007 4272 alio;
1042 4205 1235 4260 Filium
1263 4220 1328 4261 ex
1358 4203 1518 4260 Patre
1543 4205 1807 4274 genitum,
1838 4205 2003 4260 Deum

426 4312 640 4360 verum,
671 4299 736 4350 de
764 4298 870 4352 Deo
905 4311 1053 4364 vero;
1091 4298 1270 4352 lumen
1297 4311 1507 4361 verum,
1536 4309 1601 4350 ex
1622 4311 1752 4350 vero
1777 4297 2000 4362 lumine;

427 4403 537 4440 tum
566 4370 740 4441 tamen
769 4389 877 4441 duo
910 4389 1137 4451 lumina,
1179 4387 1272 4443 sed
1298 4401 1464 4440 unum
1491 4384 1668 4440 lumen
1699 4403 1712 4439 :
1743 4384 2005 4454 Spiritum

428 4490 702 4543 sanctum,
734 4496 762 4533 a
816 4479 974 4534 Patre
1005 4496 1066 4534 ac
1103 4479 1240 4535 Filio
1283 4479 1565 4548 aequaliter
1601 4482 2001 4548 procedentem,

425 4571 940 4627 consubstantialem
971 4587 1024 4628 et
1050 4585 1376 4627 coaeternum
1400 4569 1541 4626 Patri
1576 4585 1639 4625 ac
1661 4569 1818 4626 Filio.
1847 4571 2008 4626 Pater

2110 3388 2172 3440 τὸ
2201 3389 2300 3457 τῆς
2339 3393 2668 3464 περιστερᾶς
2698 3392 2935 3448 ἔπλασσε
2977 3397 3159 3468 σῶμα.

2115 3500 2226 3555 Τοῦ
2253 3503 2428 3574 ᾀγιου
2469 3505 2730 3574 ’Μαρίου
2786 3509 3098 3564 Πικτάϐων
3145 3514 3515 3571 ἐπισκόπου.
3578 3517 3682 3572 Ἐκ

2179 3571 2466 3657 {appet/ft
2497 3571 2610 3655 τὴ]ἱ
2635 3579 3077 3657 μενςηκοστῂνζ
3112 3571 3684 3657 ἁνξγῖιςῳσκομέκου

2178 3642 2389 3710 λόγου,
2412 3645 2483 3697 ἐν
2509 3643 2584 3714 τῇ
2622 3646 2801 3716 ἐορτῇ
2824 3642 2946 3718 τῆς
2977 3642 3152 3720 ἁγίας
3183 3642 3452 3724 Ὶξριὰδος.

2180 3753 2522 3826 Πιστεύομεν
2586 3757 2685 3826 τὴν
2742 3760 2907 3829 ἁγίαν
2975 3762 3201 3834 Τριάδα,
3278 3768 3530 3822 τουτέστι
3593 3771 3685 3824 τὸν

2113 3843 2358 3914 Πατέρα,
2390 3845 2486 3899 καὶ
2515 3847 2607 3914 τὴν
2637 3849 2789 3918 Υίὸν,
2841 3853 2938 3907 καὶ
2971 3854 3032 3906 τὸ
3079 3856 3237 3924 ἅγιον
3289 3857 3540 3931 Πνεῦμα,
3585 3863 3684 3916 ἕνα

2117 3936 2254 3990 Θεὸν
2287 3937 2724 4011 παντοδύναμον,
2759 3944 2889 4013 μιᾶς
2925 3945 3138 4012 οὐσίας,
3206 3948 3336 4018 μιᾶς
3377 3952 3681 4021 ὑπάρξεως,

2117 4030 2248 4100 μιᾶς
2287 4029 2920 4108 ἑξουσίας,δημιουργὸν
2946 4039 3162 4098 πάντων
3193 4042 3302 4096 τῶν
3348 4047 3682 4111 κτισμάτων,

2113 4121 2172 4187 ἐξ
2200 4113 2262 4173 οῦ
2292 4121 2492 4188 πάντα,
2520 4124 2589 4177 δι’
2615 4120 2676 4179 οὗ
2709 4127 2913 4197 πάντα,
2947 4123 3063 4198 ινῷ
3107 4134 3305 4190 πάντα·
3337 4138 3557 4208 Πατέρα
3589 4140 3684 4208 ἀφ’

2114 4211 2350 4279 ἑαυτοῦ,
2393 4215 2510 4268 ἀλλ’
2542 4217 2644 4271 οὐκ
2673 4219 2770 4288 ἀφ’
2821 4221 3034 4292 ιὶτέρου⁶
3092 4225 3223 4279 Υἰὸν
3245 4231 3309 4280 ὲκ
3339 4231 3432 4282 τοῦ
3476 4233 3685 4300 Πατρὸς

2113 4306 2547 4375 γεννητὸν,Θεὸν
2597 4309 2877 4380 ἀληθινὸν,
2913 4314 2976 4368 ἐκ
3031 4316 3171 4370 Θεοῦ
3228 4318 3506 4387 ἀληθινοῦ⁹
3567 4325 3682 4390 φὼς

2114 4394 2394 4464 ἀληθινὸν,
2436 4399 2499 4451 ἐκ
2537 4400 2713 4466 φωτὸς
2764 4403 3054 4474 ἀληθινοῦ,
3080 4409 3160 4459 -οὐ
3192 4408 3301 4478 μὴν
3363 4410 3459 4463 δύο
3506 4413 3679 4481 φῶτα,

2113 4486 2229 4539 ἀλλ’
2256 4486 2314 4541 ἓν
2345 4489 2481 4558 φῶς·
2515 4491 2742 4565 Πνεῦμα
2765 4497 2946 4564 ἅγιον,
2979 4498 3135 4567 παρά
3165 4498 3375 4571 Πατρὸς
3420 4504 3514 4554 καὶ
3553 4503 3680 4554 Υιοῦ

2115 4580 2311 4650 ἐπίσης
2327 4583 2780 4655 ἐκπορευόμενον,
2805 4588 3088 4657 ὀμοούσιον
3106 4590 3200 4644 καὶ
3221 4593 3488 4645 συναϊδιον
3510 4596 3620 4647 Πατ
3631 4596 3684 4666 ρὶ

429 4665 482 4716 in
507 4666 684 4733 seipse
714 4667 988 4736 perlectus
1029 4667 1189 4729 Deus;
1216 4665 1404 4732 Filius,
1437 4664 1712 4734 perlectus
1745 4664 1908 4731 Deus,
1937 4682 2002 4722 ex

2117 4675 2204 4724 καὶ
2233 4673 2360 4742 Υίῷ.
2398 4675 2590 4747 Πατὴρ
2620 4677 2678 4730 ὲν
2700 4679 2878 4749 ἐαυτῷ
2903 4680 3114 4752 πλήρης
3133 4682 3288 4750 Θεὸς,
3313 4683 3440 4747 Υἳος
3469 4661 3684 4756 πλήρης

431 4754 589 4809 Patre
644 4768 823 4826 natus;
863 4756 1097 4826 Spiritus
1156 4766 1401 4822 sanctus,
1457 4756 1730 4824 perfectus
1775 4758 1942 4819 Deus;
1978 4775 2007 4813 a

427 4847 589 4902 Patre
615 4863 677 4902 ac
703 4849 834 4904 Filio
866 4851 1183 4919 procedens.
1217 4846 1334 4904 Non
1367 4861 1476 4905 tres
1511 4862 1687 4906 autem
1720 4851 1848 4906 deos
1882 4853 2011 4906 dici-

429 4955 570 5005 mus,
605 4940 695 4994 scd
725 4957 888 4994 unum
918 4942 1086 4994 Deum
1123 4943 1563 5013 omnipotentem,
1601 4955 1886 5023 internum,
1926 4946 2007 4996 in-

430 5032 720 5097 visibilein,
761 5033 1282 5097 incommutabilem,
1323 5045 1492 5090 totum
1529 5037 1731 5105 ubique
1767 5053 2003 5106 praesten-

431 5128 562 5184 tem,
594 5135 696 5173 non
725 5123 776 5174 in
806 5128 989 5190 partes
1011 5123 1264 5186 divisum,
1295 5125 1390 5178 sed
1417 5133 1583 5179 totum
1616 5127 1667 5179 in
1702 5129 2006 5192 universis;

427 5226 532 5264 non
559 5213 819 5275 localiter,
845 5213 940 5267 sed
972 5226 1254 5284 potesmte;
1285 5217 1377 5286 qui
1407 5231 1526 5270 cum
1551 5219 1626 5271 sit
1650 5218 2010 5272 incommuta-

2111 4762 2245 4826 Θὲος
2272 4765 2335 4816 ὲκ
2360 4765 2451 4817 τοῦ
2482 4767 2694 4836 Πατρὸς
2717 4771 3016 4840 γεννηθείς·
3038 4774 3262 4842 Πνεῦμα
3290 4776 3445 4843 ἅγιον
3475 4778 3680 4849 πλήρης

2106 4851 2262 4920 Θεὸς,
2283 4857 2432 4925 παρὰ
2458 4857 2670 4927 Πατρὸς
2693 4861 2788 4913 καὶ
2817 4863 2940 4913 Υίοῦ
2966 4864 3417 4933 ἐκπορευόμενον.
3441 4870 3516 4921 Οὐ
3537 4875 3680 4940 τρεῖς

2109 4948 2166 4999 δέ
2211 4964 2394 5016 φαμεν
2421 4947 2598 5011 θεοὺς,
2631 4949 2745 5002 ἀλλ’
2775 4951 2870 5005 ἕνα
2918 4951 3052 5004 Θεὸν
3087 4959 3435 5029 πανγκρατῆ,
3467 4962 3679 5014 αἰώνιον

2105 5041 2359 5108 ἀόρατον,
2395 5041 2798 5110 ἀμετάϐλητον,
2835 5043 2953 5095 ὅλον
2985 5045 3262 5116 πανταχοῦ
3285 5054 3552 5120 παρόντα,
3586 5055 3680 5105 οὐκ

2110 5134 2188 5196 είς
2223 5135 2364 5205 μέρη
2391 5134 2792 5206 διαιρούμενον,
2824 5138 2940 5192 ἀλλ’
2973 5139 3095 5194 ὅλον
3134 5145 3194 5195 ὲν
3261 5147 3446 5211 πᾶσιν,
3483 5149 3543 5199 οὐ
3594 5165 3680 5198 το-

2109 5218 2309 5290 πικῶς,
2330 5225 2466 5279 ἀλλά
2497 5229 2636 5279 κατά
2655 5227 2887 5298 δύναμιν
2922 5246 2936 5259 θ
2957 5229 3014 5293 ὃς
3034 5234 3418 5305 ἀμετάϐλητος
3446 5235 3541 5300 ὢν,
3565 5237 3679 5286 ἐκτι

433 5304 577 5369 bilis,
611 5305 888 5358 mutabilia
924 5309 1152 5372 creavit,
1183 5319 1237 5361 et
1260 5319 1449 5363 creata
1477 5312 1764 5380 gubernat;
1797 5325 2009 5378 semper

2117 5335 2168 5370 σε
2221 5320 2290 5371 τά
2346 5309 2684 5389 μεταϐλητὰ,
2716 5323 2810 5375 καὶ
2837 5322 2906 5376 τὰ
2957 5323 3249 5381 κτισθέντα
3280 5304 3543 5398 κυϐερνᾷ,
3593 5329 3689 5395 ἀεὶ,

429 5407 632 5459 manet,
671 5399 814 5464 quod
865 5408 968 5462 est;
996 5397 1081 5451 cui
1140 5399 1472 5467 impossibile
1507 5411 1611 5467 est,
1629 5403 1884 5455 accidens
1908 5406 2006 5454 ali-

425 5486 566 5554 quod
609 5489 796 5542 adesse
835 5494 980 5554 (nam
1034 5488 1266 5558 simplici
1287 5491 1584 5547 divinitatis
1616 5505 1819 5547 natura:
1849 5495 2006 5561 quid-

391 5584 399 5599 ⁴
425 5594 588 5644 quam
611 5581 792 5648 adjici,
821 5581 898 5634 vel
935 5581 1099 5635 adimi
1121 5584 1323 5687 nequit;
1369 5600 1579 5654 semper
1599 5596 1679 5639 est
1705 5586 1844 5638 enim
1867 5587 2008 5653 quod

497 5755 571 5825 (7)
602 5755 740 5810 EJiti
773 5762 930 5826 ltlnlC,
965 5765 1214 5828 soporari.

2113 5409 2294 5477 μένων
2349 5410 2486 5480 ὅπερ
2544 5413 2711 5476 ἐστιν,
2770 5405 2815 5480 ᾧ
2883 5415 3234 5486 συμϐεϐηκὸς
3290 5418 3552 5471 ἀδύνατόν
3628 5405 3690 5498 τιξ

2119 5502 2379 5570 παρεῖναι
2404 5504 2494 5571 (τῇ
2521 5503 2628 5571 γὰρ
2658 5503 2805 5574 ἁπλῇ
2833 5504 2934 5574 τῆς
2969 5507 3223 5577 Θεότητος
3255 5509 3417 5576 φύσει
3450 5501 3691 5584 προστεέ

2120 5589 2333 5658 υῆναιῆ
2374 5591 2818 5660 ἀφαιρεθῆναίτι
2867 5595 3175 5664 ἀμήχανον,
3231 5597 3318 5650 ἀεὶ
3372 5598 3480 5669 γάρ
3537 5599 3683 5651 ἐστιν

2187 5768 2260 5834 (3)
2287 5766 2400 5820 Non
2434 5780 2606 5823 exstat
2641 5772 2782 5826 inter
2813 5772 2957 5826 edita
2991 5773 3148 5828 liuius
3178 5787 3364 5842 Opera.

3723 6078 3980 6198 [Ἥ

4015 2031 4018 2084 |

4015 2087 4018 2176 l

4015 2193 4018 2230 ι

4015 2241 4018 2344 l

4016 2349 4018 2440 !
