4018 6212
376 282 444 346 53
1628 281 1963 340 EPITOME
2005 280 2402 341 CANllNUM‘.
3560 274 3639 337 Si

704 397 772 448 Οἱ
808 395 914 448 τοῦ
941 395 1210 463 μεγάλου
1245 397 1590 449 Βασιλείου.

442 488 505 540 Οἱ
540 487 642 555 τὴν
696 488 1035 557 χειροτονίαν
1084 486 1443 555 ἐξομνύμενοι
1507 490 1582 556 μὴ
1641 488 1949 556 ἀναγκαζέ-

2576 394 2639 447 t0
2682 392 2871 444 Basilii
2908 390 3112 459 Magni.

2127 488 2229 555 Qui
2292 487 2694 542 ordinationem
2744 484 2985 552 ejurant,
3052 498 3156 536 non
3210 492 3519 548 cogantur:
3574 496 3638 534 ac

380 578 629 631 σθωσανο
665 578 762 629 καὶ
826 578 1087 646 μάλιστα,
1123 579 1172 630 εί
1220 577 1318 630 καὶ
1349 577 1595 647 μηδεμία
1625 579 1950 649 παραμυθία

2095 581 2382 645 raesertim,
2409 580 2453 633 si
2496 579 2699 632 uullmn
2743 593 2808 630 ex
2843 574 3203 647 iurisiurandi
3257 575 3441 627 verbis
3487 574 3638 627 sola-

379 673 445 724 ὲκ
474 669 589 722 τῶν
612 670 705 721 τοῦ
728 671 895 740 ὅρκου
924 671 1192 740 ῥημάτων
1222 672 1331 740 εἴη.

671 760 734 812 ’0
766 760 847 824 ις’
874 760 983 827 τῆς
1024 768 1077 814 a’
1106 761 1202 815 καί
1233 761 1293 827 β’
1314 763 1670 833 λεγομένης.

461 852 789 915 Ἐπίσκοπος
826 854 1016 923 μηδενὶ
1044 854 1233 925 τρόπῳ
1267 856 1327 908 ἐν
1377 856 1651 927 ἐκκλησίᾳ
1695 858 1952 925 γινέσθω,

375 938 436 1014 ἦς
466 945 495 996 ὁ
523 945 809 1012 προεστὼς
834 945 917 997 ἔτι
940 947 1029 1016 ζῇ,
1057 947 1150 999 καὶ
1177 946 1278 1015 τῆς
1304 946 1441 1010 ἰδίας
1472 946 1737 1000 ἀπολαύει
1765 948 1951 1018 τιμῆς·

375 1036 422 1088 εί
457 1035 533 1105 μὴ
555 1036 823 1107 πρότερον
851 1038 1014 1101 αὐτὸς
1034 1037 1136 1107 τὴν
1164 1037 1481 1107 ἐπισκοπὴν
1522 1040 1952 1109 παραιτήσαιτο.

377 1130 466 1180 Δεῖ
526 1128 638 1198 γὰρ
669 1130 936 1199 πρότερον
992 1129 1300 1191 κανονικῶς
1362 1129 1481 1201 μετ’
1528 1129 1833 1196 ἐξετάσεως
1861 1130 1955 1182 τὸν

376 1220 681 1273 ἐπίσκοπον
712 1221 1133 1293 καθαιρεθῆναι,
1166 1222 1260 1275 mi.
1292 1222 1466 1285 οὕτως
1500 1221 1690 1291 ἕτερον
1721 1221 1835 1275 ἀντ’
1861 1222 1959 1274 αὐ-

374 1312 468 1364 τοῦ
496 1313 963 1384 προϐιϐασθῆναι.

836 1407 900 1458 '0
920 1406 969 1459 δ’
993 1407 1103 1475 τῆς
1136 1408 1206 1461 ἐν
1232 1407 1519 1475 Σαρδικνῇ.

447 1497 560 1549 Καὶ
587 1498 634 1549 εί
656 1497 811 1567 παρὰ
837 1499 948 1565 τῶν
973 1502 1364 1566 γειτονούντων
1392 1501 1709 1554 ἐπισκόπων
1736 1501 1960 1554 ἐπίσκο-

382 1604 478 1641 πος
508 1588 836 1659 καθαιρεθῇ,
885 1591 979 1642 καὶ
1026 1591 1227 1658 φάσκει
1270 1592 1435 1644 πάλιν
1457 1591 1606 1659 ἔχειν
1637 1591 1955 1659 ἀπολογίαν,

380 1679 426 1730 εί
450 1680 528 1748 μὴ
564 1681 593 1731 ὁ
635 1678 855 1751 Ῥώμης
893 1683 1099 1751 ὀρίσει,
1153 1684 1342 1751 ἔτερος
1377 1687 1455 1744 είς
1484 1684 1581 1751 τὴν
1605 1684 1772 1737 αὑτοῦ
1824 1684 1958 1737 x10—

380 1768 544 1839 ἕδραν
572 1768 651 1839 μὴ
680 1772 1055 1827 καθιστάσθω.

909 1888 1249 1942 ΕΠΙΙῬΔΦΗ
1292 1891 1367 1943 B'.

456 1976 553 2041 Τίς
602 1977 945 2043 ἐπίσκοπος
974 1980 1226 2050 γίνεται.
1263 1984 1364 2037 καί
1422 1986 1511 2050 τίς
1543 1988 1615 2037 οὐ
1647 1984 1888 2052 γίνεται.

851 2073 915 2126 '0
944 2081 1003 2127 π’
1028 2075 1146 2130 τῶν
1175 2078 1559 2134 ἀποστόλων.

452 2163 862 2232 Νεοφὼτιστος,
894 2166 927 2236 ἢ
960 2168 1023 2219 ὲκ
1070 2169 1280 2237 φαύλης
1318 2170 1622 2241 διαγωγῆς,
1668 2172 1963 2233 ἐπίσκοπος

390 2254 463 2325 μὴ
488 2257 741 2323 γινέσθω,
764 2261 811 2311 εί
838 2258 913 2329 μὴ
940 2258 1060 2331 θείᾳ
1082 2263 1287 2332 χάριτι,

1032 2440 1078 2489 Σ
1079 2440 1313 2505 χόλων.

462 2524 688 2600 Ἦγουν,
706 2525 757 2600 εί
791 2527 1136 2600 ᾁᾼποιιάλυψις
1157 2547 1224 2581 πε
1233 2532 1286 2597 pl
1313 2530 1480 2582 αὑτοῦ
1496 2531 1752 2599 γένηται,
1776 2530 1964 2600 ὥσπερ

388 2591 610 2662 Ἀνανίᾳ
630 2594 763 2662 περὶ
797 2596 1034 2651 Παύλου.

967 2690 1030 2743 '0
1058 2687 1142 2750 οξ⁹
1181 2691 1401 2748 αὐτῶν.

465 2777 902 2851 Ἐτερόφθαλμος
931 2782 1025 2834 καὶ
1049 2783 1244 2852 χωλὸς,
1269 2785 1317 2836 εἰ
1339 2784 1510 2852 ἄξιος,
1544 2785 1841 2848 ἐπίσκοπος
1882 2801 1966 2852 γι·

383 2870 575 2925 νέσθω.

996 2967 1061 3021 '0
1086 2967 1168 3030 οζ⁷
1194 2969 1417 3025 αὐτῶν.

454 3056 670 3127 Τυφλὺς
697 3059 776 3124 δὲ,
810 3060 903 3112 καὶ
922 3062 1126 3129 κωφὸς,
1152 3061 1228 3130 μὴ
1292 3062 1542 3129 γινέσθω.

697 3151 751 3202 '0
784 3149 846 3211 ιζ’
878 3150 984 3217 τῆς
1011 3160 1062 3205 α’
1101 3155 1198 3206 καὶ
1220 3153 1281 3215 β’
1305 3155 1660 3223 λεγομένης.

454 3242 660 3311 Μηδεὶς
691 3243 799 3294 τῶν
837 3243 1041 3295 λαῖκῶν
1070 3245 1102 3312 ἢ
1130 3246 1381 3315 μοναχῶν
1415 3246 1612 3315 ἀθρόον
1643 3246 1720 3308 είς
1752 3247 1815 3299 τὸ
1869 3249 1969 3316 τῆς

383 3332 702 3399 ἐπισκοπῆς
744 3330 879 3399 ὕψος
914 3331 1223 3397 ἀναγέσθω,
1251 3334 1299 3385 εί
1332 3332 1406 3402 μὴ
1443 3336 1558 3395 τοῖς
1582 3333 1967 3405 ἐκκλησιαστι-

385 3426 503 3485 κοίς
540 3424 810 3493 πρότερον
846 3425 1081 3493 βαθμοῖς
1132 3426 1466 3493 ἐξετάζοιτο,
1497 3429 1554 3479 ὲν
1590 3429 1805 3498 ἑκάστῳ
1830 3428 1968 3495 τάγ-

390 3534 522 3585 ματι
543 3516 639 3569 τὸν
668 3518 1059 3586 νενομισμένον
1086 3517 1278 3586 χρόνον
1305 3519 1663 3591 ἀποπληρῶν.

844 3610 897 3660 '0
929 3614 961 3663 ι’
990 3607 1099 3674 τῆς
1126 3610 1193 3662 ἐν
1224 3610 1509 3679 Σαρδικῇ.

461 3699 577 3752 Καὶ
605 3699 665 3763 ἐξ
700 3700 906 3770 ἀγορᾶς
937 3701 1216 3763 πλούσιος,
1253 3701 1286 3770 ἢ
1335 3702 1712 3770 σχολαστικὸς,
1746 3704 1827 3766 είς
1871 3704 1970 3773 τὴν

387 3793 809 3863 ἀρχιερωσύνην
850 3794 924 3864 μὴ
963 3795 1336 3858 καθιστάσθω,
1388 3797 1435 3849 εί
1496 3798 1570 3865 μὴ
1625 3795 1715 3849 διὰ
1766 3795 1963 3866 χρόνου

386 3886 490 3935 καὶ
536 3886 867 3950 δοκιμασίας
919 3880 1074 3950 οὗτος
1138 3888 1630 3953 ἐκκλησιαστικοὺς
1705 3889 1970 3960 πρότερον

384 3974 592 4026 διέλθοι
629 3973 871 4043 βαθμούς
902 3992 915 4005 ο
950 3978 978 4030 ὁ
1010 3976 1120 4048 γὰρ
1150 3977 1228 4047 μὴ
1257 3977 1425 4043 οὕτω,
1448 3978 1728 4048 νεόφυτος.

549 4209 557 4217 ,
826 4161 890 4214 '0
914 4161 990 4225 ιβ’
1019 4161 1130 4230 τῆς
1154 4163 1224 4216 ἐν
1243 4164 1584 4231 Λαοδικείᾳ.

474 4250 537 4301 ’0
561 4251 1080 4321 χειροτονησόμενος
1117 4254 1445 4318 ἐπίσκοπος,
1493 4258 1542 4309 εί
1585 4255 1662 4326 μὴ
1696 4257 1789 4312 τὸν
1819 4258 1971 4311 Ψαλ-

2057 673 2192 728 lium
2219 672 2311 727 sit.

2395 765 2460 819 16
2486 764 2695 832 synodi,
2727 779 2843 829 qua:
2874 764 2909 816 1·
2936 772 2983 815 ει
3012 762 3047 815 2
3082 761 3300 813 dicitur.

2130 855 2432 924 Episcopus
2458 856 2610 909 nullo
2638 854 2815 909 modo
2835 856 2927 907 liat
2957 852 3291 915 in.ecclesia,
3318 849 3476 917 cujus
3508 867 3639 917 pra:-

2060 966 2148 1006 ses
2191 952 2369 1004 adhuc
2408 951 2559 1015 vivit,
2595 961 2649 1004 et
2683 950 2890 1003 honore
2925 964 3025 1001 suo
3078 947 3311 1000 fruitur:
3350 946 3455 999 nisi
3489 946 3640 1010 prius

2061 1042 2175 1110 ipse
2210 1042 2574 1110 repndiaverit
2603 1043 3003 1108 episcopatum.
3039 1039 3264 1105 Oportet
3315 1039 3459 1089 enim
3489 1038 3641 1105 prius

2062 1133 2360 1187 secundum
2392 1148 2633 1186 canones
2684 1130 2935 1188 adhibito
2981 1130 3231 1183 examine
3276 1128 3473 1194 deponi
3530 1128 3644 1195 epi—

2063 1241 2327 1295 scopum,
2350 1236 2403 1280 et
2434 1225 2511 1280 sic
2543 1226 2708 1279 alium
2739 1226 2792 1277 in
2826 1224 3141 1293 ejuslocum
3170 1223 3499 1291 promoveri.

2636 1403 2669 1456 4
2714 1401 2786 1457 Sa
2796 1402 3073 1456 rdicensis.

2134 1496 2190 1549 Si
2223 1496 2509 1563 episcopus
2540 1510 2569 1546 a
2613 1495 2812 1547 vicinis
2840 1489 3420 1562 episcopis'depositus
3460 1488 3642 1551 fuerit,

2064 1599 2128 1640 ac
2158 1602 2374 1640 rursum
2432 1586 2622 1645 dicat,
2680 1585 2883 1637 habere
2935 1598 2994 1636 se
3055 1581 3474 1650 purgationem:
3540 1577 3643 1629 nisi

2063 1678 2339 1732 [lotttauus
2366 1680 2652 1747 episcopus
2685 1675 2961 1740 statuerit,
2994 1675 3134 1729 alius
3168 1674 3219 1726 in
3250 1672 3446 1727 solium
3479 1669 3647 1739 ipsius

1993 1748 2034 1801 Β
2065 1785 2133 1822 ne
2164 1770 2537 1824 constituitur.

2652 1883 2961 1940 TITULUS
3002 1882 3067 1937 li.

2279 1976 2407 2041 Quis
2457 1979 2554 2046 ﬁat
2590 1980 2881 2047 cpiscopus,
2924 1987 2974 2032 et
3008 1977 3127 2047 quis
3169 1992 3270 2029 non
3312 1974 3430 2042 ﬁat.

2494 2072 2678 2126 Conon
2726 2072 2795 2126 80
2837 2071 3218 2138 apostolorum.

2142 2161 2352 2217 Recens
2384 2178 2478 2233 per
2510 2163 2845 2232 baptisnmm
2875 2160 3238 2221 illuminatus,
3266 2167 3357 2210 aut
3388 2172 3450 2211 es
3480 2171 3645 2222 prava

2070 2255 2507 2318 eonversatioae,
2544 2269 2650 2307 non
2713 2256 2805 2308 tiat
2873 2253 3164 2322 episcopus
3238 2248 3341 2301 nisi
3384 2248 3405 2269 '
3464 2247 3645 2302 divina

2069 2346 2265 2411 gratia.

2736 2434 3032 2491 Senonum.

2144 2532 2425 2591 Videlicet.
2459 2531 2502 2583 si
2552 2530 2811 2583 revelatio
2852 2531 2917 2583 de
2966 2528 3083 2595 ipso
3109 2523 3422 2594 contigerit,
3456 2536 3647 2593 quem-

2069 2602 2358 2657 admodum
2391 2603 2619 2655 Anauite
2647 2602 2712 2653 de
2746 2599 2936 2653 Paulo.

2638 2695 2703 2747 ’Π
2749 2694 3072 2745 earumdem.

2140 2786 2243 2852 Qui
2283 2786 2514 2839 alterum
2541 2784 2808 2838 duntaxat
2833 2784 3048 2837 oculum
3077 2781 3262 2844 habet,
3292 2789 3346 2835 et
3372 2777 3465 2849 qui
3497 2774 3647 2832 clau-

2071 2880 2173 2934 dus
2211 2887 2315 2941 est,
2340 2878 2386 2931 si
2415 2877 2606 2947 dignus
2638 2877 2827 2940 fuerit,
2852 2876 3142 2946 episcopus
3175 2875 3288 2928 ﬁat.

2639 2970 2708 3025 78
2747 2970 3076 3024 earumdem.

1996 3078 2039 3134 ο
2144 3062 2334 3118 Cacus
2373 3072 2574 3123 autem,
2607 3068 2662 3114 et
2693 3060 2912 3125 surdus,
2945 3075 3049 3114 non
3076 3060 3189 3114 ﬁat.

2465 3156 2528 3209 Π
2558 3154 2690 3223 ejus.
2715 3156 2876 3223 quivi
2909 3163 2956 3207 ει
2981 3153 3016 3206 2
3040 3153 3255 3207 dicitur.

2143 3246 2313 3302 Nemo
2342 3248 2607 3301 laicorum
2641 3245 2724 3299 vel
2774 3245 3169 3299 monachorum
3211 3243 3394 3297 subito
3436 3244 3501 3296 ad
3532 3243 3650 3310 epi-

2074 3346 2332 3407 scopatus
2381 3337 2771 3393 sublimitatem
2819 3336 3173 3404 provehatur,
3236 3333 3339 3387 nisi
3392 3332 3650 3403 gradibus

2072 3431 2463 3487 ecclesiasticis
2494 3431 2645 3499 prius
2688 3430 3023 3499 exploretur,
3066 3436 3385 3482 consuetum
3438 3438 3650 3495 tempus

2074 3523 2127 3576 in
2165 3523 2357 3577 ordine
2384 3523 2629 3592 quolibet
2669 3521 2976 3590 complens.

2631 3611 2702 3666 υ)
2719 3609 3092 3664 Sardicensis.

2143 3704 2220 3759 Ex
2273 3703 2395 3758 foro
2438 3704 2613 3768 dives,
2663 3712 2757 3757 aut
2807 3701 3192 3765 scholasticus,
3229 3700 3283 3753 in
3334 3700 3650 3767 pontiﬁcatu

2073 3809 2177 3849 nou
2210 3797 2601 3856 constituatur,
2652 3793 2753 3846 nisi
2810 3808 2906 3859 per
2942 3791 3159 3859 aliquod
3214 3790 3477 3856 temporis
3527 3805 3652 3856 spa-

2083 3887 2256 3949 tium,
2316 3894 2371 3938 et
2437 3882 2904 3951 explorationem,
2980 3880 3180 3949 gradus
3248 3879 3651 3934 ecclesiasticos

2074 3978 2228 4048 prius
2268 3974 2623 4046 percurrerit.
2654 3973 2788 4027 Nam
2841 3973 2935 4042 qui
2984 3971 3063 4027 sic
3109 3986 3221 4025 non
3252 3969 3385 4040 agit,
3413 3969 3650 4024 novitius

2071 4080 2179 4127 εει.

2638 4159 2706 4213 12
2739 4157 3078 4213 Laodiceam.

2143 4256 2486 4311 Ordinandus
2529 4254 2836 4323 episcopus,
2891 4250 2996 4305 nisi
3047 4249 3244 4303 librum
3307 4246 3648 4302 Psalmorum

383 4342 534 4408 τῆρα
558 4340 842 4405 γινώσκει,
885 4343 976 4395 καὶ
1001 4345 1103 4412 τὴν
1132 4344 1285 4398 θείαν
1343 4347 1525 4399 πᾶσαν
1558 4347 1807 4415 Γραφὴν,
1871 4348 1963 4401 καὶ

2089 4358 2604 4415 ,οηοι,οηηιθιηιμιο
2658 4346 2998 4413 Scripturam
3051 4342 3311 4406 divinam,
3357 4353 3413 4395 et
3463 4356 3649 4395 sacros

384 4433 520 4494 τοὺς
592 4432 773 4499 ἱεροὺς
822 4435 1057 4496 κανόνας
1086 4435 1472 4504 ὲρευνητικῶς,
1522 4438 1658 4489 ἀλλά
1713 4437 1787 4506 μὴ
1834 4456 1963 4508 παρ-

2089 4456 2312 4496 :anones
2343 4438 2704 4508 indagatorie,
2734 4452 2841 4491 non
2874 4434 3189 4488 transitoria
3223 4433 3371 4502 legit,
3420 4434 3493 4486 ita
3529 4434 3652 4500 qni-

381 4520 682 4583 οόευτικῶς
710 4521 1099 4589 ἀναγινώσκει,
1122 4522 1264 4576 ὥστε
1293 4527 1386 4577 καὶ
1409 4526 1569 4578 αὐτὸν
1590 4527 1731 4580 κατὰ
1760 4527 1829 4579 τὰ
1853 4528 1963 4581 θεῖα

2089 4531 2222 4593 tem,
2280 4538 2337 4583 ut
2397 4537 2452 4582 et
2498 4529 2613 4596 ipse
2658 4527 2955 4581 secundum
3015 4532 3283 4594 praecepta
3345 4524 3527 4576 divina
3572 4524 3650 4574 vi-

387 4612 710 4680 ὲντὰλματα
732 4614 1192 4684 ἀναστρέφεσθαι,
1227 4616 1322 4670 καὶ
1368 4618 1461 4672 τὸν
1490 4617 1582 4671 ὑπ’
1620 4620 1785 4674 αὐτὸν
1826 4620 1968 4674 atad.

386 4719 547 4755 σχειν
566 4703 720 4769 λαὸν,
756 4705 831 4775 μὴ
859 4708 1303 4775 χειροτονείσθω.

977 4799 1040 4853 ’0
1070 4797 1165 4867 κη’
1211 4799 1320 4866 τῆς
1349 4800 1419 4856 δ’.

463 4886 531 4937 Οἱ
555 4884 780 4948 Πόντου,
812 4887 909 4939 καὶ
950 4886 1156 4950 Ἀσίας,
1203 4889 1299 4941 καὶ
1332 4889 1575 4960 Θρᾴκης,
1609 4891 1701 4944 καὶ
1728 4893 1778 4944 oi
1836 4892 1971 4961 βάρι

382 4976 580 5042 Sapor,
636 4977 788 5044 παρά
844 4978 938 5029 τοῦ
993 4979 1618 5045 Κωνσταντινουπόλεως
1654 4983 1971 5052 χειροτονεί-

381 5068 637 5133 σθωσαν,
675 5067 783 5121 τῶν
809 5068 941 5121 ἴσων
979 5070 1287 5139 πρεσϐείων
1312 5072 1389 5141 τῷ
1430 5072 1648 5142 Ῥώμης
1704 5073 1970 5139 ἀξιωθέν-

380 5176 507 5226 τος,
542 5158 633 5211 διὰ
663 5158 760 5230 τὴν
787 5160 897 5213 τῶν
934 5163 1232 5233 σκήπτρων
1269 5163 1581 5232 μετάθεσιν.

936 5278 1287 5331 ΕΠΙΓΡΛΦΗ
1316 5279 1395 5332 F'.

686 5366 824 5420 Τίνα
858 5366 953 5419 δεῖ
976 5367 1171 5420 ποιεῖν
1198 5370 1303 5420 τὸν
1332 5370 1693 5422 ἐπίσκοπον.

387 5458 461 5509 '0
489 5455 590 5522 λη’
618 5455 739 5509 τῶν
778 5457 1302 5580 ἁποστόλων.ίκαὶ
1334 5463 1365 5512 ὀ
1401 5464 1483 5511 κε’
1516 5459 1629 5525 τῆς
1656 5460 1725 5511 ἐν
1765 5460 1970 5513 Ἀντιο-

1110 5544 1176 5580 γε
1203 5546 1259 5580 a.

1147 5544 1259 5579 εια.

1107 5546 1259 5595 χειᾳ.

457 5619 754 5683 ᾄιοικείτω
804 5620 923 5687 μετ’
949 5620 1200 5682 ἐξουσίας
1232 5621 1300 5671 τὰ
1328 5621 1423 5689 τῆς
1450 5622 1743 5693 ἐκκλησίας
1781 5625 1807 5674 ὁ
1858 5623 1973 5673 ὲπί-

374 5725 597 5773 σκοπλς
637 5711 964 5780 πράγματα,
991 5710 1064 5780 μή
1098 5728 1148 5762 τι
1190 5711 1393 5765 τούτων
1440 5714 1902 5783 σφετεριζόμενος,
1936 5712 1967 5779 ἢ

2073 4629 2184 4683 vat,
2214 4630 2271 4675 et
2314 4618 2585 4691 subditum
2621 4616 2727 4672 sibi
2759 4615 3014 4685 populmn
3077 4613 3290 4677 doceat,
3344 4628 3449 4667 non
3504 4614 3652 4666 Graii-

2073 4722 2254 4767 nator.

2667 4801 2738 4856 28
2770 4802 2960 4870 synodi
2991 4801 3045 4855 4.

2145 4895 2391 4966 Episc0pi
2421 4895 2601 4957 Ponti.
2636 4904 2691 4949 et
2717 4895 2881 4958 Asitr,
2910 4893 3257 4960 ethracim,
3304 4904 3360 4948 ct
3404 4894 3644 4957 barbari,

2075 5003 2102 5039 a
2136 4987 2738 5054 Constantinopolitano
2781 4987 3102 5041 ordinantur
3142 5004 3155 5041 :
3200 4987 3289 5055 qui
3333 5001 3489 5055 pares
3523 5002 3644 5040 cum

2075 5080 2322 5135 Romano
2362 5091 2691 5136 consecutus
2721 5089 2807 5136 est
2855 5080 3113 5147 honores,
3164 5089 3384 5148 propter
3431 5077 3639 5146 imperii

2076 5172 2506 5229 translationem.

2638 5283 2947 5341 TITULUS
2988 5286 3077 5340 111.

2336 5375 2589 5440 Qun'nam
2631 5377 2805 5444 facere
2852 5377 3037 5429 debeat
3080 5379 3373 5445 cpiscopus.

2216 5465 2398 5520 Conon
2426 5467 2495 5520 58
2530 5467 2916 5534 apostolorum,
2944 5478 2991 5518 el
3023 5466 3093 5520 25
3142 5451 3503 5519 Antiochcncc.

2152 5624 2447 5691 Episcopus
2497 5640 2618 5678 cum
2678 5634 2944 5693 potestate
2998 5636 3083 5675 res
3132 5620 3376 5675 ecclesia:
3411 5620 3640 5675 admini-

2077 5724 2228 5779 stt'ct,
2264 5713 2391 5768 nihil
2442 5730 2504 5769 cx
2556 5715 2632 5770 cis
2682 5711 3065 5783 depcculando,
3120 5710 3200 5765 vel
3236 5710 3527 5777 abuteudo,
3558 5710 3636 5765 vel
