4018 6212
365 376 438 440 ω
1548 381 1802 446 coxsr.
1862 384 2426 446 ItAItMENOPULI
3583 381 3653 444 64

370 498 516 579 intra
542 509 637 550 sex
665 505 889 551 menses
917 493 1172 559 lceat-int,
1201 496 1534 551 addiettulot‘
1564 501 1612 553 ei
1643 500 1736 568 qui
1761 500 1965 554 lucrari

2109 503 2241 571 ,ηδὶν
2270 501 2423 563 ἐντος
2453 499 2512 566 ἓξ
2547 499 2737 570 μηνῶν
2765 495 3053 568 δράσαιεν,
3088 495 3165 566 τῷ
3192 494 3482 567 δυναμένῳ
3521 515 3652 568 κερ-

371 595 546 654 potest
579 588 722 653 ;nisi
777 588 916 645 forte
962 588 1225 658 paruerit,
1273 589 1322 639 id
1370 607 1466 643 eos
1521 591 1699 646 facere
1749 593 1963 646 ratione

2109 598 2226 647 Ξναι
2269 591 2831 664 προσκυρούσθωσαν,
2866 591 2915 643 εἰ
2967 589 3041 658 μή
3076 607 3180 640 που
3213 589 3281 641 δι’
3313 589 3650 658 οἰκονομίαν,

373 679 886 742 administrationis,
919 696 1022 734 non
1077 695 1172 745 per
1202 681 1604 747 negligentiam.

682 772 748 825 ἰξ).
785 773 981 826 Imbiue
1002 773 1069 823 nd
1093 769 1351 824 Sanctum
1387 773 1659 843 Sep/aiam.

447 865 694 918 Pontifex
723 865 790 918 ad
834 865 1012 918 locum
1047 866 1430 934 pteniteutituu
1478 882 1599 921 sese
1630 885 1732 920 non
1768 869 1961 938 degra-

2069 685 2183 738 :m'
2209 687 2331 755 οὐχὶ
2355 683 2424 737 δι’
2455 684 2721 751 ἀμέλειαν
2756 683 2985 752 φανεῖεν
3009 681 3172 733 τοῦτο
3195 678 3502 744 ποιοῦντες.

2358 778 2416 828 '0
2448 777 2525 840 ιβ’
2567 774 2680 844 τῆς
2714 776 2786 828 ἐν
2823 773 2900 841 τῇ
2939 773 3107 843 ’Λτίᾳ
3156 772 3370 842 Σοφίᾳ.

2149 876 2332 946 ’Λρχιε
2345 874 2568 943 ρεὺςείς
2597 872 2699 941 τὴν
2728 871 2838 925 τῶν
2873 867 3291 939 μετανοούντων
3313 867 3499 938 χώραν
3527 869 3658 920 ἑαυ-

372 963 482 1014 det.
515 961 570 1015 Si
607 975 736 1014 vero
776 960 1179 1028 degradaverit,
1241 979 1350 1017 non
1411 964 1646 1034 amplius
1703 965 1962 1020 honorem

2109 972 2159 1024 ὃν
2197 971 2274 1040 μὴ
2308 967 2732 1032 καταόισαζέτω
2758 981 2774 998 ⁶
2807 963 3191 1027 καταϐιϐάσας
3224 963 3304 1027 δέ,
3335 961 3534 1032 μηκέτι
3559 960 3660 1028 τῆς

371 1053 734 1125 pontiﬁcalem
769 1054 872 1108 sibi
904 1055 1158 1110 vindicet.

941 1147 976 1201 4
1001 1147 1360 1202 Antiocheam.

445 1241 745 1310 Episcopus
783 1255 812 1292 a
836 1241 1044 1312 synodo
1079 1243 1381 1308 depositus,
1411 1250 1504 1297 aut
1541 1244 1844 1314 presbyter,
1874 1255 1968 1298 aut

373 1331 657 1394 diaconus,
689 1329 758 1383 ab
781 1331 1040 1399 episcopo
1070 1346 1168 1385 suo
1193 1371 1208 1393 ,
1239 1333 1282 1384 si
1333 1333 1462 1400 quid
1500 1333 1655 1386 obire
1689 1336 1830 1387 sacri
1873 1336 1970 1387 mi-

375 1423 584 1480 nisterii
613 1422 778 1477 fuerit
807 1438 992 1488 ausus,
1017 1439 1124 1476 non
1155 1423 1388 1491 amplius
1415 1423 1576 1477 ullam
1609 1425 1971 1482 restitutionis

376 1518 431 1572 in
459 1517 724 1587 integrum
797 1531 948 1586 spem
995 1517 1237 1580 habeat;
1271 1527 1320 1569 ct
1353 1518 1445 1587 qui
1479 1534 1604 1571 cum
1633 1531 1699 1571 eo
1727 1535 1972 1574 commu-

376 1616 585 1675 nicant.
642 1624 1012 1687 segregantor,
1071 1620 1372 1687 praesertim
1419 1619 1466 1672 si
1518 1617 1680 1674 latam
1731 1615 1782 1668 in
1845 1631 1970 1668 eum

379 1709 711 1763 sententiam
735 1707 946 1764 norint.

933 1805 956 1858 1
973 1804 994 1857 Ι
1051 1805 1090 1858 Α
1104 1805 1416 1860 otiae/teme.

454 1893 776 1964 Episcopus,
807 1905 900 1949 aut
928 1895 1233 1966 presbyter,
1294 1896 1385 1967 qui
1430 1907 1629 1966 praeter
1654 1891 1968 1962 metropoli-
1997 1868 2046 1929 Β

392 1987 502 2040 tani
539 1987 620 2040 sui
662 1988 996 2042 voluntatem
1044 1990 1111 2043 ad
1140 1989 1524 2058 imperatorem
1583 1987 1742 2053 abiit,
1797 1995 1906 2042 tam
1938 1998 1969 2037 a

383 2079 792 2145 communione,
825 2096 988 2150 quam
1023 2081 1290 2149 dignitate
1323 2090 1720 2136 summovetor.

973 2173 1004 2226 7
1047 2173 1402 2229 Sardicemis.

461 2267 634 2320 Aliter
697 2266 762 2320 ad
826 2267 1210 2331 imperatorem
1277 2281 1384 2320 non
1443 2267 1604 2321 abeat
1656 2264 1970 2332 episcopus,

387 2372 552 2426 quam
589 2357 634 2410 si
687 2355 1000 2423 viduarum,
1041 2366 1099 2411 et
1133 2356 1486 2426 pupillorum,
1535 2365 1591 2409 et
1647 2353 1972 2408 alllictorum

385 2448 594 2518 justum
626 2447 992 2519 patrocinium
1031 2447 1296 2515 impellat.

1019 2539 1054 2594 8
1093 2540 1355 2609 ejusdem.

464 2635 560 2687 Sin
591 2633 706 2702 ipse
733 2642 956 2703 propter
984 2632 1223 2702 aliquam
1253 2633 1564 2699 huiusmodi
1594 2648 1816 2688 causam
1847 2648 1974 2703 pro-

393 2727 561 2780 ﬁcisci
594 2725 750 2786 nolit,
793 2724 937 2793 quod
989 2738 1114 2776 eum
1161 2724 1217 2777 in
1257 2725 1454 2780 castris
1497 2726 1832 2781 commorari
1884 2741 1983 2795 pu-

394 2817 540 2880 deat,
570 2815 832 2868 diaconus
860 2813 1160 2884 ablegator.

1011 2904 1073 2957 21
1121 2905 1378 2973 ejusdem.

468 2997 769 3068 Episcopus
805 2999 1121 3067 episcopum
1155 2996 1257 3050 iter
1289 2996 1576 3051 facientem
1611 2997 1978 3066 conspiciens,

396 3095 614 3149 itineris
645 3110 864 3146 causam
921 3093 1219 3162 exquirat;
1265 3108 1327 3146 ac
1367 3093 1634 3162 siquidem
1676 3092 1980 3160 deprellen—

397 3187 537 3241 deiit
571 3202 692 3241 cum
726 3201 831 3238 non
872 3187 942 3241 ob
973 3187 1211 3255 aliquam
1245 3202 1464 3240 causam
1494 3201 1558 3239 ex
1589 3185 1677 3247 iis,
1717 3199 1857 3251 quas
1887 3184 1982 3237 de-
2010 3222 2053 3278 Ο

403 3279 848 3342 terminavimus,
905 3279 970 3332 ad
1036 3279 1441 3346 imperatorem,
1491 3280 1572 3332 vel
1626 3280 1730 3331 alio
1762 3277 2000 3346 proﬁci--~

397 3382 637 3426 sccutcm
672 3389 685 3426 :
722 3371 917 3426 litteris
954 3370 1074 3440 ejus
1105 3387 1213 3425 non
1245 3373 1578 3429 subscribat.
1625 3388 1723 3425 nec
1752 3387 1877 3424 cum
1920 3384 1986 3421 eo

398 3465 794 3518 communicet.

966 3553 1034 3608 12
1071 3554 1430 3608 Antiocheam.

481 3645 793 3716 Depositus,
819 3647 924 3702 nisi
960 3651 1220 3714 majorem
1256 3647 1323 3700 ad
1357 3646 1622 3718 synodum
1655 3659 1713 3697 se
1746 3644 1989 3698 contule-

405 3740 496 3803 rit,
529 3748 585 3794 et
636 3739 702 3794 ad
731 3755 848 3794 eam
887 3739 1135 3794 retulerit
1165 3739 1230 3793 de
1256 3738 1498 3808 juribus,
1529 3754 1649 3804 qua:
1703 3737 1902 3790 habere
1932 3752 1990 3791 se

407 3841 582 3900 putat,
640 3832 734 3886 sed
784 3831 1102 3900 imperatori
1156 3832 1336 3900 potius
1387 3829 1650 3884 molestus
1702 3829 1891 3892 fuerit,
1925 3844 1990 3881 ne

407 3925 624 3994 quidem
660 3924 927 3995 purgandi
975 3923 1059 3978 sui
1092 3923 1270 3978 locum
1314 3923 1537 3985 habeat,
1575 3936 1676 3976 nec
1712 3936 1861 3989 spem
1912 3920 1994 3973 l‘u-

411 4031 545 4074 terte
580 4018 634 4072 in
677 4019 948 4090 integrum
993 4017 1382 4073 restitutionis.

481 4136 552 4189 40
585 4134 920 4202 ιοοιίὶεεηω,
948 4146 997 4188 et
1029 4134 1096 4189 ‘33
1267 4151 1330 4188 ac
1363 4133 1429 4187 "Ili
1450 4133 1900 4202 Cartlmgineusis.

485 4293 587 4358 Qui
632 4302 860 4346 vocatttr
901 4291 967 4346 ad
997 4293 1260 4363 synodum
1306 4293 1623 4362 epismpus,
1669 4293 1834 4362 idque
1900 4307 1996 4361 pro

413 4385 587 4439 nihilo
631 4385 802 4446 ducit,
853 4393 1080 4452 excepta
1120 4385 1454 4438 iltlirtttitatis
1504 4401 1698 4450 causa,
1747 4387 1994 4454 increpa-

415 4487 523 4531 lor.
554 4475 650 4530 Sin
692 4475 1039 4528 multitudine
1072 4490 1168 4528 sua
1203 4475 1398 4536 fretus,
1431 4475 1759 4528 cliaritatcm
1792 4475 1995 4529 fratcr-

2068 1060 2471 1134 ἀρχιερατικῆς
2507 1057 2901 1112 ἀντιποιείσθω
2932 1056 3126 1126 τιμῆς.

2473 1153 2538 1204 '0
2573 1151 2623 1204 δ’
2654 1151 2871 1225 τῆςῂὲν
2911 1148 3268 1218 Ἀντιοχείᾳ.

2156 1249 2493 1311 Ἐπίσκοπος
2523 1246 2631 1300 ὑπὸ
2657 1245 2881 1299 συνόδου
2911 1242 3324 1314 καθῃρημένος,
3354 1241 3388 1312 ἢ
3417 1239 3663 1311 πρεσϐύο

2071 1359 2254 1415 τερος,
2285 1341 2319 1412 ἦ
2356 1339 2605 1402 διάκονος
2635 1337 2741 1392 ὑπὸ
2764 1336 2861 1391 τοῦ
2913 1335 3047 1389 ἰδίου
3090 1333 3422 1398 ἐπισκόπου,
3460 1335 3508 1386 εἰ
3539 1334 3662 1386 τολ-

2077 1434 2272 1506 μήσειέ
2302 1451 2356 1486 τι
2399 1431 2611 1503 πρᾶξαι
2657 1431 2760 1499 τῆς
2788 1425 3182 1498 λειτουργίας,
3234 1425 3439 1496 μηκέτι
3491 1427 3566 1494 μὴ
3601 1426 3659 1478 δὲ

2072 1524 2582 1588 ἀποκαταστάσεως
2631 1523 2828 1578 ἐλπίδα
2867 1520 3078 1590 ἐχέτωο
3110 1519 3208 1572 καί
3257 1521 3306 1570 οἱ
3338 1517 3515 1587 τούτῳ
3543 1535 3662 1570 κοιο

2075 1620 2400 1682 νοινοῦντες,
2444 1615 2928 1686 ἀφοριζέσθωσαν,
3009 1615 3107 1668 καὶ
3163 1612 3426 1683 μάλιστα,
3470 1611 3520 1662 εἰ
3572 1611 3664 1662 καὶ

2073 1713 2174 1784 τὴν
2204 1713 2324 1766 κατ’
2357 1710 2524 1765 αὑτοῦ
2565 1709 2759 1762 εἰδεῖεν
2787 1707 3090 1775 ἀπόῳασιν.

2477 1805 2632 1857 'Oua'
2662 1801 2776 1871 τῆς
2810 1801 2881 1854 ἐν
2923 1799 3279 1867 Ἀντιοχείᾳ.

2157 1901 2490 1960 Ἐπίσκοπος
2551 1895 2587 1966 ἢ
2635 1892 3042 1964 πρεσϐύτερος,
3077 1892 3232 1960 παρά
3282 1891 3511 1960 γνώμην
3565 1891 3658 1944 τοῦ

2079 1995 2213 2050 ἰδίου
2247 1989 2654 2064 μητροπολίτου
2686 1984 2942 2042 ἀπελθὼν
2975 1983 3114 2056 πρδς
3147 1983 3396 2052 βασιλέα,
3423 1982 3662 2050 ἀπόϐλη-

2073 2109 2168 2154 τος
2195 2088 2432 2158 γινέσθω
2463 2083 2562 2140 καὶ
2594 2086 2698 2153 τῆς
2736 2080 3052 2143 κοινωνίας,
3082 2078 3179 2133 καὶ
3211 2078 3314 2149 τῆς
3342 2076 3521 2144 ἀξίας.

2511 2177 2576 2232 '0
2603 2174 2647 2236 ζ’
2675 2174 2788 2244 τῆς
2819 2174 2890 2228 ἐν
2919 2170 3210 2242 Σαρδικῇ.

2152 2275 2364 2337 Ἄλλως
2399 2271 2457 2326 δέ
2509 2269 2812 2330 ἐπίσκοπος
2868 2265 3009 2337 πρδς
3049 2254 3278 2336 βασιλέα
3328 2262 3402 2333 μὴ
3434 2261 3667 2332 ἀπερχέ-

2081 2369 2216 2428 σθω,
2249 2367 2299 2420 εἰ
2351 2365 2427 2435 μὴ
2453 2361 2668 2434 χηρῶν,
2709 2362 2806 2413 καὶ
2841 2357 3128 2429 ὀρφανῶν,
3179 2357 3274 2410 καὶ
3311 2371 3668 2408 καταπονου-

2083 2462 2264 2534 μένων
2291 2457 2479 2514 δικαία
2513 2452 2927 2524 καταναγκάζει
2951 2449 3201 2522 βοήθεια.

2657 2544 2725 2599 ὀ
2753 2543 2806 2613 η’
2836 2543 3085 2610 ταύτης.

2156 2643 2221 2696 Εἰ
2250 2643 2307 2696 δέ
2337 2641 2498 2704 αὐτὸς
2524 2637 2786 2692 ἀπελθεῖν
2814 2634 2906 2689 διά
2953 2650 3006 2686 τι
3053 2630 3260 2685 τούτων
3304 2629 3364 2682 ού
3394 2626 3664 2698 βούλεται,

2084 2735 2480 2805 αἰσχυνόμενος
2513 2730 2676 2799 δῆθεν
2707 2725 3010 2797 διατρίϐειν
3061 2725 3119 2776 ὲν
3154 2721 3524 2793 στρατοπέδω⁴
3554 2718 3667 2772 διάα

2086 2845 2242 2890 κονος
2277 2819 2723 2881 ἀποστελλέσθω.

2646 2912 2710 2964 '0
2736 2916 2827 2964 xa’
2859 2909 3106 2975 ταύτης.

2153 3008 2490 3068 Ἐπίσκοπος
2518 3005 2821 3056 ἐπίσκοπον
2872 3000 3128 3053 όδεύοντα
3177 2996 3536 3065 θεασᾶμενος,
3572 2993 3668 3060 τὴν

2085 3103 2269 3156 αἰτίαν
2321 3100 2421 3170 τῆς
2451 3095 2763 3166 ὁδοιπορίας
2825 3093 3149 3162 ἐξεταζέτω·
3188 3090 3290 3144 κᾶν
3326 3087 3487 3142 αὑτὸν
3514 3083 3668 3156 εὕρῃ.

2092 3193 2165 3265 μὴ
2197 3192 2288 3246 διά
2311 3210 2362 3244 τι
2389 3190 2500 3244 τῶν
2530 3191 2665 3260 ἡμῖν
2693 3187 3022 3258 ὁρισθέντων
3057 3186 3091 3256 ἢ
3143 3183 3279 3253 πρὸς
3335 3179 3582 3250 βασιλέα,
3638 3177 3668 3246 ἦ

2089 3285 2355 3356 ἀλλαχόσε
2381 3281 2663 3341 όδεύοντα,
2698 3279 2772 3350 μὴ
2813 3281 2926 3340 τοῖς
2950 3276 3119 3332 αὑτοῦ
3176 3275 3505 3344 γράμμασιν
3537 3269 3669 3322 ὑπο·

2090 3377 2372 3450 γραφέτω,
2415 3376 2561 3446 μήτε
2597 3373 2706 3444 μὴν
2734 3371 2884 3441 αὐτῷ
2914 3370 3271 3423 κοινωνείτω.

2487 3554 2550 3613 Ὅ
2582 3557 2656 3622 ιβ’
2687 3555 2800 3624 τῆς
2829 3553 2899 3607 ἐν
2946 3551 3294 3619 Ἀντιοχείᾳ.

2175 3655 2235 3708 Ὁ
2269 3650 2676 3726 καθῃρημένος,
2719 3649 2770 3700 εἰ
2808 3645 2889 3716 μὴ
2915 3644 3008 3696 ἐπὶ
3029 3642 3256 3712 μείζονα
3280 3637 3520 3710 τραποίη
3553 3636 3678 3689 σύνο

2095 3747 2236 3810 οδον,
2296 3745 2389 3798 καὶ
2441 3745 2479 3798 ἃ
2528 3743 2742 3813 νομίζει
2805 3739 2992 3792 δίκαια
3046 3735 3194 3806 ἔχειν
3249 3732 3678 3803 προσιναφέροι,

2093 3838 2211 3892 ἀλλ’
2285 3835 2530 3907 ἐνοχλοίη
2621 3831 2852 3903 βασιλεί,
2911 3831 3050 3898 μήτε
3121 3825 3308 3896 χώραν
3381 3822 3679 3886 ἀπολογίας

2096 3926 2291 3997 ἐχέτω,
2329 3925 2454 3996 μήτ’
2487 3925 2678 3979 ἐλπίδα
2719 3918 3023 3990 μελλούσης
3084 3915 3606 3974 ἀποκαταστάσεως.

2111 4133 2175 4185 '0
2199 4137 2257 4200 μ’
2303 4130 2412 4198 τῆς
2443 4131 2511 4184 ἐν
2566 4125 2908 4200 Λαοδικείᾳ,
2934 4124 3045 4200 Δκαὶ
3072 4125 3129 4200 ’ὁ
3175 4127 3262 4200 τογ’
3304 4118 3408 4191 [αι.
3434 4115 3546 4190 νςθ]
3584 4116 3681 4170 καὶ

2483 4202 2515 4253 ὁ
2547 4197 2638 4263 ος⁹
2663 4195 2778 4264 τῆς
2825 4196 2896 4248 ἐν
2928 4191 3304 4261 Καρθιιγένῃ.

2170 4293 2504 4354 Ἐπίσκοπος
2540 4288 2877 4356 καλούμενος
2911 4286 3005 4338 ἐπὶ
3043 4283 3288 4344 σύνοδον,
3325 4282 3421 4334 καὶ
3450 4278 3683 4340 ἀθετῶν,

2103 4388 2150 4437 εἰ
2177 4385 2253 4453 μὴ
2278 4383 2349 4436 δι’
2374 4381 2722 4451 ἀνωμαλίαν,
2745 4375 3101 4445 ἐπιτιμάσθω
3131 4391 3146 4405 ⁸
3183 4376 3231 4426 εί
3255 4373 3310 4426 δὲ
3349 4373 3444 4426 καὶ
3468 4370 3546 4440 τῷ
3573 4370 3685 4436 ἰδίῳ

2104 4475 2299 4544 πλήθει
2331 4471 2577 4542 θαῤῥὼν,
2607 4469 2706 4537 τῆς
2737 4465 3040 4532 ἀδελφικῆς
3079 4465 3300 4532 ἀγάπης
3331 4461 3684 4530 καταφρονεῖ,

416 4586 540 4626 nam
571 4570 822 4640 despicit,
879 4569 1232 4636 magistratus
1293 4567 1766 4622 animadversione
1832 4572 1989 4623 casti-

2109 4566 2445 4636 ἀρχοντικῶς
2470 4559 2834 4614 παιδευὲσθω.

413 4673 590 4734 gator.

985 4753 1019 4808 ’ὀ
1067 4750 1427 4807 Sardicensis.

489 4846 786 4918 Episcopus
825 4848 964 4901 haud
993 4846 1294 4901 arcessitus
1345 4846 1410 4898 ad
1442 4847 1629 4899 urbem
1683 4862 1750 4899 ne
1785 4855 1995 4916 pergat.

417 4940 486 4995 Et
533 4957 563 4994 a
605 4940 928 5008 coepiscopo
962 4938 1231 4992 dissidens
1263 4939 1326 4990 ad
1360 4936 1519 4990 aliam
1556 4938 1892 5006 provinciam
1929 4953 1997 4991 ne

419 5042 678 5100 provocet
713 5051 726 5086 :
765 5033 866 5085 nisi
918 5030 1059 5084 forte
1090 5030 1261 5082 visum
1312 5029 1478 5081 fuerit
1515 5029 1771 5097 episeopo
1802 5029 2004 5082 lioitiu-

420 5144 513 5193 no,
552 5127 753 5180 debere
783 5139 1004 5180 causam
1033 5122 1151 5194 ejus
1185 5123 1251 5175 ab
1281 5122 1404 5176 aliis
1434 5123 1715 5191 cognosci.

1039 5216 1073 5272 9
1110 5217 1297 5286 synodi
1334 5215 1386 5268 4.

492 5312 548 5367 Si
578 5310 704 5383 quis
755 5311 1064 5380 episcopus,
1099 5308 1429 5368 clericusvc,
1466 5321 1586 5359 cum
1632 5303 2004 5371 metropolita-

425 5426 495 5462 no
522 5404 954 5462 controversiam
991 5403 1208 5470 habeat,
1258 5416 1444 5457 coram
1494 5397 2004 5468 Constantinopoli—

424 5513 554 5555 lano
582 5499 776 5569 litiget.

995 5589 1029 5644 5
1080 5586 1440 5647 Sardiccmis.

502 5683 801 5754 Episc0pus
858 5698 888 5738 a
940 5681 1277 5750 coepiscopis
1309 5679 1626 5740 damnams,
1673 5674 1716 5730 si
1773 5672 2004 5728 Romani

431 5773 670 5842 episcopi
721 5790 877 5840 opem
927 5771 1326 5840 imploravcrit,
1361 5769 1511 5834 isque
1556 5765 1829 5825 statuerit,
1877 5780 2010 5817 cau-

431 5879 546 5918 sam
601 5865 716 5934 cjus
749 5881 775 5917 a
807 5864 1049 5918 linitimis
1087 5863 1280 5918 debere
1314 5860 1590 5930 cognosci,
1627 5857 1738 5910 fut.
1796 5858 1850 5909 Si
1887 5871 2005 5908 rur-

2540 4744 2597 4796 Ὀ
2651 4739 2697 4812 γ’
2726 4739 2837 4808 τῆς
2864 4739 2932 4792 ἐν
2965 4734 3251 4803 Σαρόικῇ.

2186 4839 2520 4901 Ἐπίσκοπος
2546 4835 2783 4906 ἄκλητος
2832 4834 2911 4894 εἰς
2967 4830 3124 4881 πόλιν
3164 4829 3238 4896 μὴ
3312 4825 3640 4878 διαϐαινέτω
3673 4839 3688 4856 ο

2105 4934 2201 4988 καὶ
2240 4931 2626 5000 συνεπισκόπῳ
2645 4925 3063 4994 διαφερόμενος.
3093 4919 3262 4988 ἀλλην
3311 4915 3584 4987 ἐπαρχίαν
3618 4914 3692 4983 μὴ

2105 5023 2538 5087 ἐκκαλείσθω,εἰ
2582 5022 2658 5092 μή
2693 5037 2795 5072 που
2851 5016 2993 5079 δόξει
3029 5013 3107 5082 τῷ
3152 5010 3372 5079 Ῥώμης
3427 5009 3518 5061 καὶ
3556 5007 3688 5076 παρ’

2106 5116 2288 5178 ἄλλοις
2310 5113 2499 5169 τοῦτον
2529 5109 2812 5182 κριθῆναι.

2711 5201 2774 5252 Ὀ
2800 5197 2848 5252 0'
2877 5197 2989 5264 τῆς
3016 5196 3088 5249 δ’.

2181 5301 2244 5355 Εἰ
2269 5300 2327 5354 δέ
2356 5317 2439 5361 τις
2464 5296 2762 5354 ἐπίσκοπος
2792 5293 2825 5362 ἦ
2861 5289 3126 5360 κληρικδς
3189 5292 3323 5360 πρὸς
3359 5284 3692 5358 μητροπολῑ.

2107 5413 2208 5456 την
2233 5387 2631 5462 ἀμφισϐητοίη,
2652 5385 2742 5439 ἐπὶ
2771 5382 2850 5452 τῷ
2882 5382 3514 5440 Κωεισταντινουπόλευς
3542 5378 3695 5429 δικα-

2112 5484 2312 5552 ζέσθω.

2546 5570 2600 5623 Ὀ
2630 5575 2673 5623 ε’
2701 5566 2810 5636 τῆς
2835 5568 2904 5621 ἐν
2951 5564 3233 5635 Σαρδικῇ.

2196 5670 2526 5728 Ἐπίσκοπος
2560 5664 2716 5734 παρά
2739 5662 2845 5715 τῶν
2867 5659 3286 5714 συνεπισκόπων
3319 5653 3694 5726 κατακριοελς,

2116 5765 2162 5815 εἰ
2206 5762 2294 5814 τὴν
2331 5757 2553 5828 Ῥώμης
2590 5752 3006 5814 ἐπικαλέσεται,
3043 5749 3297 5809 κάκεῖνος
3331 5747 3508 5814 όρὲσει
3550 5741 3697 5810 παρὰ

2117 5841 2682 5919 aciei-(1107:.thko
2733 5844 2892 5898 αὐτὸν
2946 5842 3221 5912 κριθῆναι,
3282 5835 3538 5905 γινέσθω.
3587 5832 3698 5887 Καὶ
