4018 6212
371 350 434 418 9|
1533 348 1796 410 CONS'I‘.
1835 339 2406 404 HARMENOPULI
3556 326 3631 388 92

773 475 776 478 ’
1005 468 1032 516 7
1065 466 1323 534 ejusdem.
1991 456 2038 513 Α

1991 456 2038 513 Α
2643 450 2697 500 ’0
2725 446 2775 507 ζ’
2810 446 3052 512 ταύτης.

442 571 500 624 Si
551 567 672 637 quis
717 575 897 618 autem
941 565 993 615 in
1027 559 1269 629 periculo
1319 558 1676 620 constitutus,
1709 555 1964 625 episcopo

2155 545 2280 599 Ἐὰν
2313 543 2369 599 δέ
2397 562 2482 608 τις
2523 541 2851 597 κινδυνεύων
2877 537 3183 593 ἐπισκόπου
3241 533 3316 604 μὴ
3350 534 3640 604 παρόντος,

371 676 480 716 non
529 668 816 731 prasente,
859 655 968 709 aris
996 649 1340 708 reconciliari
1377 649 1618 720 petierit,
1649 648 1958 718 episcopum

2070 639 2273 709 αἰτήσῃ
2301 636 2711 704 καταλλαγῆναι
2735 634 2848 696 τοῖς
2872 627 3310 697 θυσιαστηρίοις,
3344 628 3371 678 6
3401 625 3639 731 πρεσϐύο

370 716 650 822 presb'ylcr
689 751 1004 816 interroget,
1036 759 1100 798 ac
1142 751 1300 812 prout.
1335 741 1384 796 ei
1419 754 1739 810 responsum
1777 737 1894 792 fuer

2069 748 2225 801 τερος
2247 729 2340 782 τὸν
2362 729 2662 782 ἐπίσκοπον
2683 722 3042 797 ὲρωτησάτω,
3075 717 3340 773 καὶκατὰ
3367 716 3429 770 τὺ
3453 716 3643 788 λεχθὲν

376 859 522 919 agat.
887 866 902 873 ί

2071 822 2264 893 ἐκείνῳ
2299 822 2546 876 ποιείτω.

1005 930 1072 984 20
1098 929 1352 999 ejusdem.

2653 913 2717 966 '0
2745 910 2794 966 κ’
2825 911 3046 976 ταύτης

445 1029 823 1096 Presbyterum
859 1021 1483 1090 accusatum‘episcopus
1509 1034 1641 1074 suus
1667 1015 1966 1080 examinet,

2141 1009 2524 1080 Πρεσϐύτερον
2561 1002 3062 1073 κατηγορούμενος,
3089 999 3189 1051 σὺν
3223 997 3401 1059 ἄλλοις
3429 996 3488 1061 ἒξ
3518 997 3641 1048 ὲπι-

327 1103 344 1112 Ν
376 1137 477 1174 una
509 1136 627 1172 cum
662 1133 753 1170 sex
789 1117 908 1170 aliis
945 1115 1236 1183 epi5e0pis,
1273 1127 1411 1181 quos
1449 1121 1602 1165 actor
1629 1118 1682 1164 el
1714 1123 1838 1163 reus
1871 1107 1914 1162 el

2074 1105 2320 1162 σκόποις.
2379 1099 2471 1163 οὓς
2520 1102 2547 1151 6
2599 1095 2928 1164 κατηγορῶν
2955 1092 3048 1147 καὶ
3079 1092 3107 1145 6
3163 1088 3644 1160 κατηγορούμενος

377 1225 531 1282 gent;
569 1212 854 1264 diaconum
910 1224 1058 1270 vero,
1113 1222 1233 1258 cum
1281 1205 1400 1258 aliis
1452 1204 1623 1257 tribus
1655 1199 1962 1269 episcopis;

2071 1195 2428 1263 αἱρήσονται,
2464 1191 2492 1241 ὁ
2526 1189 2655 1250 ἴδιος
2705 1189 3006 1246 ἐπίσκοπος
3057 1182 3403 1247 ὲξετασάτω·
3457 1179 3642 1233 διάκο-

380 1305 614 1372 reliquos
641 1302 888 1366 clericos,
915 1300 1086 1354 Solus.
1121 1295 1458 1351 Observetur
1487 1303 1666 1346 autem
1707 1302 1760 1346 et
1792 1291 1846 1344 in
1876 1289 1964 1344 his

2071 1303 2160 1338 νον
2187 1285 2269 1348 δὲ,
2302 1285 2399 1338 σὺν
2425 1281 2605 1342 ἄλλοις
2627 1279 2833 1350 τρισίν
2871 1276 2964 1328 ἐπὶ
2997 1276 3055 1329 δὲ
3083 1273 3194 1327 τῶν
3218 1272 3424 1326 λοιπῶν
3449 1271 3644 1338 κληρι-

379 1364 515 1449 idem
549 1396 781 1463 spatium
813 1364 1110 1462 temporum
1145 1391 1244 1458 (ι),
1284 1389 1426 1459 quod
1462 1387 1518 1442 in
1545 1385 1840 1456 episcopis.

2073 1380 2206 1443 κῶν,
2245 1378 2427 1446 μόνος.
2456 1377 2639 1428 Ἔστω
2690 1373 2746 1426 δὲ
2787 1372 2882 1424 καὶ
2912 1370 3005 1423 ἐπὶ
3036 1368 3242 1422 τούτων
3285 1367 3319 1436 ή
3367 1366 3506 1434 αὐτὴ
3535 1364 3645 1418 τῶν

2111 1473 2283 1540 αιρῶν
2323 1466 2645 1540 προθεσμία,
2681 1468 2714 1536 ἡ
2748 1464 2842 1519 καὶ
2867 1464 2958 1515 ἐπὶ
2991 1463 3099 1515 τῶν
3131 1459 3468 1514 ἐπισκόπων.

971 1570 1044 1624 25
1077 1568 1335 1637 ejusdem.

2649 1558 2704 1610 Ὀ
2751 1555 2832 1610 κε’
2863 1557 3107 1621 ταύτης.

449 1664 550 1730 Qui
584 1678 736 1717 sacra
777 1671 1032 1723 tractant,
1070 1675 1100 1713 a
1150 1658 1471 1728 coujugibus
1531 1658 1863 1714 abstineant.
1914 1656 1968 1710 Id

2140 1654 2207 1710 Οί
2238 1653 2306 1706 τὰ
2365 1651 2488 1722 ἱερὰ
2541 1649 3071 1726 μεταχειριζόμενοι,
3123 1650 3187 1700 ὲκ
3241 1645 3350 1698 τῶν
3403 1643 3649 1713 συμϐίων

379 1757 476 1811 nisi
498 1756 723 1819 faciunt,
753 1755 1124 1824 deponuntur.

2075 1746 2600 1818 ὲγκρατευέσοωσαν
2631 1761 2642 1773 ·
2683 1744 2758 1815 μὴ
2795 1743 3078 1804 ποιοῦντες
3110 1739 3190 1806 δὲ,
3249 1735 3651 1808 καθαιρείτιθω-

2076 1857 2203 1894 σαν.

976 1931 1045 1984 27
1077 1929 1335 1998 ejusdem.

2638 1931 2700 1984 '0
2729 1928 2818 1988 κζ’
2842 1928 3089 1996 ταύτης.

421 2091 426 2094 _
450 2020 716 2075 Sacerdos
736 2022 1012 2076 convictus
1031 2031 1086 2076 et
1104 2021 1378 2089 depositus
1398 2033 1571 2089 neque
1595 2026 1648 2071 ut
1673 2019 1845 2074 laicus
1863 2033 1976 2086 pm-

2161 2027 2481 2097 ’ῐερωμένος
2513 2024 2794 2095 ἐλεγχθεὶς
2829 2022 2926 2076 καὶ
2988 2017 3359 2089 καθαιρεθεὶς,
3407 2019 3543 2086 μήτε
3575 2017 3651 2077 ὡς

380 2114 665 2169 nitentium
700 2130 865 2184 agens
903 2128 1090 2168 rursus
1125 2114 1431 2176 ordinatur,
1465 2126 1640 2180 neque
1667 2111 1967 2180 rebrtptiza<

2074 2118 2263 2180 λαῖκὸς
2329 2115 2608 2187 μετανοῶν
2659 2112 2816 2176 αὖθις
2865 2106 3304 2182 χειροτονείσθω.
3369 2106 3504 2174 μήτε
3547 2101 3651 2172 μὴν

383 2215 487 2267 tor,
514 2205 664 2272 quasi
693 2205 820 2273 quid
861 2205 986 2258 inde
1019 2205 1380 2271 profecturus.

2075 2209 2557 2275 ἀναϐαπτιζέσθω,
2589 2206 2663 2270 ὥς
2687 2223 2740 2258 τι
2768 2203 3065 2273 προκόψων
3095 2198 3373 2253 ἐντεῦθεν.

973 2296 1042 2350 48
1066 2296 1325 2364 ejusdem.

2632 2301 2694 2354 Ὀ
2719 2300 2819 2371 μη¹
2849 2300 3095 2364 ταύτης.

465 2385 958 2454 Rebaptizationes,
984 2397 1036 2439 et
1061 2393 1265 2441 iterata:
1291 2388 1686 2454 ordinationes,
1711 2399 1766 2443 ct
1800 2403 1976 2444 remo-

2161 2396 2606 2459 Ἀναϐαπτίσεις,
2629 2395 2723 2448 καὶ
2752 2387 3283 2462 ἀναχειροτονήσεις,
3307 2377 3403 2436 καὶ
3426 2396 3653 2451 μετακις

385 2481 559 2534 tiones
603 2479 1000 2548 episcoporum,
1036 2495 1102 2533 ne
1137 2480 1285 2533 ﬁunt.

2077 2493 2260 2558 νήσεις
2291 2488 2623 2550 ἐπισκόπων,
2658 2487 2732 2555 μὴ
2765 2484 3119 2550 γινέσθωσαν.

1018 2573 1080 2626 51
1116 2573 1371 2640 ejusdem.

2620 2579 2684 2631 '0
2718 2576 2814 2631 λα’
2855 2577 3100 2640 ταύτης.

457 2662 557 2728 Qui
591 2664 850 2718 honorem
897 2666 1238 2732 ampliorem,
1307 2677 1567 2734 poscente
1628 2669 1972 2733 necessitate,

2163 2674 2224 2726 Ὀ
2259 2670 2432 2741 μείζω
2477 2671 2646 2740 τιμὴν
2675 2666 3092 2737 ἀπωθούμενος,
3143 2665 3392 2734 ἀνάγκης
3453 2662 3651 2716 καλού-

389 2755 656 2822 repudiat,
692 2755 840 2808 illum
876 2757 1064 2819 etiam,
1095 2772 1255 2825 quem
1296 2757 1479 2825 habet,
1515 2760 1724 2828 perdet.

1453 2770 1479 2825 ι,
1515 2760 1724 2828 perdet.
2081 2782 2202 2835 σης,
2229 2763 2324 2816 καὶ
2357 2762 2426 2832 ἢν
2457 2760 2572 2832 ἔχει
2610 2758 3040 2830 προσαπολέσει.

980 2848 1049 2902 29
1071 2848 1337 2917 ejusdem.
2138 2855 2142 2859 '

2138 2855 2142 2859 ’
2620 2850 2682 2908 '0
2705 2856 2791 2908 κθ⁹
2822 2855 3064 2920 ταύτης.

464 2936 998 3002 Excommunicatus,
1045 2941 1086 2994 si
1128 2951 1254 2996 ante
1276 2942 1714 3011 compassionem
1735 2958 1980 2999 commu-

2165 2948 2564 3018 Ἀκοινὼνητος
2589 2947 2929 3018 κοινωνήσας
2960 2945 3065 3016 πρὸ
3093 2942 3464 3014 συμπαθείας,
3493 2942 3653 2995 αὑτο-

393 3031 676 3098 nieaverit,
706 3035 1052 3102 semetipsum
1083 3033 1325 3089 damnat.
1780 3047 1784 3050 ‘

858 3035 1052 3102 tipsum
1083 3033 1325 3089 damnat.
1780 3047 1784 3050 ‘
2081 3045 2438 3116 κατάκριτος.

995 3127 1094 3181 104
1119 3129 1378 3192 eiusdem.
2004 3143 2052 3206 ο

2004 3143 2052 3206 c
2650 3134 2713 3194 ὀ
2735 3131 2830 3201 ρδ⁹
2848 3132 3083 3197 ταύτης.

463 3219 751 3284 Saccrdos,
787 3219 876 3289 qui
911 3219 1172 3286 judicium
1207 3222 1482 3289 publicum
1539 3223 1608 3278 ab
1645 3224 1975 3294 imperatore

2162 3228 2488 3301 ’ἱερωμένος
2515 3225 2807 3298 -δημοσίαν
2854 3223 3038 3295 κρίσιν
3078 3219 3230 3290 παρὰ
3271 3217 3536 3290 βασιλέως
3565 3218 3656 3272 αι-

394 3311 546 3379 petit,
585 3311 893 3379 deponitor.

2078 3321 2207 3385 τῶν,
2233 3317 2635 3390 καθαιρείσθω.

978 3407 1080 3461 122
1110 3408 1350 3478 ejusdem
1367 3448 1381 3463 .

2625 3409 2680 3462 Ὀ
2695 3409 2838 3478 ρκ,ϐ’
2877 3409 3126 3474 ταύτης.

463 3493 566 3562 Qui
602 3493 668 3549 de
720 3509 987 3550 consensu
1033 3501 1306 3553 communi
1349 3501 1825 3569 pronuntiatorum
1856 3515 1980 3556 seu-

2149 3504 2272 3558 Τῶν
2303 3503 2444 3557 κατὰ
2473 3503 2660 3572 κοινὴν
2681 3501 2988 3554 συναίνεσιν
3027 3497 3372 3569 ἐκλεγέντων
3401 3496 3500 3568 τὴν
3526 3495 3652 3566 κρί-

399 3589 620 3642 tentiam
653 3605 758 3642 tton
787 3591 1006 3656 accipit,
1037 3593 1436 3646 communionis
1465 3608 1662 3649 exsors
1696 3605 1836 3650 esto.

1505 3608 1662 3649 xsors
1696 3605 1836 3650 esto.
2085 3613 2170 3650 σιν
2191 3599 2220 3651 6
2257 3595 2332 3668 μὴ
2359 3594 2669 3663 δεχόμενος,
2697 3593 3087 3662 ἀκοινώνητος.

903 3681 966 3735 17
998 3681 1192 3734 Basilii
1221 3681 1428 3754 Magni.
2396 3689 2460 3740 Ὀ

2396 3689 2460 3740 '0
2490 3685 2561 3747 ιζ’
2591 3687 2696 3739 τοῦ
2723 3685 3000 3748 Μεγάλου
3029 3685 3383 3739 Βασιλείόυ.

471 3771 777 3842 Presbyter,
835 3773 924 3843 qui
981 3790 1075 3840 per
1124 3777 1460 3830 coactiouem
1506 3775 1732 3844 juravit,
1770 3793 1830 3832 se
1870 3793 1975 3830 non

2157 3779 2538 3852 Πρεσϐύτερος
2569 3778 2639 3830 δι’
2665 3778 2916 3845 ἀνάγκην
2946 3779 3151 3848 ὀμόσας
3193 3781 3266 3847 μή
3299 3776 3659 3846 λειτουργεῖν,

399 3866 675 3920 obiturum
722 3865 1079 3920 ministerium
1133 3883 1370 3928 sacrum.
1425 3870 1469 3924 si
1522 3869 1986 3940 lactieumpmui-

2089 3871 2535 3946 μεταμελόμενος
2567 3869 2673 3940 ἰδίᾳ
2703 3871 2796 3921 καὶ
2833 3867 2909 3938 μὴ
2939 3867 3178 3938 δημοσίᾳ
3209 3866 3618 3939 λειτουργείτω.

404 3969 534 4023 teat,
558 3959 831 4027 privatim,
868 3973 974 4013 non
1005 3961 1236 4029 publice,
1266 3975 1422 4016 sacro
1451 3961 1689 4033 t'ungitor
1716 3962 1912 4018 oﬂicio.

925 4051 993 4104 70
1022 4052 1213 4105 Basilii
1251 4051 1457 4122 Magni.
2417 4050 2481 4104 '0
2503 4072 2512 4103 ι

2417 4050 2481 4104 '0
2503 4048 2549 4104 o'
2584 4047 2689 4102 τοῦ
2715 4045 2998 4117 Μεγάλου
3024 4045 3369 4100 Βασιλείου.

476 4140 766 4205 Diaconos,
813 4140 895 4194 vel
955 4141 1261 4210 presbyter.
1312 4142 1401 4209 qui
1431 4157 1489 4196 se
1525 4143 1791 4212 pollutum
1837 4143 1990 4199 labiis

2163 4145 2425 4205 Διάκονος
2451 4143 2484 4212 ἢ
2516 4139 2892 4211 πρεσϐύτερος
2915 4137 3258 4207 ὁμολογήσας
3280 4135 3487 4208 χείλεσι
3512 4151 3671 4206 μιαν-

407 4231 585 4287 ῐίιεειιε
607 4231 789 4298 fuerit,
813 4247 840 4284 a
867 4231 1166 4286 ministerio
1185 4246 1339 4285 sacro
1355 4234 1629 4299 exclusus,
1654 4243 1991 4290 sacramenta

2094 4238 2277 4308 θῆναι,
2331 4235 2431 4302 τῆς
2465 4230 2815 4302 λειτουργίας
2867 4229 3130 4298 εἱρχθεὶς,
3161 4228 3270 4282 τῶν
3305 4227 3669 4295 ἁγιασμάτων

407 4323 666 4391 percipiat
694 4336 815 4376 cum
848 4322 1090 4376 diacouis
1127 4331 1220 4375 aut
1250 4325 1600 4394 presbyteris.
1638 4325 1733 4381 Sin
1785 4327 1991 4395 aliquid

2099 4326 2378 4398 μετεχέτω
2408 4323 2548 4394 μετὰ
2600 4321 2712 4374 τῶν
2771 4320 3101 4392 διακόνωνῆ
3159 4319 3577 4390 πρεσϐυτέρων.
3612 4318 3673 4370 Εἰ

408 4413 571 4469 etiam
600 4413 833 4482 amplius
857 4429 978 4469 eum
1007 4415 1345 4471 commisisse
1394 4419 1657 4486 paruerit,
1686 4419 1990 4488 dcponitor-

2095 4418 2152 4472 δέ
2176 4435 2229 4470 τι
2270 4417 2366 4470 καὶ
2396 4414 2560 4468 πλέον
2589 4412 2778 4467 τούτου
2816 4413 3015 4484 φανείη
3066 4412 3426 4484 ἡμαρτηκὼς,
3475 4410 3672 4465 καθαι-

2107 4507 2299 4534 --μου

1504 4559 1512 4564 ,
2026 4507 2070 4534 ν
2103 4507 2322 4564 οείσθω.

1504 4559 1512 4564 .
1727 4584 1731 4588 ν
2026 4525 2064 4534 ·’
2103 4525 2322 4579 ρεισυω.

1027 4595 1049 4649 1
1083 4594 1398 4665 Ancyrame.
2536 4601 2600 4655 '0

1727 4584 1731 4588 ν
2026 4525 2064 4534 ·’
2103 4525 2322 4579 ρεισυω.

2536 4601 2600 4655 '0
2629 4599 2682 4653 a’
2705 4597 2813 4666 τῆς
2842 4598 2914 4652 ἐν
2959 4598 3235 4666 Ἀγκύρῃ.

481 4688 792 4759 Presbyter,
814 4687 903 4755 qui
932 4702 1030 4757 per
1069 4688 1402 4743 coactionem
1435 4689 1772 4747 daemonibus
1807 4692 2002 4749 immo-

2174 4691 2554 4763 Πρεσϐύτερος
2607 4692 2636 4744 6
2662 4691 2730 4744 δι’
2769 4691 3021 4758 ἀνάγκην
3070 4690 3182 4752 τοῖς
3231 4687 3454 4756 δαίμοσι
3487 4685 3674 4748 θύσας,

414 4781 628 4843 laverit,
673 4796 738 4835 ac
767 4780 965 4836 deinde
1007 4795 1199 4834 rursus
1235 4789 1512 4835 certamen
1546 4781 1788 4846 iuiverit,
1828 4784 2001 4839 bono-

2102 4782 2220 4839 εἶτα
2252 4785 2656 4849 ἀναπαλαίσας,
2692 4782 2796 4852 τῆς
2822 4782 2922 4852 μὲν
2952 4780 3120 4851 τιμῆς
3152 4779 3432 4849 μετεχέτω
3456 4779 3551 4832 καὶ
3580 4777 3678 4846 τῆς

413 4877 488 4930 ris
518 4875 756 4943 quidem,
792 4889 857 4927 ac
887 4873 1035 4929 sedis
1071 4874 1341 4942 particeps
1374 4884 1529 4928 esto:
1563 4877 1657 4929 sed
1688 4875 1820 4930 nihil
1843 4878 2000 4934 obeat

2103 4878 2396 4948 καθέδρας,
2428 4878 2594 4949 μηδὲν
2627 4876 2684 4929 δέ
2706 4893 2760 4928 τι
2789 4875 2898 4928 τῶν
2929 4872 3226 4945 ἱερατικῶν
3264 4870 3677 4941 λειτουργείτω.

410 4985 598 5024 eorum
627 4984 746 5038 qua:
777 4968 844 5022 ad
871 4968 1206 5022 sacerdotale
1233 4983 1426 5023 munus
1455 4968 1749 5037 pertinent.

1049 5057 1084 5109 2
1109 5057 1366 5125 ejusdem.

2697 5059 2752 5112 Ὀ
2772 5057 2834 5124 ,ϐ’
2857 5058 3099 5124 ταύτης.

485 5149 750 5204 Similiter
784 5155 837 5202 et
881 5147 1158 5201 diaconos.
1220 5147 1467 5200 lutendut
1503 5157 1682 5202 autem
1737 5142 2001 5217 [pmnam]

2189 5155 2463 5218 Ὡσαύτως
2506 5155 2595 5208 καὶ
2629 5153 2898 5216 διάκονος·
2930 5149 3252 5204 ὲπιτεινέτω
3283 5147 3341 5202 δὲ
3373 5149 3400 5202 6
3443 5147 3678 5200 ἐπίσκοο

415 5244 723 5312 episcopus,
765 5238 850 5294 vel
882 5239 1112 5305 minuat,
1149 5253 1245 5307 pro
1288 5239 1526 5309 ipsorum
1561 5239 1896 5310 pmuitentia:
1921 5254 2002 5291 ra-

1939 5254 2007 5291 ἐί-
2110 5268 2232 5314 πος,
2256 5250 2289 5320 ἢ
2315 5247 2641 5319 ἀφαιρείτω.
2669 5245 2802 5315 πρὸς
2833 5245 2934 5316 τὴν
2961 5243 3170 5299 τούτων
3208 5242 3526 5315 μετάνοιαν.

417 5349 582 5392 tione.

944 5426 979 5481 ’ὁ
1005 5426 1202 5481 habita:
1235 5427 1288 5480 in
1317 5425 1525 5479 Trulla.

2534 5425 2599 5479 Ὀ
2628 5424 2677 5493 τ’
2709 5422 2821 5492 τῆς
2850 5423 2919 5477 ἐν
2957 5424 3259 5492 Τρούλλῳ.

494 5521 816 5577 Sacerdotes
859 5529 914 5575 et
953 5519 1185 5584 diaconi,
1246 5529 1512 5588 quotquot
1540 5529 1665 5576 ante
1715 5517 2004 5576 concilium

2192 5521 2378 5591 Ἰερεῖς
2407 5518 2501 5571 καὶ
2533 5517 2798 5580 διάκονοι,
2832 5517 2948 5569 ὅσοι
2974 5515 3080 5587 πρὸ
3109 5515 3210 5583 τῆς
3240 5513 3400 5584 ἡμῶν
3432 5511 3688 5566 συνελεύ-

427 5613 528 5666 boc
563 5625 806 5669 nostrum
860 5611 1047 5668 illicite
1094 5613 1312 5681 nuptias
1357 5612 1644 5672 iterarunt.
1687 5621 1782 5666 aut
1816 5610 2008 5666 viduas

2113 5631 2250 5678 σεως
2279 5611 2531 5680 ἀθέσμως
2555 5608 2677 5663 δυσὶ
2700 5608 3132 5676 προσωμίλησαν
3165 5607 3388 5672 γάμοις,
3446 5605 3480 5675 ἢ
3509 5607 3684 5677 χήρας

505 5790 581 5862 (ι)
625 5791 732 5849 [loc
767 5802 869 5861 est,
902 5795 1038 5848 idem
1063 5794 1214 5863 'dies,
1250 5805 1304 5848 ut
1328 5792 1523 5849 Jurisc.
1555 5793 1869 5864 loquuntur.
