4018 6212
311 377 411 447 101

891 497 953 550 Ὀ
986 497 1090 560 ﬂﬁ'
1118 495 1338 551 αὐτῶν.

376 587 613 657 Οἰκέτης
677 590 738 642 οὔ
803 589 1099 660 κληροῦτκι
1159 590 1309 657 παρὰ
1369 589 1598 658 γνώμην
1653 588 1744 638 τοῦ
1807 588 1891 639 δε-

305 680 537 734 σπὸτου.

711 773 776 827 '0
805 771 896 842 ,ιγ’
937 771 1046 841 τῆς
1085 775 1155 826 ἐν
1200 777 1495 842 Τρούλλῳ.

380 865 678 936 Κληρικδς,
735 865 812 936 μὴ
869 867 894 909 δ
941 867 1006 918 ἐκ
1070 867 1279 934 γένους,
1343 866 1457 920 ἀλλ’
1553 863 1733 932 ἄξιος,
1809 883 1893 934 γι-

307 956 510 1008 νέσοω.

673 1047 731 1098 '0
776 1045 829 1113 η’
891 1045 1001 1111 τῆς
1055 1047 1125 1100 ἐν
1195 1051 1543 1117 Καισαρείᾳ.

381 1137 604 1201 Λαῖκδς,
642 1133 702 1191 οὗ
737 1140 770 1208 ἡ
802 1140 942 1208 γυνὴ
967 1141 1216 1208 φανερῶς
1244 1143 1485 1212 ἠλέγχθη
1521 1143 1889 1213 μοιχευθεῖσα,

309 1232 387 1298 μὴ
414 1231 744 1298 κληρούσθω
774 1249 786 1262 ⁸
819 1235 918 1287 καὶ
941 1236 968 1285 ό
1022 1236 1440 1304 κεκληρωμένος
1469 1239 1516 1288 εἰ
1549 1239 1769 1307 κατέχει
1795 1238 1891 1307 τὴν

314 1324 724 1390 μοιχευθεῖσαν,
760 1323 1069 1387 ἐξωθείσθω
1112 1325 1210 1396 τῆς
1243 1329 1683 1398 ἐγχειρισθείσης
1743 1329 1891 1398 αὖτῴ

307 1413 609 1476 δ.ακονίας.

645 1509 709 1560 Ὀ
740 1517 786 1576 γ’
833 1509 939 1563 τοῦ
1003 1511 1180 1576 ἁγίου
1230 1513 1556 1580 Κυρίλλου.

382 1600 558 1652 Ὅταν
622 1603 792 1673 μέλλῃ
841 1607 1272 1674 χειροτονεῖσθαι
1325 1609 1609 1678 κληρικδς,
1661 1612 1890 1681 ἐρευνὰ-

305 1694 423 1745 σθω
467 1696 494 1746 δ
524 1695 635 1764 βίος
671 1698 862 1764 αὑτοῦ,
895 1700 943 1751 εἰ
974 1699 1222 1770 γαμετὴν
1255 1699 1391 1768 ἔχει,
1423 1699 1455 1771 ἢ
1489 1701 1586 1771 μὴ,
1621 1704 1714 1756 καὶ
1746 1703 1887 1769 πῶς,

302 1787 400 1839 καὶ
433 1789 565 1839 πότε
598 1791 867 1858 ἐγήματο,
895 1791 984 1843 καὶ
1011 1794 1058 1843 εἰ
1087 1793 1376 1860 ἀπέσχετο,
1414 1796 1508 1845 καὶ
1545 1795 1594 1846 εἰ
1624 1794 1700 1864 μὴ
1723 1795 1882 1847 ἐκσέι-

302 1881 503 1949 atque
535 1881 566 1948 ἢ
601 1884 730 1951 παρ’
767 1884 1097 1944 ἐπισκόπου,
1160 1885 1192 1954 ἢ
1229 1886 1292 1938 ἐκ
1343 1885 1754 1957 μοναστηρῖου·
1789 1890 1884 1944 καὶ

300 1971 482 2034 οὕτως
514 1973 836 2042 asumma;
888 1977 1158 2046 εὑρεθεὶς,
1197 1979 1642 2048 χειροτονείσθω.

892 2159 957 2210 '0
1016 2164 1048 2211 ι’
1085 2157 1194 2225 τῆς
1248 2158 1318 2213 δ’.

377 2247 586 2315 Μηδεὶς
618 2248 711 2302 δύο
756 2250 964 2304 πόλεων
1019 2255 1165 2316 ναοῖς
1211 2253 1556 2324 κληρούσθω.
1621 2257 1680 2310 Εἰ
1715 2257 1771 2312 δέ
1803 2276 1888 2322 τις

305 2336 370 2401 ἐξ
411 2339 580 2407 ἄλλης
625 2342 703 2402 εἰς
743 2342 912 2411 ἄλλην
943 2344 1244 2412 ἐκκλησίαν
1277 2349 1568 2418 μετετέθη,
1606 2350 1752 2404 κατὰ
1779 2369 1887 2423 μη-

303 2431 395 2482 δὲν
423 2435 696 2501 μετεχέτω
726 2433 832 2488 τῶν
863 2435 961 2502 τῆς
1013 2438 1304 2508 προτέρας,
1340 2438 1368 2508 ἢ
1407 2440 1500 2493 τοῦ
1563 2441 1696 2494 ἰδίου
1748 2441 1884 2512 βαθ-

303 2521 416 2590 μοῦ
448 2524 787 2579 ἐκπεσεῖται.

883 2618 949 2673 Ὀ
1004 2628 1067 2674 ιε’
1111 2621 1222 2688 τῆς
1261 2621 1323 2682 ζ’.

377 2707 586 2775 Μηδεὶς
625 2708 684 2761 ἐν
745 2711 1316 2765 Κωνσταντινουπόλει
1359 2713 1418 2766 ἐν
1468 2712 1620 2766 δυσὶν
1679 2714 1885 2786 ἐκκληο

303 2798 453 2860 aiat;
518 2798 850 2869 κληρούσθω
887 2819 899 2832 ·
932 2804 1352 2874 αἰσχροκέρδεια
1422 2804 1548 2876 γάρ.
1619 2806 1884 2877 Ἀλλαχοῦ

297 2888 360 2939 δὲ
413 2889 576 2944 τοῦτο
631 2892 884 2958 γινέσθω,
943 2893 1031 2947 διὰ
1077 2895 1179 2963 τὴν
1237 2896 1348 2949 τῶν
1425 2895 1732 2966 ἀνθρώπων
1799 2898 1885 2952 έν-

297 2982 478 3036 δειαν.

874 3078 1220 3133 ΕΠΙΓΡΑΦΗ
1268 3077 1330 3130 Β.

308 3165 455 3218 Πνα
515 3136 610 3220 δεῖ
656 3167 764 3221 τὸν
813 3169 1382 3242 κληρικὸν-τιοιεῐν,
1437 3132 1572 3228 καὶ.
1605 3172 1740 3228 τίνα
1803 3172 1889 3242 μὴ
1921 3179 1964 3236 C

988 3239 1204 3293 ποιεῖν.

309 3326 380 3379 '0
424 3336 492 3381 ιε’
531 3330 647 3382 τῶν
675 3331 1058 3404 ἀποστόλων,
1097 3332 1189 3384 καὶ
1236 3334 1269 3385 ό
1313 3329 1355 3385 ε’
1400 3330 1511 3398 τῆς
1553 3332 1603 3384 δ’
1637 3333 1737 3386 καί
1765 3336 1799 3388 ό
1830 3342 1880 3404 τ’

800 3400 908 3469 τῆς
953 3404 1023 3454 ἐν
1039 3403 1385 3471 Ἀντιοχείᾳ.

377 3490 657 3558 Κληρικδς
685 3493 784 3561 τῆς
831 3493 1038 3556 οἰκείας
1083 3495 1304 3557 ἐκστὰς,
1340 3495 1432 3547 καὶ
1466 3494 1554 3547 ἐπ’
1585 3494 1881 3566 ἀλλοτρίας

296 3582 498 3642 οἰκῶν,
532 3584 607 3646 ὡς
636 3587 662 3636 ὁ
690 3585 875 3648 λαῖκὸς
928 3587 1155 3654 μενέτω,
1203 3587 1298 3640 καὶ
1332 3587 1589 3655 μάλιστα,
1636 3589 1688 3641 εἰ
1731 3591 1882 3660 παρὰ

299 3669 408 3722 τοῦ
448 3675 751 3727 ἐπισκόπου
791 3675 1148 3744 καλούμενος,
1179 3678 1276 3746 οὐχ
1332 3678 1669 3748 ὑπήκουσεν.

709 3767 772 3820 '0
829 3773 907 3830 ις’
945 3766 1064 3820 τῶν
1110 3770 1497 3823 ἀποστόλων.

384 3853 498 3906 Καὶ
522 3857 550 3907 .6
606 3857 798 3909 τοῦτον
830 3858 888 3910 ἐν
910 3855 1108 3924 γνώσει
1131 3861 1379 3928 κατέχων
1409 3860 1728 3924 ἐπίσκοπος,
1782 3863 1884 3930 ἁφ-

297 3945 604 4016 οριζέσθω.

719 4040 780 4092 '0
814 4047 888 4107 ιη’
933 4041 1045 4110 τῆς
1075 4043 1145 4096 ὲν
1195 4044 1492 4112 Τρούλλῳ.

380 4133 494 4185 Καὶ
535 4135 562 4185 ὁ
610 4133 697 4186 διὰ
733 4133 1041 4204 βαρϐάρων
1087 4137 1412 4208 ἐπιδρομὴν,
1468 4139 1502 4209 ἡ
1540 4156 1662 4192 τινα
1718 4139 1886 4211 ἄλλην

303 4225 639 4292 περίστασιν
666 4225 903 4296 ἀλλαχοῦ
933 4229 1226 4298 γενόμενος
1255 4229 1539 4300 κληρικὸς,
1586 4232 1636 4284 εἰ
1685 4231 1760 4302 μὴ
1789 4232 1884 4286 τοῦ

296 4317 488 4368 δεινοῦ
535 4318 911 4384 παυσαμένου,
944 4320 1023 4380 εἰς
1052 4319 1145 4371 τὸν
1198 4322 1400 4374 οἰκεῖον
1432 4321 1720 4376 ἐπανέλθοι
1751 4322 1885 4393 κλῆ-

302 4427 428 4471 ρον,
472 4409 844 4480 καθαιρείσθω
871 4409 969 4462 σὺν
997 4410 1076 4480 τῷ
1113 4412 1420 4481 κατέχοντι.

748 4500 812 4555 '0
851 4505 898 4555 θ’
931 4499 1038 4570 τῆς
1070 4503 1140 4555 ἐν
1170 4502 1459 4572 Σαρδικῇ.

393 4595 452 4644 Ὀ
485 4593 543 4644 δὲ
581 4592 660 4662 μὴ
692 4592 1016 4664 βουλόμενος
1039 4595 1299 4649 ἀπελθεῖν
1323 4598 1403 4659 εἰς
1427 4597 1496 4667 ἦν
1514 4598 1883 4669 κεκλήρωται,

297 4685 399 4738 τοῦ
431 4683 618 4737 λοιποῦ
653 4686 728 4756 μὴ
753 4686 1010 4756 δεχέσθω.

751 4779 813 4834 '0
844 4787 894 4834 κ’
924 4781 1042 4835 τῶν
1073 4780 1459 4836 ἀποστόλων.

379 4873 497 4924 Καὶ
529 4874 580 4924 ei
627 4889 710 4934 τις
739 4873 969 4943 γνώμης
1002 4873 1126 4943 δίχα
1173 4873 1270 4926 τοῦ
1326 4873 1530 4927 οἰκείου
1584 4873 1886 4926 ἐπισκόπου

292 4964 448 5032 7594‘);
473 4963 631 5017 ἄλλον
662 4965 864 5032 κλῆρον
895 4963 1152 5019 ἀπελθὼν
1183 4964 1567 5037 προσδεχθείη,
1603 4964 1888 5036 καθαιρεί-

295 5061 426 5113 σθω
457 5059 556 5111 σὺν
591 5057 668 5128 τῷ
700 5057 1007 5127 δεξαμένῳ.

720 5147 782 5204 '0
809 5146 864 5212 ς’
891 5147 1001 5216 τῆς
1047 5147 1117 5201 ἐν
1144 5149 1517 5218 Καρθατένῃ.

381 5243 448 5294 Ὅ
493 5241 604 5311 γὰρ
635 5242 781 5308 ἂπαξ
813 5242 1084 5309 ἀναγνοὺς
1115 5241 1173 5292 ἐν
1202 5241 1474 5310 ἐκκλησίᾳ
1505 5242 1562 5293 ἐν
1593 5239 1729 5310 ἄλλῃ
1752 5239 1888 5309 πρὸς

291 5339 588 5405 κλήρωσιν
626 5335 702 5405 μὴ
733 5333 996 5402 δεχέσθω.

751 5427 813 5481 ’0
833 5433 884 5479 κ’
911 5425 1031 5479 τῶν
1079 5426 1464 5480 ἀποστόλων.

381 5518 668 5589 κληρικδς
712 5517 918 5584 ἐγγύας
957 5516 1158 5579 διδοὺς,
1199 5514 1592 5587 καθαιρείσθω.

977 5607 1255 5675 Σχόλιον.

375 5699 446 5752 Εἰ
474 5699 546 5750 δι’
599 5698 1071 5769 αἰσχροκέρδειαν,
1119 5699 1213 5751 καὶ
1255 5695 1372 5769 ἐπὶ
1413 5695 1673 5769 τελωνῶν
1734 5694 1894 5747 τοῦτο

437 5774 490 5820 ἰ·
548 5771 595 5821 εἰ
627 5773 680 5822 δέ
718 5767 788 5822 ιθ
823 5771 1091 5836 ανάγκην,
1125 5769 1218 5820 καὶ
1249 5768 1342 5820 ἐπὶ
1377 5767 1676 5836 κληρικῶν,
1733 5769 1894 5835 stat-

297 5774 452 5823 ποιεῖ
478 5785 490 5796 ·
548 5771 595 5821 εἰ
627 5773 680 5822 δὲ
718 5788 743 5822 ο

293 5858 515 5901 νεκος.

1553 379 1597 438 Ε
1619 371 2333 443 ΡΠῸΜΕἝΑΝΟΝΙΙΜ.

3476 384 3582 449 102

2583 497 2650 550 82
2687 498 3006 554 earumdem.

2068 585 2266 640 Servus
2303 598 2498 654 prartcr
2555 591 2876 644 sententiam
2919 592 3122 647 domini
3179 606 3284 647 non
3349 593 3409 646 lit
3469 593 3582 647 cle-

1997 690 2163 729 1⁵10118.

2468 771 2538 826 55
2577 774 2770 829 habita:
2801 777 2853 826 in
2890 774 3094 830 Trulla.

2065 859 2309 916 Clericus
2351 862 2463 928 ﬁat,
2495 878 2602 918 non
2640 879 2838 934 genere
2877 865 3057 918 clarus
3086 904 3101 930 ,
3134 867 3226 920 sed
3261 868 3350 935 qui
3381 869 3577 938 tligims

1996 967 2098 1010 εει.

2561 1049 2594 1103 8
2633 1049 2786 1104 Cresa
2797 1051 3002 1104 riensis.

2066 1138 2282 1203 Laicus,
2337 1140 2492 1209 cujus
2548 1155 2686 1194 uxor
2737 1139 3029 1194 manifesto
3083 1143 3326 1195 convicta
3376 1153 3460 1197 est
3515 1145 3580 1198 de
3646 1194 3651 1199 .

1997 1233 2289 1285 commisso
2317 1231 2606 1296 adulterio,
2639 1231 2873 1286 clericus
2908 1247 2973 1286 ne
3004 1233 3096 1286 ﬁat
3126 1249 3141 1296 ς
3174 1244 3228 1287 et
3252 1237 3340 1303 qui
3374 1238 3439 1288 ad
3467 1237 3579 1289 clr-

1999 1322 2224 1375 ricatum
2282 1323 2554 1392 pervenit,
2593 1327 2637 1376 si
2672 1323 2927 1392 pollutam
2979 1324 3251 1380 adulterio
3294 1329 3512 1393 retinet,
3547 1343 3575 1380 a

1998 1411 2307 1468 ministerio
2335 1414 2436 1467 sibi
2473 1415 2668 1467 tradito
2701 1413 2964 1483 rejicitot'.

2609 1506 2642 1559 5
2679 1505 2741 1561 8.
2780 1505 2990 1577 Cyrilli.

2066 1599 2204 1655 Cum
2237 1601 2575 1656 ordinandus
2621 1611 2704 1656 est
2750 1601 3003 1672 clericus,
3038 1603 3355 1671 exploretur
3406 1604 3577 1670 ipsius

1961 1694 2128 1772 .vita,
2165 1710 2292 1746 num
2331 1694 2527 1748 habeat
2582 1710 2828 1758 uxorein,
2863 1709 3038 1748 necne
3069 1712 3083 1759 ;
3138 1706 3248 1748 tum
3282 1697 3575 1762 quomodo,

1961 1775 2049 1853 iet
2097 1786 2314 1853 quando
2364 1785 2774 1838 matrimonium
2832 1786 3214 1848 contraxerit,
3283 1801 3348 1838 an
3405 1787 3575 1840 absti-

1994 1879 2192 1941 nuerit,
2229 1893 2295 1931 an
2333 1893 2437 1929 non
2487 1878 2697 1946 ejectus
2749 1877 2909 1930 fuerit
2946 1876 3027 1930 vel
3078 1877 3146 1930 ab
3175 1877 3450 1946 episcopo,
3491 1878 3574 1931 vel

1992 1981 2059 2020 ex
2095 1968 2421 2022 monasterio
2449 1985 2462 2033 ;
2501 1977 2663 2036 atque
2695 1968 2766 2020 ita
2800 1976 3050 2038 repertus
3079 1981 3274 2036 expers
3304 1969 3573 2033 criminis,

1991 2059 2292 2116 ortlinzilor.

2612 2149 2677 2204 lO
2717 2157 2944 2219 quartw.

2062 2241 2230 2297 Nemo
2259 2244 2482 2296 duarum
2533 2243 2814 2295 civitatum
2861 2240 3106 2297 ‘clericus
3136 2240 3385 2295 ellicitor.
3417 2239 3571 2306 Quod

1991 2336 2034 2391 si
2065 2336 2184 2404 quis
2215 2351 2280 2388 ex
2318 2350 2422 2387 una
2477 2334 2530 2386 in
2584 2334 2748 2388 aliam
2791 2334 3076 2388 ecclesiam
3111 2333 3405 2388 translatus
3457 2333 3574 2386 fue-

1990 2431 2080 2495 rit,
2115 2432 2166 2481 in
2195 2427 2338 2482 nullo
2384 2428 2651 2494 particeps
2703 2443 2883 2481 rerum
2930 2429 3127 2496 prioris
3158 2437 3274 2481 esto
3297 2465 3313 2492 ,
3344 2438 3573 2480 caezero-

1989 2520 2080 2584 qui
2113 2518 2283 2588 gradu
2313 2533 2410 2572 suo
2432 2517 2770 2586 spoliandus.

2594 2609 2663 2663 15
2703 2608 2960 2676 septimm.

2057 2704 2230 2759 Nemo
2263 2697 2732 2768 Constantinopoli
2779 2699 2987 2752 duabus
3017 2698 3067 2752 in
3097 2699 3344 2754 ecclesiis
3405 2699 3570 2754 cleri-

1987 2813 2085 2854 cus
2114 2797 2343 2852 ellicitor
2365 2812 2382 2862 ;
2403 2795 2505 2848 hoc
2537 2792 2681 2847 enim
2722 2791 2893 2860 turpis
2926 2789 3056 2844 lucri
3091 2792 3357 2859 cupiditas
3388 2792 3570 2846 luerit.

1984 2889 2127 2944 Alibi
2158 2903 2286 2944 vero
2321 2887 2374 2941 id
2421 2885 2538 2940 ﬁeri
2587 2884 2766 2946 liceat,
2810 2891 3034 2952 propter
3086 2881 3362 2935 hominum
3403 2897 3571 2951 prnu-

1987 2985 2148 3040 riam.
2363 2983 2371 2992 ’

2574 3065 2879 3122 Τιτιέιυε
2918 3066 2990 3120 11.

2120 3165 2252 3232 Qum
2284 3164 2478 3218 clerico
2512 3162 2778 3232 facienda,
2811 3170 2858 3213 et
2896 3176 3014 3230 qua:
3063 3175 3163 3213 non
3201 3158 3464 3228 facienda.

1991 3319 2177 3375 Canan
2221 3319 2285 3373 l5
2320 3318 2800 3440 apostolorum,,et
2831 3317 2864 3371 5
2893 3318 3084 3387 synodi
3117 3317 3174 3384 4,
3228 3326 3277 3372 et
3322 3318 3356 3372 5
3389 3319 3572 3374 Antio-

2681 3404 2876 3440 ciente.

2681 3404 2876 3443 cnenaz.

2061 3482 2327 3545 Clericus,
2362 3481 2451 3552 qui
2479 3496 2575 3534 sua
2606 3480 2816 3544 relicta,
2847 3480 2994 3549 degit
3017 3480 3070 3534 in
3103 3480 3274 3534 aliena
3307 3481 3569 3549 paruacia,

1994 3590 2090 3629 ceu
2130 3575 2301 3627 laicus
2335 3582 2551 3626 maneto
2578 3613 2593 3637 ,
2628 3571 2888 3636 maxime,
2924 3571 2969 3625 si
3004 3571 3071 3626 al)
3108 3570 3361 3639 episcopo
3389 3586 3573 3625 arces-

1993 3667 2146 3729 situs,
2187 3680 2294 3721 non
2326 3663 2647 3719 obediverit.

2537 3755 2604 3809 16
2644 3755 3028 3822 apostolorum.

2068 3849 2130 3903 Et
2180 3847 2488 3918 episcopus,
2541 3849 2632 3917 qui
2669 3848 2850 3901 sciens
2885 3848 3027 3900 hunc
3061 3859 3227 3914 penes
3259 3859 3319 3900 se
3353 3844 3572 3910 retinet,

1996 3949 2328 4010 segregator.

2474 4028 2541 4083 l8
2579 4027 2768 4080 habita:
2800 4027 2852 4079 in
2888 4025 3092 4081 Trulla.

2068 4124 2130 4177 Et
2165 4124 2256 4194 qui
2297 4130 2515 4192 pmpter
2548 4121 2826 4173 incursum
2877 4116 3264 4181 Barbarorum,
3310 4115 3392 4170 vel
3427 4116 3572 4186 quod

1994 4217 2137 4270 aliud
2175 4214 2494 4285 periculum,
2530 4211 2655 4266 alibi
2707 4208 2880 4266 lactus
2914 4219 2998 4264 est
3027 4206 3278 4272 clericus,
3313 4206 3416 4261 nisi
3449 4223 3570 4260 cum

2002 4309 2198 4362 malum
2248 4307 2544 4362 cess:werit
2590 4320 2744 4360 suum
2779 4304 2844 4356 ad
2877 4303 3082 4357 clerum
3119 4300 3362 4365 redierit,
3415 4301 3578 4369 depo-

1996 4403 2145 4454 nitur
2179 4416 2282 4453 una
2314 4415 2437 4454 cum
2469 4398 2583 4460 illo,
2617 4396 2708 4464 qui
2741 4410 2862 4448 eum
2888 4409 3056 4464 penes
3091 4407 3150 4446 se
3179 4393 3396 4449 retinet.

2577 4489 2610 4544 9
2642 4487 2999 4542 Sardicensis.

2067 4585 2167 4650 Qui
2214 4583 2367 4636 abire
2399 4596 2504 4634 non
2550 4579 2667 4633 vult
2713 4580 2776 4632 ad
2810 4576 3119 4638 ecclesiam,
3153 4573 3308 4643 cujus
3338 4573 3580 4627 clericus

1994 4675 2170 4730 factus
2198 4684 2304 4738 est,
2341 4674 2406 4727 de
2439 4681 2640 4726 caetero
2671 4685 2778 4723 non
2822 4667 3148 4722 atlmittitor.

2555 4760 2625 4815 20
2652 4762 3030 4828 apostolorum.

2068 4856 2132 4908 Et
2168 4856 2212 4910 si
2245 4854 2367 4923 quis
2411 4852 2617 4921 absque
2650 4849 2919 4906 sententia
2965 4847 3048 4902 sui
3100 4847 3337 4916 episcOpi
3397 4845 3579 4915 prole-

1995 4964 2116 5006 cms
2147 4951 2215 5003 ad
2253 4947 2415 5001 alium
2436 4945 2664 5007 clerum,
2695 4953 2946 5012 receptus
2970 4941 3156 5008 fuerit,
3201 4956 3309 4996 una
3335 4955 3459 4994 cum
3489 4955 3576 5005 eo,

1996 5045 2084 5115 qui
2129 5043 2402 5097 hominem
2433 5036 2668 5108 recepit,
2701 5036 3008 5104 deponitor.

2509 5131 2542 5185 6
2581 5128 3062 5199 Carthaginiensis.

2069 5228 2202 5282 Nam
2227 5227 2318 5298 qui
2350 5224 2522 5281 semel
2557 5225 2612 5278 in
2649 5223 2884 5278 ecclesia
2943 5221 3177 5292 quadam
3209 5219 3428 5277 lectoris
3459 5234 3574 5272 mu-

2000 5337 2101 5377 nus
2127 5318 2287 5385 obiit,
2320 5316 2366 5372 is
2394 5316 2448 5370 in
2481 5315 2582 5368 alia
2617 5316 2683 5369 ad
2712 5313 3035 5369 clericatum
3074 5327 3180 5369 non
3212 5310 3536 5366 admittitor.

2547 5407 2617 5464 20
2670 5407 3051 5474 apostolorum.

2070 5503 2337 5567 Clericus,
2369 5501 2460 5571 qui
2497 5497 2878 5567 lidejussiones
2905 5500 3146 5566 przcstat,
3179 5489 3486 5560 deponitor.

2650 5589 2944 5644 Scholium.

2077 5693 2130 5746 Si
2188 5697 2406 5758 propter
2455 5695 2610 5758 turpe
2662 5682 2901 5758 lucrpm.
2960 5687 3014 5731 et
3065 5677 3123 5758 in
3168 5672 3581 5758 publicanorum

2004 5750 2452 5815 ('atisis'idlacil.
2489 5750 2586 5807 Sin
2639 5750 2874 5817 alicujus
2920 5750 3259 5802 necessitatis
3309 5754 3582 5814 respectu,

2005 5845 2052 5888 ct
2093 5836 2144 5884 in
2177 5831 2500 5885 clericorum
2535 5822 2738 5886 causis,
2771 5820 2984 5874 laudent
3017 5826 3279 5873 meretur.
3587 5852 3598 5856 -
