4018 6212
718 516 782 571 Ὀ
808 516 870 570 ιε’
900 510 1006 583 τῆς
1031 518 1100 570 ἐν
1132 512 1499 585 Κιιρθιιγὲνῃ.

380 607 665 679 Κληρικδς
704 609 738 681 ἢ
770 610 1067 679 ίερωμένος
1118 609 1544 678 ἐγκαλούμενος,
1596 610 1644 662 εἰ
1674 608 1770 679 τὴν
1803 610 1895 663 ἐκ-

306 703 543 774 κλησίαν
575 702 763 770 ἀφεὶς,
792 701 871 772 τῷ
902 702 1151 772 δημοσίῳ
1182 703 1553 773 προσδρὰμοι,
1587 702 1637 755 εἰ
1677 702 1776 773 μὲν
1805 702 1893 754 ἐπ’

309 796 745 866 ἐγκληματικοϊς
780 793 1090 861 ἐγκαλοίτο,
1138 795 1234 847 καὶ
1270 794 1582 857 δικαιωθεὶς
1630 796 1721 848 τὸν
1765 794 1894 847 ἴδιον

312 888 572 942 ἀπολέσει
598 887 831 958 βαθμόν·
864 887 912 939 εί
958 885 1014 939 δὲ
1059 886 1150 939 ἐπὶ
1178 888 1496 951 πολιτικοῖς,
1522 885 1779 940 ἀπολέσει
1802 887 1895 939 τὸν

308 982 521 1033 δίκαιον
545 978 734 1044 αὐτοῦ,
765 979 815 1030 εί
843 979 934 1031 τὸν
961 978 1093 1031 ἴδιον
1116 976 1323 1048 βαθμὸν
1346 978 1593 1047 ἐθελήσει
1617 976 1891 1045 κατέχειν.

312 1071 424 1122 Καὶ
451 1071 546 1122 ἐὰν
575 1069 682 1121 ὑπό
707 1085 871 1121 τινων
895 1068 1171 1124 δικαστῶν
1203 1067 1645 1130 καταδικασθεὶς,
1671 1068 1749 1130 είς
1775 1065 1892 1119 ἐτέ-

313 1177 443 1229 ρους
493 1159 753 1230 μείζονας
805 1159 1158 1233 καταδράμῃ,
1209 1160 1305 1213 καὶ
1351 1158 1481 1228 παρ’
1532 1157 1764 1219 ἐκείνοις
1809 1156 1894 1209 διο

310 1251 553 1322 καιωθῇ,
582 1250 633 1304 oi
668 1251 1106 1322 προδικάσαντες
1133 1250 1210 1321 μὴ
1240 1249 1692 1321 βλαπτέσθωσαν·
1734 1248 1782 1299 εί
1817 1249 1891 1318 μή

309 1364 417 1398 που
479 1347 621 1399 κατὰ
675 1343 971 1416 ἔχθραν,ἦ
1028 1343 1493 1415 δωροδοκηθέντες
1551 1342 1889 1413 ἐλεγχθῶσιν

309 1443 520 1493 ἐκεῖνον
554 1439 939 1493 καταδικάσαι.
965 1438 1078 1491 Καὶ
1100 1439 1213 1501 τοῖς
1241 1436 1384 1491 κοιτά
1414 1435 1721 1490 συναίνεσιν
1741 1432 1894 1486 ἐκλέ-

310 1534 437 1597 ξασι
462 1531 747 1595 δικαστὰς,
778 1529 876 1583 καὶ
899 1528 1249 1600 ὀλιγωτέροις
1284 1527 1405 1582 οὖσι
1426 1526 1521 1581 τοῦ
1547 1520 1781 1589 δέοντος,
1815 1520 1892 1596 μὴ

306 1624 518 1686 ἐξέστω
547 1622 922 1677 ἐκκαλεῖσθαι.
972 1624 1083 1675 Καὶ
1112 1624 1179 1673 si
1221 1619 1389 1674 τέκνα
1430 1618 1542 1672 τῶν
1585 1615 1888 1688 κληρικῶν,

307 1717 549 1782 θεωρεῖα
572 1715 814 1783 κοσμικὰ
839 1714 914 1784 μὴ
936 1714 1296 1776 ποιείτωσαν,
1326 1711 1462 1781 μηδέ
1487 1708 1887 1781 θεωρείτωσαψ

304 1806 472 1859 τοῦτο
503 1806 559 1860 δὲ
595 1806 688 1859 καὶ
718 1807 857 1858 πᾶσι
889 1805 1240 1876 Χριστιανοῖς
1278 1804 1601 1874 ἀπείρηται.

678 1986 744 2041 '0
781 1982 871 2053 κη’
900 1982 1011 2051 τῆς
1058 1984 1128 2037 ἐν
1161 1981 1536 2053 Καρθαγένῃ.

386 2078 660 2149 Κληρικοῖ
684 2077 1050 2146 δικαζόμενοι,
1083 2076 1178 2128 ἐὰν
1210 2076 1285 2146 μὴ
1311 2078 1379 2147 τῇ
1403 2074 1586 2145 κρίσει
1617 2071 1712 2126 τοῦ
1740 2070 1889 2139 σφῶν

307 2172 618 2225 ἐπισκόπου
637 2170 991 2241 ἀρέσκονται,
1021 2167 1159 2239 μετὰ
1181 2169 1546 2229 συναινέσεως
1565 2165 1731 2219 αὐτοῦ
1755 2165 1892 2234 πρὸς

306 2264 441 2325 τοὺς
492 2264 745 2331 γείτονας
793 2259 1229 2331 ἀπερχέσθωσαν
1263 2259 1674 2331 κριθησόμενοι.
1723 2259 1785 2310 Ei
1835 2256 1893 2309 δὲ

313 2354 393 2423 μὴ
422 2355 493 2423 τῇ
516 2352 725 2404 τούτων
758 2350 1104 2422 ἀρέσκοιντο,
1138 2349 1273 2419 πρὸς
1296 2351 1387 2402 τὶν
1415 2347 1768 2409 πρωτεύοντα
1791 2350 1892 2416 τῆς

306 2442 608 2515 ἐπαρχίας.
642 2442 783 2513 Πρὸς
810 2442 1002 2513 ἕτερον
1030 2440 1088 2494 δὲ
1122 2440 1472 2504 ἀπελθόντες,
1506 2437 1889 2505 ἀκοινώνητοι.

882 2620 937 2672 '0
969 2625 1097 2688 pxs’
1123 2619 1339 2689 αὐτῆς.

381 2715 499 2768 Καὶ
528 2712 782 2783 κληρικοὶ
805 2710 959 2776 δίκας
1000 2712 1239 2782 ἔχοντες,
1271 2712 1321 2765 εί
1347 2707 1426 2780 τῷ
1463 2707 1753 2778 ἐπισκόπῳ
1788 2706 1890 2761 αὖ·

303 2808 420 2863 τῶν
456 2807 826 2878 μεμφόμενοι,
860 2805 939 2878 μὴ
970 2805 1120 2877 παρὰ
1169 2806 1283 2868 τοῖς
1325 2802 1534 2873 γείτοσι
1582 2799 1891 2856 συναινέσει

303 2897 503 2965 αὑτοῦ,
536 2896 675 2953 ἀλλὰ
711 2898 827 2961 τοῖς
861 2896 1038 2967 πέραν
1063 2894 1401 2961 δικάσαιντο,
1427 2892 1812 2961 ἀκοινώνητοι.

875 3076 941 3132 '0
972 3079 1061 3132 νθ¹
1089 3075 1339 3142 ταύτης.

1530 395 1874 465 EPITOME
1909 396 2307 469 CANONUM.

3470 404 3568 469 106

2490 516 2555 572 l5
2600 516 3056 587 Cartltaginensis.

2071 602 2338 674 Clericus.
2392 620 2484 665 aut
2542 611 2817 675 sacerdos,
2864 611 2953 679 qui
2988 619 3208 666 vocatur
3269 612 3322 666 in
3370 611 3482 679 jus,
3526 617 3572 669 si

1998 699 2227 755 ecclesia
2262 701 2473 765 relicta,
2511 700 2785 769 publicum
2827 700 2893 753 ad
2933 700 3196 769 judicium
3226 704 3570 768 cucurrerit;

1998 791 2264 859 siquidem
2322 792 2392 845 ob
2440 789 2753 844 criminales
2798 805 2995 845 causas
3044 806 3352 857 accusatur,
3403 795 3569 846 etiam

1996 882 2220 938 obtento
2241 881 2366 952 jure
2396 881 2624 949 gradum
2656 896 2813 937 suum
2845 882 3055 936 amittet
3082 900 3096 937 :
3134 882 3215 936 sin
3250 886 3318 938 ob
3361 885 3570 947 civiles,

1989 975 2084 1044 jus
2114 992 2270 1031 suum
2316 978 2548 1040 amittet,
2587 975 2632 1029 si
2674 975 2898 1044 gradum
2944 990 3100 1029 suum
3138 975 3374 1030 retinere
3404 976 3567 1030 volet.

1996 1068 2183 1124 Itidem
2226 1068 2270 1123 si
2318 1083 2347 1122 a
2383 1068 2657 1136 judicibus
2688 1067 3010 1137 quibusdam
3049 1069 3461 1130 comlcmnatus,
3503 1071 3569 1123 ad

1996 1160 2136 1215 alios
2186 1161 2494 1230 superiores
2547 1151 2875 1225 cucurrerit,
2932 1166 3094 1227 atque
3136 1159 3277 1228 apud
3322 1161 3441 1214 illos
3480 1161 3571 1229 jus

1995 1268 2151 1309 suum
2182 1252 2521 1318 obtinuerit;
2549 1266 2654 1306 non
2688 1251 2755 1306 iis
2782 1250 2885 1306 hoc
2917 1260 3110 1305 noceat
3138 1252 3227 1320 qui
3263 1262 3417 1303 antea
3448 1268 3573 1306 sen-

1998 1343 2221 1399 tentiam
2274 1343 2532 1407 tulerunt,
2581 1343 2686 1399 nisi
2737 1341 2880 1398 forte
2927 1356 3025 1413 per
3064 1341 3431 1406 inimicitiam,
3488 1343 3570 1397 vel

1996 1436 2242 1507 corrupti
2296 1434 2631 1502 muneribus,
2691 1434 2843 1491 illum
2892 1435 3126 1490 alterum
3179 1434 3571 1491 condemnasse

1992 1528 2222 1583 convicti
2259 1526 2479 1584 fuerint.
2524 1528 2715 1583 Itidem
2762 1527 2828 1582 iis
2862 1526 2952 1596 qui
2984 1526 3051 1582 de
3077 1542 3346 1582 consensu
3384 1534 3570 1581 mutuo

1994 1620 2240 1690 delegere
2270 1620 2505 1688 iudices,
2537 1619 2751 1674 etiamsi
2779 1618 2906 1673 victi
2936 1617 3240 1680 discedant,
3274 1630 3571 1685 provocare

1990 1727 2099 1768 non
2145 1712 2323 1767 liceat.
2374 1712 2639 1767 Praeterea
2683 1710 2841 1766 liberi
2888 1709 3211 1764 clericorum
3262 1706 3567 1777 spectacula

1994 1805 2267 1859 mundana
2330 1818 2434 1858 non
2487 1803 2801 1867 exhibeant,
2876 1815 3053 1870 neque
3119 1809 3386 1870 spectent,
3427 1800 3571 1868 quod

1998 1898 2215 1968 quidem
2240 1896 2511 1953 universis
2543 1896 2870 1952 Christianis
2920 1904 3005 1949 est
3066 1894 3425 1965 prohibitum.

2488 1987 2559 2042 28
2614 1985 3073 2057 Carthaginensis.

2065 2078 2257 2136 Clerici
2290 2080 2588 2151 litigantes,
2615 2080 2660 2133 si
2704 2079 2912 2150 judicio
2942 2078 3175 2148 episcopi
3211 2077 3293 2131 sui
3322 2093 3427 2131 non
3462 2086 3571 2132 ste-

1994 2174 2180 2238 terint,
2211 2186 2478 2227 consensu
2527 2170 2644 2241 ejus
2670 2171 2735 2225 ad
2763 2170 3023 2224 ﬁnitimos
3066 2170 3346 2238 episcopos
3373 2170 3571 2223 abeant

1994 2264 2062 2319 ab
2089 2264 2281 2318 iisdem
2336 2263 2637 2331 iudicandi.
2694 2261 2850 2327 Quod
2883 2261 2927 2316 si
2986 2275 3052 2315 ne
3099 2262 3292 2314 horum
3354 2260 3569 2328 quidem

1993 2354 2278 2408 sententia:
2312 2351 2707 2421 acquieverint,
2766 2350 2831 2403 ad
2865 2349 3157 2419 provincia:
3188 2348 3474 2418 primatem
3509 2363 3571 2402 se

1992 2443 2297 2499 Conferant.
2344 2443 2424 2496 Ad
2475 2441 2640 2496 alium
2693 2440 2737 2496 si
2767 2439 3122 2505 accesserint,
3176 2438 3572 2495 communionis

1992 2544 2240 2592 exsortes
2268 2543 2453 2591 sunto.

2586 2624 2691 2679 125
2721 2624 2979 2694 ejusdem.

2069 2714 2239 2770 Etiam
2261 2714 2447 2771 clerici
2476 2714 2569 2784 qui
2600 2715 2723 2770 lites
2762 2714 2987 2780 habent,
3007 2714 3052 2769 si
3087 2714 3153 2769 de
3184 2728 3284 2768 suo
3313 2714 3571 2784 episcOpo

1994 2816 2296 2879 querentes
2324 2846 2341 2874 ,
2377 2821 2482 2860 non
2512 2821 2633 2861 cum
2662 2806 2784 2876 ejus
2804 2821 3074 2861 consensu
3102 2819 3284 2859 coram
3331 2805 3573 2860 ﬁnitimis

1992 2899 2284 2971 episeOpis,
2336 2897 2431 2953 sed
2480 2911 2663 2952 coram
2706 2898 3057 2954 ulterioribus
3128 2897 3484 2966 litigaverint,
3540 2912 3575 2952 a

1992 2992 2373 3048 communione
2401 2990 2808 3045 submoventor.
3402 2980 3407 2983 “

2588 3080 2657 3137 59
2710 3082 2966 3150 eiusdem.

397 3171 526 3226 Ἐὰν
557 3171 812 3242 κληρικοὶ
836 3169 1141 3224 δικασθῶσι
1182 3168 1337 3238 παρὰ
1366 3167 1435 3237 τῇ
1468 3162 1757 3233 ἐκκλησίᾳ,
1795 3161 1890 3216 καὶ

2070 3174 2124 3230 Si
2146 3174 2331 3232 clerici
2390 3175 2528 3245 apud
2572 3173 2861 3230 ecclesiam
2930 3174 3277 3245 litigaverint,
3306 3183 3358 3229 et
3414 3173 3572 3228 alteri

302 3264 396 3334 τῷ
422 3263 507 3316 ἐνὶ
533 3262 741 3317 τούτων
768 3264 802 3333 ή
826 3261 1007 3332 ψῆφος
1036 3261 1353 3334 ἀπαρὼκῃ,
1384 3260 1435 3313 οί
1463 3257 1783 3319 δικάσαντες
1814 3254 1888 3325 μὴ

306 3353 699 3411 καλείσθωσαν
740 3356 820 3417 είς
852 3354 1042 3423 ἕτερον
1090 3352 1472 3423 δικαστήριον,
1525 3350 1655 3421 περὶ
1708 3345 1893 3400 αὐτῶν

306 3448 696 3519 μαρτυρῆσαι.
746 3447 858 3501 Καὶ
887 3446 1025 3509 ὅλως
1068 3445 1528 3517 ἐκκλησιαστικδς
1556 3444 1638 3507 είς
1684 3458 1896 3513 μαρτυ-

304 3540 446 3612 ρίαν
484 3540 561 3611 μὴ
600 3538 903 3592 καλείσθω.

916 3629 982 3685 ὀ
1016 3630 1065 3686 θ’
1093 3629 1207 3701 τῆς
1235 3630 1306 3685 δ’.

389 3720 459 3774 Et
483 3738 564 3785 τις
596 3720 899 3786 ἐπίσκοπος
928 3721 963 3793 ἢ
990 3722 1253 3793 κληρικὸς
1297 3721 1438 3793 πρὸς
1481 3718 1894 3791 μητροπολίτην

302 3811 733 3884 ἀμφισϐητοίη,
786 3813 881 3867 ἐπὶ
934 3813 1012 3884 τῷ
1060 3807 1687 3874 Κωνσταντινουπόλεως
1741 3810 1893 3865 δικα-

307 3906 526 3971 ζὲσθω.

703 4000 769 4053 '0
802 3997 895 4064 κβ¹
922 3997 1032 4067 τῆς
1059 3999 1129 4052 ἐν
1156 3996 1526 4068 Καρθαγένῃ.

405 4112 734 4175 Ἐπίσκοπος
750 4111 784 4182 ἦ
802 4111 1066 4181 κληρικὸς
1088 4112 1369 4182 αἱρετικὸν
1392 4110 1467 4181 μὴ
1495 4109 1889 4178 συνεισαγέτω,

311 4209 458 4280 μηδέ
503 4225 559 4260 τι
589 4208 699 4261 τῶν
732 4207 879 4260 ιδίων
910 4205 1180 4274 δωρείτω,
1216 4205 1341 4276 μηδ’
1369 4204 1436 4259 ἂν
1472 4203 1560 4273 εἴη
1597 4203 1892 4272 συγγενής.

688 4386 753 4440 '0
787 4387 887 4451 ,ιβ’
920 4380 1030 4454 τῆς
1061 4386 1131 4441 ἐν
1158 4387 1539 4457 Κφθαγένῃ.

399 4499 732 4563 Ἐπίσκοπος
788 4500 822 4570 ἦ
875 4499 1142 4568 κληρικδς
1193 4500 1362 4572 μηδὲν
1415 4500 1681 4571 πρότερον
1726 4498 1888 4569 ἔχων,

2002 3266 2196 3321 horum
2237 3265 2505 3321 sententia
2563 3264 2885 3334 displiceat;
2948 3264 3250 3336 litigatores
3306 3265 3371 3318 ad
3427 3263 3573 3318 aliud

1999 3357 2236 3413 tribunal
2270 3372 2338 3414 ne
2361 3366 2639 3422 vocentur,
2672 3363 2731 3411 ut
2762 3355 2835 3411 de
2865 3357 2929 3411 iis
2962 3357 3331 3412 testimonium
3366 3357 3569 3412 dicant.

1998 3449 2063 3503 lit
2087 3450 2302 3517 quidem
2334 3449 2572 3512 omnino,
2608 3449 2699 3518 qui
2767 3449 3172 3505 ecclesiasticus
3220 3459 3321 3513 est,
3374 3450 3441 3503 ad
3492 3448 3575 3503 di-

1997 3542 2228 3595 cendum
2268 3537 2637 3594 testimonium
2671 3554 2736 3592 ne
2762 3551 3009 3594 vocetur.

2525 3628 2558 3682 9
2583 3628 2768 3698 synodi
2820 3642 3045 3699 quarta.

2071 3719 2126 3775 Si
2156 3720 2277 3790 quis
2320 3720 2631 3791 episcopus,
2684 3731 2777 3774 aut
2828 3721 3083 3787 clericus,
3140 3721 3570 3776 controversiam

1996 3827 2118 3867 cum
2145 3812 2566 3881 metropolitano
2625 3809 2898 3876 habuerit,
2947 3826 3130 3866 coram
3184 3811 3571 3867 Constantino-

1997 3903 2235 3973 politano
2254 3904 2448 3974 litiget.

2483 3993 2556 4048 22
2602 3992 2676 4048 Ca
2685 3993 3058 4064 rthaginemis.

2070 4107 2386 4178 Episcopus,
2417 4115 2510 4162 aut
2537 4106 2790 4172 clericus,
2820 4107 3137 4163 haereticum
3166 4111 3229 4163 ad
3261 4124 3320 4165 se
3371 4125 3437 4165 ne
3491 4127 3574 4168 rc-

1999 4200 2186 4268 cipiat,
2241 4214 2340 4254 nec
2404 4214 2558 4254 suum
2608 4199 2736 4269 quid
2764 4200 2813 4255 ei
2872 4200 3057 4267 donet,
3122 4218 3193 4256 ne
3252 4200 3464 4271 quidem
3526 4205 3571 4259 si

2000 4300 2267 4361 cognatus
2296 4292 2388 4347 sit.

2517 4388 2586 4443 32
2613 4387 3064 4460 Carthaginiensis.

2076 4506 2392 4574 Episcopus,
2452 4512 2545 4557 aut
2594 4503 2846 4569 clericus,
2885 4513 3041 4557 antea
3097 4503 3231 4557 nihil
3264 4504 3494 4567 habens,
3529 4505 3571 4558 si

314 4588 438 4645 εἶτα
486 4591 835 4660 κτησάμενος
892 4590 1239 4661 πράγματα,
1282 4594 1334 4643 εί
1385 4590 1462 4660 μὴ
1511 4594 1575 4661 τῇ
1625 4591 1890 4662 ἐκκλησίᾳ

2001 4602 2138 4655 bona
2168 4598 2360 4652 deinde
2387 4596 2761 4665 arquisiverit,
2807 4611 2905 4649 nec
2935 4612 2994 4649 ea
3030 4596 3429 4650 consecraverit
3480 4613 3575 4650 ec-

315 4682 472 4741 ταῦτ’
495 4684 621 4751 ἀφιε
634 4683 824 4752 ρὼσει,
854 4684 930 4747 ὡς
955 4683 1263 4736 Δεσποτικὰ
1286 4682 1608 4753 διηρπακὼς
1639 4683 1899 4752 πράγμα-

313 4792 407 4835 τα,
450 4776 740 4843 ἐνεχέσθω.
778 4775 890 4827 Καὶ
920 4776 969 4827 εί
1006 4774 1351 4841 συγγενικῶν
1373 4774 1601 4827 δικαίων
1630 4774 1896 4842 κληρονο-

317 4866 398 4933 μή
412 4880 546 4929 σειε,
593 4867 703 4917 κάκ
732 4864 938 4916 τούτων
967 4863 1281 4931 ἀφιερούτω
1310 4866 1378 4933 τῇ
1410 4864 1700 4936 ἐκκλησίᾳ.
1746 4862 1809 4919 Ὀ
1839 4865 1895 4918 δέ

311 4972 367 5007 τι
404 4956 512 5007 τῶν
538 4956 683 5009 ίδίων
709 4954 1050 5025 ἀφιερώσας,
1074 4951 1195 5009 εἶτα
1228 4956 1656 5028 μεταμεληθεὶς,
1678 4957 1896 5022 ἀνάξιος

313 5047 416 5113 τῆς
441 5046 911 5116 ἐκκλησιαστικῆς
942 5046 1217 5116 κρινέσθω
1244 5049 1434 5117 τιμῆς.

881 5224 944 5277 'O
976 5223 1068 5288 Eﬁ'
1100 5226 1346 5293 ταύτης.
1560 5195 1595 5229 “

390 5335 666 5405 Κληρικὸς
701 5338 1025 5391 ἐπισκόπων
1052 5340 1232 5409 κρίσει
1286 5342 1731 5407 καταδικασθεὶς,
1765 5345 1899 5415 παρ’

315 5424 530 5488 οὐδενὸς
548 5424 891 5479 ἐκδικείσθω.

886 5538 949 5590 '0
976 5541 1059 5592 σθ’
1089 5542 1330 5610 ταύτης.

393 5627 501 5679 Καὶ
528 5626 1130 5698 κληρικδςέλεγχθεις,
1175 5632 1223 5683 εί
1259 5636 1333 5702 μὴ
1376 5635 1525 5696 ἐντὸς
1550 5637 1801 5690 ἐνιαυτοῦ
1829 5638 1895 5690 δι’

314 5716 619 5786 ἀπολογίας
679 5719 872 5771 ἑαυτὸν
928 5722 1159 5776 σπεύσει
1193 5726 1454 5795 καθᾶραι,
1492 5728 1570 5791 είς
1596 5729 1896 5798 ἀπολογίαν

315 5814 551 5884 ἁπρόσδε
562 5831 708 5876 κτος.

648 5910 923 5973 ΡΑτῐιοι..
968 5916 1084 5978 Cn.
1120 5916 1241 5977 CL.

1998 4690 2194 4752 clesia',
2224 4688 2390 4743 veluti
2437 4687 2719 4757 peculatus
2768 4702 2945 4740 rerum
2989 4685 3389 4741 Dominiearum
3442 4701 3570 4739 reus

1998 4792 2143 4837 esto.
2172 4779 2328 4845 Quod
2369 4780 2413 4833 si
2441 4778 2791 4833 hereditates
2826 4779 2949 4847 jure
2978 4777 3315 4845 cognationis
3345 4778 3446 4831 sibi
3484 4778 3579 4831 dv-

1999 4873 2140 4927 bitas
2178 4871 2393 4933 adierit,
2423 4870 2589 4924 etiam
2634 4870 2812 4923 dehis
2881 4869 3123 4923 ecclesiae
3175 4869 3411 4925 dedicet.
3469 4870 3573 4936 Qui

2000 4978 2127 5020 vero
2154 4965 2221 5019 de
2246 4963 2357 5018 suis
2388 4961 2586 5032 aliquid
2619 4963 3041 5025 consecraverit,
3069 4960 3224 5028 cujus
3254 4978 3378 5016 eum
3429 4973 3576 5031 post-

1999 5075 2061 5114 ea
2104 5058 2437 5130 pusuituerit,
2476 5057 2846 5113 ecclesiastico
2870 5056 3137 5128 indignus
3196 5057 3400 5112 honore
3426 5058 3573 5125 judi-

2000 5161 2175 5206 cetur.

2600 5239 2667 5293 6‘2
2700 5240 2956 5307 ejusdem.

2070 5353 2313 5407 Clericus
2350 5352 2722 5422 episcoporum
2775 5354 2980 5423 judicio
3033 5354 3342 5419 damnatus,
3391 5369 3419 5405 ιι
3476 5367 3572 5406 ne-

2001 5445 2143 5499 mine
2170 5444 2494 5499 delentlitor.

2630 5558 2697 5612 79
2722 5559 2976 5626 ejusdem.

2071 5650 2315 5705 Clericos
2346 5651 2647 5715 convictus,
2697 5651 2796 5703 nisi
2848 5652 2985 5703 intra
3020 5651 3250 5716 spatium
3320 5654 3443 5705 anni
3480 5668 3578 5722 per

2000 5743 2403 5794 excusationem
2452 5756 2571 5794 sese
2626 5755 2853 5807 purgare
2897 5741 3202 5807 studuerit,
3261 5744 3461 5800 nullam
3508 5746 3577 5801 ad

2005 5838 2370 5903 purgationem
2404 5832 2613 5886 admitti
2642 5840 2836 5902 potest.

3221 5932 3263 5997 4
