4018 6212
331 289 433 354 121

1598 286 1935 353 ΕΡῘΤΟΜΕ
1974 292 2366 357 CANONUM.

3494 296 3595 359 132

330 402 409 474 μὴ
429 400 672 467 γινέσθω
729 401 841 453 Καὶ
862 399 1191 469 μονάζοντες
1228 402 1346 472 μετ’
1373 402 1628 470 εὐλογίας
1659 403 1753 456 τοῦ
1779 418 1887 470 προ

2021 404 2200 457 cubet.
2240 403 2485 459 Monachi
2532 414 2749 475 quoque
2778 421 2902 461 cum
2956 407 3335 463 benedictione
3378 423 3593 481 prapo-

324 496 568 559 εστῶτος
600 496 937 564 προΐτωσαν.
990 496 1051 547 Ol
1080 494 1137 548 δὲ
1192 494 1269 565 μὴ
1310 494 1506 560 οὕτως,
1545 495 1917 565 ἐπιτιμᾶσθω-

326 604 454 641 σαν.

627 677 692 730 '0
720 674 817 744 μζ¹
841 677 1084 743 ταύτης,
1120 678 1219 730 καί
1255 679 1289 731 ό
1322 675 1372 731 κ’
1403 678 1513 747 τῆς
1543 675 1607 739 ζ’.

403 768 669 832 Μονάζων
728 769 789 820 ἐν
835 771 1126 839 γυναικείᾳ
1182 768 1461 823 καθεύδων
1498 772 1657 841 μονῇ.
1686 770 1719 841 ἢ
1753 769 1919 840 μονά-

328 861 506 923 ζουσα
554 862 613 912 ἐν
652 858 898 930 ἀνδρῲᾳ,
946 860 1057 912 sits
1098 858 1382 930 κληρικδς,
1410 860 1444 929 ἢ
1476 861 1685 926 λαῖκδς,
1718 863 1915 931 ἀφορι-

327 951 533 1014 ξέσθω.
1010 991 1017 998 .

925 1043 991 1096 '0
1022 1048 1075 1110 η’
1105 1040 1219 1111 τῆς
1250 1041 1319 1104 ζ’.

398 1135 549 1204 Μηδέ
595 1136 655 1190 ἐν
704 1136 1083 1198 ἐπισκοπείοις
1113 1137 1147 1206 ἢ
1200 1135 1591 1206 μοναστηρίοις
1653 1139 1912 1203 γυναῖκες

323 1227 813 1282 ἐνδιαιτάσθωσαν.
848 1228 912 1280 Et
956 1228 1013 1281 δέ
1046 1244 1130 1291 τις
1185 1227 1483 1291 ἐπίσκοπος
1606 1228 1912 1299 ἡγούμενος

324 1318 489 1391 δούλῃ
520 1319 553 1388 ἢ
591 1319 857 1389 ἐλευθέρᾳ
893 1320 976 1383 είς
1003 1319 1280 1373 διακονίαν
1310 1320 1514 1391 χρῷτο,
1540 1321 1908 1388 ἐπιτιμᾶσθωο

282 1364 1514 1491 ξἑξτὶξίἑνξιᾷ”ἐὲ,”›ἷέθᾷζξ›ειξι’ὸῖ,ζ.’’ῖὲΐθῗξέ
1540 1364 1909 1479 ﬂigi-ii

310 1500 631 1576 3706;;st
658 1499 783 1552 καθ’
815 1501 933 1554 ὁδὸν
958 1500 1278 1563 καταλύσει.
1315 1502 1371 1555 αί
1401 1504 1659 1576 γυναῖκες
1692 1502 1903 1557 ἐκείνου

278 1556 1121 1666 ρόντος-ἀναχωρείτωσαν.

291 1692 318 1761 ‘t

2021 494 2113 548 siti
2147 498 2429 564 prodeam.
2460 496 2561 562 Qui
2588 498 2749 553 aliter
2777 497 3007 554 fecerint
3038 503 3351 568 puniuntor.

2369 676 2438 732 Π
2470 676 2727 745 ejusdem,
2754 688 2804 733 et
2855 678 2927 732 20
2959 680 3219 746 septimm.

2092 764 2391 822 Monachus
2428 766 2482 820 in
2524 766 2773 821 muliebri
2817 767 3097 820 mansione
3152 766 3453 829 dormiens,
3498 776 3592 820 aut

2017 858 2281 909 monacha
2318 856 2371 912 in
2401 855 2568 921 virili,
2601 856 2716 911 sive
2754 856 2922 910 etiam
2957 854 3213 922 clericus,
3251 864 3345 910 aut
3397 854 3592 917 laicus.

2016 957 2357 1017 segregator.

2647 1037 2680 1092 8
2706 1037 2967 1107 septimis.

2084 1127 2195 1185 Nec.
2251 1130 2306 1185 in
2363 1130 2744 1201 episcoporum
2798 1130 3029 1194 aedibus,
3079 1137 3172 1185 aut
3221 1131 3587 1193 monasteriis,

2024 1224 2286 1278 mulieres
2335 1231 2763 1277 commorentur.
2798 1222 2951 1289 Quod
3009 1223 3054 1277 si
3098 1224 3221 1293 quis
3275 1225 3589 1294 episcopus,

2014 1314 2099 1367 vel
2150 1313 2337 1376 abbas,
2398 1327 2551 1367 serva
2608 1313 2845 1369 liberave
2891 1328 3048 1368 suum
3102 1317 3170 1368 ad
3226 1315 3589 1369 ministerium

2016 1407 2210 1467 utitur,
2247 1405 2594 1474 increpator;
2633 1415 2688 1459 et
2737 1406 2789 1459 in
2825 1406 3096 1461 sententia
3143 1409 3468 1475 persistens,
3497 1407 3594 1462 de-

2018 1498 2258 1567 ponitor.
2317 1497 2378 1552 In
2421 1497 2617 1552 itinere
2662 1513 2812 1563 vero,
2845 1513 3169 1568 quocunque
3202 1499 3433 1552 divertet
3472 1499 3593 1569 epi-

2013 1604 2213 1657 scopus
2250 1597 2345 1643 aut
2374 1587 2565 1655 abbas,
2606 1588 2731 1643 inde
2763 1590 3022 1644 mulieres
3059 1590 3177 1659 ipso
3210 1601 3476 1660 praesente
3505 1606 3594 1646 se-

2017 1677 2233 1735 cedant.

294 1766 399 1873 ﬁ'o
431 1798 523 1846 xa’
554 1791 665 1861 τῆς
691 1792 761 1856 ζ’.
797 1795 832 1848 ὁ
864 1800 941 1873 ty’
980 1794 1197 1873 τῆςρν
1220 1797 1611 1873 Καρθαγένῃ,
1643 1799 1745 1854 καί
1773 1802 1808 1855 ὁ
1841 1801 1904 1855 ιδ¹

2016 1793 2079 1848 21
2128 1794 2408 1864 εεριὶηιω,
2458 1792 2524 1850 18
2571 1790 3024 1873 Carllmgiuensis,
3069 1802 3120 1848 ει
3174 1792 3239 1847 14
3298 1792 3493 1849 habita
3539 1793 3595 1847 in

837 1864 950 1933 τῆς
982 1866 1052 1919 ἐν
1089 1868 1391 1934 Τρούλλφ.

396 1956 672 2026 Κληρικοὶ
708 1957 743 2028 ἢ
777 1958 1103 2028 μονάζοντες
1143 1961 1569 2031 συνομνύμενοι,
1610 1962 1643 2033 ἢ
1674 1966 1913 2035 φατριά-

324 2049 535 2112 ζοντες,
561 2050 595 2119 ἢ
631 2065 689 2101 τι
710 2048 856 2103 κατά
880 2051 1184 2104 ἐπισκόπου
1206 2051 1240 2121 ἢ
1267 2052 1641 2123 συγκληρικοῦ
1659 2055 1913 2125 τυρεύονο

312 2136 438 2208 τες,
468 2139 564 2194 τοῦ
596 2140 802 2195 οίκείου
832 2140 1046 2213 βαθμοῦ
1075 2143 1430 2198 παντάπασιν
1464 2146 1904 2204 ἐκπιπτέτωσαν.

832 2325 836 2329 ’
862 2322 954 2382 l'O
986 2328 1077 2392 κγ’
1099 2327 1347 2391 ταύτης.

394 2415 462 2469 Οἱ
505 2414 652 2485 παρὰ
686 2413 917 2485 γνώμην
950 2416 1050 2469 τοῦ
1111 2416 1265 2484 σφῶν
1306 2418 1609 2471 ἐπισκόπου
1657 2418 1911 2489 κληρικοὶ

321 2505 353 2573 ἦ
390 2504 728 2573 μονάζοντες
762 2507 827 2575 τῇ
862 2506 1284 2560 Κωνσταντίνου
1318 2498 1777 2579 ἐνδιατρίϐοντες.
1813 2510 1911 2564 καὶ

318 2597 556 2658 ἄκοντες
586 2596 1023 2664 ἐλαυνέσθωσαν,
1054 2596 1130 2662 ὡς
1167 2599 1442 2669 ταράκται
1472 2600 1584 2654 τῶν
1608 2600 1911 2671 ἐκκλησια-

320 2688 534 2740 πικῶν
566 2688 983 2744 καταστάσεων.

331 2780 397 2832 '0
421 2780 513 2833 κδ’
541 2779 652 2848 τῆς
684 2780 737 2835 α’
760 2782 861 2835 καί
881 2783 963 2848 β’,
1001 2782 1100 2837 καὶ
1135 2785 1170 2838 ό
1204 2783 1298 2838 νδ⁹
1329 2785 1439 2853 τῆς
1462 2785 1534 2839 ἐν
1564 2783 1905 2853 Λαοδικείᾳ.

392 2873 677 2942 Κληρικδς
700 2874 733 2944 ἧ
766 2875 1017 2944 μονάξων
1046 2876 1105 2928 ἐν
1133 2876 1499 2947 ίπποδρόμοις
1526 2878 1558 2948 ἢ
1588 2878 1907 2948 θυμελικοῖς

317 2964 602 3029 παιγνίοις
642 2964 1048 3035 παρουσιάζων,
1087 2966 1120 3036 ἢ
1179 2967 1285 3019 κᾶν
1339 2967 1399 3019 ἐν
1431 2967 1595 3037 γάμῳ
1652 2966 1902 3038 κληθείη,

2716 1861 2923 1916 Trulla.

2086 1954 2308 2020 Clerici,
2350 1954 2437 2009 vel
2491 1954 2769 2017 monachi,
2817 1936 3252 2025 conjurationem
3306 1956 3591 2019 facientes,

2014 2057 2112 2101 aut
2148 2045 2387 2114 factiosi,
2414 2045 2497 2101 vel
2524 2046 2651 2116 quid
2685 2045 2951 2101 adversus
3006 2047 3319 2118 episcopum
3348 2057 3441 2103 aut
3469 2064 3595 2104 con-

2014 2148 2215 2195 sortem
2248 2138 2543 2195 clericatus
2568 2139 2878 2205 molientes,
2910 2140 3079 2208 gradu
3107 2154 3210 2195 suo
3236 2155 3462 2208 prorsus
3495 2156 3595 2195 es-

2013 2231 2219 2286 ciilant.

2428 2320 2499 2374 23
2526 2319 2758 2389 ejusdem
2790 2319 2888 2391 [αί.
2916 2320 3171 2391 quarta].

2083 2411 2304 2475 Clerici,
2330 2411 2412 2466 vel
2441 2414 2714 2476 monachi,
2739 2408 2832 2481 qui
2860 2423 3061 2483 praeter
3080 2412 3323 2482 episcopi
3357 2412 3438 2465 sui
3463 2428 3592 2466 scn-

2014 2506 2237 2561 tentiam
2282 2506 2757 2575 ConstantinOpoli
2813 2516 3245 2571 commorantur,
3284 2507 3453 2562 etiam
3504 2506 3590 2558 in-

2012 2597 2107 2651 viti
2158 2596 2469 2668 abiguntor,
2528 2597 2693 2653 veluti
2755 2599 3166 2668 perturbatores
3224 2598 3589 2654 ecclesiastici

2012 2700 2208 2747 status.

2174 2782 2247 2836 24
2281 2783 2467 2850 prima:
2501 2798 2563 2835 ac
2593 2781 2860 2843 secundis,
2890 2790 2943 2836 et
2976 2782 3044 2837 54
3075 2781 3411 2837 Laodiceam.

2083 2872 2350 2931 Clericus.
2388 2881 2483 2925 aut
2516 2872 2836 2937 monachus,
2867 2874 2958 2942 qui
2992 2873 3121 2927 circi
3156 2874 3237 2927 vel
3273 2873 3586 2942 nuptiarum

2011 2963 2235 3018 ludicris
2251 2962 2426 3025 adest,
2456 2971 2548 3015 aut
2580 2961 2836 3016 invitatus
2858 2962 2924 3015 ad
2952 2964 3189 3031 nuptias,
3214 2961 3261 3016 si
3295 2972 3586 3029 antequam

314 3054 417 3121 τῆς
454 3054 562 3107 τῶν
587 3056 857 3122 παιγνίων
887 3057 1195 3128 παρουσίας
1231 3058 1307 3129 μὴ
1338 3058 1829 3130 προεξερχόμενος,
1870 3056 1903 3129 ἢ

2012 3055 2102 3112 illa
2145 3055 2353 3110 ludicra
2397 3053 2554 3123 ﬂant,
2587 3069 2694 3109 non
2740 3056 3039 3126 egreditur,
3081 3063 3174 3108 aut
3209 3054 3443 3119 desinat,
3494 3061 3589 3107 aut

315 3144 651 3209 παυσάσθω,
675 3144 710 3213 ἦ
742 3145 1139 3218 καθαιρείσθω.

931 3236 995 3293 '0
1030 3240 1080 3293 δ’
1118 3238 1229 3309 τῆς
1259 3239 1332 3302 ζ’.

400 3326 466 3381 ’0
503 3322 579 3396 μὴ
599 3327 942 3398 χειροθεσίας
967 3329 1170 3401 τυχὼν,
1207 3332 1257 3383 εί
1285 3331 1376 3384 καὶ
1406 3330 1641 3403 μοναχδς
1675 3333 1782 3402 εἴη,
1809 3332 1907 3398 τάς

318 3418 479 3489 ἱεράς
502 3418 589 3470 ἐπ’
622 3418 879 3487 ἄμϐωνος
908 3419 1131 3491 βίϐλους
1167 3422 1243 3493 μὴ
1292 3423 1742 3491 ἀναγινωσκέτω.
1780 3426 1908 3478 Χει-

318 3507 615 3578 ροθετείτω
636 3508 694 3561 δὲ
724 3508 1081 3577 ἀναγνώστας
1105 3512 1200 3565 καὶ
1229 3511 1537 3584 ἡγούμενος
1569 3514 1628 3566 ἐν
1674 3513 1752 3585 τῷ
1790 3514 1906 3583 Ιδίῳ

316 3597 695 3669 μοναστηρίῳ,
726 3599 774 3651 εί
810 3600 1111 3669 ίερωμένος
1139 3600 1249 3671 εἴη,
1279 3602 1374 3656 καὶ
1423 3603 1557 3674 παρ’
1599 3604 1902 3659 ἐπισκόπου

308 3688 661 3760 χειροθεσίαν
681 3690 831 3761 ἔχει’
864 3692 961 3747 καὶ
980 3693 1422 3763 χωρεπίσκοπος,
1447 3693 1569 3751 κατ’
1600 3695 1904 3767 ἐπιτροπὴν

312 3782 343 3833 ἐ
356 3782 652 3837 πισκόπου.

834 3961 899 4017 '0
920 3960 1011 4016 κα⁹
1034 3963 1145 4033 τῆς
1172 3963 1391 4033 αὐτῆς.

387 4054 642 4127 Μοναχδς
667 4055 769 4127 τὴν
823 4057 962 4110 ίδίαν
986 4057 1417 4126 καταλιμπάνων
1466 4057 1657 4127 μονὴν,
1691 4058 1789 4109 καὶ
1818 4059 1899 4122 είς

308 4150 515 4220 ἑτέραν
537 4150 937 4220 ἀπερχόμενος,
962 4148 1349 4219 ξενοδοχείσθω
1381 4148 1483 4220 μὲν
1506 4189 1521 4215 ,
1556 4150 1631 4220 μὴ
1655 4149 1898 4219 δεχέσθω

305 4241 374 4295 δι
400 4241 556 4311 παρά
586 4240 816 4311 γνώμην
835 4240 932 4294 τοῦ
962 4242 1307 4311 προεστῶτος
1331 4244 1523 4298 αὑτοῦ.

702 4331 757 4383 '0
788 4328 873 4384 06'
910 4330 1022 4400 τῆς
1053 4331 1123 4385 ἐν
1148 4334 1520 4403 Καρθαγένῃ.

1760 4290 1791 4327 ‘4‘

2014 3147 2325 3218 deponitor.
3328 3186 3345 3215 ,

2502 3238 2537 3293 4
2574 3235 2673 3310 [ιιι.
2710 3237 2801 3310 14]
2824 3238 3081 3306 septima.

2081 3330 2185 3398 Qui
2236 3346 2429 3385 manus
2471 3330 2875 3400 impositionem
2926 3344 3034 3386 non
3087 3338 3173 3383 est
3236 3336 3586 3385 consecutus.

2010 3423 2136 3479 licet
2184 3424 2489 3478 monachus
2543 3422 2635 3489 sit,
2673 3436 2863 3477 sacros
2914 3420 2967 3475 in
3012 3421 3244 3475 amboue
3280 3413 3585 3492 [suggestu]

2011 3515 2178 3571 libros
2212 3530 2318 3569 nou
2348 3514 2511 3583 legat.
2549 3513 2794 3583 lmponat
2829 3523 3011 3567 autem
3048 3527 3240 3566 manus
3289 3510 3587 3565 lectoribus

2007 3608 2171 3662 etiam
2201 3606 2371 3661 abbas
2401 3606 2454 3660 in
2488 3621 2588 3660 suo
2640 3605 2993 3670 monasterio,
3022 3604 3070 3658 si
3118 3603 3409 3658 sacerdotii
3462 3616 3588 3671 gra-

2007 3699 2134 3755 dum
2188 3698 2374 3763 habet,
2412 3706 2466 3753 et
2512 3697 2582 3751 ab
2624 3695 2881 3766 episcopo
2937 3710 3130 3749 manus
3179 3693 3581 3775 iiupositioucm

2008 3804 2196 3847 nactus
2266 3799 2370 3857 est,
2405 3791 2640 3859 itemque
2676 3788 3124 3859 chorepiscOpus,
3165 3785 3400 3854 episcOpi
3463 3799 3586 3853 pcr-

2007 3885 2199 3939 missu.

2616 3973 2679 4027 21
2710 3972 2967 4044 ejusdem.

2075 4068 2393 4140 Monachus,
2426 4066 2517 4137 qui
2570 4080 2723 4121 suam
2780 4066 3116 4121 mansionem
3162 4062 3388 4123 deserit,
3423 4070 3475 4111 ct
3524 4058 3579 4111 in

2004 4165 2167 4220 aliam
2200 4164 2333 4230 abit,
2384 4160 2623 4232 hospitio
2660 4161 2881 4231 quidem
2911 4159 3202 4229 escipitor,
3226 4172 3412 4211 verum
3451 4154 3578 4221 alis-

2003 4273 2109 4331 que
2153 4256 2421 4313 sententia
2453 4253 2725 4323 przepositl
2760 4253 2840 4308 sui
2876 4268 2979 4307 non
3015 4252 3341 4307 admittitur.

2357 4346 2423 4399 74
2448 4344 2547 4418 [ιιι.
2590 4343 2717 4416 104]
2748 4344 3223 4414 Carthaginiensis.

384 4422 453 4476 Et
474 4439 559 4484 τις
618 4422 853 4493 μοναχὸς
904 4424 1006 4491 τῆς
1033 4425 1168 4487 ιδίας
1210 4426 1527 4496 ἀποδράσας
1569 4428 1761 4498 μονῆς,
1812 4430 1892 4493 είς

2074 4440 2130 4497 Si
2159 4439 2281 4510 quis
2322 4438 2619 4495 monachus
2650 4449 2801 4493 extra
2833 4454 2986 4492 suam
3030 4438 3374 4493 mansionem
3423 4436 3581 4491 aufu-

308 4516 503 4587 ἕτερον
526 4515 894 4591 μοναστήριον
930 4518 1255 4586 μεταπέσει,
1287 4518 1317 4587 ἢ
1361 4520 1442 4582 είς
1488 4522 1755 4591 κοσμικδν
1789 4522 1902 4575 είσ-

309 4606 566 4674 κωμάσει
598 4590 964 4675 καταγώγιον.
1001 4609 1353 4680 ἀφοριζέσθω
1394 4611 1536 4681 μετά
1581 4611 1675 4666 τοῦ
1711 4612 1902 4666 ὑποδε-

310 4696 573 4763 ξαμένου,
610 4696 717 4759 ἓως
746 4696 813 4750 ἂν
843 4698 923 4760 εἱς
976 4698 1074 4769 τὴν
1114 4698 1253 4752 ίδίαν
1288 4701 1576 4756 ἐπανέλθοι
1605 4702 1795 4774 μονὴν.
1840 4702 1900 4758 '0

306 4789 370 4842 δὲ
411 4790 545 4859 παρ’
579 4790 883 4843 ἐπισκόπου
915 4792 1260 4862 ὁπουδήποτε
1300 4794 1601 4861 καταστάς,
1636 4797 1737 4867 οὐχ
1769 4796 1901 4851 ὑπό-

305 4882 483 4944 δικος.
520 4934 521 4937 η

585 4972 649 5027 '0
676 4972 727 5028 α’
762 4974 872 5030 τοῦ
902 4975 1282 5047 πατριάρχου
1303 4976 1631 5035 Νικολάου.

383 5065 446 5116 Οἱ
481 5066 708 5134 μοναχοὶ
765 5066 855 5119 διά
910 5068 972 5119 τὸ
1026 5067 1218 5137 σχῆμα
1268 5070 1349 5131 είς
1404 5069 1465 5123 τὸ
1504 5070 1896 5142 θυσιαστήριον

304 5156 626 5218 εἱσίτωσαν,
677 5156 939 5226 ὑφάψεως
994 5158 1156 5226 χάριν
1210 5160 1390 5229 κηροῦ
1454 5162 1550 5215 καὶ
1596 5165 1890 5234 κανδήλας.

318 5248 440 5299 Ἐπ’
472 5246 725 5315 ἆμδωνος
757 5248 837 5313 δὲ,
857 5248 980 5319 δίχα
1018 5249 1385 5321 χειροθεσίας,
1420 5253 1891 5325 μὴιάναγινωσκέ-

305 5355 513 5393 τωσαν.

551 5436 618 5491 '0
639 5437 712 5496 ιδ’
740 5439 848 5495 τοῦ
876 5442 1247 5514 πατριάρχου
1284 5445 1656 5515 Νικηφόρον.

240 5596 252 5603 μ
378 5527 473 5579 Δεῖ
518 5528 621 5593 τάς
658 5532 999 5599 μοναζούσας
1035 5537 1265 5593 εἰσιέναι
1295 5540 1377 5600 είς
1408 5538 1472 5591 τὸ
1516 5539 1673 5605 ἅγιον
1701 5536 1888 5590 θυσια-

311 5619 552 5688 στήριον,
588 5625 683 5674 καὶ
744 5622 940 5680 ἅπτειν
972 5630 1140 5699 κηρὸν
1197 5630 1292 5683 καὶ
1324 5629 1617 5701 κανδήλας,
1662 5628 1754 5682 καὶ
1802 5647 1888 5683 κου

314 5712 468 5783 σβετν
516 5710 604 5769 τὸν
639 5712 785 5772 ναόν.
830 5715 984 5777 Κατὰ
1014 5720 1328 5791 περίστασιν
1360 5721 1449 5773 καὶ
1476 5719 1706 5789 paulo;
1744 5722 1884 5785 λιτίς

2004 4533 2163 4604 gerit,
2194 4544 2247 4588 et
2284 4534 2338 4586 in
2385 4530 2528 4585 aliud
2566 4530 2958 4585 monasterium
2998 4531 3232 4592 venerit,
3265 4529 3345 4583 vel
3394 4530 3446 4582 in
3480 4545 3582 4583 sae-

2000 4627 2188 4683 culare
2223 4624 2585 4680 diversorium
2627 4623 2775 4677 velut
2808 4621 2876 4675 ad
2906 4622 3283 4677 comisantium
3330 4620 3579 4684 irruerit,

2001 4722 2316 4787 segregator
2349 4728 2453 4767 una
2506 4729 2627 4766 cum
2664 4728 2729 4767 eo
2762 4713 2852 4780 qui
2910 4713 3184 4766 hominem
3210 4711 3447 4779 excepit.
3486 4714 3584 4761 ειυς-

2000 4823 2102 4864 nec
2127 4808 2181 4861 in
2217 4821 2369 4862 suam
2406 4805 2745 4860 mansionem
2792 4803 3037 4859 redierit.
3068 4804 3172 4871 Qui
3209 4818 3337 4859 vero
3371 4805 3437 4858 ab
3463 4806 3583 4873 cpi-

2002 4912 2169 4969 scopo
2204 4898 2516 4968 ubicunque
2544 4897 2879 4951 constitutus
2906 4905 3012 4961 est,
3053 4896 3213 4965 culpa
3241 4903 3411 4950 caret.

2461 4987 2485 5041 1
2533 4987 2745 5044 Νἱοοίιιὲ
2776 4990 2947 5054 patria
2957 4988 3114 5041 rcltaz.

2069 5079 2325 5134 Monachi
2378 5089 2598 5149 propter
2635 5079 2879 5133 habitum
2931 5080 2984 5133 in
3035 5080 3338 5133 sacrarium
3397 5080 3577 5148 ingrc.

1993 5173 2236 5237 diuntor,
2267 5181 2323 5225 ut
2367 5186 2558 5226 cereos
2588 5180 2640 5225 et
2664 5171 2922 5226 candelas
2973 5172 3332 5228 succendunt.
3366 5173 3417 5224 ιιι
3449 5188 3575 5240 sng-

1993 5272 2147 5335 gestu
2179 5279 2328 5331 vero,
2368 5264 2574 5334 absque
2608 5279 2800 5319 manus
2831 5264 3197 5333 impositione,
3235 5282 3341 5318 non
3368 5266 3572 5331 lt'gttttl.

2402 5447 2469 5503 14
2505 5446 2791 5517 Nicephori
2822 5449 3161 5518 patriarcha.

2064 5539 2360 5596 Monachas
2408 5542 2710 5598 sacrarium
2770 5542 2975 5611 ingredi
3006 5550 3244 5610 oportet.
3279 5547 3331 5593 et
3364 5550 3557 5592 cereos

1990 5650 2154 5702 azque
2185 5633 2439 5690 candelas
2469 5636 2791 5699 accendere,
2834 5634 3201 5701 templumque
3243 5644 3461 5685 ornare.
3502 5630 3562 5687 lo

1991 5728 2229 5796 periculo
2268 5724 2502 5797 simplex
2541 5726 2705 5783 etiam
2740 5727 3034 5780 nmnaclms
3061 5724 3322 5794 baptilal.
3361 5722 3560 5787 Sitttiuc
