4018 6212
430 303 535 370 159
909 338 938 348 -

1615 307 1877 370 CONST.
1915 306 2483 368 HARMENOPULI

3572 303 3672 366 ιω

423 427 703 488 peccatum
736 433 840 473 non
891 417 1108 481 habere,
1149 419 1509 486 nosmetipsos
1538 418 1793 483 fallimus,
1825 437 1843 468 s
1889 435 1984 489 per

2103 420 2308 490 ἔχομεν,
2335 419 2564 481 ἑαυτοὺς
2592 419 2891 488 ἀπαιτῶμεν
2912 433 2925 448 ·
2973 437 2990 469 ι
3017 420 3103 472 διὰ
3137 417 3666 488 ταπεινοφροσύνην,

426 509 782 565 humilitatem
825 551 840 577 ,
872 525 977 565 non
1022 510 1305 564 veritatem
1361 524 1482 563 esse
1513 510 1811 578 prolatum,
1849 524 1990 564 ana-

2103 516 2190 569 καὶ
2213 513 2334 584 οὐχὶ
2357 513 2497 568 κατά
2527 513 2783 584 ἀλήθειαν
2817 514 3053 584 εἴρηται,
3087 512 3356 582 ἀνάθεμα.

429 602 633 656 thema.

972 689 1073 744 H5
1102 688 1357 757 ejusdem.

499 782 580 844 ΕΞ,
607 783 692 852 qui
718 781 872 844 dicit,
901 779 1146 833 homines
1181 787 1397 832 saucios
1426 780 1564 833 istuc
1584 780 1806 834 verbum
1835 798 1849 835 :
1883 799 1900 831 ι
1931 779 1996 832 Et

429 873 646 926 remitte
706 869 859 922 nobis
907 868 1084 922 debita
1138 877 1375 929 nostra»
1427 884 1530 921 non
1565 883 1745 937 prose
1772 869 1994 936 dicere’,

427 962 579 1030 quasi
597 961 687 1029 qui
719 975 943 1028 peccare
968 968 1258 1028 nequeant,
1283 961 1376 1013 Sed
1399 976 1495 1027 pro
1515 959 1793 1014 hominum
1819 961 1993 1032 vulgo,

429 1055 739 1108 anathema.

1103 1146 1127 1199 1
1161 1144 1474 1214 Cangrerta’.

501 1233 556 1288 Si
587 1234 706 1304 quis
761 1235 1057 1303 legitimum
1111 1238 1514 1291 matrimonium
1549 1237 1840 1307 vituperat,
1872 1253 1998 1293 aua-

385 1369 400 1380 .
429 1325 630 1378 thema.

1026 1422 1061 1476 9.
1115 1422 1371 1492 ejusdem.

434 1581 442 1586 _
497 1505 551 1557 Si
584 1505 705 1574 quis
749 1504 995 1576 religiose
1027 1517 1330 1563 vescentem
1361 1505 1615 1564 carnibus
1648 1509 1852 1578 absque
1877 1525 2004 1566 san-

428 1600 612 1663 guine,
635 1607 688 1651 et
733 1599 1043 1655 simulacris
1095 1600 1374 1655 immolato
1403 1639 1418 1666 ,
1451 1607 1507 1655 et
1555 1601 1842 1665 sull’ucato,
1875 1618 2006 1658 con-

331 1728 336 1737 .
425 1690 1016 1755 demuat,auathema.

1036 1780 1070 1836 5
1123 1783 1382 1852 ejusdem.

497 1865 550 1920 Si
567 1868 686 1936 quis
708 1882 862 1922 servo
883 1869 1156 1938 religionis
1171 1885 1298 1941 erga
1320 1872 1487 1926 Deum
1518 1881 1777 1942 prmtestu
1793 1873 2003 1939 suadet,

424 1968 484 2012 ut
517 1961 792 2014 deminuat
821 1976 980 2014 suum
1004 1970 1332 2027 contemnat,
1361 1965 1670 2020 anathema.

1018 2053 1051 2106 4
1118 2053 1375 2116 eiusdem.

507 2140 608 2206 Qui
640 2141 855 2197 hazsitat
879 2158 906 2196 a
931 2145 1248 2214 presbytero
1285 2143 1577 2214 conjug‘tto
1603 2142 1619 2215 [
1643 2141 2006 2215 sacramenta]

430 2234 730 2302 percipere,
756 2233 1042 2289 anathema
1080 2235 1172 2291 sit.

1050 2325 1084 2380 5
1127 2327 1384 2395 ejusdem.

500 2415 604 2481 Qui
673 2416 842 2472 eadem
907 2432 1119 2472 sacram
1163 2417 1461 2471 contemnit
1494 2457 1508 2482 ,
1542 2420 1852 2474 anathema.

994 2510 1026 2563 6
1056 2508 1313 2577 ejusdem.

529 2597 790 2654 Similiter
838 2608 893 2654 et
932 2599 1026 2668 qui
1091 2614 1333 2653 seorsum
1365 2609 1538 2654 costus
1565 2599 1752 2656 habet.

1083 2691 1114 2742 7
1164 2690 1424 2758 ejusdem.

497 2780 692 2850 Ei,qui
728 2791 925 2849 prmter
940 2781 1176 2852 episc0pi
1212 2782 1293 2838 vel
1317 2779 1616 2852 presbyteri
1677 2781 1999 2837 seuteutiam

427 2885 518 2927 res
549 2873 944 2928 ecclesiasticas
979 2882 1194 2938 tractat,
1239 2873 1552 2928 anathema.

1025 2965 1058 3020 8
1107 2963 1365 3034 ejusdem.
1679 3026 1682 3032 ,

509 3056 773 3113 Similiter
799 3064 853 3114 et
884 3057 931 3112 ei
961 3057 1050 3127 qui
1081 3057 1169 3110 dat
1202 3056 1280 3112 vel
1303 3057 1497 3125 accipit
1525 3055 1854 3112 oblationem
1876 3055 1989 3111 fru-

421 3162 602 3201 ctuum
637 3149 837 3218 absque
887 3149 1166 3215 episcopo,
1211 3156 1263 3200 et
1304 3161 1370 3201 eo
1405 3147 1497 3216 qui
1549 3147 2006 3204 administrationi

425 3231 642 3311 {rerum
661 3239 906 3294 ecclesia:
932 3237 950 3310 ]
989 3238 1277 3308 praefectus
1308 3246 1413 3294 est.

1016 3325 1049 3380 9
1097 3327 1354 3394 ejusdem.

493 3419 681 3473 Itidem
711 3428 766 3472 et
801 3418 895 3482 illi,
928 3419 1018 3486 qui
1041 3400 1408 3488 virginitatem
1431 3417 1582 3481 colit,
1605 3417 1687 3472 vel
1718 3417 2003 3474 continen-

424 3507 551 3561 tiam
587 3517 790 3572 servat,
841 3521 946 3561 non
998 3505 1166 3574 ipsius
1213 3505 1340 3561 boni
1369 3519 1556 3571 causa,
1587 3506 1682 3561 sed
1721 3505 1862 3576 quod
1893 3519 2008 3559 ma-

424 3599 736 3652 trimonium
767 3597 1135 3652 abominetur.

1024 3686 1090 3742 l0
1160 3687 1414 3757 ejusdem.

487 3781 592 3847 Qui
625 3788 846 3850 prepter
900 3779 1371 3845 exercitationem,
1399 3795 1518 3849 qua:
1548 3779 1799 3850 religiosa
1837 3789 1994 3852 puta-

421 3884 527 3936 tur,
561 3873 751 3941 parmis
785 3872 974 3935 utitur.
1000 3873 1243 3943 aliosque
1273 3872 1360 3944 pie
1390 3887 1542 3930 veros
1575 3873 1640 3945 (ι
1670 3877 1688 3944 ;
1721 3884 1995 3945 gestantes

419 3969 661 4034 damnat,
692 3967 763 4023 sit
789 3968 1102 4023 anathema.

1101 4059 1168 4113 ﬂ
1217 4060 1470 4126 ejusdem.

490 4146 666 4202 Liberi
703 4187 720 4211 ,
750 4149 839 4217 qui
893 4161 1152 4216 praetextu
1190 4149 1455 4218 religiosa:
1489 4151 1704 4220 pietatis
1738 4167 1768 4206 a
1796 4170 1995 4224 paren-

430 4240 574 4292 tibus
605 4239 885 4302 recedunt,
907 4241 1199 4294 anathema
1235 4250 1420 4294 sunto.
1461 4287 1464 4290 .

1053 4327 1118 4379 16
1171 4328 1434 4396 ejusdem.

2635 688 2699 742 Ὀ
2730 698 2842 758 ριε¹
2876 691 3122 756 ταύτης.

2169 775 2262 848 Τῷ
2298 777 2531 845 λέγοντι,
2580 779 2705 843 τοὺς
2743 781 2932 846 ἁγίους
2963 780 3044 840 τὸ,
3082 797 3100 830 ι
3127 781 3236 835 Καὶ
3267 779 3403 846 ἄφες
3434 781 3567 850 ἡμῖν
3604 782 3674 834 τὰ

2097 869 2441 938 ὀφειλήματα
2475 869 2652 939 ἡμῶν,
2688 888 2704 920 ι
2743 871 2844 940 οὑχ
2873 871 3012 940 ὑπὲρ
3038 870 3247 923 ἑαυτῶν
3281 871 3572 939 λέγειν,ὼς
3593 873 3678 923 ὅν-

2097 975 2202 1012 των
2238 960 2658 1032 ἀναμαρτήτων,
2686 960 2800 1014 ἀλλ’
2836 962 2977 1031 ὑπὲρ
2999 962 3106 1014 τῶν
3135 963 3363 1026 πολλῶν,
3400 963 3668 1032 ἀνάθεμα.

2569 1136 2632 1189 Ὀ
2652 1135 2702 1189 α’
2731 1136 2841 1204 τῆς
2870 1139 2941 1190 ἑν
2987 1136 3251 1206 Γάγγρᾳ.

2173 1229 2239 1283 Et
2267 1245 2350 1291 τις
2379 1230 2471 1282 τὸν
2501 1229 2726 1300 ἔννομον
2761 1231 3030 1302 μέμφοιτο
3065 1232 3262 1300 γάμον,
3286 1230 3558 1301 ἀνάθεμα.

2678 1405 2741 1457 '0
2767 1402 2827 1468 β’
2860 1406 3108 1472 ταύτης.

2175 1493 2242 1545 El
2267 1509 2348 1554 τις
2372 1493 2463 1545 τὸν
2488 1493 2732 1558 εὐλαϐῶς
2761 1494 3014 1547 ἐσθίοντα
3045 1494 3182 1564 κρέα
3209 1497 3378 1566 χωρὶς
3416 1497 3673 1566 αἵματος,

2106 1583 2202 1636 καὶ
2261 1581 2634 1651 είδωλοθύτου,
2688 1587 2780 1640 καὶ
2821 1587 3082 1651 πνικτοῦ,
3132 1591 3495 1661 κατακρίνει,
3545 1593 3675 1646 ἀνά-

2109 1675 2272 1749 θεμα.
3649 1666 3661 1676 ’

2685 1770 2750 1825 '0
2781 1769 2827 1841 γ’
2855 1773 3096 1840 ταύτης.

2182 1859 2250 1914 Ei
2278 1878 2361 1924 τις
2413 1861 2618 1927 δοῦλον,
2653 1862 2961 1925 θεοσεϐείας
3005 1865 3304 1933 προφάσει,
3343 1865 3437 1920 τοῦ
3466 1868 3673 1924 οἰκείου

2107 1950 2283 2006 πείθει
2319 1953 2580 2008 δεσπότου
2608 1958 2990 2022 καταφρονεῖν,
3012 1956 3284 2026 ἀνάθεμα.
3405 1945 3410 1950 ’

2139 2121 2142 2124 ”
2677 2046 2741 2098 '0
2768 2043 2816 2100 δ’
2847 2048 3090 2114 ταύτης.

2189 2136 2248 2189 Ὀ
2280 2138 2692 2207 διακρινόμενος
2730 2139 2883 2208 παρὰ
2936 2139 3313 2211 πρεσϐυτέρου
3361 2147 3676 2216 γεγαμηκό-

2105 2246 2195 2295 τος
2231 2230 2698 2302 μεταλαμϐάνειν,
2735 2232 2822 2300 εἴη
2863 2233 3132 2302 ἀνάθεμα.

2683 2324 2746 2376 '0
2768 2331 2812 2377 ε’
2847 2324 3092 2390 ταύτης.

2186 2412 2246 2466 '0
2270 2411 2364 2466 τοῦ
2396 2412 2540 2466 θείου
2577 2414 2936 2484 καταφρονῶν
2958 2416 3132 2480 οἷκον,
3169 2415 3438 2488 ἀνάθεμα.

2688 2503 2744 2556 '0
2773 2502 2826 2568 ς’
2850 2505 3094 2572 ταύτης.

2188 2591 2464 2658 Ὡσαύτως
2492 2596 2586 2649 καὶ
2617 2597 2644 2650 ὁ
2675 2596 3056 2667 ἐκκλησιάζων
3082 2599 3209 2670 ίδίᾳ.

2677 2687 2739 2740 '0
2767 2685 2813 2747 ζ’
2838 2688 3083 2756 ταύτης.

2180 2773 2271 2845 Τῷ
2324 2779 2474 2848 παρὰ
2521 2779 2746 2851 γνώμην
2776 2781 3131 2851 ὲπισκόπουῆ
3181 2783 3560 2854 πρεσϐυτέρου
3604 2789 3669 2839 τά

2103 2866 2203 2938 τῆς
2235 2867 2531 2940 ἐκκλησίας
2560 2870 2875 2939 πράττοντι,
2902 2871 3176 2940 ἀνάθεμα.

2649 2965 2712 3018 '0
2742 2970 2792 3032 η’
2824 2966 3064 3032 ταύτης.

2188 3055 2463 3109 Ὠσαύτω·
2490 3057 2584 3111 mi
2612 3057 2689 3129 τῷ
2722 3059 2918 3114 διδόντι
2954 3061 2987 3130 ἢ
3024 3061 3356 3131 λαμϐάνοντι
3389 3080 3668 3132 καρποφο-

2111 3145 2231 3216 ρίαν
2258 3147 2388 3200 ἄνευ
2419 3149 2511 3201 τοῦ
2544 3150 2866 3217 ἐπισκόπου,
2913 3153 3008 3206 καὶ
3055 3153 3148 3206 τοῦ
3198 3155 3290 3206 ἐπὶ
3343 3155 3442 3223 τὴν
3469 3156 3668 3208 οίκονο·

2108 3237 2238 3308 μίαν
2263 3244 2620 3310 τεταγμένου.

2673 3333 2736 3387 '0
2777 3337 2824 3388 0'
2861 3336 3100 3400 ταύτης.

2187 3419 2349 3473 Ἀλλὰ
2367 3420 2430 3490 δὴ
2465 3422 2560 3474 καὶ
2590 3421 2669 3492 τῷ
2703 3423 3150 3494 παρθενεὺοντιῆ
3189 3427 3668 3496 ἑγκρατευομένῳ,

2104 3510 2165 3564 οὐ
2197 3510 2265 3563 δι’
2287 3511 2421 3566 αὐτὸ
2447 3513 2507 3566 τὸ
2551 3515 2734 3580 καλὸν,
2765 3514 2882 3568 ἀλλ’
2915 3516 2990 3579 ὼς
3021 3516 3115 3569 τὸν
3159 3517 3339 3587 γάμον
3387 3518 3671 3588 βδελυσσο-

2110 3607 2277 3674 μένῳ.

2676 3696 2730 3748 ’0
2763 3697 2796 3749 ι’
2827 3697 3067 3764 ταύτης.

2185 3785 2244 3840 '0
2271 3787 2358 3840 διά
2389 3787 2752 3856 νομιζομένην
2777 3788 3009 3855 ἄσκησιν
3041 3787 3410 3858 ρακενδυτῶν,
3447 3789 3669 3844 καὶτῶν

2103 3877 2345 3938 εὐλαϐῶς
2373 3879 2500 3942 τοὺς
2532 3877 2732 3950 βήρους
2758 3879 3066 3950 φορούντων
3106 3879 3552 3947 καταγινώσκων,
3580 3879 3667 3948 εἴη

2105 3969 2268 4024 ἀνάοε
2277 3987 2352 4040 μα
2361 4009 2373 4024 .

2681 4061 2742 4114 Ὀ
2774 4059 2840 4114 ιδ’
2871 4061 3113 4126 ταύτης.

2175 4156 2258 4210 Τὰ
2303 4153 2508 4207 πιστῶν
2566 4152 2771 4220 γονέων
2799 4153 3232 4222 ἀναχωρήσαντα
3278 4150 3442 4204 τέκνα
3485 4151 3672 4204 θεοσε-

2105 4248 2255 4312 ϐείας
2281 4249 2574 4318 προφάσει,
2599 4245 2870 4313 ἀνάθεμα.

2638 4337 2702 4388 Ὀ
2734 4343 2812 4399 ις’
2840 4336 3082 4403 ταύτης.

518 4417 895 4471 Contemuenti
955 4432 1068 4475 eos.
1103 4419 1194 4486 qui
1253 4421 1464 4496 ex_lide
1528 4422 1847 4478 dilectiones
1911 4424 1990 4495 (2)

2169 4433 2260 4503 Τῷ
2293 4429 2718 4500 καταφρονοῦντι
2752 4429 2861 4482 τῶν
2895 4431 2960 4482 ὲκ
2990 4429 3228 4492 πίστεως
3261 4427 3483 4497 ἀγάπας
3553 4446 3671 4480 ποιο

427 4509 654 4570 ίύιίιιιιῑ.
688 4519 741 4562 et
774 4509 1184 4565 invitationibus
1212 4510 1522 4580 hujnsntodi
1553 4532 1656 4569 non
1689 4517 1989 4570 communi-

416 4596 584 4662 canti,
617 4598 928 4653 anathema.

1017 4694 1082 4746 17
1137 4692 1394 4761 ejusdem.

495 4784 759 4837 Similiter
796 4791 848 4838 et
882 4785 956 4838 illi
991 4822 1008 4848 ,
1042 4786 1130 4854 qui
1164 4797 1380 4856 propter
1409 4785 1859 4843 exercitationem
1905 4787 1992 4843 die

414 4875 695 4930 Dmuiuico
720 4875 956 4946 jt‘jllnttl.

1011 4966 1080 5020 18
1139 4969 1398 5037 ejusdem.

483 5057 614 5112 Item
649 5057 746 5124 illi,
776 5058 866 5130 qui
933 5059 1130 5114 usitata
1165 5059 1371 5130 jejunia
1415 5062 1550 5114 citra
1613 5063 1994 5120 necessitatem

415 5151 584 5206 solvit
607 5188 623 5204 .

1085 5241 1148 5295 19
1178 5240 1433 5310 ejusdem.

487 5337 628 5404 Quin
654 5336 821 5392 etiam
847 5334 1180 5390 abominanti
1243 5345 1537 5403 martyrum
1570 5349 1729 5390 causa
1770 5336 1989 5389 institu-

417 5440 500 5485 tas
555 5429 987 5500 congressiones,
1024 5437 1080 5484 et
1123 5441 1244 5494 quae
1275 5426 1326 5479 iu
1355 5427 1436 5479 eis
1461 5425 1727 5480 obeuutur
1756 5427 1987 5480 functio-

417 5538 534 5575 nes.

2098 4526 2324 4591 ούντων,
2350 4525 2444 4579 καὶ
2464 4526 2582 4586 ταῖς
2605 4523 2832 4592 κλήσεσι
2858 4520 2933 4592 μὴ
2955 4522 3324 4588 κοινωνοῦντι,
3351 4520 3622 4588 ἀνάθεμα.

2653 4697 2718 4752 '0
2746 4695 2816 4758 ιζ’
2850 4696 3101 4762 ταύτης.

2182 4788 2456 4851 Ὡσαύτως
2484 4789 2578 4841 καὶ
2609 4787 2687 4857 τῷ
2717 4785 2784 4840 δι’
2817 4784 3054 4853 ἄσκησιν
3081 4783 3139 4834 ἐν
3171 4783 3236 4852 τῇ
3286 4783 3541 4852 Κυριακῇ
3570 4799 3663 4849 v1;-

2105 4882 2369 4936 στεύοντι.

2653 4971 2716 5024 ’0
2744 4975 2815 5035 ιη’
2835 4969 3080 5034 ταύτης.

2177 5066 2283 5118 Καὶ
2308 5064 2384 5134 τῷ
2427 5064 2525 5126 τὰς
2581 5060 2978 5132 νενομισμένας
3013 5059 3268 5120 νηστείας
3298 5064 3466 5131 χωρὶς
3499 5061 3666 5127 ἀνάγ-

2099 5173 2207 5225 κης
2236 5153 2596 5225 παραλύοντι.

2636 5245 2689 5296 Ὁ
2719 5241 2789 5297 ιϐ’
2819 5242 3041 5308 ταύτης

2165 5340 2334 5416 ¹Ἀλὶιῆι
2365 5337 2430 5407 δὴ
2466 5340 2556 5390 καὶ
2583 5336 2661 5407 τῷ
2715 5335 3120 5406 βδελυσσομένῳ
3161 5335 3258 5398 τὰς
3290 5333 3399 5388 τῶν
3443 5331 3658 5404 μαρτῦ-

2095 5446 2202 5499 ρων
2229 5429 2492 5493 συνάξεις,
2529 5430 2622 5480 καὶ
2657 5429 2753 5491 τάς
2777 5430 2833 5481 ἐν
2868 5429 3051 5492 αὐτοῖς
3078 5429 3444 5498 λειτουργίας.

490 5633 565 5697 ll}
597 5633 708 5687 Hoc
742 5635 1034 5696 estseriea,
1059 5633 1200 5687 unde
1242 5641 1418 5685 vestes
1452 5631 1736 5693 holoverie.
1772 5633 1808 5686 l.
1843 5635 1893 5697 4,
1917 5634 2008 5688 6.4

2103 5644 2216 5688 rost.
2257 5634 2480 5689 Ιιυίοιοεν.
2522 5632 2613 5688 lib.
2647 5648 2719 5698 ιι,
2743 5647 2860 5700 quae
2885 5639 3007 5687 tota:
3026 5631 3091 5686 de
3125 5629 3300 5686 serico
3323 5635 3468 5686 sunt.

492 5703 569 5770 (τί)
604 5703 710 5757 lloc
738 5715 816 5759 est
851 5705 1107 5761 exhibent
1135 5704 1381 5758 convivia
1412 5702 1670 5758 liatribus
1710 5721 1771 5758 ex
1821 5707 2133 5762 dilectione.
