3948 6200
223 297 296 363 201
1239 302 1318 360 ΙΝ
1360 298 1957 362 EXALTATIONEM
1989 304 2046 364 S.
2091 303 2382 366 CRUClS.

3356 308 3461 376 202

225 417 325 487 αὕτη
361 416 598 487 μάστιξ,
632 417 725 470 καί
758 416 989 489 ἀπαρχὴ
1024 415 1227 480 παντὸς
1259 417 1425 470 πόνου
1455 418 1547 470 καὶ
1594 417 1774 488 πάσης

1881 417 2080 472 invitus
2112 420 2274 472 etiam
2317 419 2570 490 populum
2605 421 2832 478 dimisit.
2868 423 3334 488 Quemadmodum
3366 445 3464 482 au-

220 507 488 579 ἀλγηδόνος
542 509 855 580 ἀκροθίνιον
900 510 1012 572 τοῖς
1056 509 1326 571 ἐναντίοις
1366 508 1594 575 ἐγίνετο,
1639 507 1780 560 οὕτω

218 601 301 663 τοῖς
324 600 699 669 ᾠκειωμένοις
723 600 842 668 Θεῷ
873 598 1099 670 μείζονα
1127 597 1226 669 τὴν
1254 598 1417 669 χάριν
1443 597 1614 650 ἐδίδου
1643 595 1782 666 μετὰ

219 690 387 760 πολλῆς
420 690 523 758 τῆς
564 691 1023 759 παραδοξοποιίας
1069 689 1466 760 ἐνεργουμένη.
1506 689 1625 740 ’Ίνα
1671 689 1781 756 γὰρ

217 783 276 853 μὴ
302 783 593 852 συντυχίας
627 783 775 845 τινος
806 784 902 835 καὶ
939 781 1252 852 αὐτομάτου
1278 781 1512 835 θανάτου
1541 779 1777 850 νομισθῇ

215 870 261 922 τὸ
287 871 569 940 γινόμενον
591 913 606 938 ,
634 871 668 941 ἢ
695 873 848 936 νόσος
873 872 907 944 ἢ
935 872 1091 941 λιμὸς
1123 871 1312 934 ἁπλῶς
1343 870 1589 925 ἐπελθὼν
1616 870 1744 944 δόξῃ
1762 912 1777 936 ,

214 962 355 1014 πολλὰ
387 964 679 1034 συντρέχει
702 966 770 1017 τὰ
792 965 1042 1032 ἐξαίσια’
1075 967 1170 1020 καὶ
1197 965 1332 1036 ὁμοῦ
1363 965 1463 1034 μὲν
1491 965 1780 1034 παρόντων

213 1057 445 1108 ἁπάντων
476 1059 606 1118 τοὺς
638 1057 821 1123 ἀξίους
855 1059 888 1126 ἡ
933 1059 1176 1129 τιμωρία
1209 1057 1472 1127 γινώσκει
1503 1057 1597 1112 καλ⁸
1639 1056 1780 1128 μετά

209 1149 549 1218 προρῥήσεως
600 1150 860 1213 τελεῖται,
911 1150 1006 1203 καί⁸
1043 1151 1142 1221 μιᾷ
1181 1151 1337 1204 νυκτὶ
1375 1149 1580 1212 πάντες
1624 1149 1783 1202 ἀναι-

210 1238 426 1309 ροῦνται,
447 1241 544 1292 καὶ
573 1241 726 1306 μόνοι
745 1241 856 1293 τῶν
879 1240 1058 1294 ἄλλων
1084 1242 1132 1294 οί
1165 1241 1503 1312 πρωτότοκοι
1533 1240 1782 1310 ἀποθνή-

207 1351 395 1399 σκουσι,
434 1335 582 1388 ὥστε
611 1335 707 1388 καὶ
745 1337 806 1388 τὸ
835 1335 1062 1389 δυνατὸν
1092 1335 1330 1389 ἐνταῦθα
1355 1334 1450 1389 τοῦ
1484 1333 1644 1398 Θεοῦ,
1687 1334 1780 1386 καὶ

203 1428 251 1478 τὸ
273 1425 502 1492 δίκαιον,
525 1429 619 1479 καὶ
643 1427 704 1479 τὸ
726 1428 1086 1498 κηδεμονικὸν
1111 1427 1451 1496 ἀναφανῆναι
1477 1428 1572 1480 καὶ
1593 1426 1782 1496 φιλάν-

204 1518 421 1587 θρωπον.
471 1517 548 1577 Τὸ
594 1519 715 1588 μὲν,
763 1520 845 1572 ὅτι
890 1521 950 1573 ἐν
998 1521 1098 1590 μιᾷ
1142 1521 1281 1590 ῥοπῇ
1320 1519 1577 1572 τοσοῦτον
1620 1519 1782 1590 ἔργον

204 1611 424 1678 ἐγεγόνει
451 1626 467 1640 °
503 1612 564 1664 τὸ
603 1612 688 1678 δὲ,
723 1613 807 1665 ὅτι
843 1612 986 1683 ὑπὲρ
1021 1614 1118 1682 τῆς
1150 1612 1501 1682 πρωτογόνου
1541 1611 1778 1680 θλίψεως

213 1704 411 1772 Ἰσραὴλ
431 1745 447 1768 ,
491 1706 558 1757 τὰ
596 1704 924 1771 πρωτότοκα
960 1701 1276 1777 ἀνῃροῦντοσ
1296 1703 1405 1755 τῶν
1436 1701 1740 1771 θλιψάντων
1763 1718 1776 1734 ·

1889 518 1993 562 tem
2052 511 2163 563 hare
2213 512 2368 582 plaga
2410 515 2622 567 caeteris
2652 516 2904 569 omnibus
2948 520 3194 587 asperior
3226 525 3461 586 exstitit,

1886 601 2322 672 principiumque
2385 605 2563 658 omnis
2620 606 2861 671 laboris,
2917 613 3204 680 omnisque
3259 613 3464 669 doloris

1885 695 2165 749 exordium
2198 693 2299 748 fuit
2327 712 2342 750 :
2381 696 2453 749 ita
2493 697 2616 761 illis,
2641 699 2732 768 qui
2781 698 2887 753 Deo
2927 699 3223 758 fannliares
3251 714 3304 758 et
3335 720 3464 759 cou-

1879 785 2052 854 juncti
2107 797 2286 854 erant,
2327 790 2580 856 majorem
2626 795 2811 860 gratiae
2846 794 3059 862 copiam
3115 796 3295 851 multis
3350 815 3464 852 ma-

1887 881 2113 949 gnisque
2145 881 2420 938 miraculis
2445 893 2694 939 testatum
2728 886 3176 942 subministravit.
3208 889 3285 944 Ne
3317 895 3462 946 enim

1887 971 2110 1027 fortuito
2146 975 2356 1028 cuidam
2392 976 2540 1028 casui
2585 976 2634 1028 id
2660 976 2800 1043 quod
2836 979 3038 1044 evenit,
3073 982 3458 1049 ascribere-tur,

1889 1072 1982 1116 aut
2023 1066 2268 1128 morbus,
2310 1075 2401 1118 aut
2435 1067 2603 1135 pestis
2643 1070 2918 1123 communi
2969 1086 3150 1126 rerum
3185 1088 3345 1128 cursu
3380 1077 3463 1130 in-

1888 1153 2099 1223 gruissc
2133 1156 2448 1210 crederetur
2474 1173 2488 1222 ;
2516 1157 2682 1211 muita
2713 1159 2872 1226 plane
2911 1161 3269 1219 admiratione
3300 1167 3464 1231 digna

1887 1257 2252 1313 concurrunt;
2295 1251 2543 1318 quamvis
2574 1265 2764 1306 omnes
2807 1256 3112 1323 promiscue
3147 1259 3307 1311 simul
3346 1276 3464 1312 ver-

1887 1350 2159 1403 sarentur,
2187 1351 2428 1396 attamen
2461 1357 2618 1411 pmna
2646 1343 2839 1414 dignos
2873 1361 3027 1416 paena
3061 1351 3337 1418 agnoscit;
3367 1367 3464 1404 nec

1886 1431 2003 1485 sine
2060 1431 2410 1499 praedictione
2464 1433 2750 1502 inﬂigitur,
2802 1453 3022 1506 unaque
3076 1450 3232 1494 nocte
3273 1458 3463 1498 onmes

1887 1524 2266 1592 perimuntur,
2328 1535 2380 1579 et
2429 1527 2526 1580 soli
2563 1543 2627 1582 ex
2664 1539 2770 1583 tota
2818 1533 3165 1586 multitudine
3195 1535 3464 1603 primoge-

1886 1614 1986 1669 niti
2021 1615 2320 1684 intereunt,
2347 1627 2404 1670 ut
2451 1619 2678 1687 proinde
2705 1621 2811 1676 hoc
2843 1623 2980 1686 loco,
3004 1634 3058 1678 et
3085 1623 3177 1678 Dei
3212 1628 3460 1694 potentia

1885 1716 1940 1760 et
1965 1707 2200 1775 justitia,
2238 1719 2292 1763 et
2317 1725 2465 1772 cura,
2506 1720 2562 1767 et
2590 1712 2903 1769 humanitas
2933 1716 3224 1773 eluceseat.
3266 1717 3464 1771 Potcn.

205 1797 252 1848 τό
273 1797 325 1848 δὲ
352 1795 452 1865 τῆς
478 1796 845 1866 ἀγαθότητος,
872 1798 955 1849 ὅτι
986 1796 1126 1866 μετά
1153 1794 1371 1864 φειδοῦς
1400 1795 1774 1866 ἐπεξέρχεται,

1887 1799 1960 1851 tia
1992 1800 2235 1868 quidem,
2269 1805 2410 1870 quod
2465 1819 2572 1858 uno
2606 1817 2878 1861 momento
2923 1825 3008 1864 res
3051 1819 3199 1864 tanta
3236 1812 3302 1864 sit
3343 1829 3464 1880 per-

206 1889 266 1951 ὡς
289 1893 360 1959 μὴ
386 1889 712 1957 βουλόμενος
732 1887 941 1951 πάντας
965 1888 1136 1959 ἀρδην
1156 1887 1476 1942 ἀπολέσθαι.
1496 1886 1596 1938 Διά
1617 1884 1775 1938 τοῦτο

209 1982 316 2048 γοῦν
341 1982 450 2034 οὐδ’
481 1983 548 2034 ἐκ
577 1981 802 2051 πρώτης
829 1981 1047 2051 πληγῆς
1077 1979 1186 2034 τῶν
1219 1977 1523 2050 ἀνθρώπων
1543 1979 1777 2033 ἅπτεται

211 2074 298 2125 οὐδ’
325 2075 451 2128 ἄνευ
483 2075 850 2145 προρρήσεως
877 2074 977 2142 τὴν
1011 2073 1182 2144 ὀργὴν
1216 2073 1494 2143 ἐπιφέρει,
1527 2073 1643 2143 ἅμα
1676 2071 1778 2141 μὲν

215 2169 268 2221 δι’
292 2170 488 2238 ἑτέρων
536 2168 736 2228 αὐτοὺς
772 2164 1069 2235 διορθῶσαι
1115 2165 1544 2238 μηχανώμενος,
1577 2164 1694 2233 ἅμα
1723 2164 1781 2217 δὲ

220 2263 424 2323 καὶτοῖς
468 2263 680 2330 ῥήμασι
731 2258 1210 2329 σωφρονεστέρους
1250 2257 1662 2329 ἀπεργάζεσθαι
1690 2255 1778 2308 θέ-

221 2353 327 2413 λων,
377 2354 471 2404 καὶ
524 2350 600 2422 μὴ
651 2351 728 2414 εἰς
786 2352 981 2418 πεῖραν
1039 2348 1216 2401 ἐλθεῖν
1270 2349 1376 2403 τῶν
1437 2349 1780 2418 πραγμάτων

221 2445 409 2506 αὐτούς.
1368 2457 1371 2459 ’

1885 1901 2006 1944 acta
2026 1908 2042 1959 ;
2065 1891 2274 1960 justitia
2303 1905 2503 1958 autem,
2528 1898 2670 1965 quod
2697 1897 2811 1952 loco
2846 1900 3194 1971 primogeniae
3220 1902 3464 1958 atllictio-

1889 1983 1994 2045 nis,
2024 1999 2183 2052 quam
2237 1987 2402 2040 subiit
2458 1987 2656 2054 Israel,
2721 1991 3077 2063 primogenita
3138 2011 3326 2050 eorum
3371 1999 3464 2065 qui

1888 2073 2211 2142 aﬂliaerant,
2258 2077 2543 2134 interfecta
2580 2091 2738 2148 sunt;
2784 2092 2839 2138 at
2868 2084 3084 2140 bonitas
3115 2089 3164 2141 in
3197 2103 3264 2142 eo
3293 2105 3463 2158 appa-

1890 2176 1992 2231 ret,
2017 2168 2160 2236 quod
2199 2170 2270 2223 ita
2317 2172 2487 2236 punit,
2528 2184 2581 2226 ut
2613 2176 2773 2229 simul
2801 2189 3019 2244 pareat,
3052 2180 3244 2234 nolens
3281 2182 3463 2235 videli-

1889 2267 1971 2311 cet
2021 2274 2212 2316 omnes
2259 2259 2502 2317 l‘umlitus
2543 2264 2790 2322 interire.
2823 2267 2939 2334 Qua
2970 2272 3034 2324 de
3076 2287 3240 2326 causa
3291 2290 3463 2344 neque

1889 2350 2061 2418 prima
2108 2352 2266 2421 plaga
2299 2353 2350 2406 in
2384 2356 2630 2410 homines
2675 2362 2850 2424 saevit,
2881 2377 3055 2430 neque
3083 2365 3200 2418 sine
3237 2381 3462 2432 pruriun-

1890 2442 2094 2496 nitione
2129 2455 2183 2498 et
2235 2446 2586 2513 praedictione
2643 2451 2777 2504 iram
2832 2468 2985 2506 suam
3042 2456 3226 2523 infert,
3263 2458 3463 2529 quippe

222 2540 288 2592 cui
331 2538 660 2608 propositum
700 2545 861 2605 esset,
903 2555 998 2594 eos
1029 2539 1228 2608 partim
1265 2537 1492 2591 aliorum
1529 2535 1767 2605 periculo
1807 2534 1873 2588 ad
1901 2535 2179 2590 meliorem
2247 2552 2481 2596 mentem
2556 2543 2870 2609 traducere,
2904 2548 3101 2616 partim
3132 2551 3313 2606 verbis
3344 2568 3462 2606 mo.

225 2631 503 2686 deratiores
544 2642 601 2684 et
629 2631 876 2687 saniores
904 2632 1144 2696 elIicere,
1189 2640 1244 2684 ut
1296 2643 1368 2685 ne
1416 2629 1660 2698 ipsorum
1691 2625 2026 2698 ﬂagellorum
2083 2645 2305 2686 sensum
2339 2633 2572 2704 aliquem
2645 2648 2696 2690 et
2763 2640 3194 2708 experimentum
3268 2658 3462 2713 capere

219 2733 490 2792 oporteret.

275 2818 394 2869 Τότε
419 2817 476 2870 δὲ
526 2818 752 2880 πιστοὺς
783 2818 944 2889 μόνον
991 2820 1073 2880 είς
1107 2817 1450 2888 εὐφροσύνην
1490 2814 1775 2870 συνεκάλει

213 2907 263 2961 τὺ
293 2910 736 2981 τερατούργημα,
781 2911 917 2964 ἀλλὰ
955 2912 1052 2963 καὶ
1100 2910 1194 2963 νῦν
1246 2911 1449 2980 μᾶλλον
1493 2910 1664 2979 ἡμᾶς,
1697 2906 1778 2972 οἷς

215 3002 337 3052 κατά
353 3002 570 3073 πνεῦμα
609 3003 672 3054 τὰ
716 3002 810 3056 τοῦ
842 3004 1165 3074 γράμματος
1189 3003 1500 3073 θεωρεῖται,
1524 3003 1621 3056 καὶ
1638 3003 1778 3055 κατά

214 3093 450 3162 λαμπρὰν
492 3092 753 3164 ἀλήθειαν
784 3094 852 3146 τὰ
887 3094 980 3147 τοῦ
1013 3093 1187 3147 τύπου
1221 3094 1316 3146 καὶ
1343 3094 1442 3162 τῆς
1477 3095 1637 3155 σκιᾶς
1670 3093 1776 3161 ἐρ-

214 3186 510 3254 μηνεύεται.
546 3187 653 3238 Καὶ
681 3186 790 3255 γὰρ
811 3185 898 3239 διά
932 3184 1168 3257 σταυροῦ
1201 3185 1448 3238 δοθεῖσαν
1479 3186 1613 3256 ἡμῖν
1646 3185 1775 3238 θαυ-

213 3280 404 3348 μαστὴν
435 3277 757 3348 ἐλευθερίαν
794 3279 1176 3350 προδείκνυσιν
1214 3280 1247 3350 ἡ
1302 3278 1515 3347 ἱστορία
1554 3278 1648 3331 καὶ
1673 3277 1771 3348 τὴν

212 3371 336 3439 ὑπὲρ
359 3373 514 3441 ἡμῶν
543 3371 760 3439 σφαγὴν
793 3371 886 3422 τοῦ
920 3370 1065 3424 θείου
1113 3371 1337 3440 Ἀμνοῦ,
1367 3368 1464 3422 καὶ
1497 3371 1682 3441 πάσχα
1711 3369 1772 3424 τὺ

208 3463 486 3528 μυστικὸν,
529 3463 623 3514 καὶ
659 3463 756 3528 τὴν
804 3462 1152 3531 παγκόσμιον
1184 3463 1459 3534 σωτηρίαν
1499 3463 1773 3532 ἁριδήλως

208 3556 604 3622 προαναφαίνει.
647 3545 722 3606 Οῦ
750 3553 860 3624 γὰρ
888 3556 921 3623 ή
952 3553 1161 3625 τυπικὴ
1193 3555 1494 3624 μετάληψις
1528 3553 1676 3624 ζωῆς
1703 3549 1772 3626 ἦν

205 3643 519 3714 φυλακτικὴ,
572 3645 668 3697 καί⁹
707 3644 787 3706 είς
832 3644 1151 3716 ἐλευθερίαν
1187 3644 1546 3712 μετεϐίὸαζε,
1578 3646 1771 3699 τούτου

201 3738 403 3800 πάντως
436 3741 468 3806 ἡ
496 3737 728 3808 ἀληθινὴ
775 3738 1034 3792 κοινωνία
1091 3737 1184 3791 καὶ
1214 3738 1514 3792 ἀθανασίαν
1545 3738 1638 3792 καὶ
1666 3741 1774 3792 υἱο-

199 3827 377 3882 θεσίαν
410 3825 518 3884 οἶδε
566 3831 922 3901 χαρίζεσθαιξ,
973 3835 1038 3884 ἐκ
1073 3830 1276 3902 γηΐνων
1317 3830 1642 3900 οὐρανίους,
1678 3831 1775 3883 καὶ

199 3918 351 3983 θεοὺς
381 3921 437 3987 ἐξ
469 3922 774 3993 ἀνθρώπων
806 3920 1239 3992 ἀπεργαζομένη
1268 3922 1394 3983 τοὺς
1425 3921 1769 3990 δεχομένους.

195 4015 288 4066 Διά
314 4014 480 4069 τοῦτο
511 4016 645 4083 γοῦν
683 4015 745 4068 τὸ
771 4015 1127 4084 διαϐατήριον
1158 4016 1217 4067 ἐν
1243 4013 1504 4084 Αἰγύπτῳ
1535 4016 1772 4067 τελεῖται

193 4106 391 4175 πάσχα,
435 4105 528 4160 καὶ
579 4105 638 4158 τὸ
677 4106 765 4159 διὰ
815 4108 1052 4176 σταυροό
1095 4103 1248 4176 ’μέγα
1296 4107 1635 4176 σκιαγραφεῖ
1679 4106 1772 4158 καὶ

189 4196 434 4265 ἀληθινὸν
456 4198 644 4266 πάσχα
663 4200 760 4268 τὴν
786 4197 1167 4268 πνευματικὴν
1185 4198 1456 4252 διάϐασιν.
1480 4198 1692 4251 Γίνεται
1715 4198 1772 4251 δὲ

189 4288 261 4357 τῷ
291 4290 495 4360 πρώτῳ
528 4293 684 4359 μηνὶ,
719 4293 801 4343 ὅτι
838 4290 1010 4354 τύπος
1045 4287 1112 4360 ἦν
1151 4290 1389 4361 Χριστοῦ
1419 4292 1518 4362 τῆς
1552 4291 1771 4347 πάντων

189 4382 376 4452 ἀρχῆς,
410 4385 507 4436 καὶ
534 4384 636 4454 τῆς
667 4385 726 4436 ἐν
773 4383 1000 4454 Χριστῷ
1030 4383 1224 4453 καινῆς
1259 4384 1486 4448 κτίσεως
1516 4388 1654 4455 μετά
1679 4385 1771 4440 τὸν

190 4475 424 4543 χειμῶνα
452 4476 550 4544 τῆς
569 4474 847 4541 ἀσεόείας,
868 4474 1058 4544 ὥσπερ
1085 4478 1142 4528 ἐν
1174 4475 1295 4544 ἔαρι
1320 4475 1529 4546 φαιδρῷ
1557 4477 1651 4529 καὶ⁵
1681 4477 1771 4529 εὑ-

1955 2811 2024 2866 Ει
2057 2821 2184 2864 tunc
2229 2810 2446 2879 quidem
2482 2809 2640 2865 'solos
2677 2810 2861 2865 ﬁdeles
2915 2813 3219 2881 prodigium
3261 2817 3361 2868 huc
3397 2815 3462 2866 ad

1880 2903 2122 2960 lmtitiam
2168 2902 2455 2968 invitabat,
2502 2913 2557 2957 at
2605 2918 2750 2956 nunc
2805 2904 2972 2958 multo
3032 2907 3202 2975 magis
3238 2907 3461 2961 advocat

1881 3011 2001 3061 nos,
2056 2995 2148 3065 qui
2192 2994 2390 3064 spiritu
2443 3009 2504 3049 ea
2563 3010 2680 3064 qum
2726 2995 2930 3065 scripta
2997 3009 3159 3062 sunt,
3215 3008 3460 3051 contem-

1880 3088 2110 3157 plamur,
2163 3087 2362 3156 quibus
2401 3088 2625 3156 antiqua
2685 3087 2772 3140 illa
2820 3097 3065 3158 typorum
3121 3090 3456 3142 umbrarum.

1880 3197 1985 3251 que
2031 3181 2306 3236 involucra
2338 3181 2636 3250 perspicuze
2689 3183 2936 3235 veritatis
2992 3182 3256 3237 beneﬁcio
3310 3194 3461 3251 puteo

1877 3282 2058 3330 scunt.
2090 3274 2303 3328 Etenim
2350 3289 2662 3328 concessam
2719 3274 2895 3337 nobis,
2943 3276 3120 3328 cruris
3171 3267 3366 3329 merito
3410 3288 3460 3329 et

1875 3381 2116 3430 nntncre,
2161 3366 2372 3435 plenam
2438 3367 2795 3421 admiratione
2840 3367 3143 3422 libertatem
3193 3379 3300 3422 tota
3350 3371 3460 3423 lunt:

1875 3459 2100 3514 historia
2195 3467 2599 3527 praemonstrat,
2670 3458 3022 3529 divinumque
3093 3459 3304 3528 Agnum
3362 3477 3460 3531 pro

1874 3551 2032 3606 nobis
2081 3551 2441 3616 immolatum,
2485 3563 2541 3605 et
2599 3552 2885 3621 mysticum
2941 3552 3066 3606 illud
3131 3554 3354 3621 pascha,
3405 3563 3460 3609 et

1876 3645 2038 3698 totius
2091 3643 2270 3697 mundi
2296 3642 2524 3697 salutem
2570 3643 2848 3696 evidenter
2898 3643 3228 3712 praaligurat.
3275 3646 3460 3714 Neque

1873 3741 2014 3792 enim
2051 3738 2350 3806 corporalis
2386 3736 2470 3791 illa
2509 3738 2781 3805 perceptio
2813 3738 2976 3790 vitam
3003 3739 3368 3800 custodiebat.
3403 3749 3460 3792 et

1875 3829 1926 3882 in
1958 3826 2262 3882 libertatein
2294 3827 2640 3891 traducebat;
2683 3837 2737 3880 at
2777 3825 2933 3894 hujus
2989 3843 3112 3880 vera
3131 3834 3368 3897 Stunptio
3404 3840 3457 3882 et

1874 3918 2181 3972 connnunio
2202 3917 2656 3971 immortalitatem
2676 3927 2728 3970 et
2752 3917 2979 3970 liliorutu
3004 3919 3343 3987 adoptionem
3367 3923 3453 3975 do-

1876 4017 1988 4073 nat,
2030 4017 2085 4063 ει
2123 4023 2188 4061 ex
2223 4009 2575 4063 terrestribus
2603 4009 2877 4079 cmlestes,
2911 4010 3152 4078 deosque
3182 4028 3249 4066 ex
3281 4013 3454 4066 homi-

1877 4102 2053 4164 nibus,
2089 4115 2180 4155 cos
2222 4101 2312 4170 qui
2365 4102 2654 4168 accipiunt,
2699 4103 2897 4158 reddit.
2948 4103 3237 4173 Propterea
3293 4107 3454 4176 igitur

1874 4197 2076 4266 pascha
2127 4194 2253 4248 illud
2303 4194 2559 4250 transitus
2617 4196 2839 4264 jamjam
2905 4196 3241 4252 imminentis
3293 4215 3453 4268 argu-

1874 4300 2140 4350 mentum,
2176 4289 2227 4341 in
2256 4285 2493 4359 Egypto
2544 4289 2838 4359 peragitur,
2872 4290 3116 4359 illudque
3163 4295 3364 4358 grande
3397 4302 3453 4346 et

1874 4397 2060 4436 verum
2094 4383 2144 4436 in
2199 4397 2364 4437 cruce
2402 4383 2706 4447 adumbrat,
2771 4383 2920 4436 illum
2987 4384 3240 4439 videlicet
3297 4385 3452 4455 spiri~

1876 4473 2073 4528 tualcm
2113 4474 2422 4528 transitum.
2485 4472 2793 4528 lnstituitur
2857 4484 3036 4529 autem
3086 4479 3260 4545 primo
3300 4493 3452 4532 men-

187 4567 305 4617 ὡδει
327 4568 424 4636 τῆς
441 4570 705 4630 πίστεως,
727 4567 818 4619 καὶ
841 4567 1340 4638 δημιουργηθείσης
1364 4568 1766 4639 καὶκληθείσης

1881 4581 1956 4632 se,
2009 4567 2133 4635 quia
2192 4567 2360 4638 ﬁgura
2420 4567 2624 4621 Christi
2656 4580 2792 4634 erat,
2838 4571 2929 4637 qui
2978 4573 3221 4625 omnium
3270 4587 3448 4625 rerum

191 4656 289 4707 ὑπὸ
314 4657 546 4726 Χριστοῦ
573 4657 662 4709 διὰ
689 4656 1021 4725 πνεύματος,
1059 4655 1244 4721 καθὼς
1271 4657 1407 4727 πρὸς
1434 4658 1603 4729 αὐτὴν
1625 4659 1763 4712 ἀνω-

189 4748 273 4798 θεν
299 4750 502 4816 ἔλεγεν·
531 4747 728 4815 Ἐλθέ,
750 4749 787 4816 ἠ
810 4750 1085 4814 πλησίον
1105 4766 1243 4816 μου,
1275 4749 1434 4816 καλή
1463 4767 1586 4818 μου
1606 4766 1765 4816 περι-

188 4847 381 4910 στερὰ,
401 4844 487 4897 ὅτι
502 4843 634 4899 ιὸοὺ
653 4849 686 4897 ό
703 4843 927 4914 χειμὼν
941 4844 1235 4914 παρῆλθε.
1251 4845 1531 4916 Συνετὰφη
1539 4865 1637 4916 μεν
1654 4851 1763 4920 γὰρ

191 4935 348 5004 αὐτῷ,
377 4939 468 4989 καὶ
501 4938 905 5006 συνανέστημεν
933 4936 1022 4989 διὰ
1039 4935 1271 5006 λουτροῦ
1299 4938 1725 5006 παλιγγενεσίας
1743 4982 1760 5008 ,

191 5030 272 5078 ni
285 5031 383 5099 τὴν
399 5029 743 5098 παλαιότητα
759 5029 852 5081 τοῦ
870 5028 1042 5099 Ἀδὰμ
1061 5028 1227 5082 ἀποθέ
1238 5047 1388 5100 μενοι
1407 5032 1465 5085 ἐν
1481 5036 1759 5103 καινότητι

192 5117 320 5186 ζωῆς
370 5121 772 5192 πολιτευόμεθα
811 5120 1017 5192 τροφὴν
1047 5121 1207 5186 ἀξίαν
1250 5122 1351 5192 τῆς
1383 5124 1554 5178 ἀϊδίου
1590 5125 1758 5193 ζωῆς,

192 5211 242 5260 τὸ
270 5215 452 5284 πάσχα
491 5215 745 5284 ἀληθινὸν
790 5214 1106 5284 ποιούμενοι
1131 5253 1146 5281 ,
1183 5216 1277 5270 καὶ
1307 5217 1474 5288 σαρκὶ
1503 5216 1636 5270 Θεοῦ
1667 5217 1761 5270 καὶ

195 5305 372 5368 αἵματι
409 5311 759 5379 τρεφόμενοι.

1873 4659 2198 4730 principium
2253 4670 2353 4725 est,
2384 4667 2440 4715 et
2467 4660 2586 4729 ejus
2615 4676 2732 4727 qua:
2766 4662 2816 4716 in
2860 4662 3079 4717 Christo
3137 4673 3244 4729 est,
3302 4681 3452 4720 novm

1872 4760 2137 4804 creatura:
2171 4759 2291 4820 post
2344 4750 2639 4820 impietatis
2675 4751 2930 4816 hiemem,
2958 4753 3100 4806 velut
3133 4754 3185 4808 in
3221 4770 3344 4810 vere
3373 4758 3451 4810 ni.

1873 4841 1982 4896 tido
2011 4849 2065 4897 et
2111 4844 2452 4898 suaveolente
2506 4844 2652 4908 ﬁdei,
2701 4845 2934 4900 condita:
2987 4857 3042 4901 et
3096 4857 3364 4903 renovata:
3419 4865 3448 4903 a

1869 4933 2090 4989 Christo
2119 4949 2213 5002 per
2241 4936 2509 5000 spiritum,
2540 4938 2994 5004 quemadmodum
3025 4940 3090 4993 ad
3115 4939 3258 4993 illam
3284 4957 3448 5010 supra

1869 5027 2079 5082 dicebat
2117 5044 2130 5080 :
2163 5025 2313 5094 Veni,
2334 5028 2575 5095 proxima
2595 5045 2731 5094 mea,
2755 5030 2989 5097 formosa
3019 5048 3130 5085 mea
3166 5032 3444 5096 columba;

1864 5137 1980 5175 erce
2025 5122 2187 5176 hiems
2222 5121 2338 5190 jam
2364 5123 2574 5176 transiit
2612 5122 2682 5176 ⁸⁵.
2727 5122 3045 5194 Consepnlti
3079 5127 3221 5180 enim
3257 5141 3444 5180 smnus

1865 5229 1990 5268 cum
2049 5215 2164 5278 illo,
2210 5225 2264 5268 et
2293 5216 2741 5271 consurreximus
2781 5233 2878 5285 per
2906 5219 3187 5274 lavacrum
3223 5233 3445 5286 regene-

1869 5306 2118 5369 rationis,
2171 5315 2223 5360 ct
2275 5307 2514 5376 deposita
2566 5309 2755 5363 Adami
2789 5320 3056 5365 vetustate
3110 5312 3163 5364 in
3203 5311 3442 5364 novitate

194 5405 303 5449 vita:
333 5402 668 5456 ambulamus
711 5443 725 5468 ,
807 5403 1006 5472 quibus
1089 5417 1278 5456 verum
1335 5402 1536 5472 pascha
1571 5395 1920 5457 °alimentutn
1961 5401 2292 5471 sempiterna
2337 5400 2442 5454 vita
2497 5401 2717 5472 dignum
2761 5406 3122 5474 suppeditat;
3171 5404 3443 5454 nutritnur

195 5488 320 5539 enim
352 5505 508 5545 carne
559 5503 613 5548 et
648 5497 914 5566 sanguine
945 5495 1057 5550 Dei.

259 5574 417 5647 Οὗτος
448 5584 571 5654 ἐμοὶ
607 5590 700 5638 του
735 5589 954 5658 πρώτου
995 5588 1162 5660 μηνὸς
1197 5590 1224 5641 ὁ
1273 5587 1455 5658 λόγος,
1495 5580 1556 5642 οὗ
1592 5590 1658 5660 τῇ
1687 5587 1775 5641 δε⁹

261 5753 480 5814 "Cant.
525 5779 588 5822 tt,
620 5763 708 5817 il.
799 5739 808 5747 .

471 5857 738 5920 Ριιτιιυι.
774 5865 884 5921 (in.
937 5861 1031 5922 (IL

1889 5587 2012 5645 llaec
2049 5589 2178 5644 mihi
2236 5587 2396 5659 primi
2447 5589 2647 5646 mensis
2684 5589 2822 5644 ratio
2852 5602 2975 5644 esse
3012 5587 3220 5641 videtur
3252 5601 3266 5650 ;
3347 5599 3440 5641 cu-
