3948 6200
381 319 492 381 σοι

1487 311 1812 372 MACAIHI
1854 310 2486 372 CHRYSOCEI'HALI

3545 315 3649 378 2θὶ

381 434 467 502 ius
506 429 719 500 quidem
771 428 975 483 decima
1009 427 1091 482 die
1135 439 1304 494 agnus
1331 422 1718 492 accipiebatur,
1760 421 1965 474 decima

2079 420 2216 491 κάτῃ
2254 427 2353 489 μὲν
2383 424 2442 474 τδ
2473 423 2742 490 πρόϐατον
2772 421 3128 492 ἐλαμϐάνετο,
3162 425 3228 494 τῇ
3260 439 3648 493 τεσσαρεσκαι·

381 535 572 590 quarta
616 538 741 575 vero
780 523 845 574 ad
893 532 1171 586 vesperum
1215 515 1618 570 immolabatur.
1653 514 1808 578 Illud,
1842 513 1966 580 qnizi

380 616 701 684 longissima
759 615 1003 681 quaedam
1051 618 1174 662 ante
1226 623 1324 660 nos
1359 607 1551 661 sarcula
1606 606 1966 668 exstiterunt;

379 710 579 775 quibus
648 711 766 757 erat
823 703 867 756 is
928 716 1016 768 qtn
1063 714 1280 767 semper
1339 708 1442 759 est,
1506 709 1559 750 et
1610 697 1721 750 lia-c
1769 696 1966 749 sarcula

385 811 644 852 numerus
695 791 952 846 donatius
1000 801 1220 858 prOpter
1276 790 1658 860 perfectionem
1710 799 1759 841 et
1796 788 1967 854 ult-ni-

383 890 621 938 tudinem
656 886 900 942 denotat,
927 881 1248 948 initiumque
1299 880 1579 947 pt'mscntis
1617 877 1796 932 su'Culi
1837 877 1969 930 insi-

380 992 508 1031 tiual
565 989 818 1043 tanquam
851 974 1115 1026 immenso
1163 972 1236 1028 illi
1290 972 1473 1024 vicini.
1513 971 1628 1025 Hoc
1659 986 1806 1039 vero,
1839 973 1964 1040 quia

382 1085 616 1127 νοις-νοω
675 1070 845 1124 divini
924 1069 1136 1124 consilii
1213 1069 1528 1131 terminum,
1606 1067 1967 1138 ultimumque

381 1181 592 1234 li-tttptts
668 1164 826 1218 thi
902 1162 1576 1228 incarnatircpraesentat.
1646 1161 1763 1215 Non
1817 1165 1963 1216 enim

381 1273 641 1326 ttupm'ttm
676 1264 768 1308 aut
803 1270 992 1310 recens
1031 1265 1114 1308 est
1157 1253 1581 1324 dispensationis
1651 1253 1808 1321 hujus
1848 1269 1968 1324 my-

379 1351 625 1413 sterium,
658 1349 751 1401 sed
802 1363 831 1400 a
888 1346 1282 1399 constitutione
1340 1344 1527 1397 mundi
1577 1343 1628 1396 itt
1671 1344 1968 1412 praecogni-

379 1444 524 1495 tione
549 1440 786 1508 Spiritus
817 1438 1167 1502 custoditum,
1208 1437 1627 1504 novissimisque
1658 1436 1810 1489 hisce
1833 1446 1968 1490 tem-

379 1536 601 1604 poribus
637 1533 1007 1602 prwdicatum,
1055 1541 1307 1598 tanquam
1363 1529 1414 1582 in
1461 1530 1564 1582 line
1599 1529 1724 1591 diei,
1760 1539 1812 1582 et
1837 1541 1966 1580 cou-

380 1625 688 1693 tractajam
755 1624 863 1676 vita
931 1632 1115 1676 nostra
1152 1620 1310 1673 ﬁnem
1364 1620 1592 1686 accepit.
1659 1620 1711 1672 lti
1766 1617 1963 1687 quina-

380 1728 516 1780 i'iuni
559 1739 685 1778 vero
718 1722 926 1776 dierum
958 1717 1072 1773 sive
1098 1718 1551 1771 illuininanonum
1600 1714 1964 1784 prmscriptio-

2074 511 2277 582 δεκάτῃ
2303 513 2356 565 δὲ
2387 513 2520 583 πρὸς
2549 515 2790 585 ἑσπέραν
2813 515 3017 570 ἐθύετο,
3054 517 3126 568 Τὸ
3152 517 3272 584 μὲν,
3331 518 3415 569 ὅτι
3450 520 3649 587 μακροί

2071 620 2213 666 τινες
2242 601 2383 674 ἦσαν
2408 609 2457 658 οἱ
2490 607 2594 675 πρὸ
2626 607 2785 676 ἡμῶν
2804 607 2997 669 αἰῶνες
3027 608 3151 660 καθ’
3169 607 3263 670 οὓς
3289 603 3356 678 ἦν
3379 611 3406 660 6
3433 610 3519 662 ἀεὶ
3548 610 3646 674 ὢν,

2072 695 2167 748 καὶ
2198 697 2419 760 τούτους
2455 698 2489 766 ἡ
2523 697 2720 768 δεκάτη
2760 698 2846 752 διὰ
2876 698 2936 750 τὸ
2975 698 3178 754 τέλειον
3215 701 3308 752 καὶ
3336 699 3540 768 πλῆρες
3566 705 3646 754 εί-

2072 789 2384 854 κονίζουσα,
2430 791 2522 844 καὶ
2549 792 2646 860 τὴν
2703 792 2876 863 ἀρχὴν
2919 793 3176 862 ἐμφαίνει
3221 793 3318 845 τοῦ
3376 795 3647 863 παρόντος

2073 878 2290 946 αἰῶνος,
2320 883 2392 944 ὼ,
2421 883 2516 936 τοῦ
2548 885 2782 952 ἀπείρου
2810 885 3023 938 ἐκείνου
3059 886 3331 953 γείτονοςσ
3363 888 3423 939 τὸ
3451 888 3532 953 δὲ,
3563 889 3648 941 ὅτι

2071 975 2161 1026 τὸν
2187 976 2414 1046 ἀρχαῖον
2443 977 2568 1046 δρον
2598 976 2838 1031 δείκνυσι
2868 979 2967 1048 τῆς
2999 980 3147 1043 θείας
3177 979 3393 1050 βουλῆς,
3427 983 3519 1032 καὶ
3552 981 3647 1033 τὸν

2071 1067 2382 1122 τελευταῖον
2410 1073 2509 1140 χρό
2543 1087 2602 1122 ον
2633 1072 2932 1141 παρίστησι
2964 1074 3066 1142 τῆς
3097 1071 3190 1125 τοῦ
3219 1073 3393 1139 Λόγου
3427 1074 3646 1140 σαρκώ-

2077 1177 2239 1223 σεως.
2281 1162 2355 1215 Οὐ
2396 1165 2504 1232 γὰρ
2535 1164 2654 1222 νέον
2674 1204 2688 1226 ,
2723 1162 2840 1216 οὐδὲ
2882 1163 3198 1233 πρόσφατον
3229 1165 3291 1216 τὸ
3317 1166 3416 1234 τῆς
3447 1168 3648 1219 οίκονο-

2074 1253 2203 1322 μίας
2237 1257 2556 1324 μυστήριον,
2590 1254 2706 1307 ἀλλ’
2738 1257 2802 1308 ἐκ
2836 1253 2929 1325 τῆ;
2961 1255 3054 1308 τοῦ
3086 1257 3293 1325 κόσμου
3319 1256 3648 1326 καταϐολῆς,

2070 1347 2127 1398 ἐν
2155 1349 2221 1417 τῇ
2253 1348 2561 1418 προγνώσει
2588 1348 2683 1402 τοῦ
2715 1349 3037 1418 Πνεῦμα-τος
3065 1351 3486 1419 φυλαττόμενον,
3514 1353 3648 1420 ὁμοῦ

2067 1437 2124 1490 δὲ
2152 1439 2248 1490 καὶ
2282 1440 2803 1510 προκηρυττόμενον
2827 1442 2883 1493 έν
2917 1442 3166 1510 ἐσχάτοις
3198 1445 3430 1511 καιροῖς,
3461 1442 3532 1504 ὼς
3555 1444 3649 1496 ἐπὶ

2068 1530 2212 1584 τέλει
2245 1532 2341 1600 τῆς
2369 1533 2607 1601 ἡμέρας,
2641 1534 2736 1584 καὶ
2768 1534 3199 1604 συστελλομένης
3232 1534 3330 1605 ἤδη
3368 1533 3470 1602 τῆς
3511 1536 3649 1603 ὴμεο

2067 1623 2232 1690 τέρας
2264 1621 2411 1692 ζωῆς
2442 1625 2503 1676 τὸ
2533 1625 2706 1692 πέρας
2736 1621 2975 1690 ἐδέξατο.
3014 1626 3109 1688 Είς
3142 1626 3381 1680 πεντάδα
3413 1627 3468 1679 δέ
3508 1629 3646 1699 fitte-

2071 1712 2179 1783 ρῶν
2210 1715 2330 1784 ἦτοι
2360 1716 2657 1784 φωτισμῶν
2703 1716 3026 1780 νομοθεσίαν
3064 1718 3094 1770 6
3124 1719 3317 1787 χρόνος
3344 1720 3488 1781 ἄπας
3521 1719 3645 1772 καθ’

379 1837 501 1872 nem
560 1832 720 1872 omne
769 1824 1004 1881 tempus.
1053 1826 1160 1879 quo
1209 1808 1634 1867 observabatur,
1683 1807 1961 1861 dividitur.

2074 1779 2131 1857 δν
2171 1779 2442 1874 ἐτηρεῖτο,
2488 1779 2887 1878 διαμετρεῖται.
2948 1809 3073 1865 Ἐπὶ
3254 1779 3519 1882 θεραπείᾳ
3547 1813 3646 1883 τῆς

377 1911 510 1965 Nam
561 1910 627 1961 de
655 1907 897 1961 curando
939 1902 1155 1974 generis
1185 1901 1356 1955 nostri
1411 1913 1563 1963 casu,
1625 1897 1767 1950 Deus
1821 1897 1964 1947 Ada-

377 2023 466 2061 nio
517 1998 777 2058 salutaria
836 1995 1125 2065 prati-epit,
1178 2001 1233 2046 et
1292 2007 1412 2043 cum
1468 1986 1581 2042 Noe
1610 1988 1719 2056 cgit
1774 1986 1843 2040 de
1881 2000 1966 2038 re-

380 2102 478 2152 bus
529 2095 607 2148 ad.
655 2091 884 2145 salutem
941 2097 1177 2140 tinstrattt
1229 2081 1680 2143 cuiidueihililius,
1723 2088 1781 2133 et
1839 2093 1961 2132 cum

376 2192 688 2245 Abraliaino
749 2193 966 2252 pactum
1039 2180 1192 2238 iniit.
1233 2187 1288 2231 et
1345 2193 1439 2245 per
1510 2175 1729 2246 Moysen
1792 2175 1961 2243 legem

380 2285 522 2344 tulit,
570 2291 623 2334 et
659 2293 754 2346 per
786 2275 1080 2345 prophetas
1136 2269 1354 2324 oracula
1403 2269 1592 2332 edidit,
1653 2282 1775 2336 quae
1825 2267 1963 2321 divi-

381 2390 460 2428 na!
493 2367 818 2440 cognitionis
850 2363 992 2418 velttt
1029 2362 1207 2413 lumen
1258 2358 1667 2428 prmportantia,
1702 2357 1804 2411 hoc
1845 2355 1964 2412 loco

381 2463 584 2532 tropice
614 2460 724 2512 dies
762 2456 1140 2515 nominantur,
1176 2450 1228 2504 in
1264 2448 1558 2519 Evangelia
1587 2457 1768 2502 autem
1797 2447 1963 2503 certis

376 2557 483 2611 diei
517 2550 812 2607 intervallis
841 2555 1250 2615 comparantur,
1277 2542 1416 2595 intra
1443 2557 1562 2612 quae
1590 2540 1960 2609 operariorum

379 2646 664 2702 multitudo
689 2650 984 2696 convocata
1015 2649 1120 2691 est.
1145 2636 1313 2705 Igitur
1345 2633 1535 2704 quinta
1576 2633 1642 2686 ad
1676 2645 1959 2701 vesperam

379 2737 687 2791 immolatur
721 2734 928 2801 Agnus,
955 2730 1079 2799 quia
1116 2739 1168 2782 ct
1203 2727 1256 2780 in
1278 2724 1749 2780 consunnnatioize
1779 2719 1961 2774 surculi

380 2831 558 2899 passio
591 2825 794 2882 Christi
857 2833 1076 2894 peracta
1127 2828 1232 2883 est,
1281 2827 1336 2872 et
1363 2816 1612 2871 tenebras
1647 2813 1963 2882 ignorantiae

378 2920 647 2976 dissolvit.
686 2915 891 2969 Exorta
916 2913 1066 2966 enim
1098 2921 1184 2966 est
1217 2911 1274 2963 in
1308 2907 1502 2962 diebus
1529 2905 1650 2975 ejus
1667 2904 1885 2974 justitia
1910 2911 1962 2960 σι

381 3010 710 3065 abundantia
759 3005 1010 3075 pacis“;
1063 3016 1348 3074 posmuam
1401 3001 1446 3054 is
1488 3000 1579 3068 qui
1626 3014 1726 3054 nos
1774 2997 1964 3067 inique

379 3103 762 3164 interﬁciebal,
800 3102 943 3168 juste
979 3097 1217 3150 vicissim
1253 3097 1321 3146 ab
1356 3095 1476 3162 ipso
1501 3101 1584 3146 est
1614 3089 1960 3152 interfectus,

381 3199 556 3254 noctis
589 3196 839 3262 videlicet
869 3190 1140 3262 princeps;
1174 3190 1315 3256 quod
1350 3186 1660 3240 imminutio
1693 3184 1832 3240 lucis
1873 3184 1966 3238 dc-

378 3290 616 3346 notabat.

451 3380 838 3437 lunuolabatur
854 3385 1033 3430 autem
1059 3389 1154 3444 per
1169 3374 1356 3427 domos
1377 3381 1426 3424 et
1451 3369 1679 3423 familias
1699 3367 1961 3438 integras,

377 3485 431 3528 et
461 3471 704 3542 cognatis
733 3481 828 3523 aut
871 3467 1064 3521 vicinis
1106 3462 1581 3528 convenientibus,
1611 3464 1735 3530 quia
1781 3461 1967 3515 Eccle-

377 3568 471 3619 sia:
497 3573 693 3618 statum
725 3559 1053 3620 delineabat,
1087 3572 1207 3626 qua:
1236 3571 1338 3608 ttua
1369 3565 1448 3609 est
1481 3555 1603 3618 (ide,
1634 3553 1760 3608 licet
1785 3555 1966 3607 multi-

381 3659 504 3727 plex
548 3657 624 3710 sit
669 3669 767 3726 per
813 3653 959 3706 varia
1008 3651 1127 3705 loca
1175 3646 1490 3712 diﬂ'usione,
1525 3646 1964 3716 quandoquidem

381 3764 523 3803 unus
573 3761 700 3801 vere
747 3759 831 3801 est
873 3744 1172 3815 perfectus,
1228 3751 1284 3796 et
1312 3741 1662 3812 impartibilis
1693 3739 1964 3803 Christus,

377 3842 467 3911 qui
515 3841 714 3910 ubique
743 3846 798 3894 et
828 3838 878 3892 iti
917 3839 1172 3892 onmibus
1198 3844 1302 3901 est;
1345 3848 1563 3904 unaque
1594 3832 1834 3887 omnium
1872 3847 1968 3902 per

380 3943 549 3989 totum
582 3934 768 3989 orbem
818 3930 1186 3986 Ecclesiarum
1218 3924 1553 3994 coniunctio,
1587 3936 1641 3980 et
1671 3924 1763 3994 qui
1812 3935 1964 3979 extta

380 4027 520 4078 hanc
569 4027 746 4078 aulam
792 4035 1046 4094 vagatur,
1093 4021 1316 4074 minime
1349 4020 1624 4088 particeps
1658 4019 1727 4071 sit
1759 4031 1968 4084 magnae

380 4117 544 4184 hujus
583 4117 837 4170 victima.
875 4114 1008 4168 Nam
1043 4115 1216 4168 hostia
1263 4114 1378 4166 haec
1408 4127 1515 4166 non
1552 4114 1777 4166 elicitur
1813 4122 1965 4166 extra

381 4212 598 4261 domum
633 4207 747 4272 Dei,
780 4219 954 4274 neque
989 4205 1056 4259 iis
1086 4205 1179 4274 qui
1213 4215 1368 4258 extra
1409 4207 1628 4272 degunt,
1689 4203 1970 4257 distribui-

381 4311 491 4363 tur;
526 4300 620 4351 sed
653 4301 741 4364 qui
775 4311 840 4348 ex
887 4294 1205 4349 domesticis
1252 4303 1399 4357 sunt,
1445 4294 1479 4348 ii
1518 4295 1690 4346 solum
1726 4295 1967 4344 mandu-

381 4398 586 4443 cantet
614 4387 918 4440 salvantur.
951 4384 1276 4439 Communio
1326 4392 1506 4438 autem
1535 4395 1586 4437 et
1618 4383 1852 4437 societas
1886 4383 1966 4436 vi-

2072 1895 2166 1949 τοῦ
2195 1899 2386 1964 γένους
2415 1900 2574 1969 ἡμῶν
2603 1900 2955 1965 ἐκπτώσεως,
2992 1902 3087 1957 καὶ
3116 1904 3194 1973 τῷ
3236 1903 3408 1973 Ἀδάμ
3439 1909 3641 1971 προσέ-

2071 2004 2264 2044 ταττεν
2287 1994 2314 2045 6
2339 1991 2472 2054 Θεὸς
2499 1995 2565 2047 τὰ
2596 1994 2967 2063 συμφέροντα,
3000 1997 3091 2049 καὶ
3119 1998 3197 2064 τῷ
3221 1997 3344 2050 Νῶε
3375 1998 3648 2066 διελέγετο

2072 2084 2140 2137 τὰ
2172 2083 2580 2148 λυσιτελοῦντα,
2614 2086 2710 2139 καὶ⁸
2745 2086 2882 2157 πρὸς
2925 2089 3018 2141 τὸν
3063 2089 3316 2158 Ἀϐραάμ
3345 2089 3517 2142 ἐποίει
3547 2090 3648 2160 τὴν

2069 2177 2354 2248 διαθήκην,
2387 2179 2481 2231 καὶ
2511 2179 2600 2232 διὰ
2641 2177 2877 2242 Μωσέως
2911 2181 3244 2249 ἐνομοθέτει,
3274 2183 3367 2236 καὶ
3395 2183 3484 2236 διὰ
3515 2200 3648 2253 προ-

2071 2272 2260 2341 φητῶν
2287 2273 2694 2342 ἐχρησμοδότει,
2724 2274 2869 2342 ειπερ
2891 2274 2966 2336 ὡς
2994 2275 3276 2344 φωτισμὸν
3310 2274 3646 2343 θεογνωσίας

2072 2363 2472 2433 ἐμπαρέχοντα.
2510 2363 2774 2416 Ἐνταῦθα
2800 2363 2901 2432 μὲν
2931 2365 3136 2434 ἡμέραι
3164 2367 3439 2434 τροπικῶς
3475 2382 3643 2434 προσ-

2069 2458 2386 2524 ηγόρευται,
2421 2459 2480 2509 ἐν
2512 2455 2569 2508 δὲ
2595 2457 2672 2521 τῷ
2697 2455 3018 2525 Εὑαγγελίῳ
3049 2457 3144 2508 καὶ
3178 2458 3390 2526 ἡμέρας
3415 2457 3639 2525 διαστή-

2071 2564 2207 2618 μασι
2236 2547 2601 2617 παρεικάσθη,
2620 2548 2678 2599 ἐν
2699 2543 2778 2610 οἷς
2801 2549 2895 2602 καὶ⁵
2919 2548 3026 2600 τῶν
3047 2549 3293 2619 ἐργατῶν
3320 2548 3567 2602 ἐκαλεῖτο
3585 2549 3648 2603 τὸ

2071 2641 2348 2710 σύστημα.
2385 2642 2495 2694 Καὶ
2532 2639 2666 2707 γοῦν
2705 2643 2771 2711 τῇ
2800 2641 3028 2711 πέμπτῃ
3063 2641 3198 2710 πρὸς
3233 2639 3474 2710 ἑσπέραν
3515 2639 3645 2693 θύε-

2068 2747 2160 2784 ται
2187 2731 2248 2782 τὸ
2280 2731 2496 2800 πάσχα,
2539 2730 2622 2783 ὃτι
2657 2736 2752 2783 καὶ
2796 2733 2889 2783 ἐπὶ
2919 2731 3202 2800 συντελείᾳ
3234 2731 3329 2784 τοῦ
3359 2732 3556 2795 αἰῶνος
3582 2733 3648 2784 τὸ

2069 2822 2164 2875 τοῦ
2205 2820 2442 2890 Χριστοῦ
2468 2823 2664 2889 γέγονε
2694 2822 2889 2888 πάθος,
2919 2823 3012 2876 καὶ
3039 2823 3101 2875 τὸ
3135 2824 3329 2883 σκότος
3357 2821 3514 2875 έλυσε
3543 2823 3646 2890 τῆς

2069 2914 2316 2982 ἀγνοίας.
2396 2914 2664 2968 Ἀνέτειλε
2727 2915 2835 2985 γὰρ
2897 2917 2955 2968 ἐν
3009 2920 3128 2978 ταῖς
3181 2916 3421 2984 ἡμέραις
3479 2914 3646 2968 αὑτοῦ

2069 3007 2424 3076 δικαιοσύνη
2455 3006 2552 3060 καί
2585 3006 2818 3074 πλῆθος
2838 3007 3106 3075 εἰρήνης,
3162 3007 3346 3076 ἐπειδὴ
3378 3010 3406 3060 6
3447 3007 3648 3070 ἀδίκως

2070 3103 2215 3172 ἡμᾶς
2243 3100 2482 3171 ἀναιρῶν
2517 3102 2738 3161 δικαίως
2785 3099 3127 3171 ἀντανῃρέθη
3158 3101 3287 3166 παρ’
3317 3098 3502 3159 αὑτοῦ.
3544 3099 3646 3168 τῆς

2073 3194 2263 3256 νυκιὸς
2294 3195 2501 3263 ἄρχων,
2537 3194 2672 3264 ὅπερ
2707 3191 2896 3262 ἐδήλου
2929 3192 3026 3262 τῆς
3059 3191 3293 3263 σελήνης
3323 3191 3573 3246 ἐντεῦθεν
3613 3195 3647 3264 ἡ

2075 3285 2322 3354 μείωσις.

2142 3375 2280 3428 Κατ’
2308 3371 2455 3426 οἷκον
2484 3373 2541 3427 δὲ
2567 3375 2753 3443 ἄρτιον
2782 3374 3036 3437 ἐτελεῖτο,
3072 3377 3166 3428 καὶ
3195 3377 3334 3429 κατὰ
3369 3377 3653 3443 συγγενῶν

2072 3468 2105 3539 ἢ
2137 3468 2394 3536 γειτόνων
2422 3467 2754 3529 συνέλευσιν,
2782 3467 2864 3519 ὅτι
2891 3467 2989 3535 τὴν
3013 3469 3112 3535 τῆς
3147 3467 3474 3535 Ἐκκλησίας
3506 3470 3648 3533 ἐζω-

2072 3563 2277 3629 γράφει
2312 3561 2668 3621 κατάστασιν,
2705 3559 2833 3628 μίαν
2865 3558 3030 3612 οὖσαν
3058 3561 3126 3630 τῇ
3161 3565 3360 3625 πίστει,
3391 3566 3483 3614 καὶ
3512 3566 3650 3614 πολ-

2073 3651 2170 3713 λὰς
2219 3651 2287 3721 τῇ
2323 3649 2466 3702 κατὰ
2507 3647 2694 3718 χώραν
2737 3647 2976 3712 ἐκτάσει,
3016 3649 3247 3718 ἐπείπερ
3277 3647 3360 3714 εἷς
3403 3650 3650 3722 ἀληθῶς,

2072 3743 2279 3803 τέλεος
2340 3742 2435 3795 καὶ
2487 3743 2786 3810 ἀμέριστος
2842 3746 2870 3797 6
2922 3741 3203 3810 πανταχοῦ
3250 3744 3342 3796 καὶ
3400 3745 3458 3795 ἐν
3513 3746 3652 3798 πᾶσι

2074 3835 2333 3906 Χριστὸς,
2368 3839 2459 3889 καὶ
2491 3840 2588 3904 μία
2629 3838 2660 3907 ἡ
2692 3836 2800 3890 τῶν
2844 3835 3182 3907 Ἐκκλησιῶν
3201 3835 3301 3905 τῆς
3319 3834 3651 3906 οἰκουμένης

2073 3926 2285 3990 ἓνωσις,
2319 3928 2411 3979 καὶ
2433 3929 2461 3980 6
2485 3927 2690 3996 ταύτης
2718 3928 2823 3991 ἐξω
2852 3927 2956 3996 τῆς
2984 3927 3154 3996 αὐλῆς
3185 3925 3482 3996 ἀμέθεκτός
3507 3927 3652 3991 ἐστι,

2073 4019 2168 4074 τοῦ
2201 4020 2437 4088 μεγάλου
2463 4020 2725 4090 θύματος.
2759 4019 2832 4072 υύ
2859 4021 2966 4089 γὰρ
2997 4016 3351 4085 ἐκκομίζεται
3377 4016 3469 4070 τοῦ
3497 4019 3657 4071 οἴκου

2073 4115 2177 4167 τοῦ
2198 4112 2334 4167 Θεοῦ
2359 4113 2420 4166 τὸ
2454 4114 2672 4182 ἱερεῖον.
2706 4113 2828 4166 οὐδὲ
2859 4115 2970 4174 τοῖς
2999 4111 3155 4173 ἐκτὸς
3181 4112 3318 4173 ὅλως
3351 4113 3658 4181 προσνέμε-

2073 4220 2201 4272 ται,’
2246 4206 2362 4257 ἀλλ’
2397 4207 2511 4258 ὅσοι
2557 4205 2666 4257 τῶν
2701 4205 2848 4259 ἔνδον
2901 4206 3025 4269 είσὶ,
3076 4199 3220 4258 οῦτοι
3261 4203 3354 4258 καὶ
3385 4203 3657 4273 φάγονται

2079 4297 2240 4366 μόνον
2273 4297 2368 4350 καὶ
2403 4295 2761 4365 σωθήσονται.
2802 4297 2908 4348 Καὶ
2941 4297 2973 4366 ἡ
3007 4295 3260 4348 κοινωνία
3287 4294 3396 4346 τῶν
3435 4293 3654 4360 ὁμοφύο

2075 4389 2181 4442 λων
2207 4389 2306 4454 τὴν
2340 4387 2662 4456 συμφωνίαν
2688 4388 2795 4439 τῶν
2823 4387 3136 4456 ὀμοπίστων
3164 4387 3354 4456 ἐδήλου
3393 4387 3490 4440 καὶ
3523 4387 3659 4440 σύν-

383 4485 626 4538 cinorum
649 4491 700 4535 et
721 4480 1065 4534 familiarium
1089 4476 1431 4532 concordiam
1454 4488 1505 4530 et
1528 4478 1965 4547 conjunctioneni

2075 4496 2254 4552 αρσιν.
2293 4480 2401 4532 Καὶ
2431 4482 2706 4550 πρόϐατον
2741 4482 2838 4550 μὲν
2870 4477 2959 4551 ἦν,
2995 4483 3076 4534 ὅτι
3105 4480 3275 4542 τύπος
3311 4479 3525 4548 ἐγίνετο
3553 4480 3656 4533 τοῦ

383 4592 572 4629 eorum
622 4574 712 4643 qui
746 4573 994 4628 eamdem
1032 4572 1191 4625 [idem
1247 4581 1571 4640 sequuntur,
1604 4571 1964 4640 signiﬁcabat.

384 4667 452 4722 Et
498 4668 617 4720 ovis
652 4666 881 4734 quidem
906 4674 1027 4718 erat
1057 4667 1183 4732 quia
1227 4673 1412 4735 typum
1449 4667 1673 4733 gerebat
1707 4667 1830 4719 boni
1880 4681 1972 4733 pa-

384 4761 572 4824 storis,
600 4759 690 4827 qui
725 4769 779 4813 et
809 4757 1013 4828 aliquid
1065 4757 1224 4813 nobis
1269 4761 1616 4826 praestantius
1654 4759 1863 4822 habuit,
1917 4768 1972 4812 et

388 4852 440 4903 id
475 4850 618 4919 quod
649 4862 898 4904 nostrum
935 4858 1042 4914 est,
1074 4850 1391 4920 assumpsit,
1443 4859 1500 4904 ut
1535 4850 1691 4905 nobis
1722 4862 1972 4920 tanquam

385 4953 555 5015 frater
601 4943 909 4997 acccnsitus
965 4944 1009 4997 is
1064 4941 1154 5012 qui
1185 4953 1374 4996 natura
1428 4942 1571 5000 Deus
1613 4955 1668 4998 et
1717 4945 1976 4999 Dominus

387 5044 523 5098 erat,
552 5045 603 5088 ct
636 5037 703 5090 ob
746 5037 1036 5089 humanam
1089 5046 1360 5102 naturam,
1395 5038 1496 5090 sub
1547 5038 1738 5090 eadem
1782 5037 1976 5091 divina:

385 5127 747 5181 ordinationis
769 5135 824 5180 et
852 5128 1262 5197 gubernationis
1291 5143 1440 5194 Cura,
1473 5129 1624 5182 velut
1653 5144 1822 5198 agnus
1857 5144 1973 5181 om-

385 5213 472 5269 nis
528 5216 747 5269 ntalitite
789 5229 1009 5283 expers,
1061 5219 1416 5283 constitutus,
1473 5219 1707 5285 primum
1755 5217 1972 5286 quidem

387 5307 580 5362 debitae
611 5310 676 5360 ab
703 5309 850 5361 omni
902 5308 1139 5362 humana
1171 5321 1364 5365 natura
1387 5311 1710 5366 obedientitc
1736 5312 1969 5364 fluctum

2071 4573 2238 4628 καλοῦ
2280 4572 2558 4644 ποιμένος,
2597 4573 2655 4636 ὃς
2701 4574 2795 4625 καὶ
2825 4573 2886 4625 τὸ
2924 4573 3062 4642 ὑπὲρ
3091 4573 3240 4642 ἡμᾶς
3288 4569 3424 4641 εἶχε,
3459 4573 3552 4623 καὶ
3592 4573 3658 4624 τὸ

2071 4663 2194 4718 καθ’
2247 4667 2394 4736 ἡμᾶς
2443 4665 2830 4735 προσείληφεν,
2881 4664 2970 4716 ἵνα
3023 4663 3338 4733 συνταχθεὶς
3392 4662 3525 4731 ἡμῖν
3576 4662 3659 4725 ὡς

2072 4755 2296 4826 ἀδελφὸς
2328 4759 2356 4810 6
2380 4756 2540 4824 φύσει
2569 4755 2698 4817 Θεὸς
2728 4755 2822 4806 καὶ
2853 4752 3156 4820 Δεσπότης,
3186 4754 3281 4805 καὶ
3308 4767 3659 4821 συμποιμαν-

2075 4846 2188 4910 θεὶς
2223 4847 2312 4899 διὰ
2359 4855 2420 4899 το
2453 4846 2793 4915 ἀνθρώπινον
2817 4885 2833 4908 ,
2869 4846 2973 4895 ὐπῦ
3002 4845 3098 4913 τῆς
3139 4846 3290 4907 θείας
3329 4843 3660 4911 νομοθεσίας

2079 4939 2153 5003 ὡς
2187 4940 2357 5009 ἀμνὸς
2393 4940 2597 5001 ἄκακος
2628 4940 2820 5009 πρῶτα
2857 4937 2956 5007 μὲν
2983 4936 3080 5006 τὴν
3112 4937 3473 5006 ὀφειλομένην
3502 4937 3664 5005 παρὰ

2079 5034 2176 5100 τῆς
2206 5032 2624 5101 ἀνθρωπότητος
2657 5029 3058 5099 καρποφορήση
3102 5028 3181 5096 τῷ
3220 5027 3341 5096 Θεῷ
3372 5027 3660 5096 ὑπακοήν·

2079 5121 2180 5178 εἶθ’
2205 5124 2376 5187 οὕτως
2407 5124 2501 5176 καὶ
2531 5121 2723 5176 ἐαυτὸν
2755 5120 3099 5190 προσενέγκῃ
3126 5121 3337 5182 θυσίαν,
3366 5119 3460 5172 καὶ
3491 5135 3668 5188 προσ-

2078 5219 2252 5286 φορὰν
2276 5217 2462 5284 ἁγίαν,
2495 5216 2636 5283 ὑπὲρ
2664 5216 2863 5275 παντὸς
2893 5214 3236 5282 γευσάμενος
3273 5211 3529 5277 θανάτου,
3563 5213 3668 5263 καὶ

2077 5311 2284 5373 πάντας
2315 5311 2674 5376 ζωοποιὴσας.

390 5400 498 5455 Deo
529 5403 793 5469 prul‘erret
825 5400 1119 5472 :deinceps
1148 5418 1278 5458 vero
1321 5420 1380 5459 se
1413 5404 1573 5458 etiam
1610 5404 1831 5460 offerret
1863 5404 2094 5459 hostiam
2130 5415 2183 5460 et
2228 5404 2562 5459 oblationem
2645 5408 2914 5465 sanctam,
2987 5414 3160 5455 morte
3222 5415 3322 5469 pro
3409 5396 3674 5452 omnibus

387 5491 688 5560 degustata,
721 5491 1086 5564 omnibusque
1121 5497 1226 5549 vita
1263 5497 1490 5550 reddita.

459 5583 572 5640 Hac
618 5585 780 5654 igitur
809 5586 878 5642 de
907 5603 1070 5644 causa
1103 5605 1277 5660 agnus
1307 5592 1488 5647 maeui
1528 5591 1785 5648 sacrificii
1817 5605 1956 5648 bra:-

465 5758 510 5789 ³⁶
553 5757 696 5816 Psal.
737 5779 884 5832 un,
924 5766 954 5819 7

2137 5592 2237 5645 Διὰ
2264 5588 2420 5644 τοῦτο
2462 5589 2590 5658 γοῦν
2623 5587 2899 5660 πρόϐατον
2945 5583 3013 5660 ἦν
3061 5588 3122 5642 τὸ
3166 5587 3516 5659 πρόγραμμα
3563 5583 3668 5638 τοῦ
