3948 6200
203 380 297 441 ειδδ

1258 378 1339 441 1N
1370 379 1965 440 EXALTATIONEM
1999 382 2057 441 S.
2102 382 2397 444 CRUCIS.

3348 398 3451 461 2οῧ

207 500 436 570 μεγάλου
469 498 733 567 θύματος.
775 499 885 552 Καὶ
912 497 1072 551 τοῦτο
1101 498 1328 563 τέλειον,
1364 500 1621 569 ἄμωμον,
1667 502 1767 569 ἄρ-

1882 502 2207 567 siguiiicatio
2234 502 2355 568 fuit,
2388 515 2443 558 et
2476 505 2520 557 is
2552 506 2769 574 quidem
2804 508 3037 577 integer,
3072 512 3189 565 sine
3212 521 3451 583 macula,

202 609 281 645 σςν
329 590 428 643 καὶ
485 590 785 653 ἐνιαύσιον,
836 590 1023 660 ἐπειδὴ
1078 592 1256 644 πάντα
1309 587 1379 661 ἦν
1427 594 1485 643 ἐν
1539 592 1762 662 Χριστῷ

199 684 410 747 τελείως
466 685 536 737 τά
570 683 857 754 θεοπρεπῆ
906 685 1270 755 γνωρίσματα
1319 689 1415 738 καὶ¹
1472 688 1614 738 κατά
1671 688 1771 756 τὴν

204 778 504 848 πρόσληψιν
545 775 648 845 τὴν
698 776 1020 846 χρισθεῖσαν
1053 776 1299 847 θεότητι,
1348 780 1441 829 καὶ
1471 779 1772 847 γενομένην

201 870 323 938 ὅπερ
355 870 419 921 τὸ
468 869 687 940 χρίσαν,
722 871 816 921 καὶ
846 867 1052 932 τέλειος
1105 868 1178 931 ὡς
1214 870 1470 939 ἀνενδεὴς
1515 875 1574 922 ὲν
1606 872 1772 923 πᾶσιν

199 966 358 1034 ἀρετῇ
380 964 737 1035 γνωρίζεται,
757 961 1010 1032 καθάπερ
1034 963 1195 1025 αὐτός
1223 980 1408 1033 φησιν,
1434 964 1598 1016 Οὕτω
1619 964 1771 1031 πρέ-

200 1072 306 1107 πον
330 1055 481 1122 ἡμῖν
523 1054 657 1107 ἐστι
708 1052 1031 1121 πληρῶσαι
1082 1052 1291 1109 πᾶσαν
1344 1054 1768 1121 δικαιοσύνην.

204 1150 461 1217 ’Δμωμος
494 1145 571 1209 δὲ,
604 1147 688 1199 ὅτι
721 1146 817 1199 καὶΙ
854 1147 1016 1215 μόνος
1063 1148 1480 1217 ἀναμάρτητος,
1514 1148 1773 1217 ὑπερφυᾶ

201 1240 286 1289 καὶ
312 1237 734 1307 ἀνυπέρϐλητον
762 1238 1104 1308 κεκτημένος
1139 1238 1238 1309 τὴν
1269 1239 1646 1310 καθαρότητα,
1678 1243 1773 1294 καὶ

202 1332 353 1400 μόνος
391 1331 537 1400 ἔχων
581 1330 835 1394 ἐξουσίαν
884 1330 981 1383 τοῦ
1029 1333 1123 1385 ἐπὶ
1171 1333 1353 1401 πάσης
1398 1333 1501 1401 γῆς
1552 1335 1772 1401 ἀφιέναι

198 1428 284 1485 τὰς
315 1422 627 1492 ἁμαρτίας.
665 1424 728 1476 Εί
769 1424 879 1492 γὰρ
936 1424 1031 1476 καὶ
1061 1425 1251 1477 πολλοὶ
1285 1427 1546 1493 γεγόνασι
1575 1427 1773 1495 εύάρε-

198 1534 326 1579 στοι,
360 1516 463 1569 καὶ
492 1516 635 1570 κατὰ
666 1515 885 1586 μέθεξιν
915 1517 1264 1585 ἡγιασμένοι,
1295 1517 1410 1569 ἀλλ’
1446 1514 1523 1581 εἷς
1558 1521 1585 1570 6
1614 1518 1773 1585 φύσει

196 1608 414 1675 ἀγαθὸς,
440 1609 538 1661 καὶ
571 1609 670 1660 οὐκ
702 1608 851 1661 ἔστιν
887 1609 1044 1674 ἆγιος
1081 1609 1154 1671 ὠς
1184 1610 1213 1661 6
1244 1610 1473 1678 Κύριος,
1500 1611 1622 1663 οὖδέ
1654 1614 1770 1664 ἐστι

194 1701 395 1762 δίκαιος
435 1701 515 1771 ὡς
564 1702 594 1753 6
623 1700 756 1762 Θεὸς
800 1701 977 1769 ἡμῶν.
1012 1701 1221 1772 Ἀρσην
1266 1703 1325 1755 δὲ
1361 1702 1455 1755 διὰ
1483 1703 1543 1755 τὸ
1569 1705 1774 1772 ἡγεμο-

196 1794 307 1845 νοῦν
332 1810 347 1823 ’
386 1794 557 1857 αὐτὸς
585 1795 694 1863 γάρ
720 1795 866 1846 ἐστιν
895 1796 923 1847 ό
954 1794 1191 1863 νυμφίος
1224 1796 1325 1866 τῆς
1367 1796 1717 1865 Ἐκκλησίας,
1745 1800 1772 1850 6

1879 596 2175 660 masculus,
2222 606 2273 649 et
2316 598 2623 661 anniculus,
2658 616 2777 669 quae
2803 604 2985 656 omnia
3019 605 3131 665 Deo
3160 621 3452 664 consenln—

1878 703 1974 741 nea
2000 688 2201 742 indicia
2238 689 2291 742 in
2316 688 2540 745 Christo
2577 690 2789 745 fuerunt
2818 695 2984 747 etiam
3013 701 3312 754 secundum
3352 704 3453 755 hu-

1878 795 2091 832 manam
2141 792 2387 834 naturam
2440 793 2809 852 assumptum,
2862 797 3083 841 unctam
3127 792 3448 861 divinitate,

1878 870 2075 925 laetam
2122 887 2220 939 per
2269 874 2739 942 participationem
2771 877 2912 932 idem
2956 895 3079 933 cum
3124 898 3213 948 eo,
3252 902 3278 937 a
3342 903 3449 956 quo

1875 974 2035 1014 uncta
2078 975 2183 1017 est.
2219 963 2475 1034 [denique
2508 965 2758 1021 Christus
2802 969 3000 1024 virtute
3033 975 3310 1041 perlectus
3342 991 3449 1042 est,

1875 1052 2077 1120 quippe
2112 1052 2255 1106 inter
2279 1068 2468 1107 omnes
2519 1054 2719 1109 nullius
2768 1058 2846 1110 rei
2903 1059 3142 1128 indigus,
3186 1068 3449 1131 quemad-

1879 1143 2097 1197 modum
2133 1145 2250 1213 ipse
2286 1146 2361 1199 ait
2390 1162 2403 1198 :
2441 1144 2529 1199 Sic
2554 1145 2697 1200 decet
2751 1165 2843 1201 nos
2873 1150 3092 1218 implere
3116 1170 3317 1209 onmem
3364 1159 3450 1226 iu-

1874 1237 2166 1291 stitinm".
2218 1238 2601 1295 lmmaculatus
2635 1251 2761 1305 est;
2820 1246 2946 1311 quia
3005 1248 3122 1314 ipse
3176 1252 3325 1304 solus
3382 1255 3451 1307 ab

1874 1330 2021 1382 (ιιιιηί
2074 1340 2297 1399 peccato
2348 1332 2607 1387 immunis
2641 1336 2999 1391 excelsiorem
3037 1344 3315 1397 Communi
3368 1361 3454 1398 re-

1878 1438 1993 1474 rum
2035 1438 2195 1477 cursu
2227 1433 2280 1478 et
2318 1423 2805 1492 incomparabilem
2840 1428 3132 1495 puritatem
3170 1446 3455 1489 assecutus

1874 1524 1999 1574 est.
2038 1514 2297 1583 solusque
2369 1518 2699 1583 potestatem
2768 1518 2973 1584 habet,
3035 1526 3218 1578 omnia
3287 1528 3454 1583 totius

1877 1604 2062 1659 mundi
2114 1613 2337 1675 peccata
2374 1606 2705 1662 dimittendi.
2738 1606 2875 1663 Nam
2922 1610 3049 1666 licet
3100 1615 3254 1670 multi
3289 1620 3457 1672 exsti-

1875 1698 2037 1750 terint
2084 1697 2196 1751 Deo
2242 1699 2470 1767 accepti,
2514 1710 2569 1754 et
2604 1704 2987 1757 communienc
3022 1707 3260 1775 quadam
3328 1724 3451 1763 san-

1876 1791 2122 1855 ctilicati,
2144 1802 2198 1843 at
2234 1806 2371 1845 unus
2403 1792 2886 1854 όιιιιιειτειιιιιιιιιινιι
2922 1800 3094 1851 bonus
3130 1811 3234 1864 est,
3262 1816 3312 1853 et
3345 1819 3450 1855 non

196 1887 430 1954 γνησίως
482 1884 732 1950 ἐφεστὼς
783 1885 876 1936 καὶ
927 1886 1255 1955 κυριεύσας,
1309 1889 1339 1940 6
1405 1890 1627 1958 κρατῶν
1678 1889 1770 1942 τοῦ

1882 1892 1963 1935 est
1998 1894 2226 1937 sanctus
2268 1891 2326 1935 ιιι
2371 1894 2456 1937 est
2501 1883 2781 1949 Dominus,
2839 1904 3014 1957 utrque
3048 1900 3129 1944 est
3167 1891 3353 1959 justus
3398 1902 3457 1947 ut

200 1978 389 2039 παντὸς
414 1976 508 2029 διὰ
534 1977 636 2043 τὴν
675 1975 836 2039 ἀξίαν
861 1977 962 2045 τῆς
1001 1978 1279 2046 θεότητος,
1309 1982 1336 2032 ὸ
1370 1980 1580 2033 ἀνωθεν
1610 1982 1775 2050 ἐρχό-

200 2086 368 2137 μενος,
409 2068 510 2120 καὶ
566 2067 758 2121 ὲπάνω
798 2068 1017 2120 πάντων
1049 2074 1358 2139 τυγχάνων,
1402 2074 1462 2125 ού
1499 2073 1681 2143 χάριτι
1716 2076 1775 2128 τὸ

196 2158 501 2225 βασιλεύειν
538 2157 746 2223 λαϐὼν,
778 2158 893 2210 ἀλλ’
924 2159 1065 2228 ἔχων
1092 2161 1151 2211 ὲν
1192 2162 1421 2233 ἀληθείᾳ.
1464 2168 1557 2217 καὶ
1585 2168 1777 2235 γεννή-

198 2267 267 2303 σει
289 2254 351 2321 τῇ
384 2252 453 2303 ὲκ
491 2250 732 2320 Πατρὸς,
778 2251 806 2302 ό
849 2252 943 2304 καὶ
973 2254 1141 2305 πᾶσιν
1167 2255 1302 2323 ἡμῖν
1333 2257 1499 2319 ἐνιεὶς
1527 2258 1626 2327 τῆς
1657 2258 1772 2311 θεο-

197 2342 426 2407 γνωσίας
455 2341 526 2393 τά
556 2342 875 2412 σπέρματα,
903 2345 998 2396 καὶ
1026 2345 1165 2395 κατὰ
1188 2345 1247 2395 τὸ
1271 2347 1630 2417 προφητικὸν,
1658 2346 1775 2417 γῆν

197 2433 327 2499 ἡμᾶς
381 2432 674 2485 ἀποτελῶν
726 2433 1016 2501 θελητὴν,
1065 2436 1095 2487 ό
1130 2435 1272 2503 ὑπὲρ
1322 2436 1416 2489 τοῦ
1458 2437 1629 2507 ’Λδάμ
1677 2438 1771 2490 τού

197 2524 430 2596 στερροὖ
464 2526 903 2595 προσαγόμενος,
936 2526 1013 2587 ὡς
1054 2529 1433 2599 στερρότερος,
1470 2532 1565 2583 καὶ
1602 2529 1772 2601 μηδὲν

197 2620 454 2688 ἄνανδρον
484 2621 517 2688 ἢ
552 2618 687 2689 θῆλυ
718 2622 903 2690 φέρων
925 2621 983 2673 ὲν
1012 2621 1215 2691 ἑαυτῷ.
1252 2623 1555 2689 Ἐνιαύσιος
1582 2625 1664 2691 δὲ,
1688 2626 1771 2678 ὅτι

199 2715 277 2765 καὶ
307 2714 550 2776 παλαιὸς
576 2708 647 2783 ἦν
677 2714 705 2765 6
732 2714 895 2778 αὐτὸς
936 2716 995 2768 ιν
1026 2714 1270 2785 θεότητι,
1308 2718 1405 2770 καὶ
1437 2717 1557 2781 νέος
1586 2720 1647 2772 ὲν
1680 2722 1774 2773 ἀν-

199 2806 529 2875 θρωπότητι,
585 2806 683 2859 καὶ
718 2806 929 2875 χρόνων
988 2806 1204 2875 ὑπῆρχε
1269 2808 1620 2879 δημιουργὸς,
1677 2812 1775 2863 καὶ

198 2898 287 2949 ὑπὸ
328 2898 536 2967 χρόνον
582 2899 851 2966 ἐγεγόνει,
912 2899 1009 2951 καὶ
1046 2898 1201 2966 ἥλιός
1251 2900 1369 2951 ἐστι
1422 2900 1774 2971 δικαιοσύνης

198 2990 277 3040 καὶ
304 2992 382 3055 τῷ
419 2990 691 3059 ὁρωμένῳ
739 2989 1123 3059 περιγραπτὸς
1165 2992 1243 3053 είς
1277 2990 1474 3043 ἑαυτὸν
1514 2992 1772 3062 ἐπιστρέ-

198 3099 318 3147 ςων,
355 3082 635 3149 στέφανός
688 3098 744 3135 τε
790 3082 1163 3153 χρηστότητος
1211 3082 1627 3153 εύλογούμενος,
1680 3086 1775 3138 καὶ

1879 1983 1964 2028 eSt
2018 1973 2160 2028 Deus
2206 1983 2411 2029 uoster.
2457 1976 2732 2030 Masonlus
2774 1992 2899 2033 vero
2933 1994 3155 2048 propter
3184 1984 3458 2053 principa-

1880 2074 2031 2131 tum;
2064 2066 2181 2132 ipse
2211 2072 2357 2121 enim
2400 2076 2485 2121 est
2515 2083 2751 2135 sponsus
2792 2070 3068 2135 Ecclesizc,
3103 2074 3195 2141 qui
3230 2089 3358 2127 vere
3404 2086 3458 2129 et

1878 2157 2117 2226 legitime
2150 2168 2344 2226 praeest
2396 2167 2449 2213 et
2498 2161 2827 2225 dominatur,
2861 2164 2952 2231 qui
3013 2166 3200 2219 omnia
3248 2167 3458 2221 ditione

1880 2259 2025 2304 tenet
2056 2252 2124 2305 ob
2153 2250 2459 2306 divinitatis
2497 2251 2857 2321 maiestatem,
2886 2253 2981 2321 qui
3017 2255 3082 2307 de
3112 2256 3253 2309 coelo
3283 2258 3453 2320 venit,

1876 2352 1930 2395 et
1963 2357 2126 2411 supra
2158 2357 2350 2396 omnes
2389 2352 2490 2402 est.
2522 2342 2617 2410 qui
2664 2358 2890 2411 regnum
2923 2358 2987 2397 ex
3018 2347 3188 2413 gratia
3227 2363 3333 2399 nun
3366 2363 3457 2400 ac-

1876 2436 2056 2501 cepit:
2100 2436 2194 2489 sed
2246 2443 2437 2488 natura
2472 2447 2525 2488 et
2563 2446 2685 2488 ortu
2714 2450 2779 2488 ex
2812 2435 2973 2490 Patre
3000 2452 3107 2510 suo|
3140 2438 3193 2491 id
3226 2439 3456 2504 obtinet,

1874 2528 1964 2595 qui
1999 2526 2255 2582 omnibus
2303 2528 2462 2581 nobis
2497 2528 2692 2581 divinae
2722 2530 3055 2598 cognitiOnis
3106 2532 3314 2585 semina
3354 2532 3458 2586 im-

1878 2620 2064 2685 mittit,
2104 2628 2157 2674 et
2182 2619 2335 2689 juxta
2384 2620 2591 2673 dictum
2655 2619 2785 2673 illud
2831 2622 3208 2689 propheticum
3259 2632 3456 2676 terram

1874 2713 2232 2767 votumariam
2269 2726 2365 2766 nos
2401 2711 2585 2775 (’ﬂicit,
2631 2712 2721 2778 qui
2774 2728 2870 2780 pro
2896 2712 3075 2766 valido
3109 2714 3202 2769 illo
3246 2717 3460 2769 Adamn

1876 2807 2107 2861 validior
2157 2805 2272 2875 ipse
2307 2804 2529 2859 oblatus
2563 2814 2667 2867 est,
2705 2803 2841 2857 nihil
2882 2802 3282 2870 etl‘eminatum,
3324 2809 3459 2861 nihil

1876 2899 1991 2952 viro
2021 2899 2302 2968 indignum
2336 2898 2388 2952 in
2414 2897 2598 2967 seipso
2627 2895 2857 2951 habens.
2912 2896 3219 2953 Anniculus
3248 2910 3455 2965 autem;

1876 2993 2003 3060 quia
2040 2992 2129 3046 ille
2180 2991 2320 3046 idem
2354 2991 2649 3045 divinitate
2695 2990 2957 3059 antiquus
2990 3000 3133 3057 erat,
3170 3001 3222 3047 et
3267 3007 3461 3048 recens

1878 3084 2247 3148 humanitate,
2281 3092 2699 3151 temporumque
2754 3082 3008 3137 conditor
3057 3084 3289 3153 ipsemet
3324 3096 3457 3140 tem-

199 3175 535 3245 πανταχόθεν
591 3176 708 3238 ίσος
739 3175 917 3244 ἑαυτῷ
946 3177 1039 3228 καὶ
1066 3177 1274 3243 ὅμοιος.
1308 3178 1576 3244 Ζωογονεῖ
1598 3179 1653 3231 δὲ
1679 3180 1775 3233 καὶ

1882 3176 1995 3245 pori
2043 3175 2321 3243 subjectus
2372 3186 2496 3237 est;
2543 3176 2634 3230 Sol
2670 3185 2753 3230 est
2795 3176 3046 3245 iustitiae,
3081 3187 3135 3231 et
3184 3191 3248 3231 eo
3280 3185 3455 3233 ιιιιιιαν

200 3267 276 3316 τὸν
313 3268 430 3319 τῶν
473 3266 688 3336 ἀρετῶν
720 3266 941 3333 κύκλον,
969 3267 1152 3336 ἠπίως
1189 3270 1638 3337 ὲπιμιγνυμένων
1683 3272 1778 3323 καὶ

200 3359 548 3429 κιρναμένων
576 3358 845 3430 ἀλλήλαις
877 3360 1028 3431 νόμῳ
1056 3361 1243 3430 φιλίας
1283 3362 1375 3415 καὶ
1401 3361 1629 3426 τάξεως.

1886 3270 1976 3338 qui
2027 3270 2128 3324 sub
2176 3268 2367 3322 oculos
2402 3268 2570 3333 cadit,
2608 3268 3096 3329 Circuuiscribitttr,
3136 3279 3189 3321 et
3227 3269 3278 3322 in
3317 3277 3430 3338 seq.

1886 3379 2005 3415 sum
2051 3360 2368 3426 resolvitur,
2400 3374 2604 3414 corona
2660 3361 3035 3425 benignitatis,
3078 3376 3105 3413 a
3156 3361 3263 3414 Deo
3296 3363 3428 3415 bene

201 3460 355 3516 dicta,
393 3453 771 3521 undequaque
815 3452 918 3507 sibi
967 3454 1192 3521 aequalis
1226 3462 1307 3509 set
1348 3455 1560 3509 similis.
1603 3453 1778 3508 Vitam
1857 3470 1987 3507 vero
2045 3453 2273 3521 largitur
2332 3466 2549 3519 Quoque
2606 3452 2859 3505 virtutem
2918 3452 3059 3516 orbi,
3130 3452 3355 3520 pulchre
3406 3469 3437 3507 ε

197 3547 457 3601 concinne
501 3544 807 3600 virtutibus
848 3546 953 3601 sibi
997 3546 1229 3601 invicem
1277 3547 1451 3601 mistis
1478 3557 1533 3600 et
1568 3548 1898 3602 censor-iatis
1935 3549 2051 3617 lege
2084 3545 2344 3601 amicitiae
2375 3558 2425 3601 ct
2456 3545 2688 3599 ordinis.

258 3644 314 3695 Εί
343 3645 387 3698 δ’
436 3644 529 3696 ὅτι
562 3642 660 3695 καὶ
694 3641 796 3711 τὴν
839 3643 935 3694 ἐπὶ
972 3642 1049 3711 τῷ
1093 3643 1259 3696 πάθει
1293 3644 1776 3713 θεοπρεπεστάτην

198 3738 374 3806 ἑορτὴν
408 3734 543 3789 καθ’
576 3734 812 3787 ἕκαστον
852 3734 972 3797 ἔτος
1009 3736 1236 3804 ἔμελλον
1283 3736 1555 3790 ἐπιτελεῖν
1596 3740 1652 3789 οἱ
1707 3738 1776 3790 τὰ

198 3830 251 3879 ἐκ
275 3828 371 3881 τοῦ
404 3827 627 3889 πάθους
680 3826 1174 3895 ἀποκερδαίνοντες
1224 3828 1446 3894 ἀγαθὰ,
1503 3828 1776 3891 ἐνιαύσιος

198 3917 640 3985 προετετύπωτο,
675 3916 772 3969 καὶ
802 3916 961 3970 τοῦτο
990 3916 1251 3988 σύμφημι
1302 3920 1416 3980 τοῖς
1471 3918 1775 3987 εἰρηκόσιν.

210 4010 324 4061 Ἀπὸ
352 4010 476 4062 τῶν
507 4009 702 4079 ἀμνῶν
757 4008 837 4070 δὲ,
871 4007 1059 4077 ἐπειδὴ
1115 4010 1210 4061 καὶ
1257 4006 1396 4061 Θεοῦ
1448 4008 1644 4077 ἀμνὸς,
1702 4008 1779 4070 ὼς

208 4102 467 4173 Ἰωάννης
526 4104 818 4170 μαρτυρεῖ,
852 4100 947 4153 καὶ
1000 4100 1108 4153 ἀπὸ
1143 4101 1251 4153 τῶν
1285 4099 1512 4169 ἐρίφων,
1562 4100 1644 4151 ὅτι
1682 4100 1777 4151 τοῦ

200 4196 395 4263 κόσμου
428 4194 539 4264 τὴν
569 4196 847 4264 ἁμαρτίαν
876 4190 1002 4265 ἦρε.
1028 4194 1165 4247 Τίνα
1192 4194 1249 4245 δὲ
1281 4193 1463 4245 αίτίαν
1494 4193 1607 4263 ἔχει
1641 4192 1779 4262 πρὸς

199 4287 286 4355 τὴν
339 4290 457 4341 τῶν
510 4289 880 4358 πρωτοτόκων
945 4288 1225 4357 σωτηρίαν
1286 4288 1320 4355 ἠ
1380 4285 1476 4338 τοῦ
1537 4286 1777 4354 θύματος

202 4381 391 4451 σφαγὴ,
435 4382 539 4433 καὶ
587 4382 619 4450 η
658 4380 748 4433 τοῦ
781 4381 1012 4449 αἵματος
1058 4381 1274 4450 χρίσις
1311 4379 1387 4432 Οὐ
1424 4379 1530 4447 γὰρ
1581 4378 1775 4440 θυσίας

201 4470 358 4525 δεῖται
382 4472 529 4533 Θεὸς
565 4471 704 4540 πρὸς
739 4472 967 4537 ἔνδειξιν
1019 4473 1118 4539 τῆς
1166 4472 1363 4525 ἑαυτοῦ
1414 4472 1772 4539 ἁγαθότητος,

1955 3644 2231 3700 Cancrum
2262 3644 2306 3697 si
2341 3653 2394 3697 et
2428 3642 2552 3696 ideo
2581 3641 2869 3694 anniculus
2912 3651 3016 3706 est,
3046 3644 3171 3709 quia
3218 3644 3441 3699 futurus:

1885 3748 2004 3793 erat
2052 3737 2368 3807 aliquando,
2400 3744 2457 3789 ut
2492 3735 2526 3787 ii
2557 3735 2645 3803 qui
2683 3749 2749 3788 ex
2791 3734 3049 3799 passione
3104 3734 3336 3789 fructum
3373 3752 3432 3790 ca

1888 3829 2060 3899 piunt,
2108 3827 2404 3897 quotannis
2448 3824 2861 3877 sanctissimum
2930 3824 3203 3891 passionis
3262 3824 3439 3879 l‘esttu=

1886 3920 2249 3979 celebrarent,
2285 3929 2391 3969 non
2428 3915 2607 3967 abnuo
2636 3915 2930 3979 quominus
2969 3913 3023 3965 id
3064 3922 3321 3981 tanquam
3376 3930 3451 3966 ra-

1884 4008 2018 4063 tioni
2059 4006 2391 4061 conveniens
2446 4004 2777 4073 supradictis
2814 4002 3163 4073 adjungatur.
3201 4006 3277 4057 Ex
3308 4008 3447 4075 agni:

1885 4111 2067 4155 autem
2119 4097 2234 4152 haec
2272 4096 2495 4150 vietima
2552 4097 2826 4163 scligitur,
2861 4096 2985 4164 quia
3018 4106 3074 4150 et
3115 4097 3231 4167 ipse
3276 4099 3449 4168 Agllm

1888 4192 1977 4246 Dei
2029 4198 2133 4256 est,
2176 4200 2234 4246 ut
2266 4189 2506 4244 Joannes
2559 4196 2835 4253 testatur;
2873 4198 2927 4242 et
2973 4204 3037 4242 ex
3096 4189 3294 4251 limitis,
3336 4190 3453 4259 qui:

1888 4284 2005 4353 ipse
2038 4291 2255 4350 peccata
2291 4282 2475 4334 mundi
2512 4280 2658 4335 tulit.
2697 4279 2870 4346 Quam
2927 4295 3054 4335 vero
3090 4282 3457 4349 ιιιθὶιιιυεοῐιίιίι

1884 4390 2105 4430 causam
2139 4375 2334 4428 salutis
2368 4375 2598 4445 przebuit
2633 4383 2877 4428 mactata
2906 4375 3148 4439 Vlt‘litlta,
3170 4386 3224 4430 et
3247 4378 3461 4444 sanguis

1885 4468 2127 4537 postibus
2163 4465 2374 4519 illitos?
2422 4466 2605 4534 Neque
2637 4466 2782 4519 enim
2826 4464 3116 4519 sacriﬁciis
3151 4475 3274 4535 eget
3324 4468 3465 4519 Deus

202 4564 311 4615 οῐτε
362 4564 605 4633 σημείου
668 4563 804 4633 πρὸς
863 4563 1165 4630 ἐπίγνωσιν
1223 4563 1331 4615 τῶν
1384 4564 1622 4626 οἰκείων,
1661 4562 1775 4614 ἀλλ’

1882 4563 1946 4613 ad
1984 4558 2471 4614 demonstrandam
2522 4574 2675 4611 suam
2735 4557 3065 4620 bonitatem,
3103 4574 3274 4625 neque
3302 4560 3463 4612 etiam

204 4656 319 4721 ἡμῖν
350 4655 647 4708 κάνταῦθα
677 4659 975 4726 συνηγορεί
1022 4657 1083 4709 τὸ
1120 4659 1377 4726 πρᾶγμα,
1413 4657 1507 4708 καὶ
1552 4659 1615 4725 τῇ
1655 4656 1780 4708 καθ’

205 4747 338 4813 ἡμᾶς
380 4750 523 4817 ἀγίᾳ
580 4747 760 4799 πίστει
819 4752 1242 4819 προσμαρτυρεῖ
1287 4748 1375 4803 διὰ
1421 4750 1712 4817 συμϐόλων
1751 4752 1779 4801 ὁ

204 4840 370 4906 νόμος.
407 4838 522 4892 Τοῦ
552 4841 662 4911 γὰρ
694 4840 931 4910 ἀμώμου
982 4840 1223 4907 θύματος
1255 4843 1395 4912 ὑπὲρ
1435 4842 1591 4911 ἡμῶν
1637 4858 1776 4909 σφα-

206 4935 544 4995 τιασθέντος,
580 4936 609 4986 ό
657 4936 722 4986 ἐκ
764 4933 861 4985 τοῦ
898 4933 1334 5002 πρωτοπλάστου
1367 4933 1585 4986 λέλυται
1618 4934 1781 4988 θάνα-

206 5036 301 5084 τος.
328 5024 444 5075 Καὶ
477 5024 703 5093 θνήσκει
734 5025 832 5093 μὲν
858 5024 927 5076 τὰ
959 5024 1290 5093 πρωτότοκα
1314 5025 1424 5079 τῶν
1445 5025 1776 5094 Αἰγυπτίων,

207 5118 272 5168 ὅτι
298 5121 324 5169 ό
362 5122 625 5174 ἀπιστῶν
651 5121 727 5189 τῷ
754 5121 869 5189 Υίῴ
896 5122 997 5174 οὐκ
1025 5122 1218 5191 ὅψεται
1257 5124 1357 5193 τὴν
1392 5122 1558 5193 ζωὴν,
1589 5123 1707 5176 ἀλλ⁹
1732 5124 1770 5191 ἡ

207 5209 335 5279 (pri;
365 5212 479 5265 τοῦ
515 5214 663 5265 Θεοῦ
683 5213 849 5279 μένει
881 5213 976 5265 ἐπ’
1000 5214 1209 5267 αὐτόν.
1248 5213 1442 5282 Ἡμεῖς
1479 5212 1534 5265 δὲ
1574 5215 1776 5267 διασω-

207 5298 394 5369 {ipsi}:
432 5305 558 5356 ὅσοι
623 5306 785 5356 τέκνα
831 5304 967 5357 Θεοῦ
1012 5306 1106 5359 καὶ
1165 5306 1461 5375 Ἐκκλησία
1513 5306 1785 5371 πρωτοτόι

209 5406 302 5443 xm
327 5396 662 5463 γεγόναμεν.
694 5396 838 5449 Ἐάν
868 5414 956 5461 τις
982 5399 1111 5467 γὰρ,
1142 5400 1297 5466 φησὶ,
1328 5401 1435 5450 τὸν
1458 5398 1645 5460 λόγον
1664 5413 1785 5465 μου

208 5485 455 5551 τηρήσῃ,
481 5485 746 5538 θάνατον
775 5490 846 5539 οὺ
870 5488 956 5554 μὴ
983 5488 1277 5555 θεωρήσει
1320 5490 1405 5551 εἰς
1442 5488 1547 5538 τὸν
1573 5485 1784 5539 αἰῶνα.

211 5573 455 5644 Τηρείται
483 5577 591 5630 6ὲό
615 5580 771 5646 λόγος
813 5580 1047 5650 Χρισ.οῦ
1082 5583 1213 5649 παρ’
1249 5582 1405 5649 ἡμῶν
1445 5580 1530 5633 διὰ
1554 5581 1787 5648 θεωρίας

214 5671 291 5719 καὶ
317 5672 612 5738 πράξεως.
642 5673 753 5725 Καὶ
790 5674 943 5741 φέρει
982 5674 1080 5741 μὲν
1111 5674 1346 5744 θεωρίας
1371 5674 1540 5725 τύπον
1580 5673 1788 5741 ἡφλιὰ,

276 5852 315 5879 ³⁸
356 5852 562 5906 Matth.
593 5869 668 5906 ιιι.
718 5853 803 5907 15.
882 5856 926 5885 ³⁸
948 5852 1105 5908 Joan.
1145 5872 1223 5921 ιιι,
1257 5855 1343 5906 56.

1885 4653 2061 4719 signo,
2099 4660 2155 4702 ut
2190 4665 2323 4703 suos
2358 4659 2662 4718 agnoscat;
2704 4657 2760 4700 at
2783 4660 2831 4700 et
2874 4648 2960 4701 hic
2997 4657 3105 4700 tota
3138 4663 3222 4701 res
3255 4665 3351 4715 pro
3382 4665 3469 4702 nn-

1886 4744 1967 4798 bis
2019 4754 2120 4807 est,
2154 4743 2466 4810 nostrisque
2523 4741 2823 4795 commodis
2875 4742 3066 4803 servit,
3109 4749 3465 4809 uOstramque

1891 4845 2305 4891 sacrasanctam
2342 4834 2502 4889 ﬁdem
2536 4834 2620 4887 his
2649 4833 2911 4903 symbolis
2941 4833 3025 4886 lex
3064 4846 3215 4887 vetus
3246 4836 3463 4889 astruit.

1883 4930 2021 4985 Nam
2064 4932 2302 4983 innocua
2344 4928 2433 4981 illa
2490 4926 2666 4982 hostia
2703 4942 2800 4995 pro
2844 4926 3001 4979 nobis
3048 4926 3349 4988 immolata,
3382 4926 3468 4980 [ιι-

1886 5035 2006 5094 gnta
2044 5035 2125 5077 est
2164 5038 2335 5087 mors,
2380 5038 2500 5091 qua:
2550 5021 2705 5074 nobis
2756 5034 2784 5073 a
2838 5020 3011 5088 primo
3043 5029 3265 5088 parente
3299 5020 3469 5071 venit.

1886 5119 2192 5171 Moriuntur
2224 5116 2590 5185 primogenita
2624 5112 3046 5182 Egypliorum;
3081 5112 3209 5181 quia
3243 5112 3331 5179 qui
3385 5109 3467 5162 Fi~

1885 5211 1956 5265 lio
1989 5208 2300 5263 incredulus
2334 5218 2439 5269 est,
2480 5206 2528 5258 is
2583 5220 2691 5256 non
2746 5202 2951 5255 videbit
3003 5201 3191 5266 vitam,
3241 5200 3335 5252 sed
3386 5200 3469 5250 ira

1885 5302 1980 5355 Dei
2030 5308 2206 5353 manet
2242 5314 2398 5365 super
2432 5312 2549 5349 eum
2576 5294 2663 5360 ³⁸ς
2716 5309 2814 5348 nos
2841 5309 2993 5356 vero,
3030 5294 3343 5360 quicunque
3373 5289 3467 5341 ίίΙει

1890 5398 1981 5448 Dei
2021 5404 2073 5448 et
2106 5391 2448 5462 prirnogcuiti
2503 5389 2761 5443 liorlcsia:
2804 5401 3015 5449 sumus,
3050 5395 3463 5437 conservamur.

1888 5487 1979 5538 Ait
2023 5488 2166 5537 enim
2209 5501 2224 5537 :
2271 5485 2330 5536 Si
2374 5482 2488 5549 quis
2543 5496 2837 5533 sermonem
2892 5493 3064 5531 meum
3132 5472 3465 5536 servaverit,

1891 5592 2104 5633 mortem
2141 5596 2241 5630 non
2269 5576 2455 5629 ridebit
2487 5576 2538 5627 in
2583 5584 2837 5629 (sternunt
2861 5572 2929 5623 δ’,
2983 5569 3246 5621 Servatur
3287 5574 3467 5619 autem

1892 5687 2078 5724 sermo
2119 5669 2324 5723 Christi
2356 5683 2384 5720 a
2424 5666 2578 5719 nobis
2620 5681 2714 5735 per
2747 5657 3265 5727 contemplationem
3293 5666 3348 5711 et
3382 5671 3472 5710 ac-

1426 5855 1466 5885 ³²¹
1499 5852 1651 5906 Joau.
1691 5870 1805 5915 ιἰιι,
1844 5850 1931 5905 5i.
