3948 6200
401 295 506 360 ἳίὶῗῖ

1501 291 1818 351 MACARII
1861 289 2494 352 CIIRYSOCEPHALI

3548 291 3645 358 208

405 421 626 461 Ito..ent.
661 405 916 476 Figuram
960 401 1434 472 contemplationis
1472 403 1614 472 gerit
1667 403 1975 471 superlimi-

2097 403 2158 467 ὣς
2181 403 2242 454 τὸ
2269 403 2490 470 λογικὸν
2513 400 2877 471 σημαίνουσα,
2900 400 3088 455 είκόνα
3115 401 3171 456 δὲ
3201 401 3454 474 πράξεως
3485 405 3532 457 οἱ
3564 406 3645 459 δύο

401 518 560 565 ιιπιι,
588 518 656 570 qn
687 517 789 570 ιιμο
821 500 963 569 quod
996 508 1205 566 partem
1239 495 1448 550 ratione
1479 496 1760 565 praeditam
1810 496 1977 566 signi-

403 600 563 662 ticet;
614 595 847 649 actionis
888 607 1020 646 vero
1062 590 1353 658 imaginem
1393 605 1503 657 prae
1552 605 1610 644 se
1660 590 1840 643 fertntt
1871 591 1977 643 duo

402 703 610 760 postes,
645 688 740 758 qui
777 683 1162 739 rectitudincm
1210 697 1371 737 casus
1411 683 1653 751 ignaram
1695 682 1815 751 ejus
1851 697 1977 750 par-

403 783 472 836 tis
507 795 623 848 quae
657 777 840 842 irasci,
874 786 928 829 et
959 773 1076 844 eius
1109 790 1226 843 qua:
1253 773 1641 842 concupiscere
1663 772 1844 840 ,solet,
1879 788 1974 842 per

400 875 627 939 aenigma
668 871 971 929 insinuant.
1032 882 1121 934 qut
1175 874 1229 920 et
1290 865 1545 934 utrinque
1601 865 1974 933 intinguntur;

401 977 688 1035 postquam
731 962 874 1015 enim
909 962 962 1014 in
995 976 1160 1013 unmn
1208 974 1337 1013 vere
1379 960 1603 1027 sanguis
1638 971 1694 1013 et
1738 956 1979 1027 Spiritus

401 1067 801 1120 convenerunt,
835 1055 1136 1123 accipimus
1171 1068 1268 1106 nos
1319 1067 1413 1120 per
1440 1051 1766 1121 sanguinem
1802 1053 1973 1104 nostri

399 1149 619 1218 generis
651 1163 773 1200 eum
817 1146 908 1212 qui
950 1160 1109 1214 supra
1159 1159 1259 1197 nos
1288 1153 1390 1204 est.
1424 1142 1712 1212 Spiritum,
1746 1150 1800 1197 et
1851 1143 1975 1196 inde

401 1250 632 1295 mortem
693 1239 999 1308 mortisque
1037 1254 1260 1292 causam
1309 1246 1587 1305 peceatum
1645 1234 1972 1305 eﬂ‘ugintus;

399 1348 522 1385 nam
557 1333 776 1400 quando
807 1346 982 1398 neque
1017 1345 1112 1399 per
1145 1329 1375 1382 rationis
1404 1337 1657 1392 expertes
1699 1329 1971 1396 cupidita-

2093 494 2328 564 σταθμοὶ
2351 493 2444 546 τοῦ
2477 493 2708 563 θυμικοῦ
2739 511 2797 546 τε
2833 496 2922 546 καὶ
2957 495 3358 564 ἐπιθυμητικοῦ
3380 495 3442 548 τὸ
3465 497 3634 551 ἄπται-

2092 603 2214 638 στον
2251 586 2636 654 αἰνιττόμενοι,
2676 585 2771 637 καὶ
2799 587 3076 656 χριόμενοι
3111 587 3475 657 ἑκατέρωθεν,
3513 590 3632 642 ἐπει

2087 679 2263 750 δήπερ
2295 680 2373 742 είς
2402 677 2462 731 ἓν
2499 675 2662 749 ἦλθεν
2699 678 2916 745 ἀληθῶς
2947 679 3010 732 τὸ
3057 673 3197 749 αἷμα
3221 681 3314 733 καὶ
3337 680 3397 733 το
3435 681 3648 750 Πνεῦμα

2084 771 2172 825 διὰ
2205 772 2299 825 τοῦ
2321 771 2620 841 ὁμογενοῦς
2640 773 2772 841 ἡμῖν
2799 772 3053 841 αἵματος,
3088 773 3145 825 τὸ
3173 773 3315 843 ὑπὲρ
3340 774 3488 842 ἡμᾶς
3519 773 3649 842 λαμ-

2081 865 2316 932 ϐάνομεν
2344 863 2590 933 Πνεῦμα.
2631 863 2945 918 Κάντεῦθεν
2979 864 3208 917 θάνατόν
3233 882 3292 916 τε
3323 871 3418 918 καὶ
3440 867 3536 937 τὴν
3565 867 3649 919 ϐαρ

2079 959 2240 1012 νάτου
2275 959 2534 1027 πρόξενον
2565 958 2839 1029 ἁμαρτίαν
2876 958 3348 1028 διαδιδράσκομςν.
3389 960 3517 1014 Ὅτε
3550 963 3650 1032 γὰρ

2083 1049 2222 1119 μηδὲ
2245 1049 2334 1103 διὰ
2356 1050 2465 1101 τῶν
2495 1049 2710 1116 ἀλόγων
2746 1050 2959 1115 παθῶν,
2997 1052 3132 1120 μηδὲ
3157 1051 3244 1104 διὰ
3273 1051 3381 1105 τῶν
3411 1054 3653 1123 ἀφρόιων

2081 1141 2358 1211 λογισμῶν
2399 1142 2690 1214 ἐπεισέλθῃ
2728 1145 2784 1195 ἐν
2835 1144 2965 1212 ἡμῖν
2995 1143 3056 1196 τὸ
3096 1145 3324 1214 κέντρον
3374 1145 3469 1198 τοῦ
3501 1146 3654 1201 θανά-

2083 1250 2202 1294 του,
2247 1237 2280 1303 ἡ
2326 1233 2594 1306 ἁμαρτία,
2623 1236 2746 1289 τότε
2774 1235 3056 1304 παρῆλθεν
3099 1238 3246 1306 ἡμᾶς
3274 1239 3302 1290 ό
3334 1238 3651 1308 ὀλοθρεύων,

2077 1328 2173 1381 καὶ
2197 1330 2225 1381 ό
2249 1327 2742 1383 καταδυναστεύων
2774 1330 2933 1400 ἡμῶν
2958 1329 3295 1398 διαπέφευγε
3330 1330 3580 1394 Θάνατος.

400 1433 504 1486 tes,
536 1435 709 1488 neque
741 1435 836 1490 per
895 1420 1094 1474 stultas
1137 1426 1192 1473 et
1236 1419 1556 1487 insipientes
1607 1418 1968 1485 cogitationes
2009 1417 2291 1472 stimulum
2340 1419 2531 1474 mortis
2588 1432 2872 1490 peecatmn
2935 1421 3095 1475 nobis
3185 1421 3443 1488 inﬁxerit,
3534 1437 3652 1480 lttuc

398 1518 641 1590 praaerit
673 1530 774 1570 nos
825 1514 1242 1577 exterminatur,
1274 1525 1328 1567 et
1381 1529 1550 1574 mors.
1586 1528 1706 1581 quae
1753 1527 1850 1567 sua
1883 1511 2262 1567 dominatione
2295 1527 2392 1566 nos
2426 1515 2724 1580 premebat,
2766 1514 2990 1569 recedit.

475 1613 595 1664 Post
620 1607 934 1663 unctionem
969 1606 1151 1658 statim
1180 1606 1431 1672 sequitur
1460 1606 1834 1672 manducatio;
1854 1619 1976 1672 quae

397 1717 450 1761 et
478 1709 591 1774 ipsa
624 1702 964 1756 (imminentis
1001 1716 1106 1753 non
1151 1709 1325 1782 Vacat,
1364 1713 1536 1767 neque
1570 1698 1686 1751 sine
1720 1711 1973 1752 accurata

2155 1605 2312 1658 Μετὰ
2341 1606 2396 1657 δὲ
2422 1608 2523 1674 τὴν
2549 1606 2732 1674 χρίσιν
2766 1608 2796 1675 ἡ
2845 1606 3049 1675 βρῶσις
3071 1607 3252 1673 εὐθὺς,
3287 1611 3655 1693 καίόὑδάὑτὴ

2088 1698 2470 1768 παραγγελίας
2499 1699 2678 1765 ἐκτὸς,
2706 1700 2827 1752 οὐδὲ
2860 1702 3182 1770 νομοθεσίας
3213 1703 3474 1772 ἀκριϐοῦς
3503 1707 3652 1775 ἄμοι-

399 1799 613 1850 ratione
647 1793 968 1864 pra‘scripta
1008 1801 1132 1845 est:
1173 1792 1279 1845 imo
1326 1801 1435 1845 tota
1471 1790 1558 1843 illa
1601 1792 1888 1860 praefinitio
1923 1801 1978 1845 et

2097 1808 2203 1860 ρος,
2235 1791 2374 1846 ἀλλὰ
2406 1792 2956 1864 κατεσπουδασμένον
2992 1795 3092 1863 μὲν
3141 1795 3200 1847 τὸ
3233 1797 3535 1866 ἐπίταγμα,
3578 1801 3656 1852 ὅτι

397 1888 718 1945 οειιιειὶιιιιὶο
751 1884 1054 1940 mirabilem
1100 1884 1426 1954 legislatoris
1460 1884 1798 1950 diligentiam
1837 1899 1977 1951 prie-

400 1988 547 2051 fert;
581 1984 734 2050 iubet
778 1983 946 2046 enim,
980 1991 1038 2032 ut
1065 1980 1175 2046 jam
1223 1980 1362 2033 facta
1416 1988 1578 2035 nocte
1635 1980 1976 2046 instituatur,

400 2090 549 2131 certo
605 2077 766 2130 modo
803 2087 857 2128 et
900 2073 1130 2136 ordine;
1166 2072 1424 2127 nimirum
1461 2088 1529 2126 ne
1593 2073 1806 2142 Agnum
1848 2089 1977 2128 cru-

400 2171 550 2231 dum,
583 2183 651 2221 ne
682 2175 896 2220 coctum
951 2178 1114 2232 aqua,
1149 2163 1243 2217 sed
1287 2178 1466 2216 assum
1513 2163 1659 2232 igne.
1691 2178 1814 2216 cum
1847 2178 1974 2233 azy-

401 2263 502 2315 mis
551 2258 890 2326 Iaetueisqne
936 2255 1242 2325 agrestibus
1295 2256 1608 2308 comedaut.
1670 2254 1782 2308 Nox
1834 2269 1976 2322 pra:-

399 2369 528 2410 sens
551 2352 808 2406 saeculum
841 2350 1067 2414 indicat,
1103 2349 1154 2402 in
1185 2363 1293 2418 quo
1319 2363 1381 2402 ea
1417 2348 1673 2418 mysteria
1709 2350 1772 2402 de
1801 2348 1980 2401 divina

401 2443 810 2515 dispensatione
847 2441 1006 2497 nobis
1051 2443 1360 2507 traduntur,
1394 2456 1514 2510 qua:
1544 2449 1802 2509 perceptu
1847 2439 1982 2494 faci-

401 2541 536 2594 liora
588 2544 738 2602 sunt,
761 2543 817 2590 et
862 2535 928 2587 ad
959 2549 1178 2588 carnem
1225 2544 1556 2599 assumptum
1588 2536 1882 2602 pertinent.
1912 2533 1980 2584 At

401 2646 628 2701 vespera
663 2631 908 2685 futurum
955 2627 1214 2682 smculum
1246 2627 1538 2694 significat,
1573 2626 1624 2679 iu
1657 2641 1762 2692 quo
1801 2623 1978 2693 Spiri-

405 2737 490 2778 tus
524 2733 750 2779 sanctus
779 2719 1038 2777 solidiora
1092 2729 1145 2773 et
1184 2718 1421 2771 ﬁrmiora
1466 2732 1566 2772 nos
1597 2717 1827 2771 docebit.
1859 2715 1974 2770 Non

405 2819 610 2871 frustra
666 2823 846 2868 autem
896 2812 1138 2875 additur,
1183 2825 1336 2862 assus
1377 2809 1517 2877 igne,
1565 2822 1671 2875 quo
1721 2815 1977 2875 tanquam

401 2908 647 2980 Synvbulo
675 2906 907 2975 quodam
959 2903 1204 2957 inuuitur
1235 2915 1352 2966 eos,
1385 2902 1474 2968 qui
1525 2913 1588 2954 ex
1617 2899 1710 2952 illo
1747 2899 1979 2951 mandu-

2088 1885 2144 1935 ὲν
2197 1887 2265 1954 τῇ
2329 1886 2749 1957 προσγενομένῃ
2807 1889 2989 1952 νυκτὶ,
3051 1893 3550 1960 παρατετηρημένη
3603 1893 3656 1948 δὲ

2090 1979 2123 2042 ἡ
2160 1977 2483 2047 μετάληψις,
2529 1980 2617 2032 ἵνα
2671 1979 2748 2051 μὴ
2797 1980 2970 2048 ὠμὸν,
3006 1981 3141 2052 μηδὲ
3186 1983 3461 2052 έψημένον
3485 1984 3658 2047 ὕδατι,

2088 2068 2204 2122 ἀλλ’
2233 2069 2401 2122 ὀπτόν
2432 2071 2590 2140 πυρὶ,
2616 2073 2712 2124 καὶ
2734 2072 2832 2125 σὺν
2857 2071 3092 2140 ἀζύμοις
3116 2073 3209 2126 καὶ
3241 2075 3375 2139 μετὰ
3400 2077 3661 2146 πικρίδων

2088 2159 2396 2227 φάγωνται.
2431 2160 2594 2229 Δηλοῖ
2630 2161 2685 2213 δὲ
2715 2161 2814 2232 μὲν
2846 2161 2941 2226 νὺξ
2979 2162 3070 2216 τὸν
3102 2165 3347 2232 παρόντα
3379 2166 3574 2233 αίῶνα,
3607 2169 3661 2220 ἐν

2085 2243 2130 2317 ᾧ
2177 2250 2247 2303 τὰ
2300 2250 2559 2323 σαρκώδη
2597 2254 2693 2306 καὶ
2723 2251 2976 2322 εῦληπτα
3003 2257 3106 2323 τῆς
3140 2257 3455 2325 οἰκονομίας
3504 2259 3662 2327 μυού-

2089 2344 2265 2413 μεθα·
2300 2347 2332 2413 ἡ
2369 2344 2426 2398 δὲ
2453 2346 2655 2416 πρωῖα,
2686 2346 2754 2398 τὰ
2785 2346 3071 2416 μέλλοντα,
3109 2348 3305 2402 καθ’ὅν
3333 2350 3401 2402 τὰ
3437 2353 3662 2423 στερρό-

2085 2453 2221 2507 τερα
2244 2436 2449 2504 διδάξει
2482 2439 2540 2490 τὸ
2569 2438 2800 2508 Πνεῦμα
2829 2437 2890 2493 τὺ
2913 2439 3094 2507 ἅγιον.
3144 2440 3220 2492 Τὸ
3242 2441 3298 2494 δὲ
3323 2441 3666 2509 ὀπτώμενον

2089 2529 2438 2598 συμϐολικῶς
2486 2531 2828 2592 ὑποτίθεται,
2884 2533 2958 2602 μὴ
3013 2533 3227 2602 ἀργῶς,
3275 2534 3415 2605 ὅπερ
3441 2535 3528 2587 διὰ
3571 2536 3663 2588 τοῦ

2082 2620 2266 2690 ὠμοῦ,
2303 2622 2439 2691 μηδὲ
2474 2622 2796 2692 φιληδόνως,
2823 2625 2959 2694 ὅπερ
2990 2624 3078 2677 διὰ
3109 2625 3203 2678 τοῦ
3265 2627 3493 2693 ἐψητοῦ
3528 2644 3667 2698 παρ-

2083 2713 2553 2780 εμφαίνεταιτοὺς
2576 2715 3095 2784 μετακαμϐάνοντας
3133 2718 3256 2786 ζῇν,
3283 2718 3396 2770 ἀλλ’
3425 2717 3665 2789 ἔμπυρον

2087 2805 2233 2876 ἔχειν
2249 2807 2340 2860 τόν
2359 2807 2474 2876 βίον
2493 2808 2613 2860 ὅλον
2634 2810 2930 2881 ἐγκρατείᾳ
2945 2815 3386 2881 κεκοσμημένον,
3405 2813 3481 2883 τῷ
3504 2814 3635 2868 πνεὺ
3649 2844 3668 2856 ο

2093 2917 2225 2970 ματι
2253 2900 2501 2967 ζέοντας,
2534 2902 2626 2955 καὶ
2665 2902 2743 2972 τῷ
2773 2902 2963 2973 Κυρίῳ
2995 2905 3371 2968 δουλεύοντας.

401 3015 548 3066 cant,
578 3017 684 3056 non
728 3001 929 3054 debere
963 2996 1124 3048 vitam
1164 2994 1412 3065 ignaram
1469 3007 1649 3061 agere.
1683 2992 1828 3060 quod
1871 3006 1966 3059 per
2040 2995 2306 3060 crudum;
2358 3011 2534 3065 neque
2590 2997 2961 3066 voluptatibus
3011 2998 3271 3057 deditam.
3339 3003 3482 3070 quod
3577 3017 3674 3071 per

400 3103 609 3152 συυιιιιιι
640 3105 778 3160 aqua
865 3087 1195 3148 insinuatur,
1265 3084 1359 3138 sed
1431 3084 1578 3137 velut
1624 3083 1863 3153 igneam,
1929 3085 2212 3141 ardentem
2253 3087 2560 3155 .charmle,
2600 3101 2655 3144 ει
2689 3091 3028 3146 continentia
3086 3104 3430 3159 umnam“),
3478 3094 3550 3149 im
3611 3113 3646 3150 υ

400 3187 597 3255 Spiritu
626 3183 894 3245 ferveant,
923 3191 975 3236 et
1009 3179 1238 3235 Domino
1271 3179 1531 3232 serviant.

473 3283 675 3351 Azyma
709 3276 1017 3346 signiﬁcant
1057 3274 1292 3328 animum
1317 3288 1345 3326 a
1376 3271 1519 3327 fastu
1571 3273 1888 3338 immunem,
1934 3285 1985 3330 et

2164 3277 2245 3332 Τὰ
2312 3277 2502 3349 ἄζυμα
2556 3278 2618 3332 τὸ
2669 3281 2874 3349 ἄτυφον
2933 3281 3210 3349 σημαίνει,
3277 3283 3374 3335 καί⁸
3433 3284 3672 3347 παλαιᾶς

404 3374 622 3430 aveteri
654 3371 739 3425 illa
769 3379 824 3425 et
876 3367 1076 3422 acerba
1129 3367 1526 3421 consuetudine
1575 3379 1932 3436 expurgatum
1975 3385 1990 3433 ;

405 3485 579 3535 neque
600 3466 743 3518 cuitu
773 3463 936 3531 impia
975 3460 1372 3515 Pharisaeorum
1405 3460 1774 3527 institutione,
1808 3477 1986 3530 neque

407 3555 726 3614 multiformi
777 3553 1156 3625 Egyptiorum
1203 3567 1392 3604 errore
1442 3553 1850 3622 conspergenda
1907 3561 1991 3608 est

408 3667 544 3706 nova
575 3647 849 3718 Evangelii
887 3645 1159 3702 doctrina.
1207 3644 1494 3699 Adduntur
1557 3645 1785 3700 lactuca:
1843 3660 1996 3714 agre-

408 3755 519 3798 stes
553 3743 622 3796 ob
673 3739 1044 3810 asperitatem,
1101 3752 1221 3806 quae
1273 3737 1325 3791 iu
1376 3739 1481 3790 vita
1545 3737 1744 3793 divinis
1785 3737 1993 3805 legibus

409 3843 774 3891 eonsentattea
798 3833 940 3888 inest
967 3848 981 3898 ;
1008 3830 1207 3900 quibus
1233 3839 1410 3886 tamen
1442 3831 1671 3886 libenter
1701 3833 1993 3894 vescinmr,

411 3933 633 3988 excitati
679 3945 776 4000 ape
803 3927 990 3984 αξιοι-ιιί
1029 3927 1206 3998 gaudii
1237 3944 1252 3993 ;
1281 3929 1408 3996 quin
1443 3935 1496 3982 et
1527 3928 1791 3997 gloriandi
1829 3938 1998 3983 mate-

411 4025 548 4078 riem
580 4023 734 4090 nobis
776 4022 1039 4088 praebent,
1075 4020 1144 4073 ob
1195 4018 1511 4088 patientiam
1557 4034 1716 4085 quam
1773 4033 1998 4073 exerce.

412 4129 556 4168 mus.
588 4112 762 4180 Caput
792 4125 914 4163 cum
968 4109 1198 4178 pedibus
1260 4117 1314 4162 et
1373 4109 1645 4161 intestinis
1703 4123 1995 4172 voramus;

415 4202 606 4270 capitis
643 4200 859 4252 nomine
918 4197 1269 4265 intelligimus
1309 4195 1644 4248 divinitatem
1680 4194 1838 4259 Agni,
1903 4210 2000 4261 pro

416 4293 576 4346 nobis
635 4289 935 4349 immolati;
1001 4288 1195 4354 pedum
1253 4287 1493 4349 nomine,
1561 4286 1994 4348 humanitatem;

418 4379 801 4434 intestinorum
859 4374 1100 4436 nomine,
1153 4373 1439 4426 indivisam
1501 4371 1644 4425 illaut
1716 4373 1998 4441 uniusque

416 4482 623 4526 natura:
641 4477 692 4522 et
713 4466 1048 4523 ineonfusam
1068 4467 1120 4518 in
1156 4480 1257 4519 una
1284 4479 1510 4532 persona
1537 4463 1996 4532 eonjunctionem.

418 4561 799 4636 [gorrouulius
847 4557 1281 4621 incircumcisus,
1343 4556 1520 4611 ttullus
1569 4557 1871 4625 alienigena
1931 4573 1994 4612 ex

2099 3374 2510 3443 κεχωρισμένον
2563 3373 2796 3438 όξώδους
2860 3377 3195 3446 συνηθείας’
3245 3376 3368 3428 οὔτε
3419 3380 3525 3444 γὰρ
3577 3382 3674 3444 τὴν

2097 3464 2257 3517 ἄθεον
2303 3465 2617 3530 Φαρισαίων
2672 3467 2999 3535 είσήγησιν,
3052 3466 3177 3519 οὔτε
3233 3469 3328 3536 τὴν
3374 3469 3676 3535 Αίγύπτιον

2098 3555 2418 3625 πολυπλανῆ
2464 3555 2790 3610 δυσσέϐειαν
2831 3559 3178 3627 ἐπιμιγνύειν
3211 3557 3315 3628 χρὴ
3338 3558 3414 3628 τῷ
3443 3560 3550 3629 νέῳ
3580 3578 3680 3631 κη-

2100 3644 2362 3715 ρύγματι.
2415 3645 2482 3698 Ai
2514 3647 2764 3716 πικρίδες
2802 3648 2890 3700 διὰ
2923 3650 2983 3701 τὸ
3024 3651 3197 3719 τραχὺ
3234 3649 3328 3703 τοῦ
3367 3652 3513 3704 κατὰ
3543 3652 3678 3704 Θεὸν

2099 3739 2240 3807 βίου,
2273 3737 2370 3790 καὶ
2397 3738 2497 3801 τὰς
2537 3739 2602 3790 ἐκ
2639 3738 2748 3792 τῶν
2776 3740 3104 3810 πειρασμῶν
3140 3743 3367 3810 πικρίας
3407 3745 3681 3816 προσελή-

2100 3828 2332 3899 φθησαν,
2366 3827 2433 3890 ἃς
2470 3827 2563 3882 καὶ
2587 3829 2760 3898 ἡδέως
2785 3829 3209 3899 ὲπισιτιζόμεθα
3234 3831 3322 3884 διὰ
3354 3831 3453 3902 τὴν
3478 3833 3676 3886 ἐλπίδα

2099 3921 2197 3991 τῆς
2233 3921 2454 3974 αἰωνίου
2481 3923 2676 3991 χαρᾶς,
2719 3924 2813 3975 καὶ
2839 3922 3168 3992 καυχήσεως
3200 3923 3458 3976 ὑπόθεσιν
3490 3923 3678 3977 ποιού-

2104 4015 2246 4085 μεθα
2283 4015 2356 4079 ὡς
2391 4015 2672 4085 πεπομονὴν
2725 4016 3217 4086 κατεργαζόμενοι.
3287 4017 3571 4086 Ἐσθίομεν
3620 4018 3682 4072 δὲ

2103 4106 2348 4174 κεφαλὴν
2405 4107 2502 4157 σὺν
2543 4109 2654 4167 τοῖς
2701 4109 2829 4159 ποσὶ
2904 4110 2998 4159 καὶ
3049 4109 3162 4171 τοῖς
3208 4108 3522 4175 ἐνδοσθίοις,
3581 4113 3686 4163 καὶ

2101 4195 2330 4264 νοοῦμεν
2362 4197 2606 4266 κεφαλὴν
2636 4197 2731 4250 τοῦ
2785 4198 2924 4269 ὑπὲρ
2973 4201 3124 4268 ἡμᾶς
3173 4202 3426 4264 τυθέντος
3474 4192 3686 4271 ’Ᾱμνοῦ

2103 4288 2202 4354 τὴν
2230 4285 2488 4355 θεότητα,
2546 4289 2714 4353 πόδας
2756 4289 2813 4342 δὲ
2869 4291 3291 4363 ἀνθρωπότητα,
3343 4294 3589 4347 ἐνδόσθια
3625 4296 3687 4348 δὲ

2105 4376 2203 4447 τὴν
2231 4379 2543 4448 ἀδιαίρετον
2594 4383 2919 4453 ἀμφοτέρων
2967 4388 3024 4438 ὲν
3078 4387 3371 4440 ὑποστάσει
3432 4390 3533 4458 μιᾷ
3584 4388 3690 4441 καὶ

2107 4471 2420 4541 ἀσύγχυτον
2451 4474 2672 4531 ἕνωσιν.
2721 4477 2868 4547 Πλὴν
2897 4476 2998 4530 οῦκ
3041 4479 3416 4549 ἀπερίτμητος
3445 4481 3555 4533 οὐδ’
3587 4481 3693 4534 ἀ)-

2105 4561 2334 4632 λογενὴς
2395 4565 2573 4618 ἔδεται
2613 4566 2672 4632 ἐξ
2721 4567 2910 4631 αὑτοῦ,
2969 4569 3104 4621 ἀλλὰ
3145 4572 3304 4638 μόνον
3366 4570 3466 4639 τῆς
3525 4573 3692 4636 Θείας

421 4635 539 4726 ipso
573 4656 848 4718 comedit;
891 4652 983 4706 sed
1015 4651 1116 4705 hac
1151 4650 1330 4704 divina
1362 4665 1545 4702 mensa
1588 4650 1686 4703 soli
1715 4651 1787 4702 illi
1847 4650 1985 4717 digni

2108 4655 2385 4721 ἀξιοῦνται
2417 4661 2721 4730 τραπέζης,
2761 4662 2874 4715 ὅσοι
2912 4663 2982 4714 τὰ
3025 4665 3194 4731 γήϊνα
3239 4664 3588 4733 περιελόντες
3626 4669 3692 4720 ὲν

420 4761 739 4814 censentur,
774 4747 862 4816 qui
891 4784 905 4808 ,
934 4743 1225 4813 amputatis
1259 4742 1489 4797 terrenis
1521 4783 1534 4806 ,
1571 4742 1622 4794 iu
1675 4743 1998 4807 inexspolia-

421 4846 564 4899 tione
594 4843 770 4896 carnis
806 4857 894 4908 per
919 4836 1368 4892 circumcisionem
1405 4850 1506 4887 non
1537 4835 1895 4903 mauufactam
1924 4836 1996 4898 ιο,

421 4954 520 5008 per
553 4935 878 5003 baptismum
901 4931 1170 4993 videlicet,
1204 4928 1456 4981 caelestes
1474 4925 1650 4978 enecti
1682 4936 1826 4990 sunt,
1875 4941 1997 4979 vere

421 5034 670 5102 populus,
705 5029 796 5081 Dei
819 5043 942 5096 gens
977 5036 1180 5086 sancta,
1205 5020 1377 5090 regale
1405 5021 1754 5073 sacerdotium
1779 5029 1826 5072 et
1867 5036 1998 5073 nava

422 5123 707 5180 Iurredilas
724 5123 792 5185 ",
837 5133 1090 5184 tanquam
1121 5115 1209 5183 qui
1240 5123 1474 5168 veterem
1513 5113 1782 5166 hominem
1830 5111 1999 5180 depo-

423 5223 673 5274 suerunt.
705 5223 760 5266 et
785 5213 836 5265 in
865 5209 1106 5264 novitate
1134 5207 1254 5258 \ita:
1283 5221 1384 5272 per.
1406 5204 1718 5272 spirituales
1761 5205 2000 5260 actiones

424 5308 725 5364 ambulant.

496 5398 598 5464 Qui
629 5407 684 5452 et
705 5403 914 5450 stantes
955 5393 1163 5460 Agnum
1199 5389 1543 5452 manducant,
1571 5396 1624 5443 et
1667 5404 1786 5444 cum
1846 5388 1999 5458 [esti-

423 5493 657 5553 natione,
681 5482 909 5541 accincti
933 5482 1143 5536 lumbos
1169 5495 1320 5544 suos,
1353 5490 1406 5534 et
1433 5479 1656 5535 ealceati
1703 5480 1889 5548 pedes,
1943 5486 1998 5532 et

426 5581 567 5632 velut
591 5581 824 5632 viatores
851 5589 1010 5628 manu
1042 5571 1264 5628 baculos
1317 5577 1524 5624 tenent.
1582 5569 1729 5625 Zona
1787 5579 1997 5640 tempe-

497 5747 544 5779 ⁸⁸
574 5747 778 5804 Coloss.
817 5766 878 5814 ιι,
915 5751 996 5804 Η.
1075 5748 1121 5781 δ’
1166 5746 1363 5804 lPetr.
1405 5763 1468 5814 tt,
1503 5746 1557 5803 9.

2103 4750 2176 4818 τῇ
2206 4751 2530 4806 ἀπεκδύσει
2556 4752 2670 4820 τῆς
2698 4755 2925 4820 σαρκὸς
2949 4754 3048 4808 διὰ
3079 4755 3189 4822 τῆς
3211 4757 3695 4825 ἀχειροποιήτευ

2106 4843 2432 4913 περιτομῆς
2459 4884 2474 4906 ν
2527 4845 2622 4898 τοῦ
2679 4845 3079 4915 βαπτίσματος,
3105 4848 3346 4915 οὐράνιοι
3392 4853 3696 4918 γεγόνασι,

2105 4933 2202 4986 καὶ
2235 4934 2385 5000 ,λαὸς
2420 4933 2634 4999 ἀληθῶς
2663 4937 2766 4986 εἰσι
2790 4935 2904 4988 τοῦ
2940 4935 3112 4997 Θεοῦ,
3133 4937 3310 5000 ἔθνος
3342 4937 3536 5003 ἅγιον,
3565 4941 3701 5003 βα-

2108 5024 2346 5077 σίλειον
2378 5027 2712 5094 ἱεράτευμα,
2754 5028 2853 5079 καὶ
2897 5025 3004 5079 νέα
3039 5031 3430 5098 κληρονομία,
3477 5029 3555 5092 ὡς
3591 5034 3702 5085 τὸν

2105 5115 2334 5168 παλαιὸν
2381 5117 2710 5187 ἀποθέμενοι
2760 5118 3084 5188 ἄνθρωπον,
3147 5122 3241 5172 καὶ
3275 5121 3334 5172 ἐν
3394 5122 3702 5192 καινότητι

2104 5209 2252 5279 ζωῆς
2293 5209 2378 5262 διὰ
2415 5209 2525 5264 τῶν
2577 5212 2960 5280 πνευματικῶν
3004 5211 3256 5282 πράξεων
3303 5211 3704 5284 πολιτευόμε-

2103 5319 2207 5356 νοι.

2175 5395 2284 5448 Καὶ
2315 5387 2459 5447 οὗτοι
2488 5394 2544 5446 δὲ
2579 5395 2744 5448 πάλιν
2775 5396 3068 5467 ἑστηκότες
3100 5398 3388 5465 φάγονται,
3416 5399 3512 5450 καὶ
3542 5402 3711 5468 μετὰ

2106 5483 2384 5550 σπουδῆς
2419 5487 2850 5555 περιεζωσμένοι
2902 5487 3000 5558 τὴν
3056 5487 3246 5557 ὀσφὺν,
3299 5489 3712 5558 ὑποδεδεμένοι

2104 5574 2230 5637 τοὺς
2254 5573 2439 5638 πόδας,
2471 5575 2564 5630 καὶ
2593 5577 2887 5646 προσφυῶς
2912 5576 2986 5641 ὡς
3016 5577 3286 5648 ὁδοιπόροι
3315 5576 3718 5652 βακτηρεύον-
