3930 6204
437 358 547 423 215

1571 360 1896 420 MACARII
1937 359 2569 420 CHRYSOCEPHALI

3582 358 3689 422 216

439 475 730 537 servitute,
765 483 817 526 et
849 475 1188 543 conjungcns
1221 482 1517 541 utrumque
1548 474 1827 542 pupulum,
1859 472 2011 541 quasi

2126 469 2226 538 μὲν
2280 469 2374 522 τὸν
2448 468 2668 540 Ἰσραὴλ
2725 467 2820 522 τοῦ
2881 467 3300 531 ἁποκτείνοντος
3348 469 3693 538 γράμματος,

439 567 577 634 lapis
602 565 900 636 angularia,
938 566 989 617 in
1021 579 1183 616 unum
1228 579 1424 618 novum
1465 565 1760 626 hominem,
1825 563 2008 616 Eccle-

439 659 682 727 siamque
712 657 918 724 angelis
971 659 1293 709 coumeians
1326 658 1375 710 iu
1433 673 1592 710 unam
1628 657 1750 710 ﬁdei
1781 670 2008 710 concor-

435 750 602 816 diam,
638 753 691 804 in
723 767 882 804 unam
915 751 1088 803 laudis
1131 750 1329 804 divina:
1391 750 1736 804 continenda?
1769 749 2010 802 modula-

439 845 664 907 tionetn,
701 843 789 908 qui
831 851 884 894 et
912 842 1060 908 prius
1084 842 1133 893 id
1164 843 1308 908 quod
1361 841 1571 896 cmtcris
1611 840 1860 896 omnibus
1897 857 2007 893 ma-

431 936 520 1001 jus
550 942 653 994 est,
692 939 945 999 operatus
999 932 1197 984 unione
1228 930 1562 1000 bypostatica
1605 932 1741 985 duas
1786 941 2011 985 naturas

436 1025 552 1075 sine
585 1020 905 1077 confusione
937 1021 1038 1077 sibi
1074 1021 1187 1090 ipse
1223 1022 1423 1088 juuxit,
1474 1023 1816 1077 divinitatem
1865 1024 2008 1089 dico,

436 1125 489 1166 et.
525 1115 943 1168 humanitatem.

515 1293 723 1346 Interea
773 1291 974 1346 bellum
1013 1291 1175 1345 lsrael
1212 1290 1440 1360 suscipit
1471 1292 1732 1347 adversus
1767 1293 2010 1354 Amalec,

438 1388 529 1439 Dei
558 1386 754 1453 populo
790 1386 840 1437 in
880 1399 1129 1452 campum
1197 1398 1503 1452 progresso.
1534 1383 1632 1438 Ubi
1673 1385 1878 1454 Moyses
1900 1387 2010 1452 jam

435 1481 563 1530 olim
623 1478 762 1544 passi
823 1491 920 1545 pro
946 1476 1101 1530 nobis
1169 1475 1393 1544 gloriam
1460 1475 1824 1541 adumbravit,
1887 1492 2014 1530 cru-

435 1585 665 1637 cemque
719 1570 968 1623 manibus
992 1569 1256 1632 extensis,
1291 1567 1619 1624 eﬂormavit.
1652 1569 1719 1623 At
1749 1569 1907 1624 Jesus
1935 1578 2014 1638 ty-

438 1681 559 1733 pum
597 1666 779 1721 ferens
811 1661 980 1718 nostri
1011 1661 1134 1718 Jesu
1170 1660 1262 1716 Dei
1290 1672 1342 1715 et
1375 1663 1631 1724 hominis,
1654 1662 2014 1730 alienigenam

436 1756 733 1823 proﬂigavit
771 1796 784 1817 ,
812 1764 866 1809 et
899 1767 1088 1808 omnes
1136 1751 1275 1805 filios
1309 1753 1423 1820 ejus
1450 1752 1503 1806 in
1553 1751 1825 1807 occisione
1855 1752 2013 1824 gladii

356 1860 366 1872 '
437 1848 749 1915 trucidavit,
785 1860 1012 1915 eamque
1046 1883 1061 1907 ,
1093 1859 1252 1914 quam
1286 1843 1468 1898 ﬁdeles
1511 1858 1605 1912 per
1634 1859 1850 1898 crucem
1878 1844 2018 1898 obti-

439 1951 566 1995 nent
603 1941 885 1994 victoriam
923 1978 938 2000 .
971 1937 1264 2008 symbolice
1309 1936 1696 2005 praeliguravit.
1724 1935 1838 1990 Nisi
1871 1935 2012 1990 enim

430 2036 539 2102 jam
575 2048 787 2100 quoque
819 2009 1081 2085 Dominus
1134 2030 1398 2084 adversus
1429 2044 1550 2082 eum
1608 2028 1850 2092 Amalec,
1920 2029 2012 2094 qui

434 2127 535 2181 sub
569 2125 982 2193 intelligentiam
1037 2125 1206 2183 cadit,
1269 2140 1301 2175 a
1343 2121 1676 2192 generatione
1707 2122 1760 2174 in
1798 2135 2014 2188 genera-

433 2222 647 2282 tionem,
708 2228 765 2270 ut
820 2217 1101 2284 Scriptura
1153 2215 1724 2284 loquitur,pugnaret,
1755 2212 2014 2280 nobisque

436 2313 628 2367 liducia
686 2323 739 2365 et
809 2317 1086 2363 armatura
1129 2307 1312 2362 erucis
1345 2306 1740 2366 corroboratis,
1770 2319 1925 2373 opem
1959 2314 2012 2358 et

433 2403 710 2472 suppetias
763 2401 1004 2469 quotidie
1057 2397 1470 2462 ferret,t‘ru"-tra
1513 2395 2014 2461 laboraremus,do-

438 2511 555 2548 tuos
618 2494 876 2548 virtutum
914 2490 1183 2545 aediﬁcare
1219 2490 1470 2560 ingres‘si;
1498 2487 1699 2542 frustra
1723 2488 1884 2541 etiam
1919 2487 2000 2539 vi-

434 2587 749 2654 gilaremus,
821 2585 1009 2638 urbem
1037 2582 1261 2650 iustitiae
1287 2581 1588 2636 Jerusalem
1618 2580 2006 2645 custodientes,

433 2693 482 2731 et
522 2677 587 2732 ad
619 2691 912 2744 supernam
951 2673 1291 2743 metropolim
1327 2680 1698 2743 praperantes.

506 2855 756 2908 Postumo
809 2853 1183 2920 speculatores
1237 2861 1288 2905 et
1350 2853 1775 2919 exploratoresa
1823 2849 2008 2919 Moyse

341 2959 355 2972 ·
441 2949 730 2999 mittuntur
763 2985 779 3010 ,
809 2945 1001 3013 quibus
1033 2943 1085 2996 in
1145 2944 1410 2998 mandatis
1435 2945 1594 2996 datur
1635 2952 1692 2997 ut
1727 2943 2008 3011 promissm

439 3039 635 3105 populo
683 3035 920 3104 regionis
957 3043 1278 3104 argumenta
1341 3035 1598 3100 aderant,
1630 3036 1680 3089 in
1717 3035 2007 3088 conﬁrma-

438 3134 634 3183 tionem
694 3127 814 3196 eius
869 3125 1036 3194 copiae
1063 3142 1220 3194 quam
1276 3127 1542 3194 recepturi
1585 3123 1853 3180 erant.Ut
1881 3138 2008 3178 vero

438 3222 808 3285 reddiderunt,
837 3219 1013 3274 studia
1052 3219 1103 3272 in
1137 3219 1407 3272 contraria
1445 3219 1642 3273 animis
1680 3217 1837 3272 divisi
1863 3227 2010 3279 sunt;

435 3326 484 3365 et
519 3313 606 3367 alii
668 3314 882 3382 quidem
913 3327 974 3365 ex
1040 3311 1387 3380 improbitate
1423 3320 1476 3362 et
1536 3310 1740 3363 malitia
1781 3351 1795 3374 ,
1828 3309 2018 3362 tristis-

436 3407 574 3459 sizua
611 3420 833 3474 quaeque
858 3414 909 3458 et
937 3403 1124 3458 lictitia
1181 3401 1487 3456 referebant
1513 3419 1526 3456 :
1550 3402 1743 3471 quibus
1765 3416 1883 3454 cum
1909 3415 2020 3454 ma-

440 3515 542 3564 gna
606 3497 785 3566 populi
846 3495 1133 3549 multitudo
1160 3510 1319 3549 aures
1372 3495 1658 3564 praeberet,
1703 3493 1918 3564 Moysen
1951 3493 2014 3547 ad

439 3592 571 3641 itam
635 3588 1046 3641 cotieitavcrunt
1079 3605 1093 3650 ;
1123 3585 1424 3652 ducemque
1455 3587 1564 3654 ,qui
1625 3599 1718 3638 eos
1752 3584 1806 3636 in
1848 3581 2016 3654 Egy-

439 3692 586 3745 ptum
651 3679 936 3732 reduceret
961 3717 976 3739 .
1007 3679 1357 3747 quazsieruut.
1395 3674 1554 3730 Jesus
1577 3684 1755 3729 autem
1791 3675 2012 3729 meliora

434 3784 489 3823 et
519 3770 726 3823 veriora
762 3769 1063 3833 nuntiabat,
1101 3766 1482 3834 sublatumque
1510 3780 1576 3820 ex
1612 3765 1895 3821 Palaestina
1921 3767 2016 3820 bo-

433 3872 604 3925 trum,
636 3871 691 3916 et
715 3877 778 3916 ex
831 3871 986 3916 vecte
1017 3874 1340 3929 suspensum
1372 3859 1573 3922 attulit,
1607 3867 1860 3925 tanquam
1892 3873 2015 3925 spe-

435 3956 610 4008 tizncu
671 3953 943 4023 quoddam
969 3951 1086 4022 ejus
1113 3951 1403 4013 ubertatis,
1432 3965 1534 4018 qua
1568 3957 1714 4004 terra
1746 3951 2012 4019 promissa

436 4045 690 4112 pollebat.
743 4050 806 4098 At
851 4054 903 4098 tu
945 4084 959 4108 ,
985 4059 1106 4098 cum
1133 4058 1321 4097 rursus
1342 4040 1526 4095 Jesum
1559 4041 1736 4105 audis,
1773 4041 1824 4093 in
1854 4057 2006 4095 men-

438 4151 542 4188 lt'tll
603 4152 793 4190 revoca
851 4151 1043 4189 verum
1100 4133 1266 4186 Deum
1330 4144 1384 4186 et
1436 4132 1774 4185 Salvatoretn
1802 4129 2010 4196 Jesum,

443 4229 625 4296 magni
656 4227 869 4281 consilii
912 4226 1092 4280 Patris
1146 4223 1408 4291 Angelum
1445 4234 1498 4277 et
1533 4224 1670 4292 ejus,
1705 4238 1824 4291 quat
1857 4224 2014 4277 nobis

439 4322 705 4386 promissa
765 4328 868 4381 est,
908 4316 1263 4371 beatitudinis
1303 4316 1602 4378 doctorem,
1637 4325 1688 4367 et
1721 4315 1868 4382 regni
1897 4328 2010 4369 cm-

433 4411 586 4466 lcstis
630 4410 739 4479 jam
803 4407 1020 4476 quidem
1086 4405 1300 4472 superis
1329 4404 1380 4456 in
1415 4403 1526 4458 oris
1568 4415 2006 4479 prmparatorcm,

2111 560 2417 632 ἐλευθερῶν
2444 560 2499 614 δὲ
2529 563 2625 614 καὶ
2654 561 2722 614 τὰ
2742 560 2871 629 ἔθνη
2906 560 3005 630 τῆς
3031 560 3140 613 τῶν
3168 560 3402 614 εἰδώλων
3426 560 3692 627 δουλείας,

2111 654 2204 702 καὶ
2235 650 2521 702 συνάπτων
2577 649 2920 718 ἀμφοτέρους
2985 651 3112 712 τοὺς
3163 649 3348 713 λαοὺς,
3402 651 3478 713 ὡς
3530 653 3693 719 λίθος

2111 742 2558 809 ἀκρογωνιαῶς,
2596 744 2676 804 είς
2703 742 2798 794 ἓνα
2828 743 3016 794 καινὸν
3061 741 3370 812 ἄνθρωπον,
3414 744 3510 796 καὶ
3563 761 3684 797 συν-

2115 835 2331 895 τάττων
2363 833 2618 902 ἀγγέλοις
2653 836 2752 903 τὴν
2819 833 3155 901 Ἐκκλησίαν
3182 835 3263 893 είς
3296 835 3426 903 μίαν
3458 835 3695 898 πίστεως

2114 907 2453 992 συμφωνίαν,
2480 929 2560 988 είς
2587 925 2715 993 μίαν
2735 925 3063 994 ύμνολογίας
3093 925 3396 992 θεολογίαν,
3435 928 3494 988 ὃς
3519 944 3583 993 γε
3609 929 3697 978 καὶ

2117 1014 2223 1085 πρὸ
2253 1015 2448 1068 τούτου
2499 1015 2560 1067 τὸ
2606 1016 2793 1084 μεῖζον
2829 1016 3030 1078 παντὸς
3061 1017 3545 1086 κατεργασάμενος
3575 1018 3697 1069 καθ’

2113 1107 2310 1159 ’ἐνωτιν
2327 1107 2696 1175 ύποστατικὴν
2719 1107 2818 1170 τὰς
2833 1107 2927 1160 δύο
2948 1108 3150 1177 συνῆψε
3171 1109 3361 1177 φύσεις
3377 1109 3698 1179 ἀσυγχύτως

2115 1200 2172 1249 ἐν
2205 1199 2404 1269 ἑαυτῷ,
2433 1199 2665 1264 θεότητά
2689 1217 2832 1269 φημι
2869 1201 2962 1253 καὶ
2994 1201 3418 1270 άνθρωπότητα.

2188 1290 2427 1360 Πόλεμος
2455 1294 2546 1344 ἐπὶ
2572 1291 2780 1356 τούτοις
2801 1294 2880 1363 τῷ
2916 1293 3134 1364 Ἰσραὴλ
3156 1293 3411 1356 ἐτελεῖτο,
3439 1295 3532 1346 καί
3565 1294 3700 1364 πρὸς

2128 1377 2373 1449 Ἀμαλὴκ
2427 1381 2456 1432 ὁ
2517 1380 2652 1433 Θεοῦ
2720 1382 2846 1442 λαὸς
2909 1384 3307 1454 παρετάττετο.
3389 1383 3698 1437 Κάντεῦθεν

2117 1471 2324 1539 Μωσῆς
2369 1471 2468 1539 μὲν
2504 1472 2668 1526 πάλιν
2694 1471 2789 1525 τοῦ
2841 1473 3107 1537 παθόντος
3145 1475 3286 1544 ὑπὲρ
3321 1474 3476 1544 ἡμῶν
3511 1475 3700 1528 ἐσκιαο

2118 1563 2320 1631 γράφει
2351 1563 2530 1629 δόξαν,
2571 1565 2665 1618 καὶ
2695 1565 2927 1635 σταυρὸν
2975 1567 3334 1635 ὲσχημόιτιζε,
3363 1567 3461 1630 τὰς
3510 1570 3698 1635 χεῖρας

2117 1655 2399 1710 ἐκτείνων.
2447 1657 2655 1727 Ἰησοῦς
2681 1658 2736 1710 δὲ
2778 1658 2948 1711 τύπον
2983 1660 3162 1728 φέρων
3190 1659 3284 1712 τοῦ
3324 1660 3692 1730 θεανθρὼπου,

2120 1746 2386 1815 ἐτρέψατο
2408 1747 2497 1798 τὸν
2527 1747 2851 1816 ἀλλόφυλον,
2887 1750 2984 1803 καὶ
3044 1752 3252 1815 πάντας
3311 1754 3438 1815 τοὺς
3501 1755 3698 1814 παῖδας

2120 1838 2285 1890 αὐτοῦ
2341 1840 2400 1891 ἐν
2458 1839 2602 1909 φόνῳ
2658 1839 2931 1909 μαχαίρας
2964 1840 3276 1907 ἀπέκτεινε,
3313 1844 3410 1896 καὶ
3461 1845 3557 1914 τῆς
3587 1845 3697 1898 τῶν

2117 1927 2328 1981 πιστῶν
2355 1927 2444 1981 διὰ
2477 1927 2712 1998 σταυροῦ
2746 1930 2902 1998 νίκης
2953 1929 3292 2000 ἐφανεροῦτο
3345 1933 3697 2002 συμὸολικῶς

2113 2019 2178 2074 τὸ
2206 2020 2486 2090 τρόπαιον.
2519 2019 2583 2072 El
2624 2022 2699 2090 μὴ
2733 2019 2842 2089 γὰρ
2871 2021 2965 2073 καὶ¹
3025 2021 3118 2075 νῦν
3166 2022 3424 2092 ἐπολέμει
3485 2025 3694 2093 Κύριος

2116 2111 2209 2162 ἐπὶ
2243 2109 2335 2162 τὸν
2373 2111 2563 2180 νοητὸν
2616 2111 2884 2181 Ἀμαλὴκ,
2915 2112 3036 2167 ἀπὸ
3069 2112 3283 2182 γενεᾶς
3327 2118 3418 2180 είς
3461 2115 3728 2184 γενεὰς-,ι

2115 2201 2337 2254 κατὰτὸ
2387 2204 2797 2272 γεγραμμένον,
2834 2203 2959 2258 καθ’
3008 2205 3245 2275 ἑκάστην
3301 2207 3700 2276 ἀντιλαμϐανό-

2116 2308 2274 2359 μενος
2305 2293 2462 2363 ήμῶν
2486 2292 2889 2363 ἀνδριζομένων
2913 2297 2971 2348 ἐν
3024 2297 3347 2366 πεποιθήσει
3406 2300 3506 2351 καὶ
3557 2316 3697 2353 παν-

2112 2384 2303 2454 τευχίᾳ
2363 2385 2620 2455 σταυροῦ,
2679 2387 2760 2450 εἰς
2824 2387 3002 2456 μάτην
3064 2387 3164 2456 μὲν
3224 2391 3291 2444 ἂν
3347 2391 3693 2461 ἐκοπιῶμεν,

2113 2475 2297 2539 οἴκους
2323 2477 2534 2546 ἀρετῶν
2590 2478 2895 2548 οἰκοδομεῖν
2947 2480 3236 2549 ᾑρημένοι,
3275 2483 3356 2544 είς
3415 2485 3590 2552 μάτην
3640 2483 3699 2537 δὲ

2113 2569 2204 2620 καὶ
2255 2569 2670 2638 ἠγρυπνοῦμεν,
2730 2570 2887 2623 πόλιν
2937 2571 3284 2639 δικαιοσύνης
3338 2573 3698 2644 Ἰερουσαλὴμ

2113 2657 2495 2727 φυλάσσοντες,
2528 2659 2624 2712 καὶ
2649 2659 2786 2730 πρὸς
2817 2659 2913 2730 τὴν
2940 2660 3052 2714 ἄνω
3075 2663 3412 2732 μητρόπολιν
3435 2665 3698 2718 ἐπισπεύ-

2110 2747 2312 2810 δοντες.

2194 2841 2352 2912 Ἑξῆς
2388 2841 2518 2910 γοῦν
2560 2842 2896 2897 κατάσκοποι
2927 2843 3079 2914 παρᾶ
3108 2844 3356 2906 Μωσέως
3388 2845 3697 2912 πέμπονται

2109 2933 2712 3004 τῆςέπαγγελλομένης
2735 2933 2813 3004 τῷ
2862 2935 2975 3003 λαῷ
3031 2934 3235 3003 χώρας,
3292 2936 3387 2989 καὶ
3442 2936 3699 3005 σύμϐολα

2110 3023 2355 3093 νομίζειν
2407 3026 2616 3077 ἐκεῖθεν
2653 3025 3035 3079 ἐπιτάττονται
3070 3026 3179 3078 τῶν
3214 3027 3582 3095 ἐκδεξομένων
3615 3033 3698 3094 εἰς

2037 3149 2080 3206 C
2112 3115 2375 3166 πίστωσιν
2395 3114 2636 3182 ἀγαθῶν.
2693 3115 2779 3176 Ὠς
2813 3114 2868 3168 δὲ
2907 3116 3180 3184 ἐπανῆκον
3213 3109 3383 3179 οὗτοι,
3437 3120 3532 3171 καί⁵
3597 3122 3700 3188 τῆς

2120 3207 2417 3268 κατοπτίας
2449 3205 2654 3259 ἐδίδουν
2692 3211 2819 3268 τοὺς
2848 3207 3059 3274 λόγους,
3120 3207 3487 3278 διεμερίζοντο
3550 3228 3702 3279 τηνιυ

2119 3298 2294 3352 καῦτα
2316 3299 2435 3361 ταῖς
2474 3297 2891 3367 γνώμαιςοκαὶ
2952 3301 3001 3352 οί
3063 3299 3162 3368 μὲν
3222 3301 3404 3355 αὐτῶν
3458 3319 3700 3367 κακουρ-

2117 3391 2359 3461 γοῦντες,
2389 3391 2559 3461 ψευδῆ
2614 3393 2706 3444 καὶ
2738 3391 3044 3460 σκυθρωπὰ
3076 3392 3416 3462 διηγόρευον,
3472 3390 3554 3456 οἷς
3605 3395 3704 3447 καὶ

2119 3484 2478 3554 προσέχοντες
2516 3483 2574 3536 τὸ
2606 3483 2740 3536 πολὺ
2775 3481 2870 3536 τοῦ
2902 3481 3056 3549 λαοῦ,
3085 3482 3155 3535 δι’
3200 3483 3370 3553 ὀργῆς
3421 3484 3704 3539 ἐποιοῦντο

2116 3576 2207 3628 τὸν
2233 3572 2546 3644 νομοθέτην,
2572 3575 2664 3626 καὶ
2697 3574 2785 3626 τὸν
2809 3573 3152 3644 ἡγησόμενον
3183 3573 3282 3642 τῆς
3309 3574 3398 3626 ἐπ’
3420 3574 3701 3642 Αἴγυπτον

2116 3667 2451 3736 ἐπιστροφῆς
2475 3666 2722 3737 ἐζήτουν.
2768 3665 2977 3737 Ἰησοῦς
3009 3667 3063 3720 δὲ
3099 3667 3194 3736 τῆς
3231 3666 3465 3736 ἀληθοῦς
3520 3667 3703 3735 εἴχετο

2117 3759 2212 3812 καὶ
2287 3757 2595 3828 κρείττονος
2647 3756 2926 3826 ἀγγελίας,
2987 3759 3082 3811 καὶ
3137 3758 3280 3811 κατὰ
3332 3759 3700 3828 Παλαιστίνην

2117 3850 2366 3923 ἐξαίρων,
2396 3850 2592 3920 δεῖγμα
2619 3850 2718 3919 τῆς
2760 3852 2941 3904 ἐκεῖσε
2973 3850 3184 3921 τρυφῆς
3219 3853 3309 3905 τὸν
3357 3852 3449 3906 ἐπ’
3495 3853 3703 3919 ἀναφο-

2117 3945 2258 4015 ρέως
2284 3942 2646 4013 κομιζόμενον
2709 3942 2906 4013 βότρυν
2967 3943 3228 3998 ἐποιεῖτο.
3298 3943 3370 3996 Σὺ
3431 3943 3486 3997 δὲ
3535 3945 3700 3997 πάλιν

2127 4034 2336 4106 Ἰησοῦν
2391 4034 2629 4099 ἀκούων,
2682 4038 2792 4087 νόει
2827 4052 2917 4103 μοι
2948 4034 3039 4089 τὸν
3097 4035 3353 4100 ἀληθινὸν
3407 4034 3539 4087 Θεὸν
3603 4038 3704 4088 καὶ

2116 4128 2342 4197 Σωτῆρα
2381 4126 2610 4196 Ἰησοῦν,
2638 4145 2730 4181 τον
2755 4127 2852 4198 τῆς
2883 4127 3126 4198 μεγάλης
3151 4129 3343 4198 βουλῆς
3365 4129 3460 4181 τοῦ
3486 4129 3702 4197 lla-cpe;

2117 4219 2402 4286 Ἄγγελον,
2440 4220 2534 4272 καὶ
2602 4218 2702 4288 τῆς
2764 4221 2821 4274 ἐν
2853 4219 3208 4287 ἐπαγγελίαις
3293 4221 3703 4290 μακαριότητος

2114 4307 2402 4378 ἐξηγητὴν,
2429 4309 2520 4360 τὸν
2543 4308 2644 4376 τῆς
2676 4311 2733 4360 ἐν
2754 4308 2968 4378 ούρανῷ
2995 4309 3274 4377 βασιλείας
3323 4310 3414 4362 καὶ
3435 4310 3704 4377 ἑτοιμασ-

2112 4402 2209 4472 τὴν
2234 4402 2462 4465 ἄνωθεν,
2489 4403 2582 4478 καὶ
2602 4401 2933 4472 κληροδότην
2961 4403 3276 4473 ἐσύστερον,
3300 4403 3480 4465 terra;
3503 4404 3703 4473 βότρυν

438 4512 621 4570 postea
655 4516 783 4556 vero
817 4502 976 4555 etiam
1017 4497 1354 4566 largitorem,
1382 4496 1472 4564 qui
1506 4510 1569 4548 ex
1596 4510 1757 4548 cruce
1781 4510 2008 4562 snspen-

2121 4493 2213 4546 ἐπὶ
2249 4494 2482 4561 σταυροῦ
2516 4494 2916 4563 κρεμασθέντα,
2955 4495 3047 4547 καὶ
3089 4495 3148 4547 τὸ
3197 4490 3336 4562 αἷμα
3400 4495 3479 4556 είς
3537 4495 3703 4548 πόσιν

437 4609 532 4646 sus
604 4591 747 4645 velut
800 4592 989 4644 botrus
1043 4587 1351 4655 dependet,

436 4701 592 4738 suum
631 4686 681 4738 in
735 4679 1159 4738 immortalitatis
1212 4689 1394 4745 potum
1455 4679 1702 4746 (imbuit:
1758 4678 1903 4746 quod
1963 4685 2016 4732 et

437 4778 644 4848 Moyses
696 4776 984 4844 aenigmate
1018 4774 1246 4843 qundam
1288 4781 1486 4825 tectum
1525 4770 2016 4838 pronuntiavil,tli-

439 4885 570 4922 ecus
604 4882 698 4922 eos
727 4865 1032 4937 sanguinem
1061 4880 1174 4918 uva:
1216 4863 1260 4895 ⁸9
1287 4862 1513 4924 bibisse,
1555 4869 1611 4914 ut
1641 4861 1740 4914 hoc
1763 4860 2013 4928 loquendi

439 4962 599 5015 modo
650 4959 940 5013 salutarem
986 4957 1318 5025 passionem,
1371 4962 1423 5006 et
1451 4952 1858 5015 exaltatinnetn,
1887 4965 2005 5018 quae

437 5068 502 5105 ex
529 5066 690 5105 cruce
715 5050 924 5105 exstitit
957 5049 1298 5113 ,denotaret.
1364 5043 1498 5097 Nutu
1529 5043 1688 5113 igitur
1720 5043 1856 5104 haec,
1891 5057 2009 5108 qua:

440 5147 706 5198 hactenus
738 5141 904 5206 dicta,
930 5154 1144 5196 crucem
1182 5135 1693 5208 praesigniﬁcarunt,
1725 5133 2009 5203 etquidem

437 5249 545 5293 tam
572 5236 850 5308 splendida
902 5276 916 5300 ,
949 5245 1168 5303 tamque
1219 5232 1602 5286 miraculorum
1638 5229 1811 5297 plena,
1838 5230 2017 5282 taber-

1425 4586 1626 4654 quique
1696 4589 2058 4656 sangu‘ttcnt'

2117 4583 2414 4644 ἀθανασίας
2473 4583 2910 4653 παρασχόμενον,
2966 4583 3039 4647 ὡς
3103 4584 3196 4636 καὶ
3252 4584 3454 4653 Μωσῆς
3532 4585 3702 4646 αὐτὸς

2116 4677 2181 4730 δι’
2214 4677 2537 4744 αἰνίγματος
2581 4678 2824 4746 εἴρηκεν,
2883 4677 2963 4729 ὃτι
2988 4671 3131 4745 αἷμα
3165 4676 3489 4745 σταφυλῆς
3512 4675 3702 4728 ἔπινον

2117 4763 2278 4830 οἶνον,
2315 4768 2378 4820 ἵν’
2404 4768 2543 4822 οὕτω
2575 4770 2633 4822 τὸ
2667 4770 2933 4838 σωτήριον
2963 4768 3327 4837 καταμηνύσῃ
3360 4769 3551 4832 πάθος,
3599 4770 3702 4820 καὶ

2118 4861 2215 4931 τὴν
2243 4861 2479 4931 σταυροῦ
2531 4861 2894 4930 εὐφροσύνην.
2966 4856 3092 4931 *Δρ*
3149 4857 3242 4914 οῦν
3301 4862 3533 4930 σταυρὸν
3591 4861 3702 4927 μὲν

2111 4953 2469 5021 προδιετύπου
2500 4955 2566 5008 τὰ
2599 4954 2878 5024 λεχθέντα,
2917 4953 3009 5005 καὶ
3067 4950 3212 5004 οὕτω
3272 4951 3502 5021 λαμπρά
3535 4968 3592 5003 τε
3628 4946 3704 5019 ἦν

2113 5049 2206 5099 καὶ
2240 5046 2515 5116 θαύματος
2549 5048 2808 5116 γέμοντα,
2855 5047 2887 5114 ἡ
2938 5044 3112 5114 σκηνὴ
3158 5045 3236 5102 δέ.
3268 5047 3358 5096 καὶ
3387 5044 3455 5096 τὰ
3478 5045 3536 5095 ὲν
3559 5043 3705 5112 αὑτῇ

2117 5137 2250 5205 ἆγια
2266 5139 2531 5200 τοιούτοις
2560 5141 2658 5192 ούκ
2710 5137 2824 5210 ἔχει
2857 5155 2950 5191 του
2982 5137 3166 5208 τιμίου
3199 5137 3371 5190 τύπου
3408 5135 3709 5206 συμϐόλοις

2119 5229 2486 5297 σεμνύνεσθαι
2518 5248 2532 5294 ;

441 5332 697 5389 naculum
760 5337 1063 5396 autem,et
1129 5342 1246 5398 qua:
1291 5327 1343 5381 iu
1410 5341 1475 5381 co
1536 5335 1739 5388 sancta,
1799 5325 1884 5379 his
1946 5322 2269 5379 venerandis
2329 5327 2551 5395 pretiosi
2629 5327 2736 5396 typi
2829 5326 3085 5396 symbolis
3152 5326 3372 5380 minimc.
3433 5336 3708 5379 exornata

441 5427 668 5482 fuerint?

512 5517 795 5585 Quomodo
847 5515 1064 5570 silentio
1127 5513 1398 5568 involvam
1432 5513 1883 5584 quanripartitum
1918 5527 2016 5580 po-

443 5613 625 5679 pulum
657 5650 669 5672 ,
700 5609 1036 5666 tabernaculi
1091 5608 1402 5663 ministeriis
1452 5608 1802 5672 destiuatutn,
1843 5608 2018 5662 cruci-

513 5788 556 5818 ”
581 5789 737 5843 Deut.
766 5805 934 5852 χχχιι,
981 5791 1060 5845 li.

2204 5511 2312 5564 Καὶ
2348 5509 2463 5570 πῶς
2499 5509 2563 5562 ἂν
2601 5507 2857 5578 παρέλθω
2896 5507 2982 5558 τὸν
3022 5505 3336 5574 τετραμερῆ
3367 5510 3496 5574 περὶ
3529 5505 3714 5574 αὐτὴν

2131 5604 2257 5658 λαὸν
2293 5603 2389 5673 τὴν
2421 5599 2719 5670 σταυρικὴν
2752 5597 2964 5667 ἐκείνην
3005 5597 3334 5667 δορυφορίαν
3401 5600 3493 5650 καὶ
3562 5613 3714 5666 προ-
