3948 6200
302 364 395 424 217

1347 371 1424 431 [Ν
1469 366 2068 431 ΕΧᾹΗΓΛΤΙΟΝΕΜ
2107 372 2162 433 S.
2202 372 2512 434 CRUCIS.

3461 356 3568 424 218

301 478 527 548 πομπὴν,
557 479 654 532 καὶ
677 480 780 548 τὴν
824 476 1029 549 μεταξῦ
1054 479 1262 532 τούτων
1295 480 1712 550 διαλάμπουσαν
1767 479 1860 532 τοῦ

1969 501 2150 554 gerum
2209 485 2337 539 illud
2393 484 2706 538 satellitium
2775 481 3083 548 ,illumque
3143 477 3483 542 comitatum,
3515 487 3568 529 et

299 571 421 624 Θεοῦ
448 571 600 634 δόξαν
633 587 649 635 ;
679 571 801 631 Πῶς
821 572 876 624 δὲ
926 572 1025 642 τὴν
1065 573 1318 635 κιϐωτὸν,
1359 575 1453 626 καὶ
1508 574 1574 624 τὰ
1607 574 1660 624 ἐν
1728 572 1866 643 αὐτῇ

298 664 648 733 παραδράμω,
680 666 781 734 τὴν
831 665 1070 734 στάμνον
1116 664 1212 717 τοῦ
1246 665 1445 734 μάννα,
1503 667 1602 726 τὰς
1653 666 1870 726 πλάκας

295 759 385 826 τῆς
412 757 694 826 διαθήκης,
735 755 797 807 τὸ
823 756 1152 827 ἱλαστήριον,
1188 756 1286 827 τὴν
1327 757 1571 825 λυχνίαν,
1605 756 1704 827 τὴν
1736 758 1869 827 τρά-

299 845 568 909 πεζαν,τὺ
627 846 1020 916 θυσιαστήριον
1075 846 1186 898 τῶν
1238 845 1735 917 ὁλοκαυτωμάτων,
1805 849 1868 900 τὸ

298 939 674 1007 θυσιαστήριον
704 937 797 991 τοῦ
829 939 1196 1009 θυμιάματος,
1231 941 1330 1008 τὴν
1363 941 1614 1010 ἐνδελεχῆ
1647 940 1864 1002 θυσίαν,

296 1030 450 1083 τάλὶα
467 1023 549 1092 οἷς
585 1030 646 1083 τὸ
670 1031 866 1098 σεμνὸν
889 1025 1036 1100 εἶχεν
1074 1033 1108 1102 ή
1142 1033 1308 1085 πάλαι
1333 1031 1550 1101 λατρία,
1579 1035 1672 1086 καὶ
1699 1033 1766 1085 δι’
1790 1027 1865 1086 ὧν

293 1122 596 1186 ὲδοξάζοντο
619 1124 818 1188 πάντες
847 1126 896 1176 οἱ
923 1125 1041 1198 Θεῷ
1066 1127 1518 1194 προσανέχοντες,
1541 1127 1864 1191 ἐκολάζοντο

292 1214 340 1266 δὲ
371 1215 416 1264 οι
452 1215 530 1282 μὴ
559 1214 735 1276 οὕτως
767 1216 1005 1286 ἔχοντες,
1037 1217 1226 1286 ἐπειδὴ
1267 1221 1443 1273 πάντα
1489 1220 1584 1272 τοῦ
1625 1219 1862 1288 σταυροῦ

289 1308 378 1376 τὴν
409 1305 648 1375 δύναμιν
674 1309 1109 1380 προδιέγραφον;
1143 1312 1203 1363 Et
1235 1312 1290 1364 δὲ
1327 1313 1421 1364 καὶ
1453 1312 1627 1364 ταῦτα
1650 1313 1738 1365 διὰ
1771 1313 1863 1364 τὸν

289 1396 433 1463 λόγον
469 1399 619 1450 ἐάσω
649 1398 919 1468 φεύγοντα
946 1401 1044 1470 τὴν
1068 1403 1354 1471 ἀμετρίαν,
1390 1402 1487 1472 τὴν
1513 1403 1641 1471 γοῦν
1668 1403 1862 1473 ῥάϐδον

301 1490 532 1559 Ἀαρὼν.
568 1491 664 1544 καὶ
697 1492 764 1544 τὰ
815 1491 956 1546 κατὰ
981 1495 1082 1564 τὴν
1117 1494 1346 1564 δάμαλιν
1390 1496 1506 1560 πῶς
1577 1497 1861 1565 σιωπήσω,

287 1581 416 1633 οῦτω
450 1582 778 1651 περιφανῶς
811 1584 904 1637 τὸν
963 1587 1199 1656 σταυρὸν
1255 1588 1746 1658 προκηρύττοντα;
1795 1589 1862 1640 Ἦ

288 1671 378 1740 μὲν
408 1673 523 1742 γὰρ
548 1673 698 1727 ἔνδον
737 1675 1030 1744 βλαστάνει
1064 1676 1164 1744 τῆς
1201 1680 1426 1750 σκηνῆς,
1469 1681 1563 1734 καὶ
1621 1680 1859 1733 δείκνυσι

283 1764 364 1815 τὸν
384 1766 540 1829 ἀξιον
571 1767 743 1836 ἱερέα,
763 1768 857 1820 καὶ
885 1768 1230 1838 προδείκνυσι
1252 1770 1344 1822 τὸν
1371 1772 1542 1839 μέγαν
1570 1772 1856 1842 ἀρχιερέα,

1979 594 2098 631 eam
2165 593 2282 646 quae
2314 577 2365 630 in
2435 577 2830 629 tncdioliorum
2889 580 3138 626 coruscat
3165 570 3422 634 ,divinam
3454 569 3567 635 glo-

1980 668 2140 722 riatn?
2187 667 2471 733 Quomodo
2535 666 2949 734 praetergrediar
3009 677 3229 723 arcam,
3263 668 3316 714 et
3345 675 3462 727 qua:
3509 661 3564 721 in

1977 776 2039 815 ea
2073 761 2500 814 asservabantur
2533 802 2548 824 ,
2583 775 2774 813 urnam
2812 759 3086 821 videlicet,
3128 758 3179 810 in
3211 769 3315 823 qua
3344 770 3565 818 manna,

1975 864 2028 907 et
2065 854 2280 908 tabulas
2337 853 2668 907 Testamcnti
2721 893 2736 916 ,
2776 855 3209 922 propitiatorium
3260 895 3276 918 ,
3309 851 3562 906 candela-

1977 949 2153 1007 brum,
2185 961 2424 1000 mensam
2457 986 2471 1008 ,
2497 946 2670 998 altare
2735 947 3198 1006 bolocaustorum,
3245 944 3418 997 altare
3477 941 3563 993 in-

1976 1036 2148 1097 censi,
2214 1036 2529 1087 continuum
2591 1034 2944 1100 sacrificium,
2976 1046 3026 1087 et
3055 1035 3158 1087 alia
3193 1033 3387 1100 quibus
3409 1039 3564 1084 vetus

1960 1118 2064 1182 ’ille
2129 1130 2307 1182 cultus
2361 1129 2596 1180 maxime
2655 1127 3014 1191 clarescebat,
3054 1139 3108 1180 et
3139 1127 3338 1195 quibus
3373 1139 3565 1178 omnes

1974 1221 2048 1274 illi
2087 1222 2175 1289 qui
2216 1221 2322 1273 Deo
2345 1219 2918 1287 serviebant,gloriam
2944 1218 3214 1273 consecuti
3249 1227 3407 1281 sunt;
3450 1231 3565 1284 poe-

1974 1329 2097 1366 nam
2151 1328 2277 1365 vero
2303 1312 2337 1364 ii
2398 1311 2486 1379 qui
2522 1311 2682 1364 aliter
2737 1311 3036 1375 comparati
3070 1319 3267 1374 erant;
3305 1325 3422 1375 qua:
3451 1325 3565 1361 om-

1973 1406 2063 1458 nia
2128 1406 2307 1460 crucis
2335 1405 2634 1471 po:entiam
2665 1403 3162 1471 repraesentabant?
3187 1402 3340 1468 Quod
3377 1403 3418 1456 si
3450 1417 3565 1454 om-

1972 1499 2058 1550 nia
2097 1498 2232 1552 lucc.
2277 1497 2506 1549 vitanda:
2563 1495 2888 1564 prolixitatis
2919 1510 3104 1558 causa,
3133 1505 3472 1563 praateream,
3510 1501 3565 1546 at

1972 1593 2178 1660 virgam
2212 1590 2463 1649 Aaronis.
2493 1599 2546 1642 et
2577 1604 2797 1641 vaccam
2854 1589 2999 1640 illam
3042 1589 3240 1650 rufam,
3281 1587 3373 1655 qui
3400 1587 3565 1638 silen-

1975 1685 2048 1737 tio
2108 1684 2474 1736 transmittam
2511 1725 2524 1746 ,
2553 1697 2676 1734 cum
2715 1691 2820 1734 tam
2860 1681 3145 1750 perspicue
3176 1695 3390 1734 crucem
3426 1694 3564 1747 prae-

1971 1775 2253 1830 nuntient?
2307 1774 2435 1827 Nam
2504 1774 2590 1826 illa
2657 1773 2794 1826 intra
2858 1773 3267 1825 tabernaculmn
3327 1769 3562 1828 frondet,

283 1855 369 1907 καὶ
383 1855 488 1923 τὴν
507 1858 572 1908 ἐκ
592 1857 684 1910 τοῦ
707 1857 1004 1928 σταυρικοῦ
1026 1856 1185 1921 ξύλου
1218 1862 1495 1929 σωτηρίαν
1519 1861 1858 1930 εὐαγγελίζε-

1969 1869 2311 1936 ostenditque
2344 1908 2358 1932 ,
2394 1867 2640 1931 quisnam
2702 1866 2894 1933 dignus
2932 1866 3002 1919 sit
3029 1866 3305 1928 sacerdos,
3331 1873 3383 1917 et
3406 1861 3564 1915 simul

280 1966 379 2005 ται.
398 1951 801 2020 Μαρανθέντες
827 1953 937 2023 γὰρ
961 1954 1056 2006 καὶ
1075 1955 1236 2024 ἡμεῖς
1250 1955 1356 2008 ὑπὸ
1371 1955 1466 2026 τῆς
1502 1955 1775 2025 ἁμαρτίας
1805 1957 1868 2008 τδ

281 2042 583 2111 καταρχὰς,
609 2041 704 2095 νῦν
722 2043 824 2114 ήδη
844 2045 939 2097 καὶ
959 2045 1356 2116 βλαστάνομεν,
1376 2047 1472 2101 καὶ
1493 2046 1612 2116 Θεῷ
1630 2049 1864 2117 καρπὸν,

277 2132 490 2201 ἀρετῶν
509 2135 1093 2205 ἀναφέρομεν,θυσίαν,
1121 2138 1283 2206 ἁγίαν
1311 2144 1625 2210 προσφϋράν
1647 2140 1862 2211 δεκτήν,

277 2222 508 2294 εῦοσμον
537 2225 615 2288 ῶς
635 2227 854 2296 ἀληθῶς
875 2228 1149 2300 θυμίαμα.
1184 2230 1314 2286 Ἡδὲ
1336 2232 1566 2302 δάμαλις
1596 2232 1657 2285 τὸ
1690 2235 1868 2304 σωτή-

279 2334 383 2385 ριον
447 2318 552 2370 καὶ
575 2319 713 2387 αὐτὴ
758 2320 1131 2392 προδιέγραφε
1163 2324 1437 2388 πάθος,δι’
1467 2318 1528 2376 οῦ
1554 2325 1864 2397 κατεϐλήοη

275 2408 362 2475 τῆς
406 2409 766 2479 παγκοσμίου
814 2411 1090 2481 ἁμαρτίας
1119 2415 1178 2467 τὸ
1205 2407 1407 2485 κράτος
1439 2431 1452 2444 ο
1482 2415 1560 2486 τῷ
1581 2417 1688 2486 γὰρ
1715 2417 1871 2486 ἀμω-

276 2513 369 2564 μον
391 2497 580 2566 αὐτὴν
599 2493 739 2550 εἶναι
776 2501 1098 2570 καὶάζυγα,
1120 2504 1181 2556 τὸ
1200 2504 1590 2574 ἀναμάρτητον
1611 2507 1865 2577 ἐδηλοῦνσ

273 2605 326 2639 το
341 2589 431 2642 τοῦ
467 2590 652 2656 Ἰησοῦ
673 2594 767 2645 καὶ
793 2592 978 2646 ὲλεύθε
988 2611 1102 2663 ρον,
1121 2596 1196 2658 ὡς
1221 2597 1469 2667 Υίοῦ.Τῷ
1487 2599 1579 2652 τοῦ
1602 2599 1794 2667 κέδρου
1811 2601 1867 2653 δὲ

273 2682 404 2754 ξύλῳ
453 2684 523 2737 τὸ
563 2688 859 2756 σταυρικὸν
884 2688 1180 2752 είκονίζετο
1212 2690 1390 2753 ξύλον.
1426 2691 1498 2744 Τὸ
1559 2694 1667 2763 γὰρ
1726 2693 1861 2764 ἀση-

273 2791 393 2827 πτον
433 2778 653 2830 ἐκείνου
701 2779 758 2832 τὸ
783 2779 1046 2842 ζωοποιὸν
1111 2782 1303 2835 τούτου
1366 2785 1463 2838 καὶ
1515 2785 1614 2856 τὴν
1671 2786 1867 2855 ἀγήρω

272 2867 358 2919 καὶ
385 2868 760 2940 ἀτελεύτητον
794 2871 1078 2939 ἐνέργειαν
1110 2875 1443 2945 παρεδήλου,
1469 2877 1564 2930 καὶ
1591 2878 1620 2930 ὁ
1672 2877 1742 2928 δι’
1770 2878 1864 2929 αύ-

271 2960 355 3011 τοῦ
391 2965 699 3033 ῥαντισμδς
730 2963 829 3035 τὴν
857 2964 952 3017 τοῦ
1000 2967 1320 3035 Πνεύματος
1351 2970 1509 3039 χάριν
1559 2970 1865 3038 ὑπέφανεν,

272 3053 322 3119 ἐξ
349 3050 416 3126 ἦς
449 3057 652 3124 ἄφεσις
680 3058 988 3128 ἁμαρτιῶν,
1037 3064 1131 3114 καὶ
1160 3060 1426 3126 υἱοθεσία,
1458 3062 1554 3115 καὶ
1585 3062 1866 3132 βασιλείας

269 3147 394 3199 Θεοῦ
434 3147 782 3219 κληρονομία
828 3151 1150 3222 δεδώρηται.

1971 1976 2222 2028 magnum
2274 1959 2615 2014 sacerdotem
2671 1967 3086 2026 praemonstrat,
3133 1957 3470 2024 salutemque
3499 1970 3564 2007 ex

1914 2084 1928 2095 -
1971 2053 2115 2120 ligno
2167 2051 2345 2106 crucis
2403 2062 2579 2104 ortam
2633 2051 2957 2119 promulgat.
3010 2049 3249 2103 Areiacti
3285 2049 3426 2103 enim
3464 2047 3564 2102 sub

1972 2145 2182 2198 initium
2220 2161 2314 2214 per
2355 2155 2660 2214 peccatum,
2705 2146 2809 2212 iam
2841 2146 3036 2196 iterum
3067 2143 3326 2206 viremus,
3357 2141 3562 2208 germi-

1972 2253 2164 2291 namus
2203 2279 2217 2300 ,
2252 2239 2465 2306 Dempta
2531 2239 2765 2291 fructum
2820 2237 3087 2289 \irtutum
3124 2233 3431 2292 referimus.
3463 2233 3560 2284 ho-

1971 2327 2132 2381 stiam
2196 2337 2440 2380 sanctam
2484 2368 2498 2390 ,
2527 2327 2855 2379 oblationem
2897 2325 3286 2393 acc-optabilem
3327 2321 3395 2384 ‘°,
3474 2338 3566 2377 ve-

1971 2433 2133 2486 reque
2167 2419 2290 2471 boni
2317 2417 2500 2472 odoris
2568 2419 2861 2488 thymiama
2897 2417 2966 2472 ⁸¹.
3001 2414 3176 2472 Vat-ca
3205 2433 3331 2470 vero
3365 2415 3566 2469 saluta-

1970 2525 2085 2562 rem
2153 2510 2460 2576 passionem
2518 2509 2937 2579 prredelineabat
2971 2549 2984 2571 ,
3012 2524 3114 2575 qua
3163 2511 3214 2561 in
3247 2508 3561 2561 universum

1972 2599 2228 2651 mundum
2293 2600 2594 2667 grassantis
2641 2613 2706 2668 pe
2729 2599 2850 2652 'cati
2884 2599 2963 2652 vis
2996 2607 3049 2651 et
3079 2598 3317 2666 potentia
3353 2598 3561 2664 deiecta

1970 2701 2074 2756 est;
2138 2691 2347 2743 macula
2379 2705 2570 2744 carere
2597 2691 2801 2754 debuit,
2833 2701 2886 2762 et
2907 2689 3019 2760 jugi
3047 2705 3242 2758 expers
3264 2702 3404 2742 esse.
3441 2687 3563 2754 Quo

1970 2782 2274 2852 signiﬁcata
2300 2791 2381 2835 est
2431 2781 2557 2836 Jesn
2597 2781 2898 2836 Salvatoris
2934 2783 3102 2835 nostri
3135 2797 3161 2834 a
3203 2792 3428 2850 peccato
3462 2783 3564 2834 im-

1971 2879 2224 2942 munitas,
2289 2890 2343 2932 et
2376 2888 2431 2932 ttt
2469 2879 2584 2942 lilii,
2614 2879 2853 2932 libertas.
2894 2877 3118 2946 Insuper
3155 2879 3298 2946 ligno
3339 2877 3563 2932 cedrino

1969 2965 2172 3032 lignum
2233 2969 2410 3022 crucis
2477 2977 2561 3021 est
2606 2969 3010 3022 admubratum.
3053 2967 3182 3021 Nam
3224 2979 3415 3020 natura
3448 2968 3580 3034 ejus-

1973 3060 2152 3114 omnis
2185 3085 2192 3091 -
2223 3060 2636 3129 putrefactionis
2711 3070 2766 3115 et
2794 3061 2959 3114 rariei
3023 3077 3215 3128 expers
3251 3101 3264 3125 ,
3298 3059 3560 3112 virii‘icmn

1969 3155 2086 3224 ejus
2119 3165 2190 3221 ,et
2220 3170 2318 3208 nec
2349 3155 2525 3217 senio,
2561 3169 2661 3208 nec
2709 3153 2940 3207 termino
2975 3153 3264 3206 obnoxiam
3293 3151 3560 3231 actionem

269 3239 628 3304 praenotabat,
663 3249 716 3293 et
738 3244 982 3308 aspersio
1012 3245 1256 3310 perillud
1281 3243 1482 3314 lignum
1518 3243 1948 3311 facta.Spiritus
2011 3248 2241 3313 gratiam
2293 3245 2573 3306 innuebat,
2639 3245 2793 3314 cujus
2853 3244 3116 3299 beneﬂcio
3188 3243 3561 3303 remissionem

270 3341 658 3400 peccatorum,
687 3336 1030 3402 adoptionem
1085 3335 1316 3389 ﬁliorum
1347 3377 1362 3395 .
1397 3349 1449 3392 et
1483 3337 1852 3392 haereditatem
1895 3340 2043 3407 regni
2077 3338 2314 3392 celestis
2349 3338 2626 3392 consecuti
2651 3352 2860 3392 sumus.

354 3425 500 3481 Ἀλλ’
537 3428 585 3479 εί
616 3427 852 3480 δοκεῖτά
886 3425 988 3494 τῆς
1008 3426 1264 3496 λατρεὲας
1294 3427 1468 3498 ἑτέρῳ
1494 3429 1862 3496 ταμιευσάμε-

2037 3429 2306 3483 Caeterum
2362 3428 2404 3482 si
2447 3429 2697 3492 videtur,
2732 3443 2792 3482 ea
2827 3443 2946 3496 qua:
2983 3428 3047 3481 ad
3077 3427 3278 3480 cultum
3313 3438 3366 3480 et
3392 3442 3560 3482 etcre-

271 3539 342 3576 v0t
374 3519 560 3590 καιρῷ
586 3535 646 3571 τε
684 3520 778 3572 καὶ
799 3519 942 3589 λόγῳ
972 3521 1035 3588 τῇ
1063 3520 1485 3590 θαυματουργία
1509 3520 1861 3574 πάλινὲνδια-

269 3615 578 3684 τρίψωμεν.
617 3611 726 3664 Καὶ
753 3609 933 3662 τοίνυν
966 3609 1300 3680 ἁμαρτάνων
1343 3610 1560 3679 Ἰσραὴλ
1595 3609 1863 3680 συνήθως,

271 3705 521 3775 συνήθως
553 3703 718 3757 πάλιν
755 3701 1126 3768 ἐταπεινοῦτο,
1179 3703 1276 3756 καλ⁸
1339 3704 1390 3754 οί
1427 3701 1862 3764 ταπεινωθέντες

275 3799 358 3851 διά
383 3799 674 3868 δήγματος
723 3795 900 3863 δφεων
926 3795 1287 3848 ὲθανατοῦντο
1338 3795 1526 3860 εὐθὺς,
1564 3797 1660 3848 καὶ
1691 3796 1863 3858 οῦτως

269 3890 549 3959 ἐμάνθανε
609 3886 963 3956 δικαιώματα
1009 3887 1169 3949 Θεοῦ,
1217 3888 1479 3958 καὶπρὸς
1539 3887 1675 3940 Θεὸν
1736 3889 1865 3942 ἐπέ·

271 3999 528 4051 στρεφεν.
546 3979 924 4050 Ἐπιστρέφων
942 3979 999 4033 δὲ
1027 3979 1231 4034 ίλεοῦτο
1256 3979 1346 4034 τὸν
1371 3979 1860 4050 πανοικτείρμονα,

269 4077 362 4128 καί
398 4076 611 4146 Μωσῆν
645 4072 758 4144 εἶχε
817 4072 1358 4142 θαυματουργοῦντα.
1392 4073 1550 4128 Κατὰ
1589 4072 1723 4140 γοῦν
1750 4072 1860 4124 τῶν

267 4166 578 4219 δακνόντων
607 4166 786 4233 ὄφεων
838 4164 1072 4234 χαλκοῦν
1132 4167 1339 4226 ἐκεῖνος
1368 4165 1490 4233 ὅφιν
1554 4164 1858 4235 εἰργάζετο,

268 4262 404 4328 πρὸς
443 4260 580 4313 θεοῦ
611 4259 944 4322 κελευσθεὶς.
982 4258 1189 4328 ὑψηλοῦ
1224 4276 1284 4311 τε
1341 4259 1432 4311 ἐπὶ
1463 4257 1620 4322 ξύλου
1669 4257 1857 4321 ἐτίθει,

266 4358 357 4408 καὶ
389 4357 507 4418 τοῖς
540 4353 932 4423 πληττομένοις
961 4353 1037 4414 ὡς
1064 4352 1226 4406 αὑτὸν
1252 4351 1437 4418 ἔλεγεν
1468 4351 1735 4416 ἀτενίζειν
1761 4367 1775 4382 ο
1829 4351 1857 4404 ὃ

265 4446 328 4514 δὴ
357 4446 465 4500 καὶ
502 4447 740 4516 δρῶντες
770 4444 956 4498 κακῶν
983 4443 1214 4508 ἀπαθεῖς
1249 4443 1588 4508 διεσώζοντο.
1647 4442 1857 4496 Οὐκοῦν

270 4540 403 4607 φέρε
445 4538 717 4608 λέγωμεν,
745 4537 822 4601 ὼς
853 4538 916 4591 ἐκ
945 4537 1118 4590 τύπου
1162 4537 1324 4592 πάλιν
1357 4539 1448 4590 ἐπὶ
1475 4537 1573 4608 τὴν
1595 4537 1856 4608 ἀλήθειαν

277 4631 680 4701 μεταφέροντες
745 4630 806 4681 τὸ
861 4631 1126 4698 διήγημα,
1164 4629 1694 4701 προσκεκρούκαμεν
1760 4630 1856 4682 καὶ

277 4723 439 4792 ἡμεῖς
467 4723 546 4792 τῷ
565 4722 902 4794 Δημιουργῷ
927 4723 1021 4776 καὶ
1070 4722 1494 4792 κατηνέχθημεν
1521 4724 1600 4784 είς
1633 4722 1862 4776 θάνατον

1972 3522 2180 3575 monias
2203 3520 2494 3584 pertinent,
2522 3519 2676 3573 alteri
2710 3522 2938 3588 tempori
2970 3529 3023 3574 et
3053 3521 3282 3572 orationi
3315 3536 3560 3574 reserve-

1974 3629 2118 3677 mus,
2149 3623 2202 3666 et
2231 3628 2419 3666 rursus
2461 3613 2526 3665 ad
2558 3613 2924 3682 prodigiorum
2973 3612 3313 3667 cﬂ‘ectiouem
3353 3631 3447 3666 nos
3475 3628 3562 3666 re-

1971 3705 2264 3772 cipiamus.
2294 3707 2462 3776 Igitur
2486 3722 2607 3759 cum
2635 3705 2822 3770 Israel,
2852 3721 3000 3759 more
3036 3723 3153 3773 suo,
3189 3708 3423 3776 peccatis
3444 3723 3566 3760 sese

1970 3797 2358 3867 obstringeret,
2385 3813 2532 3851 more
2590 3797 2751 3852 solito
2786 3798 2981 3852 iterum
3013 3799 3346 3868 aﬂligabatur
3380 3808 3433 3852 et
3455 3804 3551 3851 de«

1960 3885 2276 3954 jiciebatur,
2333 3895 2382 3939 et
2426 3887 2514 3954 qui
2569 3902 2750 3941 morsu
2795 3897 3103 3956 serpentum
3159 3888 3369 3940 fuerant
3442 3887 3562 3952 icti,

1967 3992 2000 4031 e
2029 3977 2256 4044 vestigio
2297 3978 2565 4046 peribant:
2599 3988 2653 4031 et
2681 3978 2759 4032 sic
2807 3978 3226 4048 jnstilicationes
3261 3979 3352 4030 Dei
3375 3979 3556 4031 disce-

1967 4069 2118 4132 bant,
2150 4077 2202 4121 et
2229 4068 2295 4122 ad
2355 4069 2520 4123 Deum
2575 4072 3004 4124 revertebantur.
3085 4069 3394 4123 Conversus
3424 4083 3556 4123 vero

1967 4160 2329 4215 miserebatur
2387 4161 2644 4224 miseros,
2677 4173 2732 4215 et
2765 4176 2887 4214 mox
2925 4161 3168 4230 Moysen,
3207 4171 3259 4214 ut
3289 4160 3550 4214 miracula

1965 4262 2227 4323 patraret,
2284 4251 2617 4307 destinabat.
2674 4253 2813 4322 Ergo
2845 4263 3039 4306 contra
3076 4269 3288 4307 morsus
3328 4267 3557 4321 serpen-

1965 4355 2077 4399 tum
2125 4361 2325 4399 mreum
2385 4345 2473 4400 ille
2499 4357 2806 4414 serpentem
2857 4347 3312 4412 t'ormavit,jnssu
3349 4345 3466 4409 Dei,
3499 4355 3553 4400 et

1960 4453 2024 4492 ex
2079 4440 2334 4507 przecelso
2381 4439 2525 4508 ligno
2558 4439 2862 4508 suspendit,
2897 4440 3284 4508 mandavitque
3313 4451 3367 4492 ut
3403 4439 3493 4509 qui
3524 4455 3555 4493 a

1960 4533 2410 4601 serpentibnsicti
2448 4543 2653 4596 essent,
2719 4535 2774 4586 in
2821 4548 2942 4587 eum
2998 4534 3354 4604 reSpicerent,
3409 4535 3552 4602 quod

1961 4640 2082 4678 eum
2136 4623 2399 4692 facerent,
2463 4626 2731 4680 immunes
2783 4627 2982 4679 amalo
3059 4628 3551 4679 conservabantur.

1957 4716 2198 4787 Agedum
2223 4734 2352 4786 ergo
2373 4728 2537 4773 totam
2570 4720 2709 4773 hanc
2735 4720 3099 4772 narrationem
3122 4733 3309 4772 rursus
3330 4732 3359 4770 a
3383 4719 3552 4784 lignra

273 4791 338 4883 τῇ
372 4815 465 4866 τοῦ
495 4791 671 4884 ὄφεως
707 4791 989 4884 συμϐουλῇ
1019 4831 1032 4844 ·
1070 4813 1260 4884 δῆγμα
1281 4791 1636 4885 γάρῗάληθῶς
1679 4814 1857 4883 ὄφεως

1969 4811 2018 4864 in
2078 4813 2361 4865 veritatem
2398 4814 2569 4880 ipsam
2638 4810 3048 4864 transferamus.
3100 4808 3264 4862 lnvisi
3297 4823 3552 4877 IIOSQIIO—

271 4903 570 4957 δὲπελθὼν
628 4903 707 4973 τῷ
762 4905 1070 4975 προπάτορι
1138 4904 1386 4965 θάνατος.
1466 4904 1858 4973 Ἀνεζωοποιή-

275 4996 452 5064 θημεν
479 4996 534 5049 δὲ
564 4995 645 5065 τῷ
694 4998 788 5050 ἐπὶ
816 4995 911 5048 τοῦ
969 4997 1266 5066 σταυρικοῦ
1321 4996 1480 5060 ξύλου
1534 4999 1857 5067 νεκρωθέντι

276 5089 492 5158 Χριστῷ
519 5093 578 5143 ὲν
603 5088 921 5158 ὁμοιώματι
955 5091 1185 5157 σαρκὸς
1213 5091 1524 5158 ἁμαρτίας,
1565 5088 1640 5151 ὦς
1695 5105 1860 5158 φησιν

275 5183 301 5234 ὁ
328 5182 470 5244 θεῖος
509 5182 856 5244 ’Ᾱπύστολοᾳ
902 5180 988 5243 Ὠς
1017 5184 1125 5252 γὰρ
1152 5183 1180 5234 ὁ
1237 5182 1470 5250 χαλκοῦς
1501 5181 1623 5249 ὄφις
1655 5183 1863 5241 ἐκεῖνος

278 5272 507 5342 ίνδαλμα
537 5274 634 5342 μὲν
673 5269 744 5342 ἦν
770 5271 866 5324 τοῦ
900 5271 1084 5343 θηρὸς,
1118 5272 1211 5325 τὸν
1256 5271 1592 5326 θανατοῦντα
1647 5272 1702 5324 δὲ
1760 5272 1860 5324 οὐκ

275 5359 424 5432 εἶχεν
453 5365 544 5427 ἰὸν,
577 5363 722 5417 οὕτω
753 5367 848 5417 καὶ
879 5366 908 5417 ὁ
941 5366 999 5416 ὲν
1060 5363 1184 5430 τοῖς
1238 5366 1482 5433 ἀνόμοις
1532 5363 1858 5432 λογισθεὶς,

280 5452 348 5504 δι’
372 5455 515 5522 ἡμᾶς
541 5455 950 5525 ἀναμάρτητος,
976 5457 1071 5509 καὶ
1104 5456 1244 5509 κατὰ
1275 5456 1439 5524 φύσιν
1469 5455 1674 5525 ἀγαθὸς
1727 5459 1862 5508 Δεσ-

281 5545 450 5612 πὸτης
483 5547 662 5614 σάρκα
697 5547 794 5616 μὲν
825 5547 1074 5612 ἀνέλαϐε,
1132 5551 1226 5602 καὶ
1273 5550 1463 5617 γέγονε
1528 5549 1650 5603 καθ’
1686 5550 1856 5618 ἡμᾶς,

279 5635 376 5688 καὶ
410 5637 653 5706 ἁμαρτία
682 5637 909 5707 ἐκλήθη,
945 5638 1065 5708 ἦτοι
1097 5638 1257 5692 θυσία
1318 5641 1458 5710 ὑπὲρ
1488 5641 1584 5710 τῆς
1616 5656 1860 5707 παγκοσ-

354 5819 400 5849 (³
431 5819 578 5877 Rom.
625 5841 720 5889 χιι,
757 5827 810 5890 l;
851 5840 937 5888 xv,
987 5825 1065 5877 ιθ.
1146 5822 1186 5852 ⁶¹
1225 5822 1397 5877 Ελυοί.
1443 5835 1565 5889 λιι,
1594 5820 1644 5875 ὃ.

1725 5823 1766 5852 ⁶¹
1812 5824 1960 5879 ιὶοειι
2019 5840 2132 5885 vin.
2177 5827 2229 5880 7-.

1969 4919 2073 4972 que
2125 4903 2269 4968 Deo,
2299 4904 2524 4958 subdola
2590 4902 2858 4970 serpentis
2914 4902 3190 4962 suasione,
3228 4901 3280 4954 in
3320 4911 3545 4954 mortem

1970 4993 2274 5062 praccipites
2305 4995 2407 5046 acti
2431 4993 2650 5047 fuimus.
2688 4992 2824 5047 Vere
2853 4995 2994 5047 enim
3031 5010 3246 5048 morsus
3273 4995 3550 5064 serpentis

1967 5095 2050 5138 est
2079 5102 2224 5140 mors
2263 5125 2277 5149 ,
2310 5101 2427 5152 qua:
2467 5085 2701 5153 primum
2730 5093 3016 5154 parentem
3055 5097 3297 5138 nostrum
3329 5083 3548 5138 invasit.

1974 5175 2149 5228 Vitam
2203 5190 2330 5229 vero
2385 5174 2690 5242 recepimus
2721 5214 2735 5238 ,
2769 5189 2888 5228 cum
2924 5174 2976 5227 in
3021 5173 3166 5240 ligno
3188 5173 3366 5225 crucis
3391 5168 3551 5223 Chri-

1971 5281 2085 5323 stus
2107 5268 2357 5322 occubuit
2398 5267 2450 5320 in
2505 5265 2852 5321 similitudine
2879 5268 3054 5320 carnis
3075 5265 3296 5334 peccati,
3329 5273 3386 5316 ut
3413 5261 3551 5316 dtcit

1972 5363 2185 5418 divinus
2233 5363 2518 5432 Apostolus
2546 5363 2614 5418 ⁸⁸.
2646 5361 3106 5428 Quemadmodum
3168 5357 3314 5412 enim
3374 5369 3549 5410 aereus

1967 5457 2054 5509 iile
2112 5470 2335 5524 serpens
2412 5455 2765 5510 simulacrum
2823 5464 2940 5509 erat
3000 5452 3290 5507 animantis
3313 5449 3544 5509 illius,at

1970 5549 2246 5602 mortifero
2301 5565 2508 5603 veneno
2552 5551 2791 5614 carebat,
2829 5549 2900 5601 ita
2925 5557 2976 5601 et
3001 5547 3044 5599 is
3075 5547 3165 5614 qui
3195 5552 3416 5612 propter
3443 5559 3543 5596 nos

1967 5657 2090 5693 cum
2147 5641 2346 5702 iniquis
2401 5650 2674 5709 rcputolus
2704 5650 2776 5694 est
2804 5641 2878 5704 ",
2915 5639 2980 5694 ab
3009 5639 3151 5693 omni
3191 5637 3396 5706 peccati
3428 5636 3543 5689 labe

2333 5825 2375 5855 ”
2407 5821 2510 5877 Isa.
2541 5838 2659 5886 ιλιι,
2702 5821 2763 5874 l2
