3948 6200
326 269 435 337 2.9

1461 277 1786 336 MACARll
1835 241 2476 341 CllltYSOCEPHALI

3500 217 3611 338 eo

327 400 497 458 purus
522 394 574 440 et
614 393 805 439 natura
839 400 935 439 sua
974 388 1143 442 bonus
1188 387 1445 442 Dominus
1470 427 1484 452 ,
1551 405 1769 445 carnem
1812 395 1903 462 qui

2037 394 2159 463 μίου
2198 394 2376 462 πάσης
2406 393 2703 462 ἁμαρτίας.
2766 391 2876 446 Τὸν
2903 394 3014 460 γὰρ
3038 392 3126 461 μὴ
3159 394 3384 461 γνόντα
3418 399 3608 465 ἀμαρ-

329 485 450 534 dem
511 477 739 546 accepit,
767 488 817 532 et
871 479 1151 532 nobiscum
1210 491 1482 542 versatus,
1519 483 1624 534 iniu
1653 495 1701 537 et
1727 501 1903 553 pecca-

329 584 440 625 mm
465 573 638 625 dictus
675 580 757 626 est
799 573 867 633 ⁸⁸,
921 572 1033 624 sive
1058 570 1390 624 sacrilicium
1422 587 1519 640 pro
1541 576 1701 628 totius
1721 579 1904 630 mttndi

331 679 571 734 peccato.
648 667 782 719 Eum
838 665 999 724 enim,
1027 665 1117 731 qui
1159 675 1800 733 nonnoveratpeccatum,
1826 669 1913 721 in-

330 762 446 825 quit
500 759 717 824 Paulus,
774 773 869 822 pro
908 756 1051 808 nobis
1077 765 1348 824 peccatum
1375 757 1521 825 fecit,
1547 769 1605 811 ut
1632 777 1724 813 nos
1749 763 1914 829 emae-

330 867 504 902 reumr
563 850 657 901 Dei
704 848 920 915 justitia
952 849 1021 900 ⁸⁵.
1056 847 1119 900 Et
1188 855 1368 901 tamen
1422 849 1622 902 nullam
1681 853 1896 916 penitus

332 940 537 1006 precati
597 941 862 992 maculam
907 940 957 991 in
987 954 1047 991 se
1077 938 1317 992 admisit.
1357 937 1554 994 Servat
1586 953 1768 997 autem
1797 945 1915 997 illos

331 1032 418 1091 qui
448 1030 497 1082 in
535 1044 654 1084 eum
711 1032 896 1084 oculos
941 1028 1249 1093 intendunt,
1276 1045 1369 1083 eos
1404 1032 1649 1087 videlicet
1679 1037 1765 1095 qui
1798 1052 1919 1089 cre-

329 1122 482 1183 dunt,
536 1122 712 1188 ipsum
770 1123 937 1176 Deum
1003 1127 1182 1178 vivum
1246 1136 1298 1180 et
1335 1129 1456 1181 vita:
1488 1128 1736 1181 datorem
1772 1143 1912 1192 esse,

328 1228 655 1278 carnemque
683 1214 881 1269 factum
908 1257 922 1282 ,
961 1231 1207 1274 naturam
1269 1231 1509 1274 nostram
1548 1221 1903 1288 percuti-iectu

2010 490 2164 552 τίαν,
2201 490 2230 541 6
2255 488 2462 551 [Ιαῦλός
2485 504 2670 556 φησιν,
2701 487 2850 554 ὑπὲρ
2877 487 3048 556 ἡμῶν
3086 489 3383 556 ἁμαρτίαν
3404 491 3609 556 ἑποίη·

2013 596 2147 644 σεν,
2177 579 2256 632 ἵν’
2289 578 2463 647 ἡμεῖς
2487 577 2790 647 γενώμεθα
2823 578 2972 632 Θεοῦ
3001 578 3384 646 δικαιοσύνη.
3403 582 3457 633 Ἀ
3469 599 3606 652 μαρ-

2019 672 2139 733 τίας
2173 671 2233 723 δὲ
2294 670 2458 734 αὐτὸς
2501 669 2768 739 οὐμενοῦν
2803 670 2925 723 οὐδὲ
2971 669 3103 740 μίαν
3142 671 3359 738 ἐδέξατο
3391 672 3606 742 κηλιδα.

2025 763 2198 825 Σώζει
2227 762 2284 815 δὲ
2319 762 2446 824 τοὺς
2474 762 2716 831 ὁρῶντας
2747 763 2831 824 εἰς
2866 761 3053 825 αὐτὸν,
3088 765 3218 826 τοὺς
3252 765 3610 829 πιστεύοντας

2021 854 2244 924 δηλαδὴ,
2282 855 2364 907 ὅτι
2398 853 2530 916 Θεός
2555 854 2672 906 ἐστι
2700 852 2984 918 ζιιιοποιὺς,
3044 854 3137 908 καὶ
3167 856 3407 924 ἐγεγόνει
3448 859 3608 926 σὰρξ,

2023 949 2118 1001 καὶ
2137 944 2236 1016 τὴν
2267 945 2576 1015 ἁμαρτικὴν
2605 945 2762 1015 ἡμῶν
2785 945 3012 1014 ἑφόρεσε
3037 946 3220 1014 φύσιν,
3251 949 3347 1001 καὶ
3393 949 3612 1015 δοξάζει

2025 1040 2153 1102 τοὺς
2190 1039 2558 1108 μιμουμένους
2592 1037 2666 1101 ὡς
2725 1039 2952 1092 δυνατὸν
3008 1042 3066 1093 ὲν
3129 1040 3208 1110 τῷ
3263 1041 3363 1112 την
3425 1043 3611 1111 σάρκα

2024 1131 2290 1199 σταυροῦν
2355 1132 2478 1186 σὺν
2541 1131 2666 1198 τοῖς
2723 1132 3034 1201 παθήμασι
3102 1133 3205 1188 καὶ
3283 1135 3414 1201 ταῖς
3475 1136 3610 1188 ἑπι-

2015 1222 2283 1288 θυμίαις.

329 1306 572 1360 induisse
611 1316 664 1362 et
695 1310 878 1362 tulisse
903 1349 919 1375 ,
982 1320 1035 1364 et
1069 1313 1298 1380 gloriam
1356 1313 1485 1367 dare
1519 1314 1872 1369 consuevisse
1911 1315 1978 1370 iis
2013 1314 2128 1383 qui,
2185 1317 2468 1383 quantum;
2496 1313 2611 1368 ﬁeri
2651 1321 2850 1383 potest,
2918 1314 2988 1368 ad
3047 1313 3408 1370 imitationem
3481 1316 3606 1386 ejtis

329 1403 661 1457 contendunt
715 1405 1077 1473 cruciligendo
1107 1421 1348 1471 carnem,
1373 1424 1490 1462 cum
1513 1408 1651 1461 vitiis
1676 1416 1724 1460 et
1756 1409 2192 1478 concupiscentiis
2221 1408 2288 1460 ⁸⁵.

401 1496 566 1552 Vides
625 1498 806 1567 ﬁgura:
867 1515 992 1553 cum
1028 1500 1102 1554 rei
1157 1502 1388 1556 vct'itate
1443 1503 1902 1557 convenientiam.

329 1591 404 1644 lbi
449 1599 677 1644 mortem
707 1591 1015 1662 ell'ugerunt
1091 1590 1282 1658 Judaei,
1317 1595 1409 1649 sed
1478 1595 1904 1661 temporariam;

331 1682 422 1737 ltic
447 1693 702 1738 aeternam
738 1683 772 1736 ii
800 1683 890 1751 qui
919 1683 1166 1748 credunt,
1222 1683 1506 1754 elfugiunt.
1549 1684 1625 1738 lbi
1674 1697 1908 1752 atrrpeu-

2095 1499 2257 1571 Ὁρᾷς
2303 1499 2398 1552 τοῦ
2438 1499 2610 1552 τύπου
2644 1500 2782 1570 πρὸς
2817 1499 2916 1568 τὴν
2965 1499 3220 1570 ἀλήθειαν
3252 1499 3350 1566 τὴν
3397 1503 3607 1570 συγγέ⁹

2017 1609 2189 1647 νειαν.
2273 1593 2416 1644 Ἐκεῖ
2491 1593 2718 1645 θάνατον
2777 1593 3034 1660 διέφυγον
3117 1592 3394 1656 Ἰουδαῖοι,
3463 1596 3606 1648 ἀλλὰ

2013 1685 2106 1738 τὸν
2148 1684 2506 1754 πρόσκαιρον,
2546 1683 2782 1738 ἐνταῦθα
2813 1685 2909 1737 τὸν
2941 1684 3158 1737 αἰώνιον
3183 1686 3230 1737 οί
3259 1686 3604 1752 πιστεύοντες

334 1786 444 1828 tum
499 1789 716 1829 morsus
766 1777 991 1831 curabat
1036 1792 1332 1846 stISpeusus
1381 1793 1644 1846 serpens;
1695 1786 1751 1831 at
1819 1776 1910 1831 hic

2026 1775 2501 1846 διαδιδράσκουσιν,
2533 1777 2680 1828 Ἐκεῖ
2701 1776 2957 1846 δήγματα
2979 1777 3154 1843 ὅφεων
3184 1777 3300 1828 idco
3327 1779 3355 1830 6
3387 1779 3604 1846 κρεμὰ-

334 1869 539 1936 plagas,
568 1868 635 1921 ab
663 1867 993 1937 intelligiliili
1027 1879 1280 1935 serpente
1311 1870 1566 1932 inflictas,
1604 1878 1758 1924 sanat.
1789 1885 1913 1923 cru-

333 1962 527 2013 cilixus
563 1960 742 2016 lusus.
783 1961 852 2015 lbi
886 1963 1203 2026 curabatur,
1251 1966 1344 2034 qui
1403 1967 1684 2034 corporeis
1736 1965 1913 2018 oculis

335 2053 622 2117 utebatur;
656 2063 709 2106 at
743 2053 827 2106 hic
865 2055 909 2107 is
943 2055 1032 2121 qui
1067 2057 1262 2111 tuentis
1285 2057 1472 2111 oculos
1516 2057 1761 2122 intendit,
1798 2072 1916 2108 mn-

335 2145 421 2197 nia
455 2155 672 2211 peccata
721 2145 966 2212 deponit.
1021 2146 1092 2200 Ilii
1159 2163 1232 2202 aes
1257 2148 1310 2202 in
1366 2149 1592 2219 ﬁguram
1646 2154 1914 2217 serpentis

333 2235 728 2289 conformatum
780 2236 916 2300 fuit;
967 2236 1054 2290 hic
1101 2251 1304 2308 corpus
1358 2240 1572 2294 Domini
1644 2256 1674 2296 a
1710 2240 1913 2310 Spiritu

336 2337 526 2380 sancto
551 2327 890 2381 elformatum
918 2339 1019 2383 est.
1073 2329 1150 2383 ibi
1210 2332 1492 2386 mordebat
1519 2347 1767 2402 serpens,
1800 2349 1917 2388 ser-

339 2435 577 2489 pensque
609 2421 933 2475 medicinam
974 2422 1205 2478 faciebat
1237 2441 1250 2478 :
1279 2425 1349 2478 ita
1378 2435 1432 2479 et
1461 2426 1546 2480 hic
1593 2442 1738 2481 mors
1772 2427 1916 2483 inte-

337 2514 522 2578 ritum,
556 2523 608 2566 ct
638 2529 785 2567 mors
821 2514 1050 2569 salutem
1077 2516 1274 2571 attulit.
1329 2520 1596 2572 Caeterum
1659 2534 1915 2585 serpens.

338 2606 430 2671 qui
461 2607 681 2660 exitium
715 2606 978 2674 pariebat,
1015 2623 1279 2662 venenum
1314 2608 1588 2666 habebat:
1619 2620 1674 2663 at
1702 2612 1791 2680 qui
1825 2629 1916 2666 sa-

339 2701 502 2773 lutem
537 2701 814 2764 atl‘ereliat,
845 2717 1054 2757 veneno
1091 2718 1294 2759 vacuus
1319 2713 1453 2760 erat.
1489 2706 1635 2760 Idem
1679 2709 1764 2762 hic
1793 2723 1917 2762 eve-

339 2795 437 2848 nit.
476 2793 602 2847 Nam
636 2803 832 2857 morte,
857 2811 978 2864 quae
1006 2812 1102 2852 nos
1151 2799 1406 2866 perdidit,
1451 2811 1674 2866 peccato
1716 2801 1914 2857 infecta

340 2885 457 2949 fuit,
493 2887 630 2940 sicut
658 2903 868 2942 veneno
914 2903 1176 2957 serpens:
1214 2899 1270 2944 at
1318 2905 1449 2945 crux
1503 2891 1717 2946 Domini
1769 2894 1916 2948 omni

341 2994 560 3044 prorsus
593 2989 815 3046 peccato
849 2980 1091 3046 carebat,
1125 2981 1265 3037 sicut
1292 2998 1472 3037 aereus
1527 2999 1754 3051 serpens
1823 3001 1917 3040 ve-

341 3085 510 3123 neno:
541 3070 817 3125 Peccatum
840 3074 975 3127 enim
1007 3089 1106 3126 non
1145 3073 1290 3143 fecit,
1323 3091 1415 3129 nec
1445 3085 1521 3129 ut
1548 3076 1787 3132 iuventus
1819 3079 1914 3132 do-

2017 1885 2178 1938 μενος
2217 1868 2245 1919 6
2283 1867 2406 1936 ὄφις
2432 1882 2446 1897 ·
2485 1867 2716 1922 ἐνταῦθα
2758 1869 2851 1921 τοῦ
2885 1867 3080 1937 νοητοῦ
3113 1868 3411 1936 δράκοντος
3443 1869 3608 1939 θερα-

2015 1963 2172 2014 πεύει
2201 1962 2300 2024 τὰς
2328 1961 2542 2029 πληγὰς
2567 1962 2596 2013 6
2622 1960 2956 2029 σταυρωθεὶς
2994 1958 3224 2029 Ἰησοῦς.
3263 1959 3414 2012 Ἑκεί
3433 1961 3463 2012 6
3489 1962 3605 2024 τοῖς

2014 2053 2318 2120 ὀφθαλμοῖς
2361 2053 2572 2115 τούτοις
2605 2051 2820 2120 βλέπων
2850 2051 3216 2122 ἐθεραπεύετο
3240 2068 3252 2080 ·
3293 2052 3529 2106 ἐνταῦθα
3571 2055 3600 2107 6

2015 2147 2128 2206 τοῖς
2165 2145 2266 2213 τῆς
2303 2145 2539 2204 διανοίας
2568 2145 2711 2213 ὀρῶν
2740 2143 2950 2213 ὄμμασι
2983 2143 3158 2196 πάντα
3187 2143 3506 2198 ἀποτίθεται
3535 2146 3606 2196 τὰ

2023 2237 2419 2306 ἁμαρτήματα.
2479 2233 2624 2289 Ἐκεῖ
2671 2235 2871 2303 χαλκὸς
2914 2235 2974 2287 τὸ
3011 2235 3362 2305 κρεμάμενον
3413 2233 3483 2306 ἦν
3515 2238 3603 2299 είς

2019 2328 2209 2397 σχῆμα
2234 2328 2409 2397 ὄφεως
2436 2327 2818 2393 διατυπωθεὶς,
2841 2327 3075 2380 ἐνταῦθα
3096 2329 3252 2397 σῶμα
3277 2331 3609 2384 Δεστοοτικδν

2019 2421 2124 2473 ὑπὸ
2165 2420 2259 2474 τοῦ
2298 2420 2617 2489 Πνεύματος
2661 2419 3130 2475 κατασκευασθέν.
3176 2422 3341 2489 Ὄφις
3388 2422 3610 2476 ἔδακνεν

2020 2515 2156 2577 ἐκεῖ,
2195 2515 2288 2569 καὶ
2317 2512 2438 2581 ὄψις
2461 2515 2577 2566 ίᾶτο
2600 2529 2612 2542 ·
2647 2513 2789 2566 οὕτω
2815 2514 2912 2565 καὶ
2941 2512 3178 2566 ἐνταῦθα
3206 2515 3433 2579 θάνατος
3453 2515 3608 2569 ἀπώ-

2019 2612 2166 2676 λεσε,
2201 2613 2296 2666 καὶ
2327 2613 2564 2675 θάνατος
2595 2612 2819 2666 ἔσωσεν.
2857 2610 3001 2664 Ἀλλ’
3032 2613 3062 2663 6
3094 2608 3194 2679 μὲν
3214 2609 3453 2670 ἀπολλίις
3481 2609 3608 2676 ὄφις

2021 2705 2100 2756 ίὸν
2145 2699 2315 2772 εῖχεν,
2347 2707 2376 2757 6
2406 2704 2461 2757 δὲ
2495 2705 2683 2767 σώζων
2719 2703 2800 2756 ίοῦ
2833 2702 3077 2773 καθαρὸς
3106 2695 3195 2770 ἦν.
3228 2700 3336 2752 Καὶ
3366 2698 3610 2751 ἐνταῦθα

2021 2794 2186 2848 πάλιν
2218 2795 2280 2848 τὸ
2318 2795 2469 2849 αὑτό.
2513 2795 2573 2848 '0
2606 2795 2709 2863 μὲν
2737 2794 2847 2864 γὰρ
2875 2793 3110 2854 ἀπολλὺς
3142 2791 3372 2851 Θάνατος
3429 2791 3612 2859 ἁμαρ-

2019 2887 2140 2939 τίαν
2168 2883 2334 2956 εἶχεν,
2367 2887 2557 2957 ὥσπερ
2577 2888 2668 2938 τὸν
2701 2886 2778 2938 ίὸν
2807 2886 2834 2937 6
2869 2885 2992 2953 ὄφις
3015 2900 3029 2916 ο
3061 2886 3089 2936 6
3118 2883 3175 2935 δὲ
3206 2882 3300 2935 τοῦ
3331 2883 3605 2934 Δεσπότου

2022 2980 2253 3050 σταυρὸς
2285 2980 2558 3048 ἁμαρτίας
2589 2978 2906 3048 ἀπήλλακτο
2949 2977 3154 3045 πάσης,
3191 2976 3380 3062 ὥσπερ
3411 2977 3438 3026 6
3474 2975 3607 3043 χαλ-

2022 3070 2151 3133 κοῦς
2195 3070 2315 3139 ὄφις
2361 3071 2461 3123 ίοῦ·
2499 3071 2820 3137 Ἀμαρτίαν
2851 3070 2962 3138 γὰρ
2998 3070 3110 3122 οὐκ
3153 3068 3446 3130 ἐποίησεν
3467 3065 3614 3120 οὐδὲ

339 3163 420 3216 lus
464 3165 516 3216 in
550 3182 637 3217 ore
670 3166 784 3232 ejus
822 3167 888 3219 ".
917 3167 982 3221 Et
1037 3167 1138 3223 hoc
1183 3177 1286 3231 est,
1322 3172 1466 3238 quod
1496 3171 1714 3225 divinus
1765 3175 1908 3238 Apo-

2026 3163 2225 3230 εὑρέθη
2245 3163 2436 3226 δόλος
2451 3162 2520 3214 ἐν
2539 3160 2619 3225 τῷ
2643 3161 2894 3227 στόματι
2916 3159 3129 3213 αὐτοῦ.
3172 3157 3280 3211 Καὶ
3294 3156 3613 3211 τοῦτόέστιν

340 3257 510 3311 stnlus
539 3260 702 3311 tradit
743 3275 756 3311 :
792 3257 1105 3325 Exspolium
1157 3262 1482 3330 principatus
1531 3273 1582 3318 et
1606 3274 1912 3331 potestates,

341 3350 581 3402 traduxit
610 3351 925 3418 conﬁdenter
950 3353 1278 3420 triumphans
1302 3355 1424 3409 illas
1450 3358 1507 3411 in
1529 3360 1832 3426 semctipsos
1846 3360 1912 3412 ⁵⁸.

343 3442 809 3504 Quemadmodum
867 3443 1010 3498 cnim
1073 3460 1370 3514 generosus
1425 3449 1621 3518 aliquis
1684 3451 1914 3513 athleta,

342 3533 558 3599 quando
593 3533 959 3588 adversarium
1003 3535 1054 3590 in
1091 3538 1322 3593 sublime
1372 3549 1588 3606 raptum
1651 3542 1915 3606 lancinat,

341 3619 757 3684 splemlidiorem
781 3639 935 3678 suam
991 3627 1270 3682 victoriam
1304 3629 1499 3686 eilicit:
1553 3632 1623 3686 ita
1674 3644 1728 3686 et
1759 3631 1919 3688 Chri-

344 3723 480 3770 stus.
515 3723 624 3766 t0to
663 3718 944 3768 terrarum
986 3718 1121 3774 orbe
1171 3720 1527 3790 inspectante,
1579 3725 1922 3779 adversarius

345 3806 574 3859 virtutes
603 3806 814 3872 deiecit,
845 3808 986 3866 etab
1029 3810 1136 3867 illis
1180 3827 1470 3881 percussos
1525 3815 1739 3870 sanavit
1797 3831 1920 3871 sus-

344 3912 544 3964 pensus
569 3898 624 3952 in
674 3899 844 3969 ligno.

413 4080 524 4130 (ζειν
572 4078 752 4144 igitur,
781 4079 981 4134 dixerit
1047 4079 1183 4135 forte
1240 4080 1526 4148 quispiam,
1579 4088 1804 4135 mortem
1851 4094 1914 4134 ex

347 4186 530 4222 nun-su
568 4169 766 4222 illatam
800 4171 1004 4237 depulit
1035 4185 1337 4237 suspensus
1383 4184 1630 4236 serpens,
1663 4185 1764 4226 nec
1821 4173 1920 4224 be-

344 4264 479 4314 stias
523 4262 642 4315 illas
677 4261 896 4330 majoris
943 4262 1192 4314 beneﬁcii
1243 4265 1417 4328 gratia
1483 4262 1726 4326 abstulit,
1791 4273 1921 4318 tunc

343 4353 563 4418 quidem
596 4352 798 4414 lsr:wli,
837 4367 980 4405 nunc
1005 4366 1133 4404 vero
1191 4368 1294 4405 non
1359 4353 1536 4408 minus
1584 4355 1742 4410 nobis
1789 4370 1919 4410 con-

345 4441 590 4494 ferendi?
625 4441 960 4508 Respundeo,
994 4440 1288 4502 Israelitas.
1315 4443 1455 4498 malo
1476 4455 1760 4512 praesente,
1804 4459 1918 4498 mo.

348 4532 608 4584 destiores
663 4542 716 4585 et
782 4532 1176 4586 tractaliiliores
1246 4533 1469 4589 ell'ectns
1498 4548 1652 4589 esse:
1695 4552 1793 4590 nos
1823 4553 1921 4589 att—
1956 4513 1997 4568 θ

351 4638 455 4678 tum
491 4640 586 4693 per
636 4641 696 4679 ea
753 4640 870 4694 qua:
921 4627 1374 4697 signiﬁcabantur
1430 4637 1494 4683 ad
1551 4629 1923 4685 sublimiorem

353 4720 470 4770 \ila!
498 4717 761 4771 rationem
790 4719 932 4782 duci,
960 4722 1263 4789 exemplum
1295 4721 1416 4775 vitae
1477 4722 1818 4776 instituenda:
1861 4738 1925 4777 ea

351 4823 471 4872 qua:
555 4810 1058 4880 praesigniﬁcantur,
1149 4813 1510 4882 suppeditant.
1583 4812 1925 4868 Manifestum

353 4901 497 4952 ιιιιὶιιι
529 4909 612 4954 est
643 4917 762 4965 nos,
796 4902 883 4971 qui
914 4918 1009 4970 per
1046 4920 1262 4959 crucem
1299 4904 1499 4958 servati
1530 4919 1745 4970 sumus,
1779 4921 1928 4960 mor-

357 5005 460 5044 tem
486 5006 550 5045 ex
602 4993 825 5062 antiqua
876 4995 962 5047 illa
1023 4997 1455 5063 transgressimie
1490 5007 1662 5050 ortam
1714 4999 1926 5064 penitus

354 5084 638 5155 ctl‘ugissc;
716 5102 837 5140 cum
898 5087 1114 5142 malitiae
1164 5103 1292 5142 vero
1351 5097 1595 5150 auctore,
1623 5099 1677 5142 et
1725 5105 1786 5141 ea
1811 5102 1930 5156 quae

356 5179 508 5230 i'arni
542 5182 796 5232 adversus
821 5181 1064 5246 spiritum
1107 5195 1321 5247 semper
1347 5179 1614 5234 incumbit
1671 5181 1932 5248 concupi-

357 5271 561 5321 St'ctllia
596 5267 778 5338 (quam
811 5268 941 5322 mihi
991 5271 1196 5338 reptilia
1239 5269 1328 5321 illa
1381 5268 1608 5323 innuere
1639 5268 1930 5338 videntur),

359 5373 675 5426 perpetuum
730 5360 948 5424 bellum,
983 5361 1162 5427 quoad
1211 5360 1316 5412 vita
1373 5359 1551 5422 durat,
1597 5374 1788 5428 gerere
1845 5364 1934 5413 de-

265 5445 274 5448 ’
360 5453 506 5515 bere,
553 5462 610 5504 ttt
641 5463 783 5506 metu
822 5453 1080 5523 gehennae
1115 5463 1169 5506 et
1211 5452 1482 5506 desiderio
1530 5454 1677 5522 regni
1743 5468 1930 5506 serve-

361 5558 480 5596 mus
504 5555 768 5614 praecepta
799 5545 921 5599 data
949 5554 1070 5615 post
1122 5545 1534 5614 reparationem,
1597 5546 1686 5612 qui
1741 5547 1927 5613 priuue

429 5722 472 5754 σι
503 5723 544 5778 ιι
581 5725 702 5784 Cor.
749 5743 801 5790 ν,
843 5729 928 5789 2t.
976 5727 1018 5759 ιυ
1059 5727 1192 5781 tum.
1241 5727 1283 5758 ηε
1314 5728 1482 5782 cuin.
1516 5745 1565 5794 ι’,
1602 5725 1692 5780 at.

1772 5727 1814 5756 "
1849 5727 1950 5783 ιω.
1987 5742 2104 5789 ιιιι,
2145 5727 2214 5792 9;
2249 5723 2265 5776 l
2303 5723 2447 5780 Pctr.
2483 5739 2541 5791 ιι,
2576 5720 2667 5778 ‘22.

2023 3256 2051 3308 ὅ
2075 3270 2239 3323 φησιν
2268 3256 2296 3306 6
2350 3253 2491 3314 θεῖος
2535 3252 2858 3314 Ἀπόστολος
2883 3267 2898 3282 ο
2935 3247 3460 3317 Ἀπεκδυσάμενος
3502 3249 3612 3313 τὰς

2022 3345 2214 3412 ἀρχὰς
2241 3342 2339 3397 καὶ
2372 3343 2476 3403 τὰς
2505 3343 2816 3408 ἐξουσίας,
2845 3340 3262 3410 ἐδειγμάτισεν
3290 3340 3360 3393 ἐν
3384 3341 3612 3406 uappa-

2023 3435 2150 3501 σΙᾳ,
2173 3435 2572 3500 θριαμϐεύσας
2601 3431 2790 3497 αὐτὰς
2813 3431 2884 3483 ἐν
2899 3428 3084 3494 αὐτῷ.
3105 3429 3372 3498 Καθάπερ
3393 3429 3499 3499 γάρ
3524 3447 3614 3492 τις

2025 3525 2265 3593 ἀθλητὴς
2295 3525 2541 3590 γενναῖος
2565 3563 2580 3587 ,
2611 3523 2739 3576 ὅταν
2773 3523 2869 3575 ἐπὶ
2916 3523 3196 3592 μετεώρου
3227 3522 3318 3574 τὸν
3355 3523 3490 3574 αντα
3503 3539 3610 3587 γω-

2026 3617 2214 3686 νιστὴν
2236 3616 2372 3686 ἄρας
2401 3615 2744 3687 καταρῤἀξῃ,
2774 3614 3165 3685 λαμπροτέραν
3190 3613 3481 3682 ἀποφαίνει
3509 3615 3612 3681 τὴν

2025 3707 2206 3776 νίκην·
2248 3706 2394 3758 οὓτω
2426 3706 2520 3758 καὶ
2544 3708 2572 3758 ὁ
2601 3707 2859 3775 Χριστὸς,
2899 3705 2998 3773 τῆς
3045 3706 3368 3774 οἰκουμένης
3395 3705 3610 3774 ὁρώσης

2025 3798 2263 3868 ἁπάσης,
2309 3798 2406 3860 τὰς
2436 3799 2817 3866 ἀντικειμένας
2862 3799 3124 3866 δυνάμεις
3170 3797 3461 3858 κατέϐαλε,
3513 3799 3611 3850 καὶ

2024 3891 2151 3954 τοὺς
2195 3891 2286 3943 ὑπ’
2323 3891 2548 3944 ἐκείνων
2582 3890 2890 3959 πληγέντας
2934 3891 3124 3944 ἰάσατο
3150 3891 3483 3960 κρεμασθεὶς
3514 3891 3611 3942 ἐπὶ

2027 3984 2211 4050 ξύλου.
2879 4050 2888 4065 1

2095 4076 2165 4129 Τί
2211 4076 2326 4139 οὖν,
2359 4079 2514 4148 φησι,
2560 4075 2650 4128 τὸν
2698 4075 2800 4142 μὲν
2838 4077 2902 4129 ἐκ
2955 4077 3233 4146 δήγματος
3285 4075 3605 4143 κατήργησε

2027 4169 2257 4222 θάνατον
2291 4171 2320 4220 6
2349 4168 2684 4238 κρεμασθεὶς
2714 4169 2856 4237 ὖφις,
2890 4169 2956 4221 τὰ
2983 4170 3148 4240 θηρία
3176 4169 3232 4221 δὲ
3273 4169 3371 4219 οὐκ
3401 4167 3611 4234 ἐξηφα-

2026 4277 2176 4313 νισεν
2233 4261 2559 4329 εὐεργεσίας
2603 4260 2764 4312 ἕνεκα
2811 4261 3080 4328 μείζονος,
3136 4260 3231 4313 καὶ
3269 4260 3345 4328 τῷ
3373 4259 3494 4310 τότε
3524 4258 3609 4327 τῷ

2038 4353 2275 4423 Ἰσραὴλ,
2310 4355 2405 4406 καὶ
2427 4353 2519 4404 νῦν
2541 4353 2598 4406 δὲ
2621 4353 2719 4422 οὐχ
2742 4347 2904 4423 ἦττον
2929 4355 3060 4421 ἡμῖν
3082 4369 3096 4416 ;
3127 4352 3190 4404 Οί
3225 4353 3322 4421 μὲν
3349 4352 3458 4418 γὰρ
3494 4368 3604 4402 σω-

2028 4445 2376 4514 φρονέστεροι
2397 4446 2488 4497 τοῦ
2517 4443 2688 4498 κακοῦ
2714 4443 2980 4513 παρόντος
3003 4443 3272 4511 ἐγένοντο,
3293 4443 3440 4511 ἡμᾶς
3469 4441 3608 4509 πρὸς

2029 4537 2368 4608 ὑψηλοτέραν
2415 4538 2539 4602 ἄγει
2586 4535 2703 4605 βίου
2758 4535 3094 4588 κατάστασιν
3145 4535 3215 4588 τὰ
3261 4531 3607 4601 τυπούμενα.

2029 4631 2196 4698 Δῆλον
2232 4631 2342 4699 γὰρ
2370 4630 2444 4691 ὡς
2467 4629 2554 4683 διὰ
2586 4628 2823 4696 σταυροῦ
2855 4627 3122 4686 σωθέντες
3151 4626 3242 4679 τὸν
3279 4625 3377 4695 μὲν
3410 4627 3475 4676 ὲκ
3507 4624 3610 4689 τῆς

2029 4722 2261 4793 ἀρχαίας
2296 4720 2661 4791 παραϐάσεως
2694 4717 2934 4787 παντελῆ
2963 4717 3324 4787 πεφεύγαμεν
3357 4716 3612 4780 θάνατον,

2032 4819 2168 4887 πρὸς
2200 4816 2257 4868 δὲ
2279 4815 2370 4865 τὸν
2401 4813 2645 4883 ἀρχηγὸν
2673 4811 2772 4880 τῆς
2802 4811 3001 4875 κακίας
3032 4809 3125 4863 καὶ
3157 4811 3257 4880 τὴν
3283 4810 3615 4878 ὲγκειμένην

2031 4911 2096 4977 τῇ
2126 4910 2291 4975 σαρκὶ
2321 4905 2465 4958 κατὰ
2490 4903 2586 4956 τοῦ
2613 4902 2926 4969 πνεύματος
2955 4902 3253 4970 ἐπιθυμίαν
3295 4901 3429 4969 (καὶ
3475 4901 3615 4954 ταύ-

2029 5017 2131 5070 την
2175 5000 2282 5065 γάρ
2325 5015 2416 5066 μοι
2441 4997 2590 5049 δοκεῖ
2635 4995 2706 5048 τὰ
2740 4995 2905 5064 θηρία
2933 4993 3320 5060 αἰνίττεσθαι),
3353 4991 3616 5060 πολεμεῖν

2032 5094 2320 5162 ὀφείλομεν
2351 5093 2436 5145 διὰ
2467 5089 2583 5160 βίου
2614 5129 2629 5155 ,
2665 5091 2762 5142 καὶ
2795 5088 3097 5158 μάχεσθαι,
3133 5089 3210 5144 ὼς
3243 5087 3310 5141 ἂν
3337 5087 3488 5156 φόϐῳ
3514 5085 3617 5154 τῆς

2034 5186 2288 5253 γεέννης.
2317 5181 2410 5234 καὶ
2442 5179 2594 5248 πόθῳ
2625 5179 2722 5246 τῆς
2753 5177 3034 5247 βασιλείας
3062 5178 3320 5246 τηρῶμεν
3346 5176 3445 5237 τὰς
3474 5177 3624 5226 ἐντο-

2033 5276 2132 5338 λὰς
2175 5277 2274 5344 τῆς
2319 5272 2698 5336 ἀναπλάσεως,
2742 5271 2794 5322 οῑ
2827 5271 2924 5340 τῆς
2972 5269 3196 5339 πρώτης
3239 5267 3490 5328 πλάσεως
3519 5265 3624 5334 τὴν

2031 5365 2251 5432 ἐντολὴν
2298 5362 2374 5430 μὴ
2416 5360 2753 5428 φυλάξαντες
2801 5359 2881 5422 είς
2910 5360 3216 5413 ἀπόλαυσιν
3269 5358 3370 5425 τῆς
3412 5357 3624 5410 ἀκατα-

2031 5455 2232 5525 λήκτου
2264 5454 2431 5520 ζωῆς.
2487 5451 2645 5506 Οὕτω
2686 5453 2787 5522 τὴν
2820 5455 2885 5506 ὲκ
2920 5452 3014 5506 τοῦ
3045 5450 3258 5520 χλωροῦ
3287 5449 3448 5515 ξύλου
3492 5448 3624 5516 βλα-

2029 5549 2308 5616 στήσασαν
2333 5548 2428 5615 τῆς
2456 5545 2792 5615 ἡδυπαθείας
2812 5549 3106 5616 πυρκαϊὰν,
3136 5546 3196 5611 ξη
3209 5545 3296 5612 ρὸν
3313 5544 3503 5596 ἓσῦεσε
3524 5540 3622 5593 τοῦ

2749 5723 2794 5756 ⁵⁸
2829 5721 3038 5779 Coloss.
3096 5737 3157 5787 ιι,
3195 5720 3275 5776 l5.
