  <div class='ocr_page' id='page_1' title='image "/cluster/home/n/w/nwhite01/storage/ocr_20150623/150/hvd.32044073498826/116.png"; bbox 0 0 3930 6204; ppageno 0'>
   <div class='ocr_carea' id='block_1_1' title="bbox 311 332 2508 401">
    <p class='ocr_par' dir='ltr' id='par_1_1' title="bbox 311 332 2508 401">
     <span class='ocr_line' id='line_1_1' title="bbox 311 332 2508 401; baseline 0.003 -8"><span class='ocrx_word' id='word_1_1' title='bbox 311 332 403 394; x_wconf 72' lang='grc' dir='ltr'><strong>2Ξῖ</strong></span> <span class='ocrx_word' id='word_1_2' title='bbox 1357 339 1434 397; x_wconf 78' lang='lat' dir='ltr'><strong>IN</strong></span> <span class='ocrx_word' id='word_1_3' title='bbox 1473 338 2071 399; x_wconf 68' lang='lat' dir='ltr'><strong>EXAL&#39;l‘A&#39;l‘lONEM</strong></span> <span class='ocrx_word' id='word_1_4' title='bbox 2109 338 2164 401; x_wconf 91' lang='lat' dir='ltr'><strong>S.</strong></span> <span class='ocrx_word' id='word_1_5' title='bbox 2211 337 2508 399; x_wconf 68' lang='lat' dir='ltr'><strong>CHUCIS.</strong></span> 
     </span>
    </p>
   </div>
   <div class='ocr_carea' id='block_1_2' title="bbox 3475 337 3584 398">
    <p class='ocr_par' dir='ltr' id='par_1_2' title="bbox 3475 337 3584 398">
     <span class='ocr_line' id='line_1_2' title="bbox 3475 337 3584 398; baseline -0.018 0"><span class='ocrx_word' id='word_1_6' title='bbox 3475 337 3584 398; x_wconf 68' lang='lat'><strong>9‘32</strong></span> 
     </span>
    </p>
   </div>
   <div class='ocr_carea' id='block_1_3' title="bbox 315 448 1887 521">
    <p class='ocr_par' dir='ltr' id='par_1_3' title="bbox 315 448 1887 520">
     <span class='ocr_line' id='line_1_3' title="bbox 315 448 1887 520; baseline 0.001 -19"><span class='ocrx_word' id='word_1_7' title='bbox 315 449 545 518; x_wconf 79' lang='grc' dir='ltr'>σταυροῦ</span> <span class='ocrx_word' id='word_1_8' title='bbox 581 449 738 514; x_wconf 80' lang='grc' dir='ltr'>ξύλον</span> <span class='ocrx_word' id='word_1_9' title='bbox 763 464 778 480; x_wconf 74' lang='grc'>⁸</span> <span class='ocrx_word' id='word_1_10' title='bbox 812 448 961 502; x_wconf 68' lang='grc' dir='ltr'>οὕτω</span> <span class='ocrx_word' id='word_1_11' title='bbox 1004 451 1096 502; x_wconf 86' lang='grc' dir='ltr'><strong>τδν</strong></span> <span class='ocrx_word' id='word_1_12' title='bbox 1131 450 1197 502; x_wconf 81' lang='grc' dir='ltr'>ὲκ</span> <span class='ocrx_word' id='word_1_13' title='bbox 1248 450 1342 503; x_wconf 79' lang='grc' dir='ltr'>τοῦ</span> <span class='ocrx_word' id='word_1_14' title='bbox 1375 451 1575 514; x_wconf 70' lang='grc' dir='ltr'>ζῶντος</span> <span class='ocrx_word' id='word_1_15' title='bbox 1607 453 1782 520; x_wconf 76' lang='grc' dir='ltr'>ὅφεως</span> <span class='ocrx_word' id='word_1_16' title='bbox 1825 451 1887 505; x_wconf 64' lang='lat' dir='ltr'><strong>lbi</strong></span> 
     </span>
    </p>
   </div>
   <div class='ocr_carea' id='block_1_4' title="bbox 1995 448 3582 521">
    <p class='ocr_par' dir='ltr' id='par_1_4' title="bbox 2007 450 3582 521">
     <span class='ocr_line' id='line_1_4' title="bbox 2007 450 3582 521; baseline 0.001 -15"><span class='ocrx_word' id='word_1_17' title='bbox 2007 453 2297 507; x_wconf 80' lang='lat' dir='ltr'><strong>creutionis</strong></span> <span class='ocrx_word' id='word_1_18' title='bbox 2361 460 2690 521; x_wconf 68' lang='lat' dir='ltr'><strong>prmeeptum</strong></span> <span class='ocrx_word' id='word_1_19' title='bbox 2735 465 2842 505; x_wconf 89' lang='lat' dir='ltr'><strong>non</strong></span> <span class='ocrx_word' id='word_1_20' title='bbox 2921 450 3356 516; x_wconf 74' lang='lat' dir='ltr'><strong>observavimus,</strong></span> <span class='ocrx_word' id='word_1_21' title='bbox 3418 451 3582 521; x_wconf 81' lang='lat' dir='ltr'><strong>idque</strong></span> 
     </span>
    </p>
   </div>
   <div class='ocr_carea' id='block_1_5' title="bbox 311 543 1892 615">
    <p class='ocr_par' dir='ltr' id='par_1_5' title="bbox 311 543 1892 615">
     <span class='ocr_line' id='line_1_5' title="bbox 311 543 1892 615; baseline 0.003 -21"><span class='ocrx_word' id='word_1_22' title='bbox 311 543 691 613; x_wconf 69' lang='grc' dir='ltr'>ἡνεκρωθεῖσα</span> <span class='ocrx_word' id='word_1_23' title='bbox 711 545 777 597; x_wconf 78' lang='grc' dir='ltr'>δι’</span> <span class='ocrx_word' id='word_1_24' title='bbox 792 545 890 612; x_wconf 77' lang='grc' dir='ltr'><strong>ἐμὲ</strong></span> <span class='ocrx_word' id='word_1_25' title='bbox 917 543 1054 615; x_wconf 75' lang='grc' dir='ltr'>σὰρξ</span> <span class='ocrx_word' id='word_1_26' title='bbox 1071 545 1365 612; x_wconf 80' lang='grc' dir='ltr'>ὲνέκρωσε,</span> <span class='ocrx_word' id='word_1_27' title='bbox 1385 547 1480 597; x_wconf 76' lang='grc' dir='ltr'>καὶ</span> <span class='ocrx_word' id='word_1_28' title='bbox 1501 548 1576 612; x_wconf 67' lang='grc' dir='ltr'><strong>τςῖ)</strong></span> <span class='ocrx_word' id='word_1_29' title='bbox 1601 546 1892 599; x_wconf 81' lang='grc' dir='ltr'><strong>πεπονθότι</strong></span> 
     </span>
    </p>
   </div>
   <div class='ocr_carea' id='block_1_6' title="bbox 311 635 1894 708">
    <p class='ocr_par' dir='ltr' id='par_1_6' title="bbox 311 635 1894 708">
     <span class='ocr_line' id='line_1_6' title="bbox 311 635 1894 708; baseline 0.004 -22"><span class='ocrx_word' id='word_1_30' title='bbox 311 635 402 702; x_wconf 77' lang='grc' dir='ltr'><strong>τὴν</strong></span> <span class='ocrx_word' id='word_1_31' title='bbox 432 636 704 689; x_wconf 76' lang='grc' dir='ltr'>ἀπάθειαν</span> <span class='ocrx_word' id='word_1_32' title='bbox 729 637 1063 706; x_wconf 77' lang='grc' dir='ltr'>ἐδωρήσατο.</span> <span class='ocrx_word' id='word_1_33' title='bbox 1101 637 1233 690; x_wconf 78' lang='grc' dir='ltr'>Οὐδὲ</span> <span class='ocrx_word' id='word_1_34' title='bbox 1258 639 1368 708; x_wconf 72' lang='grc' dir='ltr'><strong>γὰρ</strong></span> <span class='ocrx_word' id='word_1_35' title='bbox 1396 639 1622 708; x_wconf 74' lang='grc' dir='ltr'>ἔμελλεν</span> <span class='ocrx_word' id='word_1_36' title='bbox 1653 639 1894 692; x_wconf 77' lang='grc' dir='ltr'>ἀθάνατα</span> 
     </span>
    </p>
   </div>
   <div class='ocr_carea' id='block_1_7' title="bbox 315 725 1894 800">
    <p class='ocr_par' dir='ltr' id='par_1_7' title="bbox 315 725 1894 800">
     <span class='ocr_line' id='line_1_7' title="bbox 315 725 1894 800; baseline 0.004 -23"><span class='ocrx_word' id='word_1_37' title='bbox 315 725 616 793; x_wconf 77' lang='grc' dir='ltr'><strong>βασιλεύειν</strong></span> <span class='ocrx_word' id='word_1_38' title='bbox 642 729 669 780; x_wconf 85' lang='grc' dir='ltr'>ὁ</span> <span class='ocrx_word' id='word_1_39' title='bbox 695 727 924 789; x_wconf 78' lang='grc' dir='ltr'>θάνατος</span> <span class='ocrx_word' id='word_1_40' title='bbox 947 744 959 756; x_wconf 72' lang='grc'><strong><em>⁸</em></strong></span> <span class='ocrx_word' id='word_1_41' title='bbox 993 726 1079 780; x_wconf 72' lang='grc' dir='ltr'>διὰ</span> <span class='ocrx_word' id='word_1_42' title='bbox 1107 730 1338 782; x_wconf 74' lang='grc' dir='ltr'>θανάτου</span> <span class='ocrx_word' id='word_1_43' title='bbox 1363 731 1420 782; x_wconf 74' lang='grc' dir='ltr'>δὲ</span> <span class='ocrx_word' id='word_1_44' title='bbox 1444 731 1644 800; x_wconf 65' lang='grc' dir='ltr'>μᾶλλον</span> <span class='ocrx_word' id='word_1_45' title='bbox 1669 731 1777 784; x_wconf 84' lang='grc' dir='ltr'>ἔδει</span> <span class='ocrx_word' id='word_1_46' title='bbox 1801 733 1894 784; x_wconf 70' lang='grc' dir='ltr'>καὶ</span> 
     </span>
    </p>
   </div>
   <div class='ocr_carea' id='block_1_8' title="bbox 311 817 1892 892">
    <p class='ocr_par' dir='ltr' id='par_1_8' title="bbox 311 817 1892 892">
     <span class='ocr_line' id='line_1_8' title="bbox 311 817 1892 892; baseline 0.004 -24"><span class='ocrx_word' id='word_1_47' title='bbox 311 818 496 870; x_wconf 73' lang='grc' dir='ltr'>τοῦτον</span> <span class='ocrx_word' id='word_1_48' title='bbox 543 817 822 880; x_wconf 77' lang='grc' dir='ltr'>τεθνάναι,</span> <span class='ocrx_word' id='word_1_49' title='bbox 873 817 901 870; x_wconf 84' lang='grc' dir='ltr'>ὃ</span> <span class='ocrx_word' id='word_1_50' title='bbox 931 817 994 886; x_wconf 84' lang='grc' dir='ltr'><strong>δὴ</strong></span> <span class='ocrx_word' id='word_1_51' title='bbox 1026 820 1121 870; x_wconf 67' lang='grc' dir='ltr'><strong>καὶ</strong></span> <span class='ocrx_word' id='word_1_52' title='bbox 1153 819 1399 888; x_wconf 84' lang='grc' dir='ltr'>γέγονεν,</span> <span class='ocrx_word' id='word_1_53' title='bbox 1455 822 1680 891; x_wconf 79' lang='grc' dir='ltr'>ἀρρήτῳ</span> <span class='ocrx_word' id='word_1_54' title='bbox 1727 823 1892 892; x_wconf 74' lang='grc' dir='ltr'>σοφία</span> 
     </span>
    </p>
   </div>
   <div class='ocr_carea' id='block_1_9' title="bbox 314 908 1890 982">
    <p class='ocr_par' dir='ltr' id='par_1_9' title="bbox 314 908 1890 982">
     <span class='ocr_line' id='line_1_9' title="bbox 314 908 1890 982; baseline 0.005 -22"><span class='ocrx_word' id='word_1_55' title='bbox 314 908 402 960; x_wconf 74' lang='grc' dir='ltr'>τοῦ</span> <span class='ocrx_word' id='word_1_56' title='bbox 452 911 629 963; x_wconf 74' lang='grc' dir='ltr'>πάντα</span> <span class='ocrx_word' id='word_1_57' title='bbox 663 911 964 980; x_wconf 77' lang='grc' dir='ltr'><strong>δυναμένου</strong></span> <span class='ocrx_word' id='word_1_58' title='bbox 1001 911 1159 965; x_wconf 82' lang='grc' dir='ltr'>Θεοῦ.</span> <span class='ocrx_word' id='word_1_59' title='bbox 1207 911 1295 974; x_wconf 80' lang='grc' dir='ltr'>Ὠς</span> <span class='ocrx_word' id='word_1_60' title='bbox 1329 915 1438 980; x_wconf 82' lang='grc' dir='ltr'><strong>γὰρ</strong></span> <span class='ocrx_word' id='word_1_61' title='bbox 1470 913 1596 967; x_wconf 83' lang='grc' dir='ltr'>ἔνθα</span> <span class='ocrx_word' id='word_1_62' title='bbox 1625 914 1740 982; x_wconf 73' lang='grc' dir='ltr'><strong>φῶς</strong></span> <span class='ocrx_word' id='word_1_63' title='bbox 1769 917 1890 968; x_wconf 72' lang='grc' dir='ltr'>ἑπι-</span> 
     </span>
    </p>
   </div>
   <div class='ocr_carea' id='block_1_10' title="bbox 313 999 1893 1074">
    <p class='ocr_par' dir='ltr' id='par_1_10' title="bbox 313 999 1893 1074">
     <span class='ocr_line' id='line_1_10' title="bbox 313 999 1893 1074; baseline 0.006 -26"><span class='ocrx_word' id='word_1_64' title='bbox 313 999 525 1069; x_wconf 65' lang='grc' dir='ltr'>ιὰμψῃ,</span> <span class='ocrx_word' id='word_1_65' title='bbox 569 1002 812 1069; x_wconf 83' lang='grc' dir='ltr'>ἀχρόνως</span> <span class='ocrx_word' id='word_1_66' title='bbox 857 1003 1153 1070; x_wconf 75' lang='grc' dir='ltr'><strong>ἠφάνισται</strong></span> <span class='ocrx_word' id='word_1_67' title='bbox 1204 1005 1418 1066; x_wconf 90' lang='grc' dir='ltr'>σκότος,</span> <span class='ocrx_word' id='word_1_68' title='bbox 1464 1004 1606 1056; x_wconf 77' lang='grc' dir='ltr'>οὕτω</span> <span class='ocrx_word' id='word_1_69' title='bbox 1647 1007 1741 1058; x_wconf 82' lang='grc' dir='ltr'>καὶ</span> <span class='ocrx_word' id='word_1_70' title='bbox 1790 1007 1893 1074; x_wconf 77' lang='grc' dir='ltr'><strong>τῆς</strong></span> 
     </span>
    </p>
   </div>
   <div class='ocr_carea' id='block_1_11' title="bbox 308 1091 1890 1170">
    <p class='ocr_par' dir='ltr' id='par_1_11' title="bbox 308 1091 1890 1170">
     <span class='ocr_line' id='line_1_11' title="bbox 308 1091 1890 1170; baseline 0.005 -27"><span class='ocrx_word' id='word_1_71' title='bbox 308 1091 513 1159; x_wconf 67' lang='grc' dir='ltr'>ςοορὶς</span> <span class='ocrx_word' id='word_1_72' title='bbox 541 1094 759 1163; x_wconf 73' lang='grc' dir='ltr'>ὄλεθρος</span> <span class='ocrx_word' id='word_1_73' title='bbox 781 1095 1026 1161; x_wconf 77' lang='grc' dir='ltr'>γέγονεν.</span> <span class='ocrx_word' id='word_1_74' title='bbox 1054 1095 1186 1148; x_wconf 78' lang='grc' dir='ltr'>ὅπου</span> <span class='ocrx_word' id='word_1_75' title='bbox 1214 1095 1446 1166; x_wconf 77' lang='grc' dir='ltr'>Χριστὸς</span> <span class='ocrx_word' id='word_1_76' title='bbox 1472 1098 1502 1166; x_wconf 83' lang='grc' dir='ltr'>ἡ</span> <span class='ocrx_word' id='word_1_77' title='bbox 1531 1097 1750 1150; x_wconf 76' lang='grc' dir='ltr'>πάντων</span> <span class='ocrx_word' id='word_1_78' title='bbox 1775 1099 1890 1170; x_wconf 77' lang='grc' dir='ltr'>ζωὴ</span> 
     </span>
    </p>
   </div>
   <div class='ocr_carea' id='block_1_12' title="bbox 307 1180 1890 1258">
    <p class='ocr_par' dir='ltr' id='par_1_12' title="bbox 307 1180 1890 1258">
     <span class='ocr_line' id='line_1_12' title="bbox 307 1180 1890 1258; baseline 0.006 -23"><span class='ocrx_word' id='word_1_79' title='bbox 307 1187 706 1254; x_wconf 79' lang='grc' dir='ltr'>παραγέγονεν.</span> <span class='ocrx_word' id='word_1_80' title='bbox 761 1187 903 1239; x_wconf 78' lang='grc' dir='ltr'><strong>Ἀλλ’</strong></span> <span class='ocrx_word' id='word_1_81' title='bbox 960 1180 1102 1240; x_wconf 71' lang='grc' dir='ltr'>οὕτω</span> <span class='ocrx_word' id='word_1_82' title='bbox 1143 1191 1245 1257; x_wconf 80' lang='grc' dir='ltr'>μὲν</span> <span class='ocrx_word' id='word_1_83' title='bbox 1293 1190 1490 1252; x_wconf 77' lang='grc' dir='ltr'>ταῦτα,</span> <span class='ocrx_word' id='word_1_84' title='bbox 1525 1192 1619 1242; x_wconf 75' lang='grc' dir='ltr'>καὶ</span> <span class='ocrx_word' id='word_1_85' title='bbox 1659 1194 1686 1244; x_wconf 84' lang='grc' dir='ltr'>ὁ</span> <span class='ocrx_word' id='word_1_86' title='bbox 1733 1193 1890 1258; x_wconf 74' lang='grc' dir='ltr'>λόγος</span> 
     </span>
    </p>
   </div>
   <div class='ocr_carea' id='block_1_13' title="bbox 305 1275 1890 1352">
    <p class='ocr_par' dir='ltr' id='par_1_13' title="bbox 305 1275 1890 1352">
     <span class='ocr_line' id='line_1_13' title="bbox 305 1275 1890 1352; baseline 0.006 -26"><span class='ocrx_word' id='word_1_87' title='bbox 305 1275 410 1326; x_wconf 81' lang='grc' dir='ltr'><strong>τῶν</strong></span> <span class='ocrx_word' id='word_1_88' title='bbox 459 1277 602 1327; x_wconf 68' lang='grc' dir='ltr'>κατὰ</span> <span class='ocrx_word' id='word_1_89' title='bbox 649 1277 851 1330; x_wconf 80' lang='grc' dir='ltr'>Μωσέα</span> <span class='ocrx_word' id='word_1_90' title='bbox 884 1278 1239 1345; x_wconf 72' lang='grc' dir='ltr'><strong>Θαυμασίων,</strong></span> <span class='ocrx_word' id='word_1_91' title='bbox 1279 1279 1382 1332; x_wconf 80' lang='grc' dir='ltr'>ὅσα</span> <span class='ocrx_word' id='word_1_92' title='bbox 1437 1280 1747 1348; x_wconf 88' lang='grc' dir='ltr'>προετύπου</span> <span class='ocrx_word' id='word_1_93' title='bbox 1790 1283 1890 1352; x_wconf 83' lang='grc' dir='ltr'><strong>τὴν</strong></span> 
     </span>
    </p>
   </div>
   <div class='ocr_carea' id='block_1_14' title="bbox 307 1368 1888 1442">
    <p class='ocr_par' dir='ltr' id='par_1_14' title="bbox 307 1368 1888 1442">
     <span class='ocr_line' id='line_1_14' title="bbox 307 1368 1888 1442; baseline 0.006 -26"><span class='ocrx_word' id='word_1_94' title='bbox 307 1368 605 1437; x_wconf 75' lang='grc' dir='ltr'>σταυρικὴν</span> <span class='ocrx_word' id='word_1_95' title='bbox 627 1369 782 1434; x_wconf 78' lang='grc' dir='ltr'>δόξαν</span> <span class='ocrx_word' id='word_1_96' title='bbox 815 1369 1124 1436; x_wconf 82' lang='grc' dir='ltr'>διεξελθὼν,</span> <span class='ocrx_word' id='word_1_97' title='bbox 1147 1374 1227 1434; x_wconf 87' lang='grc' dir='ltr'>είς</span> <span class='ocrx_word' id='word_1_98' title='bbox 1257 1371 1407 1425; x_wconf 77' lang='grc' dir='ltr'>τοῦθ’</span> <span class='ocrx_word' id='word_1_99' title='bbox 1429 1374 1576 1442; x_wconf 77' lang='grc' dir='ltr'>ἡμᾶς</span> <span class='ocrx_word' id='word_1_100' title='bbox 1597 1373 1888 1427; x_wconf 77' lang='grc' dir='ltr'>ἁνεὸίὸασε</span> 
     </span>
    </p>
   </div>
   <div class='ocr_carea' id='block_1_15' title="bbox 305 1461 929 1533">
    <p class='ocr_par' dir='ltr' id='par_1_15' title="bbox 305 1461 929 1533">
     <span class='ocr_line' id='line_1_15' title="bbox 305 1461 929 1533; baseline 0.011 -22"><span class='ocrx_word' id='word_1_101' title='bbox 305 1462 362 1512; x_wconf 77' lang='grc' dir='ltr'><strong>τὸ</strong></span> <span class='ocrx_word' id='word_1_102' title='bbox 392 1461 491 1529; x_wconf 78' lang='grc' dir='ltr'>τῆς</span> <span class='ocrx_word' id='word_1_103' title='bbox 525 1462 755 1530; x_wconf 80' lang='grc' dir='ltr'><strong>Θεωρίας</strong></span> <span class='ocrx_word' id='word_1_104' title='bbox 781 1463 929 1533; x_wconf 82' lang='grc' dir='ltr'>ὅρος.</span> 
     </span>
    </p>
   </div>
   <div class='ocr_carea' id='block_1_16' title="bbox 2000 543 3576 614">
    <p class='ocr_par' dir='ltr' id='par_1_16' title="bbox 2000 543 3576 614">
     <span class='ocr_line' id='line_1_16' title="bbox 2000 543 3576 614; baseline 0 -16"><span class='ocrx_word' id='word_1_105' title='bbox 2000 547 2340 614; x_wconf 66' lang='lat' dir='ltr'><strong>sempiternae</strong></span> <span class='ocrx_word' id='word_1_106' title='bbox 2374 555 2428 599; x_wconf 87' lang='lat' dir='ltr'><strong>et</strong></span> <span class='ocrx_word' id='word_1_107' title='bbox 2477 544 2834 598; x_wconf 81' lang='lat' dir='ltr'><strong>indesinentis</strong></span> <span class='ocrx_word' id='word_1_108' title='bbox 2865 543 2992 596; x_wconf 71' lang='lat' dir='ltr'><strong>vita:</strong></span> <span class='ocrx_word' id='word_1_109' title='bbox 3041 543 3406 612; x_wconf 75' lang='lat' dir='ltr'><strong>adipiscenda:</strong></span> <span class='ocrx_word' id='word_1_110' title='bbox 3448 561 3576 613; x_wconf 83' lang='lat' dir='ltr'><strong>gra-</strong></span> 
     </span>
    </p>
   </div>
   <div class='ocr_carea' id='block_1_17' title="bbox 2003 631 3575 701">
    <p class='ocr_par' dir='ltr' id='par_1_17' title="bbox 2003 631 3575 701">
     <span class='ocr_line' id='line_1_17' title="bbox 2003 631 3575 701; baseline 0 -15"><span class='ocrx_word' id='word_1_111' title='bbox 2003 635 2097 687; x_wconf 81' lang='lat' dir='ltr'><strong>tia.</strong></span> <span class='ocrx_word' id='word_1_112' title='bbox 2164 634 2255 686; x_wconf 82' lang='lat' dir='ltr'><strong>Sic</strong></span> <span class='ocrx_word' id='word_1_113' title='bbox 2289 633 2576 701; x_wconf 74' lang='lat' dir='ltr'><strong>voluptatis</strong></span> <span class='ocrx_word' id='word_1_114' title='bbox 2609 631 2944 700; x_wconf 70' lang='lat' dir='ltr'><strong>incendium,</strong></span> <span class='ocrx_word' id='word_1_115' title='bbox 2972 647 3041 685; x_wconf 76' lang='lat' dir='ltr'><strong>ex</strong></span> <span class='ocrx_word' id='word_1_116' title='bbox 3075 632 3229 686; x_wconf 74' lang='lat' dir='ltr'><strong>viridi</strong></span> <span class='ocrx_word' id='word_1_117' title='bbox 3269 631 3413 699; x_wconf 79' lang='lat' dir='ltr'><strong>ligno</strong></span> <span class='ocrx_word' id='word_1_118' title='bbox 3445 650 3575 686; x_wconf 87' lang='lat' dir='ltr'><strong>ena-</strong></span> 
     </span>
    </p>
   </div>
   <div class='ocr_carea' id='block_1_18' title="bbox 2002 724 3578 792">
    <p class='ocr_par' dir='ltr' id='par_1_18' title="bbox 2002 724 3578 792">
     <span class='ocr_line' id='line_1_18' title="bbox 2002 724 3578 792; baseline -0.002 -12"><span class='ocrx_word' id='word_1_119' title='bbox 2002 735 2136 789; x_wconf 87' lang='lat' dir='ltr'><strong>tum,</strong></span> <span class='ocrx_word' id='word_1_120' title='bbox 2162 725 2340 779; x_wconf 90' lang='lat' dir='ltr'><strong>crucis</strong></span> <span class='ocrx_word' id='word_1_121' title='bbox 2380 726 2588 778; x_wconf 85' lang='lat' dir='ltr'><strong>aridum</strong></span> <span class='ocrx_word' id='word_1_122' title='bbox 2622 724 2824 792; x_wconf 78' lang='lat' dir='ltr'><strong>lignum</strong></span> <span class='ocrx_word' id='word_1_123' title='bbox 2853 727 3111 777; x_wconf 77' lang='lat' dir='ltr'><strong>exstinxit</strong></span> <span class='ocrx_word' id='word_1_124' title='bbox 3137 742 3152 790; x_wconf 86' lang='lat'><strong>;</strong></span> <span class='ocrx_word' id='word_1_125' title='bbox 3209 727 3289 780; x_wconf 90' lang='lat' dir='ltr'><strong>sic</strong></span> <span class='ocrx_word' id='word_1_126' title='bbox 3318 727 3420 779; x_wconf 83' lang='lat' dir='ltr'><strong>vivi</strong></span> <span class='ocrx_word' id='word_1_127' title='bbox 3463 743 3578 779; x_wconf 83' lang='lat' dir='ltr'><strong>ser—</strong></span> 
     </span>
    </p>
   </div>
   <div class='ocr_carea' id='block_1_19' title="bbox 1999 820 3578 890">
    <p class='ocr_par' dir='ltr' id='par_1_19' title="bbox 1999 820 3578 890">
     <span class='ocr_line' id='line_1_19' title="bbox 1999 820 3578 890; baseline -0.001 -16"><span class='ocrx_word' id='word_1_128' title='bbox 1999 821 2178 890; x_wconf 88' lang='lat' dir='ltr'><strong>pentis</strong></span> <span class='ocrx_word' id='word_1_129' title='bbox 2213 835 2481 875; x_wconf 82' lang='lat' dir='ltr'><strong>venenum</strong></span> <span class='ocrx_word' id='word_1_130' title='bbox 2512 820 2791 874; x_wconf 79' lang='lat' dir='ltr'><strong>interfecta</strong></span> <span class='ocrx_word' id='word_1_131' title='bbox 2849 829 3069 886; x_wconf 89' lang='lat' dir='ltr'><strong>propter</strong></span> <span class='ocrx_word' id='word_1_132' title='bbox 3126 835 3210 874; x_wconf 90' lang='lat' dir='ltr'><strong>me</strong></span> <span class='ocrx_word' id='word_1_133' title='bbox 3248 836 3376 873; x_wconf 81' lang='lat' dir='ltr'><strong>caro</strong></span> <span class='ocrx_word' id='word_1_134' title='bbox 3408 822 3578 874; x_wconf 76' lang='lat' dir='ltr'><strong>inter-</strong></span> 
     </span>
    </p>
   </div>
   <div class='ocr_carea' id='block_1_20' title="bbox 1998 911 3578 980">
    <p class='ocr_par' dir='ltr' id='par_1_20' title="bbox 1998 911 3578 980">
     <span class='ocr_line' id='line_1_20' title="bbox 1998 911 3578 980; baseline 0 -16"><span class='ocrx_word' id='word_1_135' title='bbox 1998 911 2148 976; x_wconf 80' lang='lat' dir='ltr'><strong>fecit,</strong></span> <span class='ocrx_word' id='word_1_136' title='bbox 2189 921 2246 967; x_wconf 91' lang='lat' dir='ltr'><strong>et</strong></span> <span class='ocrx_word' id='word_1_137' title='bbox 2268 912 2315 965; x_wconf 72' lang='lat' dir='ltr'><strong>ei</strong></span> <span class='ocrx_word' id='word_1_138' title='bbox 2340 911 2428 979; x_wconf 87' lang='lat' dir='ltr'><strong>qui</strong></span> <span class='ocrx_word' id='word_1_139' title='bbox 2477 911 2752 965; x_wconf 74' lang='lat' dir='ltr'><strong>cruciatus</strong></span> <span class='ocrx_word' id='word_1_140' title='bbox 2785 912 2902 964; x_wconf 90' lang='lat' dir='ltr'><strong>illos</strong></span> <span class='ocrx_word' id='word_1_141' title='bbox 2951 913 3140 977; x_wconf 90' lang='lat' dir='ltr'><strong>subiit,</strong></span> <span class='ocrx_word' id='word_1_142' title='bbox 3197 913 3578 980; x_wconf 81' lang='lat' dir='ltr'><strong>impatihilita-</strong></span> 
     </span>
    </p>
   </div>
   <div class='ocr_carea' id='block_1_21' title="bbox 1995 1003 3576 1073">
    <p class='ocr_par' dir='ltr' id='par_1_21' title="bbox 1995 1003 3576 1073">
     <span class='ocr_line' id='line_1_21' title="bbox 1995 1003 3576 1073; baseline 0 -15"><span class='ocrx_word' id='word_1_143' title='bbox 1995 1013 2101 1058; x_wconf 74' lang='lat' dir='ltr'><strong>tetu</strong></span> <span class='ocrx_word' id='word_1_144' title='bbox 2135 1005 2300 1058; x_wconf 82' lang='lat' dir='ltr'><strong>dedit.</strong></span> <span class='ocrx_word' id='word_1_145' title='bbox 2331 1003 2515 1073; x_wconf 78' lang='lat' dir='ltr'><strong>Neque</strong></span> <span class='ocrx_word' id='word_1_146' title='bbox 2556 1005 2699 1056; x_wconf 84' lang='lat' dir='ltr'><strong>enim</strong></span> <span class='ocrx_word' id='word_1_147' title='bbox 2755 1004 2944 1058; x_wconf 83' lang='lat' dir='ltr'><strong>mortis</strong></span> <span class='ocrx_word' id='word_1_148' title='bbox 2987 1005 3270 1073; x_wconf 87' lang='lat' dir='ltr'><strong>imperium</strong></span> <span class='ocrx_word' id='word_1_149' title='bbox 3339 1004 3576 1058; x_wconf 83' lang='lat' dir='ltr'><strong>futurum</strong></span> 
     </span>
    </p>
   </div>
   <div class='ocr_carea' id='block_1_22' title="bbox 1995 1094 3580 1165">
    <p class='ocr_par' dir='ltr' id='par_1_22' title="bbox 1995 1094 3580 1165">
     <span class='ocr_line' id='line_1_22' title="bbox 1995 1094 3580 1165; baseline -0.001 -16"><span class='ocrx_word' id='word_1_150' title='bbox 1995 1105 2113 1149; x_wconf 83' lang='lat' dir='ltr'><strong>erat</strong></span> <span class='ocrx_word' id='word_1_151' title='bbox 2138 1095 2634 1165; x_wconf 86' lang='lat' dir='ltr'><strong>perpetuum:imo</strong></span> <span class='ocrx_word' id='word_1_152' title='bbox 2686 1109 2897 1162; x_wconf 53' lang='lat' dir='ltr'><strong>aequum</strong></span> <span class='ocrx_word' id='word_1_153' title='bbox 2967 1103 3108 1158; x_wconf 85' lang='lat' dir='ltr'><strong>eral,</strong></span> <span class='ocrx_word' id='word_1_154' title='bbox 3160 1103 3217 1145; x_wconf 92' lang='lat' dir='ltr'><strong>ut</strong></span> <span class='ocrx_word' id='word_1_155' title='bbox 3273 1094 3383 1162; x_wconf 87' lang='lat' dir='ltr'><strong>ipsa</strong></span> <span class='ocrx_word' id='word_1_156' title='bbox 3432 1110 3580 1148; x_wconf 89' lang='lat' dir='ltr'><strong>mors</strong></span> 
     </span>
    </p>
   </div>
   <div class='ocr_carea' id='block_1_23' title="bbox 1996 1183 3576 1250">
    <p class='ocr_par' dir='ltr' id='par_1_23' title="bbox 1996 1183 3576 1250">
     <span class='ocr_line' id='line_1_23' title="bbox 1996 1183 3576 1250; baseline -0.004 -8"><span class='ocrx_word' id='word_1_157' title='bbox 1996 1197 2226 1242; x_wconf 82' lang='lat' dir='ltr'><strong>mortem</strong></span> <span class='ocrx_word' id='word_1_158' title='bbox 2259 1188 2436 1242; x_wconf 89' lang='lat' dir='ltr'><strong>obiret</strong></span> <span class='ocrx_word' id='word_1_159' title='bbox 2462 1205 2475 1248; x_wconf 88' lang='lat'><strong>;</strong></span> <span class='ocrx_word' id='word_1_160' title='bbox 2504 1187 2648 1250; x_wconf 86' lang='lat' dir='ltr'><strong>quod</strong></span> <span class='ocrx_word' id='word_1_161' title='bbox 2678 1195 2730 1239; x_wconf 88' lang='lat' dir='ltr'><strong>et</strong></span> <span class='ocrx_word' id='word_1_162' title='bbox 2758 1185 2953 1238; x_wconf 80' lang='lat' dir='ltr'><strong>accidit</strong></span> <span class='ocrx_word' id='word_1_163' title='bbox 3001 1184 3262 1237; x_wconf 74' lang='lat' dir='ltr'><strong>ineli‘abili</strong></span> <span class='ocrx_word' id='word_1_164' title='bbox 3305 1183 3576 1249; x_wconf 78' lang='lat' dir='ltr'><strong>sapientia</strong></span> 
     </span>
    </p>
   </div>
   <div class='ocr_carea' id='block_1_24' title="bbox 1995 1275 3578 1349">
    <p class='ocr_par' dir='ltr' id='par_1_24' title="bbox 1995 1275 3578 1349">
     <span class='ocr_line' id='line_1_24' title="bbox 1995 1275 3578 1349; baseline -0.005 -14"><span class='ocrx_word' id='word_1_165' title='bbox 1995 1281 2382 1349; x_wconf 89' lang='lat' dir='ltr'><strong>omnipotentis</strong></span> <span class='ocrx_word' id='word_1_166' title='bbox 2417 1280 2535 1333; x_wconf 86' lang='lat' dir='ltr'><strong>Dei.</strong></span> <span class='ocrx_word' id='word_1_167' title='bbox 2573 1279 2718 1333; x_wconf 82' lang='lat' dir='ltr'><strong>Sicut</strong></span> <span class='ocrx_word' id='word_1_168' title='bbox 2785 1278 2926 1330; x_wconf 79' lang='lat' dir='ltr'><strong>enim</strong></span> <span class='ocrx_word' id='word_1_169' title='bbox 2953 1277 3042 1330; x_wconf 89' lang='lat' dir='ltr'><strong>ubi</strong></span> <span class='ocrx_word' id='word_1_170' title='bbox 3097 1277 3187 1330; x_wconf 78' lang='lat' dir='ltr'><strong>lux</strong></span> <span class='ocrx_word' id='word_1_171' title='bbox 3225 1275 3424 1340; x_wconf 81' lang='lat' dir='ltr'><strong>illuxit,</strong></span> <span class='ocrx_word' id='word_1_172' title='bbox 3464 1291 3578 1328; x_wconf 86' lang='lat' dir='ltr'><strong>mo-</strong></span> 
     </span>
    </p>
   </div>
   <div class='ocr_carea' id='block_1_25' title="bbox 1999 1367 3580 1443">
    <p class='ocr_par' dir='ltr' id='par_1_25' title="bbox 1999 1367 3580 1443">
     <span class='ocr_line' id='line_1_25' title="bbox 1999 1367 3580 1443; baseline -0.006 -15"><span class='ocrx_word' id='word_1_173' title='bbox 1999 1386 2182 1429; x_wconf 87' lang='lat' dir='ltr'><strong>mento</strong></span> <span class='ocrx_word' id='word_1_174' title='bbox 2211 1375 2467 1443; x_wconf 87' lang='lat' dir='ltr'><strong>temporis</strong></span> <span class='ocrx_word' id='word_1_175' title='bbox 2495 1371 2731 1428; x_wconf 67' lang='lat' dir='ltr'><strong>tenebrae</strong></span> <span class='ocrx_word' id='word_1_176' title='bbox 2764 1371 3059 1438; x_wconf 75' lang='lat' dir='ltr'><strong>fugantur:</strong></span> <span class='ocrx_word' id='word_1_177' title='bbox 3090 1374 3160 1421; x_wconf 88' lang='lat' dir='ltr'><strong>ita</strong></span> <span class='ocrx_word' id='word_1_178' title='bbox 3188 1376 3243 1421; x_wconf 91' lang='lat' dir='ltr'><strong>et</strong></span> <span class='ocrx_word' id='word_1_179' title='bbox 3271 1367 3580 1434; x_wconf 82' lang='lat' dir='ltr'><strong>corruptio-</strong></span> 
     </span>
    </p>
   </div>
   <div class='ocr_carea' id='block_1_26' title="bbox 1994 1459 3573 1530">
    <p class='ocr_par' dir='ltr' id='par_1_26' title="bbox 1994 1459 3573 1530">
     <span class='ocr_line' id='line_1_26' title="bbox 1994 1459 3573 1530; baseline -0.004 -10"><span class='ocrx_word' id='word_1_180' title='bbox 1994 1468 2081 1520; x_wconf 86' lang='lat' dir='ltr'><strong>uis</strong></span> <span class='ocrx_word' id='word_1_181' title='bbox 2120 1465 2371 1520; x_wconf 88' lang='lat' dir='ltr'><strong>interitus</strong></span> <span class='ocrx_word' id='word_1_182' title='bbox 2419 1464 2652 1527; x_wconf 77' lang='lat' dir='ltr'><strong>exstitit,</strong></span> <span class='ocrx_word' id='word_1_183' title='bbox 2686 1462 2848 1516; x_wconf 81' lang='lat' dir='ltr'><strong>simul</strong></span> <span class='ocrx_word' id='word_1_184' title='bbox 2891 1470 3054 1530; x_wconf 86' lang='lat' dir='ltr'><strong>atque</strong></span> <span class='ocrx_word' id='word_1_185' title='bbox 3100 1459 3352 1514; x_wconf 88' lang='lat' dir='ltr'><strong>Christus</strong></span> <span class='ocrx_word' id='word_1_186' title='bbox 3383 1459 3573 1514; x_wconf 81' lang='lat' dir='ltr'><strong>:nlt‘uit.</strong></span> 
     </span>
    </p>
   </div>
   <div class='ocr_carea' id='block_1_27' title="bbox 305 1549 3571 1628">
    <p class='ocr_par' dir='ltr' id='par_1_27' title="bbox 305 1549 3571 1628">
     <span class='ocr_line' id='line_1_27' title="bbox 305 1549 3571 1628; baseline -0.001 -22"><span class='ocrx_word' id='word_1_187' title='bbox 305 1553 366 1606; x_wconf 84' lang='lat' dir='ltr'><strong>Et</strong></span> <span class='ocrx_word' id='word_1_188' title='bbox 400 1555 518 1610; x_wconf 62' lang='lat' dir='ltr'><strong>ii;ch</strong></span> <span class='ocrx_word' id='word_1_189' title='bbox 555 1556 771 1621; x_wconf 80' lang='lat' dir='ltr'><strong>quidem</strong></span> <span class='ocrx_word' id='word_1_190' title='bbox 809 1557 882 1610; x_wconf 90' lang='lat' dir='ltr'><strong>ita</strong></span> <span class='ocrx_word' id='word_1_191' title='bbox 943 1573 1064 1612; x_wconf 86' lang='lat' dir='ltr'><strong>sese</strong></span> <span class='ocrx_word' id='word_1_192' title='bbox 1106 1558 1333 1623; x_wconf 59' lang='lat' dir='ltr'><strong>habent,</strong></span> <span class='ocrx_word' id='word_1_193' title='bbox 1373 1571 1427 1614; x_wconf 88' lang='lat' dir='ltr'><strong>et</strong></span> <span class='ocrx_word' id='word_1_194' title='bbox 1457 1560 1573 1628; x_wconf 87' lang='lat' dir='ltr'><strong>ipse</strong></span> <span class='ocrx_word' id='word_1_195' title='bbox 1609 1562 1874 1615; x_wconf 82' lang='lat' dir='ltr'><strong>Orationis</strong></span> <span class='ocrx_word' id='word_1_196' title='bbox 1917 1575 2115 1614; x_wconf 85' lang='lat' dir='ltr'><strong>cursus</strong></span> <span class='ocrx_word' id='word_1_197' title='bbox 2179 1573 2243 1613; x_wconf 89' lang='lat' dir='ltr'><strong>ea</strong></span> <span class='ocrx_word' id='word_1_198' title='bbox 2279 1574 2402 1626; x_wconf 69' lang='lat' dir='ltr'><strong>qua:</strong></span> <span class='ocrx_word' id='word_1_199' title='bbox 2463 1573 2529 1612; x_wconf 76' lang='lat' dir='ltr'><strong>ex</strong></span> <span class='ocrx_word' id='word_1_200' title='bbox 2585 1555 2930 1610; x_wconf 84' lang='lat' dir='ltr'><strong>mirabilibus</strong></span> <span class='ocrx_word' id='word_1_201' title='bbox 2987 1569 3015 1607; x_wconf 89' lang='lat' dir='ltr'><strong>a</strong></span> <span class='ocrx_word' id='word_1_202' title='bbox 3081 1551 3264 1622; x_wconf 82' lang='lat' dir='ltr'><strong>Moyse</strong></span> <span class='ocrx_word' id='word_1_203' title='bbox 3325 1549 3571 1620; x_wconf 86' lang='lat' dir='ltr'><strong>patratis,</strong></span> 
     </span>
    </p>
   </div>
   <div class='ocr_carea' id='block_1_28' title="bbox 302 1643 3481 1722">
    <p class='ocr_par' dir='ltr' id='par_1_28' title="bbox 302 1643 3481 1722">
     <span class='ocr_line' id='line_1_28' title="bbox 302 1643 3481 1722; baseline -0.003 -22"><span class='ocrx_word' id='word_1_204' title='bbox 302 1647 480 1700; x_wconf 89' lang='lat' dir='ltr'><strong>crucis</strong></span> <span class='ocrx_word' id='word_1_205' title='bbox 555 1646 778 1716; x_wconf 76' lang='lat' dir='ltr'><strong>gloriam</strong></span> <span class='ocrx_word' id='word_1_206' title='bbox 832 1648 1344 1719; x_wconf 66' lang='lat' dir='ltr'><strong>prmsignilicabant,</strong></span> <span class='ocrx_word' id='word_1_207' title='bbox 1432 1667 1765 1722; x_wconf 87' lang='lat' dir='ltr'><strong>persequens</strong></span> <span class='ocrx_word' id='word_1_208' title='bbox 1810 1651 1874 1705; x_wconf 86' lang='lat' dir='ltr'><strong>ad</strong></span> <span class='ocrx_word' id='word_1_209' title='bbox 1916 1652 2058 1704; x_wconf 88' lang='lat' dir='ltr'><strong>hanc</strong></span> <span class='ocrx_word' id='word_1_210' title='bbox 2097 1648 2581 1717; x_wconf 83' lang='lat' dir='ltr'><strong>contemplationis</strong></span> <span class='ocrx_word' id='word_1_211' title='bbox 2635 1647 2986 1700; x_wconf 84' lang='lat' dir='ltr'><strong>altitudinem</strong></span> <span class='ocrx_word' id='word_1_212' title='bbox 3053 1657 3150 1698; x_wconf 89' lang='lat' dir='ltr'><strong>nos</strong></span> <span class='ocrx_word' id='word_1_213' title='bbox 3208 1643 3481 1712; x_wconf 79' lang='lat' dir='ltr'><strong>perduxit.</strong></span> 
     </span>
    </p>
   </div>
   <div class='ocr_carea' id='block_1_29' title="bbox 369 1736 1887 1814">
    <p class='ocr_par' dir='ltr' id='par_1_29' title="bbox 369 1741 1883 1814">
     <span class='ocr_line' id='line_1_29' title="bbox 369 1741 1883 1814; baseline 0.006 -22"><span class='ocrx_word' id='word_1_214' title='bbox 369 1741 636 1794; x_wconf 58' lang='lat' dir='ltr'><strong>Bsélstat</strong></span> <span class='ocrx_word' id='word_1_215' title='bbox 680 1742 738 1794; x_wconf 82' lang='grc' dir='ltr'>δὲ</span> <span class='ocrx_word' id='word_1_216' title='bbox 786 1744 975 1795; x_wconf 73' lang='grc' dir='ltr'>λοιπὸν</span> <span class='ocrx_word' id='word_1_217' title='bbox 1026 1746 1119 1796; x_wconf 71' lang='grc' dir='ltr'><strong>καὶ</strong></span> <span class='ocrx_word' id='word_1_218' title='bbox 1174 1747 1315 1811; x_wconf 82' lang='grc' dir='ltr'>μετὰ</span> <span class='ocrx_word' id='word_1_219' title='bbox 1374 1745 1550 1814; x_wconf 83' lang='grc' dir='ltr'><strong>Ἰησοῦ</strong></span> <span class='ocrx_word' id='word_1_220' title='bbox 1595 1748 1883 1814; x_wconf 77' lang='grc' dir='ltr'>γενέσθαιο</span> 
     </span>
    </p>
   </div>
   <div class='ocr_carea' id='block_1_30' title="bbox 1995 1736 3570 1814">
    <p class='ocr_par' dir='ltr' id='par_1_30' title="bbox 2062 1736 3570 1810">
     <span class='ocr_line' id='line_1_30' title="bbox 2062 1736 3570 1810; baseline -0.008 -13"><span class='ocrx_word' id='word_1_221' title='bbox 2062 1745 2301 1799; x_wconf 82' lang='lat' dir='ltr'><strong>Posthac</strong></span> <span class='ocrx_word' id='word_1_222' title='bbox 2322 1759 2445 1798; x_wconf 90' lang='lat' dir='ltr'><strong>cum</strong></span> <span class='ocrx_word' id='word_1_223' title='bbox 2487 1740 2616 1796; x_wconf 83' lang='lat' dir='ltr'><strong>Jesu</strong></span> <span class='ocrx_word' id='word_1_224' title='bbox 2646 1741 2905 1810; x_wconf 87' lang='lat' dir='ltr'><strong>occupari</strong></span> <span class='ocrx_word' id='word_1_225' title='bbox 2935 1739 3179 1797; x_wconf 84' lang='lat' dir='ltr'><strong>instituta</strong></span> <span class='ocrx_word' id='word_1_226' title='bbox 3229 1736 3406 1790; x_wconf 85' lang='lat' dir='ltr'><strong>oratio</strong></span> <span class='ocrx_word' id='word_1_227' title='bbox 3429 1743 3570 1787; x_wconf 86' lang='lat' dir='ltr'><strong>avet.</strong></span> 
     </span>
    </p>
   </div>
   <div class='ocr_carea' id='block_1_31' title="bbox 301 1834 1881 1906">
    <p class='ocr_par' dir='ltr' id='par_1_31' title="bbox 301 1834 1881 1906">
     <span class='ocr_line' id='line_1_31' title="bbox 301 1834 1881 1906; baseline 0.004 -21"><span class='ocrx_word' id='word_1_228' title='bbox 301 1834 412 1903; x_wconf 74' lang='grc' dir='ltr'>ἔχει</span> <span class='ocrx_word' id='word_1_229' title='bbox 459 1835 573 1902; x_wconf 80' lang='grc' dir='ltr'>γάρ</span> <span class='ocrx_word' id='word_1_230' title='bbox 600 1851 654 1886; x_wconf 88' lang='grc' dir='ltr'><strong>τι</strong></span> <span class='ocrx_word' id='word_1_231' title='bbox 683 1836 933 1897; x_wconf 83' lang='grc' dir='ltr'>κάκεῖνος</span> <span class='ocrx_word' id='word_1_232' title='bbox 979 1838 1108 1906; x_wconf 84' lang='grc' dir='ltr'>ἡμῖν</span> <span class='ocrx_word' id='word_1_233' title='bbox 1141 1839 1345 1890; x_wconf 72' lang='grc' dir='ltr'>οἰκεῖον</span> <span class='ocrx_word' id='word_1_234' title='bbox 1383 1839 1646 1904; x_wconf 71' lang='grc' dir='ltr'>ἐπιδεῖξαί</span> <span class='ocrx_word' id='word_1_235' title='bbox 1680 1857 1731 1890; x_wconf 83' lang='grc' dir='ltr'><strong>τι</strong></span> <span class='ocrx_word' id='word_1_236' title='bbox 1787 1839 1881 1892; x_wconf 83' lang='grc' dir='ltr'>καὶ</span> 
     </span>
    </p>
   </div>
   <div class='ocr_carea' id='block_1_32' title="bbox 300 1927 1881 1997">
    <p class='ocr_par' dir='ltr' id='par_1_32' title="bbox 300 1927 1881 1997">
     <span class='ocr_line' id='line_1_32' title="bbox 300 1927 1881 1997; baseline 0.004 -21"><span class='ocrx_word' id='word_1_237' title='bbox 300 1927 579 1993; x_wconf 82' lang='grc' dir='ltr'>προσῆκον</span> <span class='ocrx_word' id='word_1_238' title='bbox 608 1929 674 1996; x_wconf 80' lang='grc' dir='ltr'>τῇ</span> <span class='ocrx_word' id='word_1_239' title='bbox 706 1929 1034 1997; x_wconf 79' lang='grc' dir='ltr'><strong>πανηγύρει.</strong></span> <span class='ocrx_word' id='word_1_240' title='bbox 1067 1928 1134 1982; x_wconf 87' lang='grc' dir='ltr'>Τί</span> <span class='ocrx_word' id='word_1_241' title='bbox 1163 1928 1350 1992; x_wconf 81' lang='grc' dir='ltr'>τοῦτος</span> <span class='ocrx_word' id='word_1_242' title='bbox 1381 1931 1453 1983; x_wconf 78' lang='grc' dir='ltr'><strong>Τὸ</strong></span> <span class='ocrx_word' id='word_1_243' title='bbox 1483 1934 1623 1984; x_wconf 75' lang='grc' dir='ltr'>κατὰ</span> <span class='ocrx_word' id='word_1_244' title='bbox 1651 1933 1688 1984; x_wconf 91' lang='grc' dir='ltr'><strong><em>Γ</em></strong></span> <span class='ocrx_word' id='word_1_245' title='bbox 1693 1931 1881 1984; x_wconf 73' lang='grc' dir='ltr'>αὸαὼν</span> 
     </span>
    </p>
   </div>
   <div class='ocr_carea' id='block_1_33' title="bbox 303 2015 1880 2092">
    <p class='ocr_par' dir='ltr' id='par_1_33' title="bbox 303 2015 1880 2092">
     <span class='ocr_line' id='line_1_33' title="bbox 303 2015 1880 2092; baseline 0.008 -28"><span class='ocrx_word' id='word_1_246' title='bbox 303 2015 588 2082; x_wconf 78' lang='grc' dir='ltr'>τρόπαιον,</span> <span class='ocrx_word' id='word_1_247' title='bbox 623 2018 711 2070; x_wconf 82' lang='grc' dir='ltr'>ὅτε</span> <span class='ocrx_word' id='word_1_248' title='bbox 735 2020 826 2069; x_wconf 82' lang='grc' dir='ltr'><strong>τὸν</strong></span> <span class='ocrx_word' id='word_1_249' title='bbox 852 2019 1003 2088; x_wconf 78' lang='grc' dir='ltr'>ἥλιον</span> <span class='ocrx_word' id='word_1_250' title='bbox 1027 2020 1250 2090; x_wconf 79' lang='grc' dir='ltr'>ἔστησε,</span> <span class='ocrx_word' id='word_1_251' title='bbox 1285 2025 1377 2074; x_wconf 76' lang='grc' dir='ltr'>καὶ</span> <span class='ocrx_word' id='word_1_252' title='bbox 1410 2025 1508 2092; x_wconf 80' lang='grc' dir='ltr'>τὴν</span> <span class='ocrx_word' id='word_1_253' title='bbox 1542 2025 1682 2076; x_wconf 82' lang='grc' dir='ltr'><strong>κατὰ</strong></span> <span class='ocrx_word' id='word_1_254' title='bbox 1715 2024 1880 2077; x_wconf 82' lang='grc' dir='ltr'>θανά-</span> 
     </span>
    </p>
   </div>
   <div class='ocr_carea' id='block_1_34' title="bbox 296 2109 1881 2185">
    <p class='ocr_par' dir='ltr' id='par_1_34' title="bbox 296 2109 1881 2185">
     <span class='ocr_line' id='line_1_34' title="bbox 296 2109 1881 2185; baseline 0.006 -27"><span class='ocrx_word' id='word_1_255' title='bbox 296 2124 387 2159; x_wconf 73' lang='grc' dir='ltr'><strong>του</strong></span> <span class='ocrx_word' id='word_1_256' title='bbox 422 2109 584 2178; x_wconf 80' lang='grc' dir='ltr'>νίκην</span> <span class='ocrx_word' id='word_1_257' title='bbox 613 2110 705 2162; x_wconf 76' lang='grc' dir='ltr'>τοῦ</span> <span class='ocrx_word' id='word_1_258' title='bbox 741 2111 990 2181; x_wconf 78' lang='grc' dir='ltr'><strong>Σωτῆρος</strong></span> <span class='ocrx_word' id='word_1_259' title='bbox 1017 2113 1408 2182; x_wconf 73' lang='grc' dir='ltr'>προδιέγραψε,</span> <span class='ocrx_word' id='word_1_260' title='bbox 1433 2115 1558 2167; x_wconf 81' lang='grc' dir='ltr'>καθ’</span> <span class='ocrx_word' id='word_1_261' title='bbox 1588 2115 1656 2185; x_wconf 78' lang='grc' dir='ltr'>ἦν</span> <span class='ocrx_word' id='word_1_262' title='bbox 1685 2133 1881 2171; x_wconf 79' lang='grc' dir='ltr'>παντεο</span> 
     </span>
    </p>
   </div>
   <div class='ocr_carea' id='block_1_35' title="bbox 295 2198 1886 2280">
    <p class='ocr_par' dir='ltr' id='par_1_35' title="bbox 295 2198 1886 2280">
     <span class='ocr_line' id='line_1_35' title="bbox 295 2198 1886 2280; baseline 0.007 -30"><span class='ocrx_word' id='word_1_263' title='bbox 295 2198 404 2260; x_wconf 76' lang='grc' dir='ltr'><strong>ὶῶς</strong></span> <span class='ocrx_word' id='word_1_264' title='bbox 434 2201 638 2269; x_wconf 81' lang='grc' dir='ltr'><strong>ἐπέσχε</strong></span> <span class='ocrx_word' id='word_1_265' title='bbox 669 2203 769 2264; x_wconf 81' lang='grc' dir='ltr'>τὰς</span> <span class='ocrx_word' id='word_1_266' title='bbox 798 2203 1021 2266; x_wconf 82' lang='grc' dir='ltr'>ἀκτῖνας</span> <span class='ocrx_word' id='word_1_267' title='bbox 1053 2205 1228 2273; x_wconf 79' lang='grc' dir='ltr'>ἥλιος,</span> <span class='ocrx_word' id='word_1_268' title='bbox 1260 2207 1355 2258; x_wconf 65' lang='grc' dir='ltr'><strong>κα)⁸</strong></span> <span class='ocrx_word' id='word_1_269' title='bbox 1391 2208 1580 2270; x_wconf 83' lang='grc' dir='ltr'>σκότος</span> <span class='ocrx_word' id='word_1_270' title='bbox 1616 2209 1673 2260; x_wconf 85' lang='grc' dir='ltr'>ὲν</span> <span class='ocrx_word' id='word_1_271' title='bbox 1703 2209 1886 2280; x_wconf 78' lang='grc' dir='ltr'>ἡμέρᾳ</span> 
     </span>
    </p>
   </div>
   <div class='ocr_carea' id='block_1_36' title="bbox 300 2293 1885 2367">
    <p class='ocr_par' dir='ltr' id='par_1_36' title="bbox 300 2293 1885 2367">
     <span class='ocr_line' id='line_1_36' title="bbox 300 2293 1885 2367; baseline 0.007 -24"><span class='ocrx_word' id='word_1_272' title='bbox 300 2293 443 2362; x_wconf 79' lang='grc' dir='ltr'>μέσῃ</span> <span class='ocrx_word' id='word_1_273' title='bbox 487 2295 589 2363; x_wconf 80' lang='grc' dir='ltr'>τὴν</span> <span class='ocrx_word' id='word_1_274' title='bbox 619 2296 946 2366; x_wconf 71' lang='grc' dir='ltr'>οἰκουμένην</span> <span class='ocrx_word' id='word_1_275' title='bbox 979 2297 1269 2366; x_wconf 67' lang='grc' dir='ltr'>ἐκάλυψεν,</span> <span class='ocrx_word' id='word_1_276' title='bbox 1300 2299 1328 2351; x_wconf 86' lang='grc' dir='ltr'><strong>ὃ</strong></span> <span class='ocrx_word' id='word_1_277' title='bbox 1354 2302 1448 2352; x_wconf 75' lang='grc' dir='ltr'><strong>καὶ</strong></span> <span class='ocrx_word' id='word_1_278' title='bbox 1473 2302 1652 2366; x_wconf 64' lang='grc' dir='ltr'>φωτός</span> <span class='ocrx_word' id='word_1_279' title='bbox 1685 2302 1885 2367; x_wconf 79' lang='grc' dir='ltr'>μᾶλλον</span> 
     </span>
    </p>
   </div>
   <div class='ocr_carea' id='block_1_37' title="bbox 292 2385 1874 2462">
    <p class='ocr_par' dir='ltr' id='par_1_37' title="bbox 292 2385 1874 2462">
     <span class='ocr_line' id='line_1_37' title="bbox 292 2385 1874 2462; baseline 0.008 -26"><span class='ocrx_word' id='word_1_280' title='bbox 292 2385 393 2455; x_wconf 69' lang='grc' dir='ltr'>τὴν</span> <span class='ocrx_word' id='word_1_281' title='bbox 427 2386 670 2456; x_wconf 76' lang='grc' dir='ltr'>Χριστοῦ</span> <span class='ocrx_word' id='word_1_282' title='bbox 704 2388 936 2457; x_wconf 87' lang='grc' dir='ltr'>δύναμιν</span> <span class='ocrx_word' id='word_1_283' title='bbox 971 2391 1253 2461; x_wconf 76' lang='grc' dir='ltr'>ἐκήρυξεν.</span> <span class='ocrx_word' id='word_1_284' title='bbox 1294 2393 1406 2445; x_wconf 86' lang='grc' dir='ltr'>Ἵνα</span> <span class='ocrx_word' id='word_1_285' title='bbox 1438 2393 1546 2462; x_wconf 78' lang='grc' dir='ltr'>γὰρ</span> <span class='ocrx_word' id='word_1_286' title='bbox 1584 2395 1750 2447; x_wconf 78' lang='grc' dir='ltr'>πᾶσιν</span> <span class='ocrx_word' id='word_1_287' title='bbox 1783 2398 1874 2448; x_wconf 79' lang='grc' dir='ltr'><strong>ἀν-</strong></span> 
     </span>
    </p>
   </div>
   <div class='ocr_carea' id='block_1_38' title="bbox 296 2477 1881 2553">
    <p class='ocr_par' dir='ltr' id='par_1_38' title="bbox 296 2477 1881 2553">
     <span class='ocr_line' id='line_1_38' title="bbox 296 2477 1881 2553; baseline 0.007 -24"><span class='ocrx_word' id='word_1_288' title='bbox 296 2477 544 2549; x_wconf 68' lang='grc' dir='ltr'>Θρὼτωις</span> <span class='ocrx_word' id='word_1_289' title='bbox 578 2480 815 2549; x_wconf 80' lang='grc' dir='ltr'>φανερὸν</span> <span class='ocrx_word' id='word_1_290' title='bbox 856 2482 1084 2552; x_wconf 82' lang='grc' dir='ltr'>γένηται</span> <span class='ocrx_word' id='word_1_291' title='bbox 1131 2484 1191 2536; x_wconf 85' lang='grc' dir='ltr'><strong>τὸ</strong></span> <span class='ocrx_word' id='word_1_292' title='bbox 1221 2486 1492 2553; x_wconf 84' lang='grc' dir='ltr'>σωτήριον</span> <span class='ocrx_word' id='word_1_293' title='bbox 1537 2486 1738 2550; x_wconf 76' lang='grc' dir='ltr'>πάθος,</span> <span class='ocrx_word' id='word_1_294' title='bbox 1788 2488 1881 2540; x_wconf 72' lang='grc' dir='ltr'>καὶ</span> 
     </span>
    </p>
   </div>
   <div class='ocr_carea' id='block_1_39' title="bbox 297 2571 1884 2646">
    <p class='ocr_par' dir='ltr' id='par_1_39' title="bbox 297 2571 1884 2646">
     <span class='ocr_line' id='line_1_39' title="bbox 297 2571 1884 2646; baseline 0.005 -26"><span class='ocrx_word' id='word_1_295' title='bbox 297 2571 505 2630; x_wconf 70' lang='grc' dir='ltr'>πάντες</span> <span class='ocrx_word' id='word_1_296' title='bbox 555 2571 804 2638; x_wconf 79' lang='grc' dir='ltr'>μάθωσιν</span> <span class='ocrx_word' id='word_1_297' title='bbox 843 2573 927 2624; x_wconf 86' lang='grc' dir='ltr'>ὅτι</span> <span class='ocrx_word' id='word_1_298' title='bbox 969 2573 1062 2625; x_wconf 69' lang='grc' dir='ltr'><strong>τὸν</strong></span> <span class='ocrx_word' id='word_1_299' title='bbox 1113 2574 1240 2627; x_wconf 81' lang='grc' dir='ltr'>Υίὸν</span> <span class='ocrx_word' id='word_1_300' title='bbox 1275 2575 1442 2629; x_wconf 73' lang='grc' dir='ltr'>αὐτοῦ</span> <span class='ocrx_word' id='word_1_301' title='bbox 1483 2577 1574 2628; x_wconf 74' lang='grc' dir='ltr'><strong>τὸν</strong></span> <span class='ocrx_word' id='word_1_302' title='bbox 1619 2577 1884 2646; x_wconf 80' lang='grc' dir='ltr'>μονογενῆ</span> 
     </span>
    </p>
   </div>
   <div class='ocr_carea' id='block_1_40' title="bbox 297 2661 1887 2735">
    <p class='ocr_par' dir='ltr' id='par_1_40' title="bbox 297 2661 1887 2735">
     <span class='ocr_line' id='line_1_40' title="bbox 297 2661 1887 2735; baseline 0.004 -24"><span class='ocrx_word' id='word_1_303' title='bbox 297 2661 441 2726; x_wconf 81' lang='grc' dir='ltr'>ὑπὲρ</span> <span class='ocrx_word' id='word_1_304' title='bbox 473 2662 640 2730; x_wconf 72' lang='grc' dir='ltr'>ἡμῶν</span> <span class='ocrx_word' id='word_1_305' title='bbox 667 2662 866 2716; x_wconf 76' lang='grc' dir='ltr'>ἔδωκεν</span> <span class='ocrx_word' id='word_1_306' title='bbox 892 2667 918 2716; x_wconf 85' lang='grc' dir='ltr'>ὁ</span> <span class='ocrx_word' id='word_1_307' title='bbox 943 2663 1098 2726; x_wconf 79' lang='grc' dir='ltr'>Θεὸς,</span> <span class='ocrx_word' id='word_1_308' title='bbox 1131 2667 1383 2720; x_wconf 77' lang='grc' dir='ltr'>ἐκέλευσε</span> <span class='ocrx_word' id='word_1_309' title='bbox 1411 2667 1766 2735; x_wconf 84' lang='grc' dir='ltr'>σκοτισθῆναι</span> <span class='ocrx_word' id='word_1_310' title='bbox 1795 2668 1887 2719; x_wconf 76' lang='grc' dir='ltr'><strong>τὸν</strong></span> 
     </span>
    </p>
   </div>
   <div class='ocr_carea' id='block_1_41' title="bbox 296 2754 1888 2828">
    <p class='ocr_par' dir='ltr' id='par_1_41' title="bbox 296 2754 1888 2828">
     <span class='ocr_line' id='line_1_41' title="bbox 296 2754 1888 2828; baseline 0.004 -23"><span class='ocrx_word' id='word_1_311' title='bbox 296 2754 475 2823; x_wconf 61' lang='grc' dir='ltr'>ἥλιον,</span> <span class='ocrx_word' id='word_1_312' title='bbox 517 2756 612 2806; x_wconf 74' lang='grc' dir='ltr'><strong>καὶ</strong></span> <span class='ocrx_word' id='word_1_313' title='bbox 639 2755 780 2806; x_wconf 72' lang='grc' dir='ltr'>οὕτω</span> <span class='ocrx_word' id='word_1_314' title='bbox 810 2757 1156 2824; x_wconf 77' lang='grc' dir='ltr'>φωτισοῆναι</span> <span class='ocrx_word' id='word_1_315' title='bbox 1187 2758 1287 2822; x_wconf 84' lang='grc' dir='ltr'>τὴν</span> <span class='ocrx_word' id='word_1_316' title='bbox 1321 2759 1567 2826; x_wconf 73' lang='grc' dir='ltr'>ὑφή).ιον,</span> <span class='ocrx_word' id='word_1_317' title='bbox 1598 2775 1888 2828; x_wconf 88' lang='grc' dir='ltr'>μυσταγω-</span> 
     </span>
    </p>
   </div>
   <div class='ocr_carea' id='block_1_42' title="bbox 297 2845 1889 2920">
    <p class='ocr_par' dir='ltr' id='par_1_42' title="bbox 297 2845 1889 2920">
     <span class='ocr_line' id='line_1_42' title="bbox 297 2845 1889 2920; baseline 0.003 -23"><span class='ocrx_word' id='word_1_318' title='bbox 297 2847 567 2915; x_wconf 77' lang='grc' dir='ltr'>γηθείσαν</span> <span class='ocrx_word' id='word_1_319' title='bbox 604 2846 693 2914; x_wconf 77' lang='grc' dir='ltr'><strong>ὑφ’</strong></span> <span class='ocrx_word' id='word_1_320' title='bbox 724 2845 891 2915; x_wconf 72' lang='grc' dir='ltr'>ὕψους</span> <span class='ocrx_word' id='word_1_321' title='bbox 923 2849 1018 2915; x_wconf 79' lang='grc' dir='ltr'>τῆς</span> <span class='ocrx_word' id='word_1_322' title='bbox 1055 2850 1376 2918; x_wconf 77' lang='grc' dir='ltr'>εὐεργεσίας</span> <span class='ocrx_word' id='word_1_323' title='bbox 1401 2852 1462 2902; x_wconf 67' lang='grc' dir='ltr'><strong>το</strong></span> <span class='ocrx_word' id='word_1_324' title='bbox 1495 2851 1726 2920; x_wconf 80' lang='grc' dir='ltr'>μέγεθος</span> <span class='ocrx_word' id='word_1_325' title='bbox 1746 2866 1760 2879; x_wconf 82' lang='grc'><strong>’</strong></span> <span class='ocrx_word' id='word_1_326' title='bbox 1794 2850 1889 2904; x_wconf 75' lang='grc' dir='ltr'><strong>καὶ</strong></span> 
     </span>
    </p>
   </div>
   <div class='ocr_carea' id='block_1_43' title="bbox 292 2939 1889 3012">
    <p class='ocr_par' dir='ltr' id='par_1_43' title="bbox 292 2939 1889 3012">
     <span class='ocr_line' id='line_1_43' title="bbox 292 2939 1889 3012; baseline 0.004 -23"><span class='ocrx_word' id='word_1_327' title='bbox 292 2940 396 3007; x_wconf 73' lang='grc' dir='ltr'><strong>τὴν</strong></span> <span class='ocrx_word' id='word_1_328' title='bbox 444 2939 551 3007; x_wconf 85' lang='grc' dir='ltr'>μὲν</span> <span class='ocrx_word' id='word_1_329' title='bbox 599 2942 852 3008; x_wconf 82' lang='grc' dir='ltr'>γέννησιν</span> <span class='ocrx_word' id='word_1_330' title='bbox 885 2941 1058 3010; x_wconf 80' lang='grc' dir='ltr'>ἀστὴρ</span> <span class='ocrx_word' id='word_1_331' title='bbox 1087 2943 1354 3012; x_wconf 77' lang='grc' dir='ltr'>ἐκήρυττε</span> <span class='ocrx_word' id='word_1_332' title='bbox 1393 2946 1506 3006; x_wconf 84' lang='grc' dir='ltr'>τοῖς</span> <span class='ocrx_word' id='word_1_333' title='bbox 1537 2945 1754 3012; x_wconf 76' lang='grc' dir='ltr'>μάγοις.</span> <span class='ocrx_word' id='word_1_334' title='bbox 1791 2947 1889 3010; x_wconf 81' lang='grc' dir='ltr'>τὴν</span> 
     </span>
    </p>
   </div>
   <div class='ocr_carea' id='block_1_44' title="bbox 291 3028 1888 3105">
    <p class='ocr_par' dir='ltr' id='par_1_44' title="bbox 291 3028 1888 3105">
     <span class='ocr_line' id='line_1_44' title="bbox 291 3028 1888 3105; baseline 0.006 -26"><span class='ocrx_word' id='word_1_335' title='bbox 291 3028 348 3081; x_wconf 75' lang='grc' dir='ltr'>δὲ</span> <span class='ocrx_word' id='word_1_336' title='bbox 392 3029 707 3098; x_wconf 80' lang='grc' dir='ltr'>σταύρωσιν</span> <span class='ocrx_word' id='word_1_337' title='bbox 737 3031 887 3100; x_wconf 78' lang='grc' dir='ltr'>ἥλιος</span> <span class='ocrx_word' id='word_1_338' title='bbox 930 3031 1212 3102; x_wconf 79' lang='grc' dir='ltr'>διετράνου</span> <span class='ocrx_word' id='word_1_339' title='bbox 1247 3036 1357 3096; x_wconf 86' lang='grc' dir='ltr'>τοῖς</span> <span class='ocrx_word' id='word_1_340' title='bbox 1392 3037 1610 3105; x_wconf 87' lang='grc' dir='ltr'>πέρασι.</span> <span class='ocrx_word' id='word_1_341' title='bbox 1654 3037 1762 3089; x_wconf 74' lang='grc' dir='ltr'><strong>Καὶ</strong></span> <span class='ocrx_word' id='word_1_342' title='bbox 1789 3037 1888 3104; x_wconf 82' lang='grc' dir='ltr'><strong>δρα</strong></span> 
     </span>
    </p>
   </div>
   <div class='ocr_carea' id='block_1_45' title="bbox 1986 1831 3563 1905">
    <p class='ocr_par' dir='ltr' id='par_1_45' title="bbox 1986 1831 3563 1905">
     <span class='ocr_line' id='line_1_45' title="bbox 1986 1831 3563 1905; baseline -0.008 -15"><span class='ocrx_word' id='word_1_343' title='bbox 1986 1835 2360 1905; x_wconf 86' lang='lat' dir='ltr'><strong>Suppeditahit</strong></span> <span class='ocrx_word' id='word_1_344' title='bbox 2403 1836 2547 1890; x_wconf 87' lang='lat' dir='ltr'><strong>enim</strong></span> <span class='ocrx_word' id='word_1_345' title='bbox 2574 1843 2628 1889; x_wconf 88' lang='lat' dir='ltr'><strong>et</strong></span> <span class='ocrx_word' id='word_1_346' title='bbox 2648 1833 2734 1888; x_wconf 90' lang='lat' dir='ltr'><strong>ille</strong></span> <span class='ocrx_word' id='word_1_347' title='bbox 2783 1831 3037 1902; x_wconf 86' lang='lat' dir='ltr'><strong>quiddam</strong></span> <span class='ocrx_word' id='word_1_348' title='bbox 3059 1831 3336 1899; x_wconf 83' lang='lat' dir='ltr'><strong>prOprium</strong></span> <span class='ocrx_word' id='word_1_349' title='bbox 3363 1838 3410 1880; x_wconf 91' lang='lat' dir='ltr'><strong>et</strong></span> <span class='ocrx_word' id='word_1_350' title='bbox 3439 1843 3563 1896; x_wconf 68' lang='lat' dir='ltr'><strong>prm-</strong></span> 
     </span>
    </p>
   </div>
   <div class='ocr_carea' id='block_1_46' title="bbox 1987 1919 3579 1989">
    <p class='ocr_par' dir='ltr' id='par_1_46' title="bbox 1987 1919 3579 1989">
     <span class='ocr_line' id='line_1_46' title="bbox 1987 1919 3579 1989; baseline -0.008 -4"><span class='ocrx_word' id='word_1_351' title='bbox 1987 1930 2121 1985; x_wconf 73' lang='lat' dir='ltr'><strong>senti</strong></span> <span class='ocrx_word' id='word_1_352' title='bbox 2158 1928 2462 1984; x_wconf 79' lang='lat' dir='ltr'><strong>celebritati</strong></span> <span class='ocrx_word' id='word_1_353' title='bbox 2494 1936 2942 1982; x_wconf 74' lang='lat' dir='ltr'><strong>consentaneum.</strong></span> <span class='ocrx_word' id='word_1_354' title='bbox 2995 1922 3136 1989; x_wconf 84' lang='lat' dir='ltr'><strong>Quid</strong></span> <span class='ocrx_word' id='word_1_355' title='bbox 3202 1921 3382 1976; x_wconf 80' lang='lat' dir='ltr'><strong>illud?</strong></span> <span class='ocrx_word' id='word_1_356' title='bbox 3439 1919 3579 1973; x_wconf 87' lang='lat' dir='ltr'><strong>Tro-</strong></span> 
     </span>
    </p>
   </div>
   <div class='ocr_carea' id='block_1_47' title="bbox 1985 2014 3580 2093">
    <p class='ocr_par' dir='ltr' id='par_1_47' title="bbox 1985 2014 3580 2093">
     <span class='ocr_line' id='line_1_47' title="bbox 1985 2014 3580 2093; baseline -0.008 -17"><span class='ocrx_word' id='word_1_357' title='bbox 1985 2025 2198 2093; x_wconf 65' lang='lat' dir='ltr'><strong>phaeum</strong></span> <span class='ocrx_word' id='word_1_358' title='bbox 2218 2021 2478 2076; x_wconf 81' lang='lat' dir='ltr'><strong>adversus</strong></span> <span class='ocrx_word' id='word_1_359' title='bbox 2495 2020 2714 2074; x_wconf 81' lang='lat' dir='ltr'><strong>Gabaon</strong></span> <span class='ocrx_word' id='word_1_360' title='bbox 2731 2027 2996 2078; x_wconf 88' lang='lat' dir='ltr'><strong>erectum,</strong></span> <span class='ocrx_word' id='word_1_361' title='bbox 3013 2014 3231 2083; x_wconf 81' lang='lat' dir='ltr'><strong>quando</strong></span> <span class='ocrx_word' id='word_1_362' title='bbox 3248 2014 3414 2067; x_wconf 90' lang='lat' dir='ltr'><strong>solem</strong></span> <span class='ocrx_word' id='word_1_363' title='bbox 3432 2024 3580 2065; x_wconf 88' lang='lat' dir='ltr'><strong>stare</strong></span> 
     </span>
    </p>
   </div>
   <div class='ocr_carea' id='block_1_48' title="bbox 1986 2111 3581 2182">
    <p class='ocr_par' dir='ltr' id='par_1_48' title="bbox 1986 2111 3581 2182">
     <span class='ocr_line' id='line_1_48' title="bbox 1986 2111 3581 2182; baseline -0.009 -10"><span class='ocrx_word' id='word_1_364' title='bbox 1986 2117 2139 2180; x_wconf 77' lang='lat' dir='ltr'><strong>fecit,</strong></span> <span class='ocrx_word' id='word_1_365' title='bbox 2188 2116 2580 2182; x_wconf 78' lang='lat' dir='ltr'><strong>victoriamque</strong></span> <span class='ocrx_word' id='word_1_366' title='bbox 2626 2111 2928 2166; x_wconf 78' lang='lat' dir='ltr'><strong>Salvatoris</strong></span> <span class='ocrx_word' id='word_1_367' title='bbox 2979 2111 3047 2164; x_wconf 85' lang='lat' dir='ltr'><strong>de</strong></span> <span class='ocrx_word' id='word_1_368' title='bbox 3107 2119 3280 2162; x_wconf 87' lang='lat' dir='ltr'><strong>morte</strong></span> <span class='ocrx_word' id='word_1_369' title='bbox 3337 2115 3581 2172; x_wconf 83' lang='lat' dir='ltr'><strong>reporta-</strong></span> 
     </span>
    </p>
   </div>
   <div class='ocr_carea' id='block_1_49' title="bbox 1991 2197 3576 2276">
    <p class='ocr_par' dir='ltr' id='par_1_49' title="bbox 1991 2197 3576 2276">
     <span class='ocr_line' id='line_1_49' title="bbox 1991 2197 3576 2276; baseline -0.009 -13"><span class='ocrx_word' id='word_1_370' title='bbox 1991 2219 2100 2263; x_wconf 84' lang='lat' dir='ltr'><strong>tain</strong></span> <span class='ocrx_word' id='word_1_371' title='bbox 2144 2207 2571 2276; x_wconf 64' lang='lat' dir='ltr'><strong>praedelineavit,</strong></span> <span class='ocrx_word' id='word_1_372' title='bbox 2621 2221 2728 2273; x_wconf 88' lang='lat' dir='ltr'><strong>quo</strong></span> <span class='ocrx_word' id='word_1_373' title='bbox 2765 2214 3008 2271; x_wconf 86' lang='lat' dir='ltr'><strong>tempore</strong></span> <span class='ocrx_word' id='word_1_374' title='bbox 3053 2201 3136 2256; x_wconf 90' lang='lat' dir='ltr'><strong>sol</strong></span> <span class='ocrx_word' id='word_1_375' title='bbox 3202 2213 3331 2253; x_wconf 88' lang='lat' dir='ltr'><strong>suos</strong></span> <span class='ocrx_word' id='word_1_376' title='bbox 3395 2197 3576 2250; x_wconf 85' lang='lat' dir='ltr'><strong>radios</strong></span> 
     </span>
    </p>
   </div>
   <div class='ocr_carea' id='block_1_50' title="bbox 1988 2291 3574 2371">
    <p class='ocr_par' dir='ltr' id='par_1_50' title="bbox 1988 2291 3574 2371">
     <span class='ocr_line' id='line_1_50' title="bbox 1988 2291 3574 2371; baseline -0.01 -15"><span class='ocrx_word' id='word_1_377' title='bbox 1988 2303 2201 2371; x_wconf 84' lang='lat' dir='ltr'><strong>penitus</strong></span> <span class='ocrx_word' id='word_1_378' title='bbox 2235 2297 2500 2360; x_wconf 81' lang='lat' dir='ltr'><strong>cohibuit,</strong></span> <span class='ocrx_word' id='word_1_379' title='bbox 2548 2307 2602 2349; x_wconf 91' lang='lat' dir='ltr'><strong>et</strong></span> <span class='ocrx_word' id='word_1_380' title='bbox 2640 2297 2690 2349; x_wconf 92' lang='lat' dir='ltr'><strong>in</strong></span> <span class='ocrx_word' id='word_1_381' title='bbox 2721 2297 2836 2364; x_wconf 88' lang='lat' dir='ltr'><strong>ipso</strong></span> <span class='ocrx_word' id='word_1_382' title='bbox 2870 2292 3095 2346; x_wconf 86' lang='lat' dir='ltr'><strong>meridie</strong></span> <span class='ocrx_word' id='word_1_383' title='bbox 3138 2291 3380 2344; x_wconf 65' lang='lat' dir='ltr'><strong>tenebrae</strong></span> <span class='ocrx_word' id='word_1_384' title='bbox 3415 2305 3574 2342; x_wconf 89' lang='lat' dir='ltr'><strong>mun-</strong></span> 
     </span>
    </p>
   </div>
   <div class='ocr_carea' id='block_1_51' title="bbox 1987 2381 3576 2460">
    <p class='ocr_par' dir='ltr' id='par_1_51' title="bbox 1987 2381 3576 2460">
     <span class='ocr_line' id='line_1_51' title="bbox 1987 2381 3576 2460; baseline -0.008 -15"><span class='ocrx_word' id='word_1_385' title='bbox 1987 2395 2112 2446; x_wconf 87' lang='lat' dir='ltr'><strong>dum</strong></span> <span class='ocrx_word' id='word_1_386' title='bbox 2156 2401 2661 2460; x_wconf 81' lang='lat' dir='ltr'><strong>operuerunt,qn:e</strong></span> <span class='ocrx_word' id='word_1_387' title='bbox 2749 2384 2964 2439; x_wconf 79' lang='lat' dir='ltr'><strong>Christi</strong></span> <span class='ocrx_word' id='word_1_388' title='bbox 3041 2383 3342 2453; x_wconf 88' lang='lat' dir='ltr'><strong>potentiam</strong></span> <span class='ocrx_word' id='word_1_389' title='bbox 3404 2381 3576 2435; x_wconf 92' lang='lat' dir='ltr'><strong>multo</strong></span> 
     </span>
    </p>
   </div>
   <div class='ocr_carea' id='block_1_52' title="bbox 1991 2475 3576 2551">
    <p class='ocr_par' dir='ltr' id='par_1_52' title="bbox 1991 2475 3576 2551">
     <span class='ocr_line' id='line_1_52' title="bbox 1991 2475 3576 2551; baseline -0.008 -12"><span class='ocrx_word' id='word_1_390' title='bbox 1991 2485 2163 2551; x_wconf 78' lang='lat' dir='ltr'><strong>magis</strong></span> <span class='ocrx_word' id='word_1_391' title='bbox 2202 2497 2363 2550; x_wconf 88' lang='lat' dir='ltr'><strong>quam</strong></span> <span class='ocrx_word' id='word_1_392' title='bbox 2418 2480 2521 2534; x_wconf 86' lang='lat' dir='ltr'><strong>ulla</strong></span> <span class='ocrx_word' id='word_1_393' title='bbox 2568 2480 2652 2532; x_wconf 83' lang='lat' dir='ltr'><strong>lus</strong></span> <span class='ocrx_word' id='word_1_394' title='bbox 2695 2479 3154 2547; x_wconf 67' lang='lat' dir='ltr'><strong>deprtedicarunt,</strong></span> <span class='ocrx_word' id='word_1_395' title='bbox 3210 2485 3266 2528; x_wconf 91' lang='lat' dir='ltr'><strong>ut</strong></span> <span class='ocrx_word' id='word_1_396' title='bbox 3322 2475 3576 2528; x_wconf 88' lang='lat' dir='ltr'><strong>omnibus</strong></span> 
     </span>
    </p>
   </div>
   <div class='ocr_carea' id='block_1_53' title="bbox 1990 2568 3575 2640">
    <p class='ocr_par' dir='ltr' id='par_1_53' title="bbox 1990 2568 3575 2640">
     <span class='ocr_line' id='line_1_53' title="bbox 1990 2568 3575 2640; baseline -0.009 -11"><span class='ocrx_word' id='word_1_397' title='bbox 1990 2573 2302 2630; x_wconf 90' lang='lat' dir='ltr'><strong>hominibus</strong></span> <span class='ocrx_word' id='word_1_398' title='bbox 2327 2572 2584 2625; x_wconf 82' lang='lat' dir='ltr'><strong>salutaris</strong></span> <span class='ocrx_word' id='word_1_399' title='bbox 2613 2571 2796 2640; x_wconf 77' lang='lat' dir='ltr'><strong>passio</strong></span> <span class='ocrx_word' id='word_1_400' title='bbox 2827 2568 3112 2624; x_wconf 83' lang='lat' dir='ltr'><strong>manifesta</strong></span> <span class='ocrx_word' id='word_1_401' title='bbox 3155 2568 3433 2630; x_wconf 84' lang='lat' dir='ltr'><strong>evaderet,</strong></span> <span class='ocrx_word' id='word_1_402' title='bbox 3462 2583 3575 2620; x_wconf 79' lang='lat' dir='ltr'><strong>0m-</strong></span> 
     </span>
    </p>
   </div>
   <div class='ocr_carea' id='block_1_54' title="bbox 1989 2661 3572 2737">
    <p class='ocr_par' dir='ltr' id='par_1_54' title="bbox 1989 2661 3572 2737">
     <span class='ocr_line' id='line_1_54' title="bbox 1989 2661 3572 2737; baseline -0.006 -15"><span class='ocrx_word' id='word_1_403' title='bbox 1989 2683 2191 2737; x_wconf 90' lang='lat' dir='ltr'><strong>nesque</strong></span> <span class='ocrx_word' id='word_1_404' title='bbox 2221 2676 2605 2734; x_wconf 65' lang='lat' dir='ltr'><strong>cognoscerent</strong></span> <span class='ocrx_word' id='word_1_405' title='bbox 2638 2663 2802 2718; x_wconf 86' lang='lat' dir='ltr'><strong>Deum</strong></span> <span class='ocrx_word' id='word_1_406' title='bbox 2835 2661 3165 2731; x_wconf 79' lang='lat' dir='ltr'><strong>unigenitum</strong></span> <span class='ocrx_word' id='word_1_407' title='bbox 3189 2676 3344 2715; x_wconf 90' lang='lat' dir='ltr'><strong>suum</strong></span> <span class='ocrx_word' id='word_1_408' title='bbox 3377 2661 3572 2714; x_wconf 83' lang='lat' dir='ltr'><strong>Filium</strong></span> 
     </span>
    </p>
   </div>
   <div class='ocr_carea' id='block_1_55' title="bbox 1991 2753 3575 2830">
    <p class='ocr_par' dir='ltr' id='par_1_55' title="bbox 1991 2753 3575 2830">
     <span class='ocr_line' id='line_1_55' title="bbox 1991 2753 3575 2830; baseline -0.006 -16"><span class='ocrx_word' id='word_1_409' title='bbox 1991 2776 2086 2830; x_wconf 89' lang='lat' dir='ltr'><strong>pro</strong></span> <span class='ocrx_word' id='word_1_410' title='bbox 2115 2759 2268 2813; x_wconf 87' lang='lat' dir='ltr'><strong>nobis</strong></span> <span class='ocrx_word' id='word_1_411' title='bbox 2303 2759 2538 2822; x_wconf 81' lang='lat' dir='ltr'><strong>dedisse,</strong></span> <span class='ocrx_word' id='word_1_412' title='bbox 2571 2757 2740 2810; x_wconf 64' lang='lat' dir='ltr'><strong>solem</strong></span> <span class='ocrx_word' id='word_1_413' title='bbox 2780 2756 3122 2810; x_wconf 88' lang='lat' dir='ltr'><strong>inohscurari</strong></span> <span class='ocrx_word' id='word_1_414' title='bbox 3148 2753 3337 2821; x_wconf 84' lang='lat' dir='ltr'><strong>jussit,</strong></span> <span class='ocrx_word' id='word_1_415' title='bbox 3395 2762 3448 2805; x_wconf 89' lang='lat' dir='ltr'><strong>et</strong></span> <span class='ocrx_word' id='word_1_416' title='bbox 3495 2753 3575 2806; x_wconf 90' lang='lat' dir='ltr'><strong>sic</strong></span> 
     </span>
    </p>
   </div>
   <div class='ocr_carea' id='block_1_56' title="bbox 1991 2843 3580 2917">
    <p class='ocr_par' dir='ltr' id='par_1_56' title="bbox 1991 2843 3580 2917">
     <span class='ocr_line' id='line_1_56' title="bbox 1991 2843 3580 2917; baseline -0.008 -12"><span class='ocrx_word' id='word_1_417' title='bbox 1991 2866 2108 2905; x_wconf 89' lang='lat' dir='ltr'><strong>eam</strong></span> <span class='ocrx_word' id='word_1_418' title='bbox 2153 2861 2362 2917; x_wconf 81' lang='lat' dir='ltr'><strong>partem</strong></span> <span class='ocrx_word' id='word_1_419' title='bbox 2401 2864 2520 2916; x_wconf 79' lang='lat' dir='ltr'><strong>quae</strong></span> <span class='ocrx_word' id='word_1_420' title='bbox 2551 2848 2649 2900; x_wconf 91' lang='lat' dir='ltr'><strong>soli</strong></span> <span class='ocrx_word' id='word_1_421' title='bbox 2697 2848 2938 2914; x_wconf 82' lang='lat' dir='ltr'><strong>subjecta</strong></span> <span class='ocrx_word' id='word_1_422' title='bbox 2971 2855 3076 2908; x_wconf 91' lang='lat' dir='ltr'><strong>est,</strong></span> <span class='ocrx_word' id='word_1_423' title='bbox 3133 2843 3450 2904; x_wconf 87' lang='lat' dir='ltr'><strong>illuminari,</strong></span> <span class='ocrx_word' id='word_1_424' title='bbox 3497 2843 3580 2894; x_wconf 90' lang='lat' dir='ltr'><strong>in-</strong></span> 
     </span>
    </p>
   </div>
   <div class='ocr_carea' id='block_1_57' title="bbox 1992 2935 3574 3006">
    <p class='ocr_par' dir='ltr' id='par_1_57' title="bbox 1992 2935 3574 3006">
     <span class='ocr_line' id='line_1_57' title="bbox 1992 2935 3574 3006; baseline -0.006 -8"><span class='ocrx_word' id='word_1_425' title='bbox 1992 2955 2252 2999; x_wconf 80' lang='lat' dir='ltr'><strong>structam</strong></span> <span class='ocrx_word' id='word_1_426' title='bbox 2289 2943 2356 2996; x_wconf 87' lang='lat' dir='ltr'><strong>ab</strong></span> <span class='ocrx_word' id='word_1_427' title='bbox 2397 2943 2508 2995; x_wconf 87' lang='lat' dir='ltr'><strong>alto</strong></span> <span class='ocrx_word' id='word_1_428' title='bbox 2536 2941 2602 2995; x_wconf 88' lang='lat' dir='ltr'><strong>de</strong></span> <span class='ocrx_word' id='word_1_429' title='bbox 2629 2941 2876 2994; x_wconf 76' lang='lat' dir='ltr'><strong>beneficii</strong></span> <span class='ocrx_word' id='word_1_430' title='bbox 2929 2937 3327 3006; x_wconf 80' lang='lat' dir='ltr'><strong>magnitudine.</strong></span> <span class='ocrx_word' id='word_1_431' title='bbox 3368 2935 3574 2990; x_wconf 82' lang='lat' dir='ltr'><strong>Nativi-</strong></span> 
     </span>
    </p>
   </div>
   <div class='ocr_carea' id='block_1_58' title="bbox 1997 3028 3574 3103">
    <p class='ocr_par' dir='ltr' id='par_1_58' title="bbox 1997 3028 3574 3103">
     <span class='ocr_line' id='line_1_58' title="bbox 1997 3028 3574 3103; baseline -0.006 -14"><span class='ocrx_word' id='word_1_432' title='bbox 1997 3049 2160 3091; x_wconf 86' lang='lat' dir='ltr'><strong>tatem</strong></span> <span class='ocrx_word' id='word_1_433' title='bbox 2196 3037 2366 3103; x_wconf 77' lang='lat' dir='ltr'><strong>magis</strong></span> <span class='ocrx_word' id='word_1_434' title='bbox 2397 3034 2552 3089; x_wconf 82' lang='lat' dir='ltr'><strong>stella</strong></span> <span class='ocrx_word' id='word_1_435' title='bbox 2588 3034 2888 3086; x_wconf 81' lang='lat' dir='ltr'><strong>nuntiavit:</strong></span> <span class='ocrx_word' id='word_1_436' title='bbox 2924 3042 2978 3084; x_wconf 87' lang='lat' dir='ltr'><strong>at</strong></span> <span class='ocrx_word' id='word_1_437' title='bbox 3030 3031 3438 3084; x_wconf 75' lang='lat' dir='ltr'><strong>crucifixiouem</strong></span> <span class='ocrx_word' id='word_1_438' title='bbox 3492 3028 3574 3080; x_wconf 84' lang='lat' dir='ltr'><strong>sol</strong></span> 
     </span>
    </p>
   </div>
   <div class='ocr_carea' id='block_1_59' title="bbox 293 3102 1887 3198">
    <p class='ocr_par' dir='ltr' id='par_1_59' title="bbox 293 3102 1887 3196">
     <span class='ocr_line' id='line_1_59' title="bbox 293 3102 1887 3196; baseline 0.003 -24"><span class='ocrx_word' id='word_1_439' title='bbox 293 3123 495 3188; x_wconf 58' lang='grc' dir='ltr'>σοφίαν</span> <span class='ocrx_word' id='word_1_440' title='bbox 527 3121 690 3186; x_wconf 81' lang='grc' dir='ltr'>Θεοῦ,</span> <span class='ocrx_word' id='word_1_441' title='bbox 733 3123 828 3176; x_wconf 78' lang='grc' dir='ltr'><strong>καὶ</strong></span> <span class='ocrx_word' id='word_1_442' title='bbox 857 3126 955 3192; x_wconf 74' lang='grc' dir='ltr'><strong>τῆς</strong></span> <span class='ocrx_word' id='word_1_443' title='bbox 984 3125 1112 3193; x_wconf 69' lang='grc' dir='ltr'>περὶ</span> <span class='ocrx_word' id='word_1_444' title='bbox 1137 3126 1281 3194; x_wconf 74' lang='grc' dir='ltr'>ἡμᾶς</span> <span class='ocrx_word' id='word_1_445' title='bbox 1309 3102 1531 3195; x_wconf 78' lang='grc' dir='ltr'>ἀγάπης</span> <span class='ocrx_word' id='word_1_446' title='bbox 1558 3102 1887 3196; x_wconf 70' lang='grc' dir='ltr'>ὑπερεῖολῆν,</span> 
     </span>
    </p>
   </div>
   <div class='ocr_carea' id='block_1_60' title="bbox 1995 3102 3575 3198">
    <p class='ocr_par' dir='ltr' id='par_1_60' title="bbox 1997 3122 3575 3198">
     <span class='ocr_line' id='line_1_60' title="bbox 1997 3122 3575 3198; baseline -0.003 -16"><span class='ocrx_word' id='word_1_447' title='bbox 1997 3131 2112 3198; x_wconf 88' lang='lat' dir='ltr'><strong>ipse</strong></span> <span class='ocrx_word' id='word_1_448' title='bbox 2168 3130 2353 3183; x_wconf 88' lang='lat' dir='ltr'><strong>tuundi</strong></span> <span class='ocrx_word' id='word_1_449' title='bbox 2407 3127 2652 3182; x_wconf 84' lang='lat' dir='ltr'><strong>terminis</strong></span> <span class='ocrx_word' id='word_1_450' title='bbox 2702 3131 2988 3195; x_wconf 71' lang='lat' dir='ltr'><strong>perspicue</strong></span> <span class='ocrx_word' id='word_1_451' title='bbox 3039 3126 3358 3178; x_wconf 74' lang='grc' dir='ltr'>ιιυιὶίίοιινίι.</span> <span class='ocrx_word' id='word_1_452' title='bbox 3439 3122 3575 3177; x_wconf 77' lang='lat' dir='ltr'><strong>Vide</strong></span> 
     </span>
    </p>
   </div>
   <div class='ocr_carea' id='block_1_61' title="bbox 291 3214 1892 3288">
    <p class='ocr_par' dir='ltr' id='par_1_61' title="bbox 291 3214 1892 3288">
     <span class='ocr_line' id='line_1_61' title="bbox 291 3214 1892 3288; baseline 0.004 -23"><span class='ocrx_word' id='word_1_453' title='bbox 291 3215 492 3266; x_wconf 68' lang='grc' dir='ltr'>ἑαυτὸν</span> <span class='ocrx_word' id='word_1_454' title='bbox 505 3214 791 3277; x_wconf 70' lang='grc' dir='ltr'>ἐκένωσε,</span> <span class='ocrx_word' id='word_1_455' title='bbox 807 3216 1051 3284; x_wconf 70' lang='grc' dir='ltr'>μορφὴν</span> <span class='ocrx_word' id='word_1_456' title='bbox 1067 3215 1290 3270; x_wconf 69' lang='grc' dir='ltr'>δούλου</span> <span class='ocrx_word' id='word_1_457' title='bbox 1308 3217 1531 3280; x_wconf 73' lang='grc' dir='ltr'><strong>λαϐὼν,</strong></span> <span class='ocrx_word' id='word_1_458' title='bbox 1557 3220 1590 3271; x_wconf 83' lang='grc' dir='ltr'><strong>ό</strong></span> <span class='ocrx_word' id='word_1_459' title='bbox 1604 3218 1672 3272; x_wconf 80' lang='grc' dir='ltr'><strong>ἐν</strong></span> <span class='ocrx_word' id='word_1_460' title='bbox 1688 3217 1892 3288; x_wconf 67' lang='grc' dir='ltr'>μορφῇ</span> 
     </span>
    </p>
   </div>
   <div class='ocr_carea' id='block_1_62' title="bbox 291 3306 1890 3380">
    <p class='ocr_par' dir='ltr' id='par_1_62' title="bbox 291 3306 1890 3380">
     <span class='ocr_line' id='line_1_62' title="bbox 291 3306 1890 3380; baseline 0.003 -20"><span class='ocrx_word' id='word_1_461' title='bbox 291 3306 446 3360; x_wconf 80' lang='grc' dir='ltr'>Θεοῦ</span> <span class='ocrx_word' id='word_1_462' title='bbox 478 3307 745 3376; x_wconf 76' lang='grc' dir='ltr'>ὑπάρχων</span> <span class='ocrx_word' id='word_1_463' title='bbox 781 3308 914 3372; x_wconf 72' lang='grc' dir='ltr'>Θεὸς</span> <span class='ocrx_word' id='word_1_464' title='bbox 968 3309 1162 3378; x_wconf 88' lang='grc' dir='ltr'>Λόγος,</span> <span class='ocrx_word' id='word_1_465' title='bbox 1195 3311 1222 3362; x_wconf 85' lang='grc' dir='ltr'>ὁ</span> <span class='ocrx_word' id='word_1_466' title='bbox 1262 3312 1535 3374; x_wconf 83' lang='grc' dir='ltr'>συναΐδιος</span> <span class='ocrx_word' id='word_1_467' title='bbox 1565 3311 1643 3380; x_wconf 84' lang='grc' dir='ltr'><strong>τῷ</strong></span> <span class='ocrx_word' id='word_1_468' title='bbox 1677 3313 1854 3380; x_wconf 76' lang='grc' dir='ltr'>Πατρὶ</span> <span class='ocrx_word' id='word_1_469' title='bbox 1875 3353 1890 3379; x_wconf 94' lang='grc'><strong>,</strong></span> 
     </span>
    </p>
   </div>
   <div class='ocr_carea' id='block_1_63' title="bbox 289 3400 1890 3473">
    <p class='ocr_par' dir='ltr' id='par_1_63' title="bbox 289 3400 1890 3473">
     <span class='ocr_line' id='line_1_63' title="bbox 289 3400 1890 3473; baseline 0.004 -21"><span class='ocrx_word' id='word_1_470' title='bbox 289 3402 385 3452; x_wconf 74' lang='grc' dir='ltr'><strong>καὶ</strong></span> <span class='ocrx_word' id='word_1_471' title='bbox 407 3400 732 3470; x_wconf 79' lang='grc' dir='ltr'>ὁμόῦρονος,</span> <span class='ocrx_word' id='word_1_472' title='bbox 753 3401 821 3453; x_wconf 83' lang='grc' dir='ltr'><strong>ἐν</strong></span> <span class='ocrx_word' id='word_1_473' title='bbox 852 3401 1164 3470; x_wconf 79' lang='grc' dir='ltr'>ὁμοιώματι</span> <span class='ocrx_word' id='word_1_474' title='bbox 1193 3402 1521 3470; x_wconf 75' lang='grc' dir='ltr'><strong>ἀνθρώπων</strong></span> <span class='ocrx_word' id='word_1_475' title='bbox 1553 3406 1890 3473; x_wconf 73' lang='grc' dir='ltr'>γενόμενος,</span> 
     </span>
    </p>
   </div>
   <div class='ocr_carea' id='block_1_64' title="bbox 289 3492 1893 3560">
    <p class='ocr_par' dir='ltr' id='par_1_64' title="bbox 289 3492 1893 3560">
     <span class='ocr_line' id='line_1_64' title="bbox 289 3492 1893 3560; baseline 0.004 -17"><span class='ocrx_word' id='word_1_476' title='bbox 289 3494 387 3545; x_wconf 79' lang='grc' dir='ltr'>καὶ</span> <span class='ocrx_word' id='word_1_477' title='bbox 421 3493 693 3560; x_wconf 74' lang='grc' dir='ltr'>σχήματι</span> <span class='ocrx_word' id='word_1_478' title='bbox 719 3492 984 3559; x_wconf 74' lang='grc' dir='ltr'>εὑρεθεὶς</span> <span class='ocrx_word' id='word_1_479' title='bbox 1007 3493 1088 3558; x_wconf 83' lang='grc' dir='ltr'>ὠς</span> <span class='ocrx_word' id='word_1_480' title='bbox 1130 3493 1464 3560; x_wconf 79' lang='grc' dir='ltr'>ἅνθρωπος,</span> <span class='ocrx_word' id='word_1_481' title='bbox 1487 3497 1893 3550; x_wconf 77' lang='grc' dir='ltr'>ἐταπείνωσεν</span> 
     </span>
    </p>
   </div>
   <div class='ocr_carea' id='block_1_65' title="bbox 284 3585 1893 3654">
    <p class='ocr_par' dir='ltr' id='par_1_65' title="bbox 284 3585 1893 3654">
     <span class='ocr_line' id='line_1_65' title="bbox 284 3585 1893 3654; baseline 0.002 -17"><span class='ocrx_word' id='word_1_482' title='bbox 284 3585 520 3637; x_wconf 71' lang='grc' dir='ltr'>ἑαυτὸν</span> <span class='ocrx_word' id='word_1_483' title='bbox 561 3587 883 3653; x_wconf 59' lang='grc' dir='ltr'>γενιψενος</span> <span class='ocrx_word' id='word_1_484' title='bbox 914 3585 1184 3651; x_wconf 75' lang='grc' dir='ltr'>ὑπήκοος</span> <span class='ocrx_word' id='word_1_485' title='bbox 1200 3585 1375 3654; x_wconf 80' lang='grc' dir='ltr'>μέχρι</span> <span class='ocrx_word' id='word_1_486' title='bbox 1407 3585 1688 3652; x_wconf 80' lang='grc' dir='ltr'>θανάτου,</span> <span class='ocrx_word' id='word_1_487' title='bbox 1715 3586 1893 3641; x_wconf 79' lang='grc' dir='ltr'><strong>θανά-</strong></span> 
     </span>
    </p>
   </div>
   <div class='ocr_carea' id='block_1_66' title="bbox 282 3675 1890 3745">
    <p class='ocr_par' dir='ltr' id='par_1_66' title="bbox 282 3675 1890 3745">
     <span class='ocr_line' id='line_1_66' title="bbox 282 3675 1890 3745; baseline 0 -17"><span class='ocrx_word' id='word_1_488' title='bbox 282 3692 400 3728; x_wconf 77' lang='grc' dir='ltr'>του</span> <span class='ocrx_word' id='word_1_489' title='bbox 451 3675 525 3726; x_wconf 81' lang='grc' dir='ltr'>δὲ</span> <span class='ocrx_word' id='word_1_490' title='bbox 576 3675 868 3742; x_wconf 83' lang='grc' dir='ltr'>σταυροῦ,</span> <span class='ocrx_word' id='word_1_491' title='bbox 910 3675 1010 3728; x_wconf 75' lang='grc' dir='ltr'>καὶ</span> <span class='ocrx_word' id='word_1_492' title='bbox 1066 3675 1413 3743; x_wconf 74' lang='grc' dir='ltr'>παρέδωκεν</span> <span class='ocrx_word' id='word_1_493' title='bbox 1469 3679 1687 3730; x_wconf 80' lang='grc' dir='ltr'>ἑαυτὸν</span> <span class='ocrx_word' id='word_1_494' title='bbox 1739 3678 1890 3745; x_wconf 73' lang='grc' dir='ltr'>ὑπὲρ</span> 
     </span>
    </p>
   </div>
   <div class='ocr_carea' id='block_1_67' title="bbox 283 3766 1891 3840">
    <p class='ocr_par' dir='ltr' id='par_1_67' title="bbox 283 3766 1891 3840">
     <span class='ocr_line' id='line_1_67' title="bbox 283 3766 1891 3840; baseline 0.003 -19"><span class='ocrx_word' id='word_1_495' title='bbox 283 3766 466 3834; x_wconf 71' lang='grc' dir='ltr'>ἡμῶν</span> <span class='ocrx_word' id='word_1_496' title='bbox 496 3768 722 3820; x_wconf 79' lang='grc' dir='ltr'><strong>θυσίαν</strong></span> <span class='ocrx_word' id='word_1_497' title='bbox 741 3807 756 3832; x_wconf 97' lang='grc'><strong>,</strong></span> <span class='ocrx_word' id='word_1_498' title='bbox 791 3767 892 3821; x_wconf 79' lang='grc' dir='ltr'>καὶ</span> <span class='ocrx_word' id='word_1_499' title='bbox 928 3769 1281 3838; x_wconf 71' lang='grc' dir='ltr'>προσφορὰν</span> <span class='ocrx_word' id='word_1_500' title='bbox 1311 3768 1392 3834; x_wconf 83' lang='grc' dir='ltr'>τῷ</span> <span class='ocrx_word' id='word_1_501' title='bbox 1422 3769 1542 3835; x_wconf 84' lang='grc' dir='ltr'><strong>Θεῷ</strong></span> <span class='ocrx_word' id='word_1_502' title='bbox 1569 3773 1657 3836; x_wconf 83' lang='grc' dir='ltr'><strong>εις</strong></span> <span class='ocrx_word' id='word_1_503' title='bbox 1688 3772 1891 3840; x_wconf 77' lang='grc' dir='ltr'><strong>ὀσμὴν</strong></span> 
     </span>
    </p>
   </div>
   <div class='ocr_carea' id='block_1_68' title="bbox 281 3878 568 3926">
    <p class='ocr_par' dir='ltr' id='par_1_68' title="bbox 281 3878 568 3926">
     <span class='ocr_line' id='line_1_68' title="bbox 281 3878 568 3926; baseline -0.01 -11"><span class='ocrx_word' id='word_1_504' title='bbox 281 3878 568 3926; x_wconf 59' lang='lat' dir='ltr'><strong>summe.</strong></span> 
     </span>
    </p>
   </div>
   <div class='ocr_carea' id='block_1_69' title="bbox 363 4042 1889 4118">
    <p class='ocr_par' dir='ltr' id='par_1_69' title="bbox 363 4042 1889 4118">
     <span class='ocr_line' id='line_1_69' title="bbox 363 4042 1889 4118; baseline -0.001 -17"><span class='ocrx_word' id='word_1_505' title='bbox 363 4045 562 4118; x_wconf 74' lang='grc' dir='ltr'>Ταύτῃ</span> <span class='ocrx_word' id='word_1_506' title='bbox 603 4061 684 4096; x_wconf 88' lang='grc' dir='ltr'><strong>τοι</strong></span> <span class='ocrx_word' id='word_1_507' title='bbox 725 4045 820 4097; x_wconf 60' lang='grc' dir='ltr'>καὶ</span> <span class='ocrx_word' id='word_1_508' title='bbox 867 4042 1028 4107; x_wconf 79' lang='grc' dir='ltr'>δόξαν</span> <span class='ocrx_word' id='word_1_509' title='bbox 1071 4043 1210 4096; x_wconf 82' lang='grc' dir='ltr'>ἰδίαν</span> <span class='ocrx_word' id='word_1_510' title='bbox 1241 4043 1340 4114; x_wconf 79' lang='grc' dir='ltr'><strong>τὴν</strong></span> <span class='ocrx_word' id='word_1_511' title='bbox 1381 4043 1448 4098; x_wconf 86' lang='grc' dir='ltr'>δι’</span> <span class='ocrx_word' id='word_1_512' title='bbox 1480 4045 1628 4116; x_wconf 78' lang='grc' dir='ltr'>ἡμᾶς</span> <span class='ocrx_word' id='word_1_513' title='bbox 1670 4045 1889 4110; x_wconf 78' lang='grc' dir='ltr'>ἀδοξίαν</span> 
     </span>
    </p>
   </div>
   <div class='ocr_carea' id='block_1_70' title="bbox 285 4135 1888 4208">
    <p class='ocr_par' dir='ltr' id='par_1_70' title="bbox 285 4135 1888 4208">
     <span class='ocr_line' id='line_1_70' title="bbox 285 4135 1888 4208; baseline -0.001 -18"><span class='ocrx_word' id='word_1_514' title='bbox 285 4137 584 4204; x_wconf 76' lang='grc' dir='ltr'>ὠνόμασε,</span> <span class='ocrx_word' id='word_1_515' title='bbox 621 4136 714 4189; x_wconf 79' lang='grc' dir='ltr'>καὶ</span> <span class='ocrx_word' id='word_1_516' title='bbox 742 4135 1085 4206; x_wconf 73' lang='grc' dir='ltr'>εὐφροσύνης</span> <span class='ocrx_word' id='word_1_517' title='bbox 1117 4135 1382 4204; x_wconf 88' lang='grc' dir='ltr'>ποτήριον</span> <span class='ocrx_word' id='word_1_518' title='bbox 1417 4138 1510 4191; x_wconf 80' lang='grc' dir='ltr'><strong>τὸν</strong></span> <span class='ocrx_word' id='word_1_519' title='bbox 1544 4137 1662 4206; x_wconf 88' lang='grc' dir='ltr'>μετ’</span> <span class='ocrx_word' id='word_1_520' title='bbox 1693 4137 1888 4208; x_wconf 78' lang='grc' dir='ltr'>ὀδύνης</span> 
     </span>
    </p>
   </div>
   <div class='ocr_carea' id='block_1_71' title="bbox 288 4228 1887 4301">
    <p class='ocr_par' dir='ltr' id='par_1_71' title="bbox 288 4228 1887 4301">
     <span class='ocr_line' id='line_1_71' title="bbox 288 4228 1887 4301; baseline 0 -19"><span class='ocrx_word' id='word_1_521' title='bbox 288 4230 530 4282; x_wconf 69' lang='grc' dir='ltr'>ἐκάλεσε</span> <span class='ocrx_word' id='word_1_522' title='bbox 569 4229 831 4291; x_wconf 81' lang='grc' dir='ltr'>θάνατον,</span> <span class='ocrx_word' id='word_1_523' title='bbox 857 4229 950 4281; x_wconf 73' lang='grc' dir='ltr'><strong>καὶ</strong></span> <span class='ocrx_word' id='word_1_524' title='bbox 998 4228 1366 4298; x_wconf 79' lang='grc' dir='ltr'>πανηγύρεως</span> <span class='ocrx_word' id='word_1_525' title='bbox 1406 4230 1622 4299; x_wconf 83' lang='grc' dir='ltr'>ἡμέραν</span> <span class='ocrx_word' id='word_1_526' title='bbox 1660 4229 1759 4301; x_wconf 82' lang='grc' dir='ltr'>τὴν</span> <span class='ocrx_word' id='word_1_527' title='bbox 1789 4230 1887 4300; x_wconf 84' lang='grc' dir='ltr'>τῆς</span> 
     </span>
    </p>
   </div>
   <div class='ocr_carea' id='block_1_72' title="bbox 287 4319 1885 4394">
    <p class='ocr_par' dir='ltr' id='par_1_72' title="bbox 287 4319 1885 4394">
     <span class='ocr_line' id='line_1_72' title="bbox 287 4319 1885 4394; baseline -0.001 -18"><span class='ocrx_word' id='word_1_528' title='bbox 287 4323 512 4392; x_wconf 74' lang='grc' dir='ltr'>ὕϐρεως</span> <span class='ocrx_word' id='word_1_529' title='bbox 545 4321 753 4383; x_wconf 76' lang='grc' dir='ltr'>ἐποίει,</span> <span class='ocrx_word' id='word_1_530' title='bbox 793 4319 892 4391; x_wconf 84' lang='grc' dir='ltr'>τὴν</span> <span class='ocrx_word' id='word_1_531' title='bbox 920 4321 1114 4388; x_wconf 79' lang='grc' dir='ltr'>ἄφεσιν</span> <span class='ocrx_word' id='word_1_532' title='bbox 1153 4321 1228 4390; x_wconf 82' lang='grc' dir='ltr'><strong>τῷ</strong></span> <span class='ocrx_word' id='word_1_533' title='bbox 1268 4321 1441 4394; x_wconf 81' lang='grc' dir='ltr'>λῃστῇ</span> <span class='ocrx_word' id='word_1_534' title='bbox 1487 4322 1844 4392; x_wconf 77' lang='grc' dir='ltr'>χαριζόμενος</span> <span class='ocrx_word' id='word_1_535' title='bbox 1870 4360 1885 4384; x_wconf 91' lang='grc'><strong>,</strong></span> 
     </span>
    </p>
   </div>
   <div class='ocr_carea' id='block_1_73' title="bbox 1995 3213 3575 3287">
    <p class='ocr_par' dir='ltr' id='par_1_73' title="bbox 1995 3213 3575 3287">
     <span class='ocr_line' id='line_1_73' title="bbox 1995 3213 3575 3287; baseline -0.006 -15"><span class='ocrx_word' id='word_1_536' title='bbox 1995 3229 2177 3272; x_wconf 86' lang='lat' dir='ltr'><strong>autem</strong></span> <span class='ocrx_word' id='word_1_537' title='bbox 2212 3219 2537 3287; x_wconf 83' lang='lat' dir='ltr'><strong>sapientiam</strong></span> <span class='ocrx_word' id='word_1_538' title='bbox 2571 3216 2687 3282; x_wconf 88' lang='lat' dir='ltr'><strong>Dei,</strong></span> <span class='ocrx_word' id='word_1_539' title='bbox 2719 3228 2771 3270; x_wconf 88' lang='lat' dir='ltr'><strong>et</strong></span> <span class='ocrx_word' id='word_1_540' title='bbox 2803 3217 2942 3281; x_wconf 89' lang='lat' dir='ltr'><strong>ejus,</strong></span> <span class='ocrx_word' id='word_1_541' title='bbox 2973 3231 3078 3283; x_wconf 86' lang='lat' dir='ltr'><strong>qua</strong></span> <span class='ocrx_word' id='word_1_542' title='bbox 3119 3224 3201 3270; x_wconf 86' lang='lat' dir='ltr'><strong>est</strong></span> <span class='ocrx_word' id='word_1_543' title='bbox 3233 3216 3282 3266; x_wconf 93' lang='lat' dir='ltr'><strong>in</strong></span> <span class='ocrx_word' id='word_1_544' title='bbox 3311 3229 3408 3266; x_wconf 91' lang='lat' dir='ltr'><strong>nos</strong></span> <span class='ocrx_word' id='word_1_545' title='bbox 3445 3213 3575 3266; x_wconf 69' lang='lat' dir='ltr'><strong>till‘l-</strong></span> 
     </span>
    </p>
   </div>
   <div class='ocr_carea' id='block_1_74' title="bbox 1995 3307 3574 3373">
    <p class='ocr_par' dir='ltr' id='par_1_74' title="bbox 1995 3307 3574 3373">
     <span class='ocr_line' id='line_1_74' title="bbox 1995 3307 3574 3373; baseline -0.004 -11"><span class='ocrx_word' id='word_1_546' title='bbox 1995 3309 2170 3363; x_wconf 83' lang='lat' dir='ltr'><strong>ritalis</strong></span> <span class='ocrx_word' id='word_1_547' title='bbox 2207 3309 2624 3362; x_wconf 82' lang='lat' dir='ltr'><strong>inunensitalem</strong></span> <span class='ocrx_word' id='word_1_548' title='bbox 2657 3323 2671 3362; x_wconf 90' lang='lat'><strong>:</strong></span> <span class='ocrx_word' id='word_1_549' title='bbox 2715 3309 2953 3373; x_wconf 87' lang='lat' dir='ltr'><strong>seipsum</strong></span> <span class='ocrx_word' id='word_1_550' title='bbox 2991 3308 3302 3370; x_wconf 63' lang='lat' dir='ltr'><strong>exiimnivit,</strong></span> <span class='ocrx_word' id='word_1_551' title='bbox 3346 3307 3574 3373; x_wconf 77' lang='lat' dir='ltr'><strong>{armum</strong></span> 
     </span>
    </p>
   </div>
   <div class='ocr_carea' id='block_1_75' title="bbox 1991 3395 3576 3468">
    <p class='ocr_par' dir='ltr' id='par_1_75' title="bbox 1991 3395 3576 3468">
     <span class='ocr_line' id='line_1_75' title="bbox 1991 3395 3576 3468; baseline -0.004 -14"><span class='ocrx_word' id='word_1_552' title='bbox 1991 3402 2124 3454; x_wconf 80' lang='lat' dir='ltr'><strong>servi</strong></span> <span class='ocrx_word' id='word_1_553' title='bbox 2163 3399 2441 3468; x_wconf 77' lang='lat' dir='ltr'><strong>accipiens,</strong></span> <span class='ocrx_word' id='word_1_554' title='bbox 2496 3399 2585 3464; x_wconf 85' lang='lat' dir='ltr'><strong>qui</strong></span> <span class='ocrx_word' id='word_1_555' title='bbox 2637 3401 2686 3451; x_wconf 92' lang='lat' dir='ltr'><strong>in</strong></span> <span class='ocrx_word' id='word_1_556' title='bbox 2724 3398 2897 3468; x_wconf 75' lang='lat' dir='ltr'><strong>forma</strong></span> <span class='ocrx_word' id='word_1_557' title='bbox 2932 3399 3024 3451; x_wconf 83' lang='lat' dir='ltr'><strong>Dei</strong></span> <span class='ocrx_word' id='word_1_558' title='bbox 3079 3406 3197 3452; x_wconf 78' lang='lat' dir='ltr'><strong>erat</strong></span> <span class='ocrx_word' id='word_1_559' title='bbox 3250 3399 3390 3452; x_wconf 86' lang='lat' dir='ltr'><strong>Deus</strong></span> <span class='ocrx_word' id='word_1_560' title='bbox 3431 3395 3576 3450; x_wconf 84' lang='lat' dir='ltr'><strong>Patri</strong></span> 
     </span>
    </p>
   </div>
   <div class='ocr_carea' id='block_1_76' title="bbox 1992 3489 3569 3559">
    <p class='ocr_par' dir='ltr' id='par_1_76' title="bbox 1992 3489 3569 3559">
     <span class='ocr_line' id='line_1_76' title="bbox 1992 3489 3569 3559; baseline -0.005 -11"><span class='ocrx_word' id='word_1_561' title='bbox 1992 3503 2316 3558; x_wconf 65' lang='lat' dir='ltr'><strong>coarteruus,</strong></span> <span class='ocrx_word' id='word_1_562' title='bbox 2351 3491 2592 3559; x_wconf 82' lang='lat' dir='ltr'><strong>ejusdem</strong></span> <span class='ocrx_word' id='word_1_563' title='bbox 2621 3491 2840 3558; x_wconf 70' lang='lat' dir='ltr'><strong>gloriae:</strong></span> <span class='ocrx_word' id='word_1_564' title='bbox 2880 3492 2934 3543; x_wconf 85' lang='lat' dir='ltr'><strong>in</strong></span> <span class='ocrx_word' id='word_1_565' title='bbox 2984 3490 3392 3542; x_wconf 81' lang='lat' dir='ltr'><strong>similitudinem</strong></span> <span class='ocrx_word' id='word_1_566' title='bbox 3470 3489 3569 3540; x_wconf 85' lang='lat' dir='ltr'><strong>lio-</strong></span> 
     </span>
    </p>
   </div>
   <div class='ocr_carea' id='block_1_77' title="bbox 1993 3583 3576 3652">
    <p class='ocr_par' dir='ltr' id='par_1_77' title="bbox 1993 3583 3576 3652">
     <span class='ocr_line' id='line_1_77' title="bbox 1993 3583 3576 3652; baseline -0.005 -16"><span class='ocrx_word' id='word_1_567' title='bbox 1993 3586 2190 3636; x_wconf 85' lang='lat' dir='ltr'><strong>minum</strong></span> <span class='ocrx_word' id='word_1_568' title='bbox 2219 3585 2410 3652; x_wconf 80' lang='lat' dir='ltr'><strong>factus,</strong></span> <span class='ocrx_word' id='word_1_569' title='bbox 2442 3595 2491 3636; x_wconf 81' lang='lat' dir='ltr'><strong>et</strong></span> <span class='ocrx_word' id='word_1_570' title='bbox 2526 3585 2708 3635; x_wconf 79' lang='lat' dir='ltr'><strong>habitu</strong></span> <span class='ocrx_word' id='word_1_571' title='bbox 2735 3584 2974 3635; x_wconf 78' lang='lat' dir='ltr'><strong>inuentus</strong></span> <span class='ocrx_word' id='word_1_572' title='bbox 3007 3592 3062 3633; x_wconf 83' lang='lat' dir='ltr'><strong>ut</strong></span> <span class='ocrx_word' id='word_1_573' title='bbox 3106 3583 3282 3643; x_wconf 82' lang='lat' dir='ltr'><strong>homo,</strong></span> <span class='ocrx_word' id='word_1_574' title='bbox 3318 3583 3576 3634; x_wconf 78' lang='lat' dir='ltr'><strong>humilia.</strong></span> 
     </span>
    </p>
   </div>
   <div class='ocr_carea' id='block_1_78' title="bbox 1991 3673 3573 3742">
    <p class='ocr_par' dir='ltr' id='par_1_78' title="bbox 1991 3673 3573 3742">
     <span class='ocr_line' id='line_1_78' title="bbox 1991 3673 3573 3742; baseline -0.002 -15"><span class='ocrx_word' id='word_1_575' title='bbox 1991 3677 2062 3727; x_wconf 77' lang='lat' dir='ltr'><strong>rit</strong></span> <span class='ocrx_word' id='word_1_576' title='bbox 2099 3680 2459 3742; x_wconf 74' lang='lat' dir='ltr'><strong>semetipsum,</strong></span> <span class='ocrx_word' id='word_1_577' title='bbox 2517 3678 2688 3738; x_wconf 69' lang='lat' dir='ltr'><strong>(nctus</strong></span> <span class='ocrx_word' id='word_1_578' title='bbox 2729 3673 2972 3725; x_wconf 73' lang='lat' dir='ltr'><strong>ubetlieiis</strong></span> <span class='ocrx_word' id='word_1_579' title='bbox 3007 3690 3167 3741; x_wconf 68' lang='lat' dir='ltr'><strong>usque</strong></span> <span class='ocrx_word' id='word_1_580' title='bbox 3210 3673 3282 3726; x_wconf 79' lang='lat' dir='ltr'><strong>ad</strong></span> <span class='ocrx_word' id='word_1_581' title='bbox 3331 3685 3573 3736; x_wconf 71' lang='lat' dir='ltr'><strong>mortem,</strong></span> 
     </span>
    </p>
   </div>
   <div class='ocr_carea' id='block_1_79' title="bbox 1992 3767 3575 3832">
    <p class='ocr_par' dir='ltr' id='par_1_79' title="bbox 1992 3767 3575 3832">
     <span class='ocr_line' id='line_1_79' title="bbox 1992 3767 3575 3832; baseline -0.001 -12"><span class='ocrx_word' id='word_1_582' title='bbox 1992 3779 2207 3820; x_wconf 82' lang='lat' dir='ltr'><strong>mortem</strong></span> <span class='ocrx_word' id='word_1_583' title='bbox 2249 3776 2422 3820; x_wconf 77' lang='lat' dir='ltr'><strong>autem</strong></span> <span class='ocrx_word' id='word_1_584' title='bbox 2471 3769 2644 3820; x_wconf 81' lang='lat' dir='ltr'><strong>crucis</strong></span> <span class='ocrx_word' id='word_1_585' title='bbox 2691 3767 2736 3797; x_wconf 78' lang='lat'><strong>°’</strong></span> <span class='ocrx_word' id='word_1_586' title='bbox 2764 3808 2778 3830; x_wconf 89' lang='lat'><strong>,</strong></span> <span class='ocrx_word' id='word_1_587' title='bbox 2808 3780 2854 3820; x_wconf 81' lang='lat' dir='ltr'><strong>ei</strong></span> <span class='ocrx_word' id='word_1_588' title='bbox 2901 3767 3043 3819; x_wconf 77' lang='lat' dir='ltr'><strong>dedit</strong></span> <span class='ocrx_word' id='word_1_589' title='bbox 3099 3769 3431 3832; x_wconf 80' lang='lat' dir='ltr'><strong>semetipsum</strong></span> <span class='ocrx_word' id='word_1_590' title='bbox 3479 3784 3575 3831; x_wconf 89' lang='lat' dir='ltr'><strong>pro</strong></span> 
     </span>
    </p>
   </div>
   <div class='ocr_carea' id='block_1_80' title="bbox 1991 3857 3578 3914">
    <p class='ocr_par' dir='ltr' id='par_1_80' title="bbox 1991 3857 3578 3914">
     <span class='ocr_line' id='line_1_80' title="bbox 1991 3857 3578 3914; baseline -0.003 -2"><span class='ocrx_word' id='word_1_591' title='bbox 1991 3861 2137 3914; x_wconf 83' lang='lat' dir='ltr'><strong>nobis</strong></span> <span class='ocrx_word' id='word_1_592' title='bbox 2163 3859 2387 3912; x_wconf 79' lang='lat' dir='ltr'><strong>hostiam</strong></span> <span class='ocrx_word' id='word_1_593' title='bbox 2422 3869 2469 3912; x_wconf 76' lang='lat' dir='ltr'><strong>et</strong></span> <span class='ocrx_word' id='word_1_594' title='bbox 2501 3860 2819 3912; x_wconf 78' lang='lat' dir='ltr'><strong>ablutionem</strong></span> <span class='ocrx_word' id='word_1_595' title='bbox 2869 3857 2976 3912; x_wconf 75' lang='lat' dir='ltr'><strong>Deo</strong></span> <span class='ocrx_word' id='word_1_596' title='bbox 3005 3860 3060 3911; x_wconf 82' lang='lat' dir='ltr'><strong>in</strong></span> <span class='ocrx_word' id='word_1_597' title='bbox 3112 3859 3324 3912; x_wconf 83' lang='lat' dir='ltr'><strong>odorem</strong></span> <span class='ocrx_word' id='word_1_598' title='bbox 3391 3858 3578 3910; x_wconf 79' lang='lat' dir='ltr'><strong>suavi-</strong></span> 
     </span>
    </p>
   </div>
   <div class='ocr_carea' id='block_1_81' title="bbox 1992 3951 2220 4006">
    <p class='ocr_par' dir='ltr' id='par_1_81' title="bbox 1992 3951 2220 4006">
     <span class='ocr_line' id='line_1_81' title="bbox 1992 3951 2220 4006; baseline 0.009 -2"><span class='ocrx_word' id='word_1_599' title='bbox 1992 3954 2118 4005; x_wconf 82' lang='lat' dir='ltr'><strong>tatis</strong></span> <span class='ocrx_word' id='word_1_600' title='bbox 2155 3951 2220 4006; x_wconf 75' lang='lat'><strong>’°.</strong></span> 
     </span>
    </p>
   </div>
   <div class='ocr_carea' id='block_1_82' title="bbox 2061 4039 3567 4110">
    <p class='ocr_par' dir='ltr' id='par_1_82' title="bbox 2061 4039 3567 4110">
     <span class='ocr_line' id='line_1_82' title="bbox 2061 4039 3567 4110; baseline -0.004 -14"><span class='ocrx_word' id='word_1_601' title='bbox 2061 4042 2329 4109; x_wconf 85' lang='lat' dir='ltr'><strong>Quocirca</strong></span> <span class='ocrx_word' id='word_1_602' title='bbox 2351 4041 2578 4110; x_wconf 79' lang='lat' dir='ltr'><strong>gloriam</strong></span> <span class='ocrx_word' id='word_1_603' title='bbox 2605 4042 2880 4109; x_wconf 85' lang='lat' dir='ltr'><strong>pr0priam</strong></span> <span class='ocrx_word' id='word_1_604' title='bbox 2911 4039 3203 4108; x_wconf 61' lang='lat' dir='ltr'><strong>appellavit</strong></span> <span class='ocrx_word' id='word_1_605' title='bbox 3233 4052 3377 4096; x_wconf 87' lang='lat' dir='ltr'><strong>eam.</strong></span> <span class='ocrx_word' id='word_1_606' title='bbox 3402 4053 3567 4105; x_wconf 87' lang='lat' dir='ltr'><strong>quam</strong></span> 
     </span>
    </p>
   </div>
   <div class='ocr_carea' id='block_1_83' title="bbox 1990 4133 3576 4208">
    <p class='ocr_par' dir='ltr' id='par_1_83' title="bbox 1990 4133 3576 4208">
     <span class='ocr_line' id='line_1_83' title="bbox 1990 4133 3576 4208; baseline -0.006 -16"><span class='ocrx_word' id='word_1_607' title='bbox 1990 4153 2090 4208; x_wconf 89' lang='lat' dir='ltr'><strong>pro</strong></span> <span class='ocrx_word' id='word_1_608' title='bbox 2125 4138 2280 4192; x_wconf 83' lang='lat' dir='ltr'><strong>nobis</strong></span> <span class='ocrx_word' id='word_1_609' title='bbox 2311 4146 2633 4205; x_wconf 72' lang='lat' dir='ltr'><strong>susceperat</strong></span> <span class='ocrx_word' id='word_1_610' title='bbox 2665 4134 3020 4203; x_wconf 82' lang='lat' dir='ltr'><strong>ignominiam</strong></span> <span class='ocrx_word' id='word_1_611' title='bbox 3048 4151 3063 4197; x_wconf 90' lang='lat'><strong>;</strong></span> <span class='ocrx_word' id='word_1_612' title='bbox 3096 4143 3153 4186; x_wconf 90' lang='lat' dir='ltr'><strong>et</strong></span> <span class='ocrx_word' id='word_1_613' title='bbox 3188 4133 3576 4186; x_wconf 79' lang='lat' dir='ltr'><strong>exsultatiouis</strong></span> 
     </span>
    </p>
   </div>
   <div class='ocr_carea' id='block_1_84' title="bbox 1990 4225 3571 4302">
    <p class='ocr_par' dir='ltr' id='par_1_84' title="bbox 1990 4225 3571 4302">
     <span class='ocr_line' id='line_1_84' title="bbox 1990 4225 3571 4302; baseline -0.007 -15"><span class='ocrx_word' id='word_1_614' title='bbox 1990 4231 2237 4302; x_wconf 87' lang='lat' dir='ltr'><strong>poculum</strong></span> <span class='ocrx_word' id='word_1_615' title='bbox 2281 4229 2583 4284; x_wconf 85' lang='lat' dir='ltr'><strong>nominavit</strong></span> <span class='ocrx_word' id='word_1_616' title='bbox 2619 4240 2848 4283; x_wconf 88' lang='lat' dir='ltr'><strong>mortem</strong></span> <span class='ocrx_word' id='word_1_617' title='bbox 2902 4227 3236 4282; x_wconf 80' lang='lat' dir='ltr'><strong>cruciatibus</strong></span> <span class='ocrx_word' id='word_1_618' title='bbox 3291 4225 3571 4288; x_wconf 80' lang='lat' dir='ltr'><strong>refertam,</strong></span> 
     </span>
    </p>
   </div>
   <div class='ocr_carea' id='block_1_85' title="bbox 1991 4317 3576 4394">
    <p class='ocr_par' dir='ltr' id='par_1_85' title="bbox 1991 4317 3576 4394">
     <span class='ocr_line' id='line_1_85' title="bbox 1991 4317 3576 4394; baseline -0.007 -13"><span class='ocrx_word' id='word_1_619' title='bbox 1991 4328 2243 4394; x_wconf 86' lang='lat' dir='ltr'><strong>diemque</strong></span> <span class='ocrx_word' id='word_1_620' title='bbox 2282 4325 2501 4379; x_wconf 89' lang='lat' dir='ltr'><strong>ludibrii</strong></span> <span class='ocrx_word' id='word_1_621' title='bbox 2534 4334 2586 4377; x_wconf 86' lang='lat' dir='ltr'><strong>et</strong></span> <span class='ocrx_word' id='word_1_622' title='bbox 2631 4323 2905 4377; x_wconf 86' lang='lat' dir='ltr'><strong>irrisionis</strong></span> <span class='ocrx_word' id='word_1_623' title='bbox 2937 4322 3057 4376; x_wconf 52' lang='lat' dir='ltr'><strong>loco</strong></span> <span class='ocrx_word' id='word_1_624' title='bbox 3089 4320 3324 4375; x_wconf 87' lang='lat' dir='ltr'><strong>celebris</strong></span> <span class='ocrx_word' id='word_1_625' title='bbox 3361 4317 3576 4373; x_wconf 82' lang='lat' dir='ltr'><strong>festivi-</strong></span> 
     </span>
    </p>
   </div>
   <div class='ocr_carea' id='block_1_86' title="bbox 281 4413 1887 4507">
    <p class='ocr_par' dir='ltr' id='par_1_86' title="bbox 281 4413 1884 4486">
     <span class='ocr_line' id='line_1_86' title="bbox 281 4413 1884 4486; baseline 0 -16"><span class='ocrx_word' id='word_1_626' title='bbox 281 4417 385 4470; x_wconf 68' lang='grc' dir='ltr'><strong>τὺν</strong></span> <span class='ocrx_word' id='word_1_627' title='bbox 417 4414 755 4484; x_wconf 83' lang='grc' dir='ltr'>παράδεισον</span> <span class='ocrx_word' id='word_1_628' title='bbox 788 4413 1044 4480; x_wconf 82' lang='grc' dir='ltr'>ἀνοίγων,</span> <span class='ocrx_word' id='word_1_629' title='bbox 1078 4413 1205 4476; x_wconf 81' lang='grc' dir='ltr'>τοὺς</span> <span class='ocrx_word' id='word_1_630' title='bbox 1233 4415 1464 4484; x_wconf 77' lang='grc' dir='ltr'>νεκροὺς</span> <span class='ocrx_word' id='word_1_631' title='bbox 1497 4415 1751 4480; x_wconf 84' lang='grc' dir='ltr'>ἀνιστῶν,</span> <span class='ocrx_word' id='word_1_632' title='bbox 1784 4417 1884 4486; x_wconf 84' lang='grc' dir='ltr'>τὴν</span> 
     </span>
    </p>
   </div>
   <div class='ocr_carea' id='block_1_87' title="bbox 1995 4413 3566 4507">
    <p class='ocr_par' dir='ltr' id='par_1_87' title="bbox 1995 4413 3566 4483">
     <span class='ocr_line' id='line_1_87' title="bbox 1995 4413 3566 4483; baseline -0.004 -10"><span class='ocrx_word' id='word_1_633' title='bbox 1995 4420 2118 4474; x_wconf 88' lang='lat' dir='ltr'><strong>tatis</strong></span> <span class='ocrx_word' id='word_1_634' title='bbox 2151 4417 2355 4480; x_wconf 88' lang='lat' dir='ltr'><strong>habuit,</strong></span> <span class='ocrx_word' id='word_1_635' title='bbox 2388 4431 2645 4470; x_wconf 87' lang='lat' dir='ltr'><strong>concessa</strong></span> <span class='ocrx_word' id='word_1_636' title='bbox 2679 4417 2870 4470; x_wconf 85' lang='lat' dir='ltr'><strong>latroni</strong></span> <span class='ocrx_word' id='word_1_637' title='bbox 2900 4425 3243 4483; x_wconf 83' lang='lat' dir='ltr'><strong>peccatorum</strong></span> <span class='ocrx_word' id='word_1_638' title='bbox 3280 4413 3566 4482; x_wconf 80' lang='lat' dir='ltr'><strong>indulgeu-</strong></span> 
     </span>
    </p>
   </div>
   <div class='ocr_carea' id='block_1_88' title="bbox 282 4504 1880 4577">
    <p class='ocr_par' dir='ltr' id='par_1_88' title="bbox 282 4504 1880 4577">
     <span class='ocr_line' id='line_1_88' title="bbox 282 4504 1880 4577; baseline 0.001 -20"><span class='ocrx_word' id='word_1_639' title='bbox 282 4508 395 4577; x_wconf 76' lang='grc' dir='ltr'>γῆν</span> <span class='ocrx_word' id='word_1_640' title='bbox 433 4505 704 4567; x_wconf 79' lang='grc' dir='ltr'>σαλεύων,</span> <span class='ocrx_word' id='word_1_641' title='bbox 730 4505 792 4559; x_wconf 83' lang='grc' dir='ltr'>τὸ</span> <span class='ocrx_word' id='word_1_642' title='bbox 827 4504 1233 4571; x_wconf 81' lang='grc' dir='ltr'>καταπέτασμα</span> <span class='ocrx_word' id='word_1_643' title='bbox 1265 4505 1490 4572; x_wconf 76' lang='grc' dir='ltr'>σχίζων,</span> <span class='ocrx_word' id='word_1_644' title='bbox 1529 4507 1624 4559; x_wconf 74' lang='grc' dir='ltr'>καὶ</span> <span class='ocrx_word' id='word_1_645' title='bbox 1650 4507 1729 4575; x_wconf 81' lang='grc' dir='ltr'>τῷ</span> <span class='ocrx_word' id='word_1_646' title='bbox 1765 4509 1880 4559; x_wconf 82' lang='grc' dir='ltr'><strong>Πα-</strong></span> 
     </span>
    </p>
   </div>
   <div class='ocr_carea' id='block_1_89' title="bbox 282 4591 1880 4670">
    <p class='ocr_par' dir='ltr' id='par_1_89' title="bbox 282 4591 1880 4670">
     <span class='ocr_line' id='line_1_89' title="bbox 282 4591 1880 4670; baseline -0.001 -19"><span class='ocrx_word' id='word_1_647' title='bbox 282 4603 381 4670; x_wconf 74' lang='grc' dir='ltr'><strong>τρὶ</strong></span> <span class='ocrx_word' id='word_1_648' title='bbox 411 4601 513 4666; x_wconf 72' lang='grc' dir='ltr'><strong>τὴν</strong></span> <span class='ocrx_word' id='word_1_649' title='bbox 559 4591 705 4666; x_wconf 70' lang='grc' dir='ltr'>ὖπὲρ</span> <span class='ocrx_word' id='word_1_650' title='bbox 733 4596 842 4648; x_wconf 82' lang='grc' dir='ltr'>τῶν</span> <span class='ocrx_word' id='word_1_651' title='bbox 882 4596 1263 4664; x_wconf 88' lang='grc' dir='ltr'>σταυρούντων</span> <span class='ocrx_word' id='word_1_652' title='bbox 1302 4598 1595 4665; x_wconf 81' lang='grc' dir='ltr'>προσάγων</span> <span class='ocrx_word' id='word_1_653' title='bbox 1647 4600 1880 4658; x_wconf 75' lang='grc' dir='ltr'>ἱκεσίαν,</span> 
     </span>
    </p>
   </div>
   <div class='ocr_carea' id='block_1_90' title="bbox 287 4686 1886 4760">
    <p class='ocr_par' dir='ltr' id='par_1_90' title="bbox 287 4686 1886 4760">
     <span class='ocr_line' id='line_1_90' title="bbox 287 4686 1886 4760; baseline -0.001 -18"><span class='ocrx_word' id='word_1_654' title='bbox 287 4691 386 4742; x_wconf 76' lang='grc' dir='ltr'><strong>καὶ</strong></span> <span class='ocrx_word' id='word_1_655' title='bbox 431 4689 616 4743; x_wconf 80' lang='grc' dir='ltr'>καλῶν</span> <span class='ocrx_word' id='word_1_656' title='bbox 648 4687 838 4757; x_wconf 63' lang='grc' dir='ltr'>ὑψηλῷ</span> <span class='ocrx_word' id='word_1_657' title='bbox 882 4686 1202 4756; x_wconf 84' lang='grc' dir='ltr'>κηρύγματι</span> <span class='ocrx_word' id='word_1_658' title='bbox 1237 4687 1374 4759; x_wconf 68' lang='grc' dir='ltr'>προς</span> <span class='ocrx_word' id='word_1_659' title='bbox 1425 4689 1770 4760; x_wconf 84' lang='grc' dir='ltr'>εὐφροσύνην</span> <span class='ocrx_word' id='word_1_660' title='bbox 1816 4689 1886 4748; x_wconf 76' lang='grc' dir='ltr'>τὰ</span> 
     </span>
    </p>
   </div>
   <div class='ocr_carea' id='block_1_91' title="bbox 283 4778 1886 4851">
    <p class='ocr_par' dir='ltr' id='par_1_91' title="bbox 283 4778 1886 4851">
     <span class='ocr_line' id='line_1_91' title="bbox 283 4778 1886 4851; baseline -0.002 -16"><span class='ocrx_word' id='word_1_661' title='bbox 283 4785 526 4851; x_wconf 77' lang='grc' dir='ltr'>πέρατα,</span> <span class='ocrx_word' id='word_1_662' title='bbox 580 4781 662 4833; x_wconf 74' lang='grc' dir='ltr'>ὅτι</span> <span class='ocrx_word' id='word_1_663' title='bbox 714 4780 808 4833; x_wconf 83' lang='grc' dir='ltr'><strong>τὸν</strong></span> <span class='ocrx_word' id='word_1_664' title='bbox 859 4778 1123 4849; x_wconf 85' lang='grc' dir='ltr'>τύραννον</span> <span class='ocrx_word' id='word_1_665' title='bbox 1169 4779 1607 4849; x_wconf 74' lang='grc' dir='ltr'>καταϐέϐληκεν,</span> <span class='ocrx_word' id='word_1_666' title='bbox 1658 4781 1739 4833; x_wconf 77' lang='grc' dir='ltr'><strong>ὅτι</strong></span> <span class='ocrx_word' id='word_1_667' title='bbox 1787 4781 1886 4851; x_wconf 83' lang='grc' dir='ltr'><strong>τὴν</strong></span> 
     </span>
    </p>
   </div>
   <div class='ocr_carea' id='block_1_92' title="bbox 296 4870 1888 4943">
    <p class='ocr_par' dir='ltr' id='par_1_92' title="bbox 296 4870 1888 4943">
     <span class='ocr_line' id='line_1_92' title="bbox 296 4870 1888 4943; baseline -0.003 -14"><span class='ocrx_word' id='word_1_668' title='bbox 296 4876 636 4943; x_wconf 75' lang='grc' dir='ltr'>Ἐκκλησίαν</span> <span class='ocrx_word' id='word_1_669' title='bbox 667 4873 1084 4942; x_wconf 80' lang='grc' dir='ltr'>ὲνυμφεύσατο,</span> <span class='ocrx_word' id='word_1_670' title='bbox 1128 4872 1212 4924; x_wconf 84' lang='grc' dir='ltr'>ὅτι</span> <span class='ocrx_word' id='word_1_671' title='bbox 1259 4871 1335 4940; x_wconf 78' lang='grc' dir='ltr'><strong>τῷ</strong></span> <span class='ocrx_word' id='word_1_672' title='bbox 1394 4870 1514 4940; x_wconf 86' lang='grc' dir='ltr'><strong>Θεῷ</strong></span> <span class='ocrx_word' id='word_1_673' title='bbox 1581 4872 1888 4942; x_wconf 77' lang='grc' dir='ltr'>κατήλλαξε</span> 
     </span>
    </p>
   </div>
   <div class='ocr_carea' id='block_1_93' title="bbox 285 4962 1887 5037">
    <p class='ocr_par' dir='ltr' id='par_1_93' title="bbox 285 4962 1887 5037">
     <span class='ocr_line' id='line_1_93' title="bbox 285 4962 1887 5037; baseline -0.002 -17"><span class='ocrx_word' id='word_1_674' title='bbox 285 4970 386 5037; x_wconf 78' lang='grc' dir='ltr'>τὴν</span> <span class='ocrx_word' id='word_1_675' title='bbox 455 4965 875 5035; x_wconf 79' lang='grc' dir='ltr'>ἅνθρωπότητα.</span> <span class='ocrx_word' id='word_1_676' title='bbox 938 4963 1036 5018; x_wconf 79' lang='grc' dir='ltr'><strong>Διὰ</strong></span> <span class='ocrx_word' id='word_1_677' title='bbox 1106 4964 1263 5016; x_wconf 82' lang='grc' dir='ltr'>τοῦτο</span> <span class='ocrx_word' id='word_1_678' title='bbox 1322 4962 1422 5033; x_wconf 79' lang='grc' dir='ltr'>τὴν</span> <span class='ocrx_word' id='word_1_679' title='bbox 1483 4964 1583 5034; x_wconf 79' lang='grc' dir='ltr'>μὲν</span> <span class='ocrx_word' id='word_1_680' title='bbox 1649 4963 1887 5017; x_wconf 81' lang='grc' dir='ltr'>ἀνάστα-</span> 
     </span>
    </p>
   </div>
   <div class='ocr_carea' id='block_1_94' title="bbox 287 5054 1890 5128">
    <p class='ocr_par' dir='ltr' id='par_1_94' title="bbox 287 5054 1890 5128">
     <span class='ocr_line' id='line_1_94' title="bbox 287 5054 1890 5128; baseline -0.002 -16"><span class='ocrx_word' id='word_1_681' title='bbox 287 5076 372 5112; x_wconf 72' lang='grc' dir='ltr'><strong>σιν</strong></span> <span class='ocrx_word' id='word_1_682' title='bbox 437 5057 619 5128; x_wconf 75' lang='grc' dir='ltr'>λάθρα</span> <span class='ocrx_word' id='word_1_683' title='bbox 667 5057 762 5110; x_wconf 77' lang='grc' dir='ltr'>καὶ</span> <span class='ocrx_word' id='word_1_684' title='bbox 832 5057 890 5108; x_wconf 87' lang='grc' dir='ltr'>ὲν</span> <span class='ocrx_word' id='word_1_685' title='bbox 943 5054 1281 5124; x_wconf 78' lang='grc' dir='ltr'>παραϐύστῳ</span> <span class='ocrx_word' id='word_1_686' title='bbox 1350 5059 1692 5124; x_wconf 78' lang='grc' dir='ltr'>πεποίηκεν,</span> <span class='ocrx_word' id='word_1_687' title='bbox 1770 5059 1890 5109; x_wconf 80' lang='grc' dir='ltr'>ἐπι-</span> 
     </span>
    </p>
   </div>
   <div class='ocr_carea' id='block_1_95' title="bbox 285 5145 1891 5218">
    <p class='ocr_par' dir='ltr' id='par_1_95' title="bbox 285 5145 1891 5218">
     <span class='ocr_line' id='line_1_95' title="bbox 285 5145 1891 5218; baseline 0 -19"><span class='ocrx_word' id='word_1_688' title='bbox 285 5151 509 5218; x_wconf 77' lang='grc' dir='ltr'>τρέπων</span> <span class='ocrx_word' id='word_1_689' title='bbox 553 5147 726 5216; x_wconf 72' lang='grc' dir='ltr'>αὐτῆς</span> <span class='ocrx_word' id='word_1_690' title='bbox 779 5146 880 5216; x_wconf 75' lang='grc' dir='ltr'><strong>τὴν</strong></span> <span class='ocrx_word' id='word_1_691' title='bbox 924 5145 1148 5212; x_wconf 78' lang='grc' dir='ltr'>ἔνδειξιν</span> <span class='ocrx_word' id='word_1_692' title='bbox 1197 5145 1275 5216; x_wconf 84' lang='grc' dir='ltr'><strong>τῷ</strong></span> <span class='ocrx_word' id='word_1_693' title='bbox 1313 5148 1450 5216; x_wconf 78' lang='grc' dir='ltr'>μετὰ</span> <span class='ocrx_word' id='word_1_694' title='bbox 1495 5148 1666 5200; x_wconf 77' lang='grc' dir='ltr'>ταῦτα</span> <span class='ocrx_word' id='word_1_695' title='bbox 1715 5148 1891 5218; x_wconf 84' lang='grc' dir='ltr'>χρόνῳ</span> 
     </span>
    </p>
   </div>
   <div class='ocr_carea' id='block_1_96' title="bbox 285 5238 1889 5312">
    <p class='ocr_par' dir='ltr' id='par_1_96' title="bbox 285 5238 1889 5312">
     <span class='ocr_line' id='line_1_96' title="bbox 285 5238 1889 5312; baseline 0.001 -21"><span class='ocrx_word' id='word_1_696' title='bbox 285 5243 474 5301; x_wconf 74' lang='grc' dir='ltr'>παντὶ,</span> <span class='ocrx_word' id='word_1_697' title='bbox 526 5241 619 5292; x_wconf 67' lang='grc' dir='ltr'>τὸν</span> <span class='ocrx_word' id='word_1_698' title='bbox 647 5239 704 5291; x_wconf 80' lang='grc' dir='ltr'>δὲ</span> <span class='ocrx_word' id='word_1_699' title='bbox 762 5238 995 5308; x_wconf 81' lang='grc' dir='ltr'>σταυρὸν</span> <span class='ocrx_word' id='word_1_700' title='bbox 1041 5239 1099 5290; x_wconf 79' lang='grc' dir='ltr'>ἐν</span> <span class='ocrx_word' id='word_1_701' title='bbox 1149 5238 1292 5309; x_wconf 79' lang='grc' dir='ltr'>μέση</span> <span class='ocrx_word' id='word_1_702' title='bbox 1327 5242 1393 5309; x_wconf 83' lang='grc' dir='ltr'>τῇ</span> <span class='ocrx_word' id='word_1_703' title='bbox 1443 5240 1598 5292; x_wconf 73' lang='grc' dir='ltr'>πόλει</span> <span class='ocrx_word' id='word_1_704' title='bbox 1654 5242 1710 5292; x_wconf 78' lang='grc' dir='ltr'>ἐν</span> <span class='ocrx_word' id='word_1_705' title='bbox 1747 5241 1889 5312; x_wconf 82' lang='grc' dir='ltr'><strong>μέσῃ</strong></span> 
     </span>
    </p>
   </div>
   <div class='ocr_carea' id='block_1_97' title="bbox 285 5331 1884 5403">
    <p class='ocr_par' dir='ltr' id='par_1_97' title="bbox 285 5331 1884 5403">
     <span class='ocr_line' id='line_1_97' title="bbox 285 5331 1884 5403; baseline 0.001 -19"><span class='ocrx_word' id='word_1_706' title='bbox 285 5335 349 5402; x_wconf 76' lang='grc' dir='ltr'>τῇ</span> <span class='ocrx_word' id='word_1_707' title='bbox 411 5334 620 5403; x_wconf 79' lang='grc' dir='ltr'>ἑορτῇ,</span> <span class='ocrx_word' id='word_1_708' title='bbox 697 5332 755 5382; x_wconf 81' lang='grc' dir='ltr'>ἐν</span> <span class='ocrx_word' id='word_1_709' title='bbox 831 5331 981 5400; x_wconf 84' lang='grc' dir='ltr'>μέσῳ</span> <span class='ocrx_word' id='word_1_710' title='bbox 1029 5331 1109 5401; x_wconf 83' lang='grc' dir='ltr'>τῷ</span> <span class='ocrx_word' id='word_1_711' title='bbox 1172 5331 1332 5403; x_wconf 81' lang='grc' dir='ltr'>δήμῳ</span> <span class='ocrx_word' id='word_1_712' title='bbox 1403 5333 1512 5386; x_wconf 84' lang='grc' dir='ltr'><strong>τῶν</strong></span> <span class='ocrx_word' id='word_1_713' title='bbox 1579 5334 1884 5399; x_wconf 64' lang='grc' dir='ltr'>Ἰουδαίων,</span> 
     </span>
    </p>
   </div>
   <div class='ocr_carea' id='block_1_98' title="bbox 286 5421 1886 5493">
    <p class='ocr_par' dir='ltr' id='par_1_98' title="bbox 286 5421 1886 5493">
     <span class='ocr_line' id='line_1_98' title="bbox 286 5421 1886 5493; baseline 0.004 -21"><span class='ocrx_word' id='word_1_714' title='bbox 286 5423 630 5489; x_wconf 75' lang='grc' dir='ltr'>ἐκιτέρωθεν</span> <span class='ocrx_word' id='word_1_715' title='bbox 675 5421 1042 5490; x_wconf 80' lang='grc' dir='ltr'>δικαστηρίων</span> <span class='ocrx_word' id='word_1_716' title='bbox 1082 5425 1371 5492; x_wconf 79' lang='grc' dir='ltr'>παρόντων</span> <span class='ocrx_word' id='word_1_717' title='bbox 1413 5425 1742 5493; x_wconf 81' lang='grc' dir='ltr'>Ῥωμαϊκῶν</span> <span class='ocrx_word' id='word_1_718' title='bbox 1791 5427 1886 5479; x_wconf 79' lang='grc' dir='ltr'><strong>καὶ</strong></span> 
     </span>
    </p>
   </div>
   <div class='ocr_carea' id='block_1_99' title="bbox 297 5514 1884 5589">
    <p class='ocr_par' dir='ltr' id='par_1_99' title="bbox 297 5514 1884 5589">
     <span class='ocr_line' id='line_1_99' title="bbox 297 5514 1884 5589; baseline 0.003 -23"><span class='ocrx_word' id='word_1_719' title='bbox 297 5514 655 5579; x_wconf 56' lang='grc' dir='ltr'>Ἰουδαϊκῶν,</span> <span class='ocrx_word' id='word_1_720' title='bbox 713 5514 809 5585; x_wconf 84' lang='grc' dir='ltr'>τῆς</span> <span class='ocrx_word' id='word_1_721' title='bbox 863 5514 1059 5585; x_wconf 80' lang='grc' dir='ltr'>ἑορτῆς</span> <span class='ocrx_word' id='word_1_722' title='bbox 1119 5518 1326 5580; x_wconf 71' lang='grc' dir='ltr'>πάντας</span> <span class='ocrx_word' id='word_1_723' title='bbox 1388 5518 1767 5589; x_wconf 74' lang='grc' dir='ltr'>συναγούσης,</span> <span class='ocrx_word' id='word_1_724' title='bbox 1827 5519 1884 5571; x_wconf 85' lang='grc' dir='ltr'>ἐν</span> 
     </span>
    </p>
   </div>
   <div class='ocr_carea' id='block_1_100' title="bbox 283 5607 1880 5682">
    <p class='ocr_par' dir='ltr' id='par_1_100' title="bbox 283 5607 1880 5682">
     <span class='ocr_line' id='line_1_100' title="bbox 283 5607 1880 5682; baseline 0.003 -23"><span class='ocrx_word' id='word_1_725' title='bbox 283 5609 463 5678; x_wconf 64' lang='grc' dir='ltr'>ἡμέρα</span> <span class='ocrx_word' id='word_1_726' title='bbox 497 5608 665 5680; x_wconf 78' lang='grc' dir='ltr'>μέσῃ,</span> <span class='ocrx_word' id='word_1_727' title='bbox 698 5609 754 5661; x_wconf 76' lang='grc' dir='ltr'>ὲν</span> <span class='ocrx_word' id='word_1_728' title='bbox 783 5608 949 5677; x_wconf 81' lang='grc' dir='ltr'>κοινῷ</span> <span class='ocrx_word' id='word_1_729' title='bbox 970 5607 1084 5679; x_wconf 72' lang='grc' dir='ltr'><strong>Γτῆς</strong></span> <span class='ocrx_word' id='word_1_730' title='bbox 1116 5609 1449 5680; x_wconf 79' lang='grc' dir='ltr'>οἰκουμένης</span> <span class='ocrx_word' id='word_1_731' title='bbox 1480 5608 1696 5682; x_wconf 80' lang='grc' dir='ltr'>θεάτρῳ</span> <span class='ocrx_word' id='word_1_732' title='bbox 1749 5610 1880 5663; x_wconf 80' lang='grc' dir='ltr'>ι’)πέ-</span> 
     </span>
    </p>
   </div>
   <div class='ocr_carea' id='block_1_101' title="bbox 352 5792 1490 5867">
    <p class='ocr_par' dir='ltr' id='par_1_101' title="bbox 352 5792 1490 5867">
     <span class='ocr_line' id='line_1_101' title="bbox 352 5792 1490 5867; baseline 0.003 -20"><span class='ocrx_word' id='word_1_733' title='bbox 352 5792 394 5824; x_wconf 85' lang='grc'>⁶⁹</span> <span class='ocrx_word' id='word_1_734' title='bbox 448 5793 682 5866; x_wconf 80' lang='lat' dir='ltr'><strong>Philipp.</strong></span> <span class='ocrx_word' id='word_1_735' title='bbox 727 5810 786 5860; x_wconf 91' lang='lat' dir='ltr'><strong>Il,</strong></span> <span class='ocrx_word' id='word_1_736' title='bbox 824 5797 876 5862; x_wconf 78' lang='lat' dir='ltr'><strong>ti,</strong></span> <span class='ocrx_word' id='word_1_737' title='bbox 916 5795 967 5854; x_wconf 90' lang='lat'><strong>8.</strong></span> <span class='ocrx_word' id='word_1_738' title='bbox 1051 5797 1092 5829; x_wconf 85' lang='grc' dir='ltr'>⁷ο</span> <span class='ocrx_word' id='word_1_739' title='bbox 1121 5795 1320 5867; x_wconf 80' lang='lat' dir='ltr'><strong>Ephes.</strong></span> <span class='ocrx_word' id='word_1_740' title='bbox 1353 5811 1406 5864; x_wconf 91' lang='lat' dir='ltr'><strong>v,</strong></span> <span class='ocrx_word' id='word_1_741' title='bbox 1438 5797 1490 5850; x_wconf 80' lang='lat'><strong>2.</strong></span> 
     </span>
    </p>
   </div>
   <div class='ocr_carea' id='block_1_102' title="bbox 1993 4508 3576 4582">
    <p class='ocr_par' dir='ltr' id='par_1_102' title="bbox 1993 4508 3576 4582">
     <span class='ocr_line' id='line_1_102' title="bbox 1993 4508 3576 4582; baseline -0.003 -15"><span class='ocrx_word' id='word_1_742' title='bbox 1993 4514 2091 4574; x_wconf 88' lang='lat' dir='ltr'><strong>tia.</strong></span> <span class='ocrx_word' id='word_1_743' title='bbox 2123 4513 2378 4582; x_wconf 86' lang='lat' dir='ltr'><strong>paradiso</strong></span> <span class='ocrx_word' id='word_1_744' title='bbox 2411 4521 2625 4578; x_wconf 89' lang='lat' dir='ltr'><strong>aperto,</strong></span> <span class='ocrx_word' id='word_1_745' title='bbox 2661 4511 2896 4564; x_wconf 87' lang='lat' dir='ltr'><strong>mortuis</strong></span> <span class='ocrx_word' id='word_1_746' title='bbox 2927 4508 3202 4570; x_wconf 80' lang='lat' dir='ltr'><strong>excitatis,</strong></span> <span class='ocrx_word' id='word_1_747' title='bbox 3239 4517 3384 4562; x_wconf 88' lang='lat' dir='ltr'><strong>terra</strong></span> <span class='ocrx_word' id='word_1_748' title='bbox 3411 4522 3576 4578; x_wconf 84' lang='lat' dir='ltr'><strong>quas-</strong></span> 
     </span>
    </p>
   </div>
   <div class='ocr_carea' id='block_1_103' title="bbox 1993 4600 3564 4670">
    <p class='ocr_par' dir='ltr' id='par_1_103' title="bbox 1993 4600 3564 4670">
     <span class='ocr_line' id='line_1_103' title="bbox 1993 4600 3564 4670; baseline -0.004 -11"><span class='ocrx_word' id='word_1_749' title='bbox 1993 4615 2134 4668; x_wconf 86' lang='lat' dir='ltr'><strong>sata,</strong></span> <span class='ocrx_word' id='word_1_750' title='bbox 2163 4607 2282 4660; x_wconf 89' lang='lat' dir='ltr'><strong>velo</strong></span> <span class='ocrx_word' id='word_1_751' title='bbox 2311 4605 2506 4668; x_wconf 85' lang='lat' dir='ltr'><strong>scisso,</strong></span> <span class='ocrx_word' id='word_1_752' title='bbox 2533 4603 2670 4658; x_wconf 79' lang='lat' dir='ltr'><strong>fusis</strong></span> <span class='ocrx_word' id='word_1_753' title='bbox 2699 4602 2765 4656; x_wconf 89' lang='lat' dir='ltr'><strong>ad</strong></span> <span class='ocrx_word' id='word_1_754' title='bbox 2798 4601 2965 4655; x_wconf 91' lang='lat' dir='ltr'><strong>Deum</strong></span> <span class='ocrx_word' id='word_1_755' title='bbox 2999 4600 3254 4667; x_wconf 87' lang='lat' dir='ltr'><strong>precibus</strong></span> <span class='ocrx_word' id='word_1_756' title='bbox 3302 4615 3401 4670; x_wconf 89' lang='lat' dir='ltr'><strong>pro</strong></span> <span class='ocrx_word' id='word_1_757' title='bbox 3435 4615 3564 4654; x_wconf 85' lang='lat' dir='ltr'><strong>cru-</strong></span> 
     </span>
    </p>
   </div>
   <div class='ocr_carea' id='block_1_104' title="bbox 1995 4693 3576 4764">
    <p class='ocr_par' dir='ltr' id='par_1_104' title="bbox 1995 4693 3576 4764">
     <span class='ocr_line' id='line_1_104' title="bbox 1995 4693 3576 4764; baseline -0.003 -14"><span class='ocrx_word' id='word_1_758' title='bbox 1995 4696 2328 4764; x_wconf 81' lang='lat' dir='ltr'><strong>ciligentium</strong></span> <span class='ocrx_word' id='word_1_759' title='bbox 2367 4697 2566 4758; x_wconf 85' lang='lat' dir='ltr'><strong>salute.</strong></span> <span class='ocrx_word' id='word_1_760' title='bbox 2609 4693 2926 4761; x_wconf 81' lang='lat' dir='ltr'><strong>vocatisque</strong></span> <span class='ocrx_word' id='word_1_761' title='bbox 2981 4695 3047 4748; x_wconf 92' lang='lat' dir='ltr'><strong>ad</strong></span> <span class='ocrx_word' id='word_1_762' title='bbox 3089 4693 3333 4748; x_wconf 73' lang='lat' dir='ltr'><strong>laetitiam</strong></span> <span class='ocrx_word' id='word_1_763' title='bbox 3369 4707 3576 4747; x_wconf 89' lang='lat' dir='ltr'><strong>sonoro</strong></span> 
     </span>
    </p>
   </div>
   <div class='ocr_carea' id='block_1_105' title="bbox 1995 4786 3589 4855">
    <p class='ocr_par' dir='ltr' id='par_1_105' title="bbox 1995 4786 3589 4855">
     <span class='ocr_line' id='line_1_105' title="bbox 1995 4786 3589 4855; baseline -0.001 -18"><span class='ocrx_word' id='word_1_764' title='bbox 1995 4787 2288 4855; x_wconf 74' lang='lat' dir='ltr'><strong>praeconio,</strong></span> <span class='ocrx_word' id='word_1_765' title='bbox 2335 4786 2468 4852; x_wconf 87' lang='lat' dir='ltr'><strong>ipsis</strong></span> <span class='ocrx_word' id='word_1_766' title='bbox 2518 4798 2678 4840; x_wconf 75' lang='lat' dir='ltr'><strong>terrae</strong></span> <span class='ocrx_word' id='word_1_767' title='bbox 2725 4786 2948 4846; x_wconf 80' lang='lat' dir='ltr'><strong>ﬁnibus,</strong></span> <span class='ocrx_word' id='word_1_768' title='bbox 2976 4786 3046 4839; x_wconf 89' lang='lat' dir='ltr'><strong>ob</strong></span> <span class='ocrx_word' id='word_1_769' title='bbox 3101 4796 3389 4854; x_wconf 78' lang='lat' dir='ltr'><strong>tyrannum</strong></span> <span class='ocrx_word' id='word_1_770' title='bbox 3443 4800 3589 4852; x_wconf 87' lang='lat' dir='ltr'><strong>pro--</strong></span> 
     </span>
    </p>
   </div>
   <div class='ocr_carea' id='block_1_106' title="bbox 1997 4873 3594 4947">
    <p class='ocr_par' dir='ltr' id='par_1_106' title="bbox 1997 4873 3594 4947">
     <span class='ocr_line' id='line_1_106' title="bbox 1997 4873 3594 4947; baseline -0.001 -15"><span class='ocrx_word' id='word_1_771' title='bbox 1997 4886 2251 4942; x_wconf 87' lang='lat' dir='ltr'><strong>stratum,</strong></span> <span class='ocrx_word' id='word_1_772' title='bbox 2279 4879 2350 4932; x_wconf 90' lang='lat' dir='ltr'><strong>ob</strong></span> <span class='ocrx_word' id='word_1_773' title='bbox 2392 4873 2697 4933; x_wconf 84' lang='lat' dir='ltr'><strong>Ecclesiam</strong></span> <span class='ocrx_word' id='word_1_774' title='bbox 2745 4878 2846 4931; x_wconf 88' lang='lat' dir='ltr'><strong>sibi</strong></span> <span class='ocrx_word' id='word_1_775' title='bbox 2881 4880 3253 4946; x_wconf 89' lang='lat' dir='ltr'><strong>desponsam;</strong></span> <span class='ocrx_word' id='word_1_776' title='bbox 3297 4878 3422 4947; x_wconf 89' lang='lat' dir='ltr'><strong>quia</strong></span> <span class='ocrx_word' id='word_1_777' title='bbox 3467 4879 3594 4932; x_wconf 83' lang='lat' dir='ltr'><strong>Deo-</strong></span> 
     </span>
    </p>
   </div>
   <div class='ocr_carea' id='block_1_107' title="bbox 1999 4970 3575 5027">
    <p class='ocr_par' dir='ltr' id='par_1_107' title="bbox 1999 4970 3575 5027">
     <span class='ocr_line' id='line_1_107' title="bbox 1999 4970 3575 5027; baseline 0 -3"><span class='ocrx_word' id='word_1_778' title='bbox 1999 4971 2293 5024; x_wconf 84' lang='lat' dir='ltr'><strong>humanam</strong></span> <span class='ocrx_word' id='word_1_779' title='bbox 2343 4980 2599 5025; x_wconf 81' lang='lat' dir='ltr'><strong>naturam</strong></span> <span class='ocrx_word' id='word_1_780' title='bbox 2632 4970 3026 5025; x_wconf 83' lang='lat' dir='ltr'><strong>reconciliavit.</strong></span> <span class='ocrx_word' id='word_1_781' title='bbox 3065 4971 3135 5024; x_wconf 88' lang='lat' dir='ltr'><strong>Ea</strong></span> <span class='ocrx_word' id='word_1_782' title='bbox 3179 4974 3244 5027; x_wconf 85' lang='lat' dir='ltr'><strong>de</strong></span> <span class='ocrx_word' id='word_1_783' title='bbox 3284 4987 3447 5027; x_wconf 82' lang='lat' dir='ltr'><strong>causa</strong></span> <span class='ocrx_word' id='word_1_784' title='bbox 3489 4987 3575 5025; x_wconf 88' lang='lat' dir='ltr'><strong>rc-</strong></span> 
     </span>
    </p>
   </div>
   <div class='ocr_carea' id='block_1_108' title="bbox 2000 5060 3574 5128">
    <p class='ocr_par' dir='ltr' id='par_1_108' title="bbox 2000 5060 3574 5128">
     <span class='ocr_line' id='line_1_108' title="bbox 2000 5060 3574 5128; baseline -0.006 -13"><span class='ocrx_word' id='word_1_785' title='bbox 2000 5061 2276 5115; x_wconf 81' lang='lat' dir='ltr'><strong>surrcctio</strong></span> <span class='ocrx_word' id='word_1_786' title='bbox 2317 5060 2369 5114; x_wconf 91' lang='lat' dir='ltr'><strong>in</strong></span> <span class='ocrx_word' id='word_1_787' title='bbox 2399 5060 2610 5113; x_wconf 82' lang='lat' dir='ltr'><strong>occulto</strong></span> <span class='ocrx_word' id='word_1_788' title='bbox 2641 5068 2859 5128; x_wconf 88' lang='lat' dir='ltr'><strong>peracta</strong></span> <span class='ocrx_word' id='word_1_789' title='bbox 2893 5070 3010 5122; x_wconf 87' lang='lat' dir='ltr'><strong>est;</strong></span> <span class='ocrx_word' id='word_1_790' title='bbox 3037 5061 3234 5128; x_wconf 87' lang='lat' dir='ltr'><strong>quippe</strong></span> <span class='ocrx_word' id='word_1_791' title='bbox 3266 5060 3420 5128; x_wconf 87' lang='lat' dir='ltr'><strong>cujus</strong></span> <span class='ocrx_word' id='word_1_792' title='bbox 3459 5073 3574 5110; x_wconf 77' lang='lat' dir='ltr'><strong>ma-</strong></span> 
     </span>
    </p>
   </div>
   <div class='ocr_carea' id='block_1_109' title="bbox 2003 5151 3575 5220">
    <p class='ocr_par' dir='ltr' id='par_1_109' title="bbox 2003 5151 3575 5220">
     <span class='ocr_line' id='line_1_109' title="bbox 2003 5151 3575 5220; baseline -0.003 -16"><span class='ocrx_word' id='word_1_793' title='bbox 2003 5151 2278 5205; x_wconf 79' lang='lat' dir='ltr'><strong>nifestatio</strong></span> <span class='ocrx_word' id='word_1_794' title='bbox 2317 5161 2370 5204; x_wconf 88' lang='lat' dir='ltr'><strong>et</strong></span> <span class='ocrx_word' id='word_1_795' title='bbox 2420 5153 2785 5219; x_wconf 76' lang='lat' dir='ltr'><strong>prmnulgatio</strong></span> <span class='ocrx_word' id='word_1_796' title='bbox 2818 5154 2910 5206; x_wconf 92' lang='lat' dir='ltr'><strong>toti</strong></span> <span class='ocrx_word' id='word_1_797' title='bbox 2967 5153 3176 5220; x_wconf 86' lang='lat' dir='ltr'><strong>reliquo</strong></span> <span class='ocrx_word' id='word_1_798' title='bbox 3210 5153 3440 5216; x_wconf 84' lang='lat' dir='ltr'><strong>tempori</strong></span> <span class='ocrx_word' id='word_1_799' title='bbox 3492 5164 3575 5200; x_wconf 87' lang='lat' dir='ltr'><strong>re-</strong></span> 
     </span>
    </p>
   </div>
   <div class='ocr_carea' id='block_1_110' title="bbox 1998 5242 3576 5305">
    <p class='ocr_par' dir='ltr' id='par_1_110' title="bbox 1998 5242 3576 5305">
     <span class='ocr_line' id='line_1_110' title="bbox 1998 5242 3576 5305; baseline -0.007 -8"><span class='ocrx_word' id='word_1_800' title='bbox 1998 5253 2334 5305; x_wconf 46' lang='lat' dir='ltr'><strong>sixrvaretur;</strong></span> <span class='ocrx_word' id='word_1_801' title='bbox 2364 5257 2582 5296; x_wconf 83' lang='lat' dir='ltr'><strong>crucem</strong></span> <span class='ocrx_word' id='word_1_802' title='bbox 2616 5258 2747 5296; x_wconf 87' lang='lat' dir='ltr'><strong>vero</strong></span> <span class='ocrx_word' id='word_1_803' title='bbox 2784 5245 2835 5297; x_wconf 90' lang='lat' dir='ltr'><strong>in</strong></span> <span class='ocrx_word' id='word_1_804' title='bbox 2870 5243 3044 5296; x_wconf 78' lang='lat' dir='ltr'><strong>media</strong></span> <span class='ocrx_word' id='word_1_805' title='bbox 3077 5244 3321 5303; x_wconf 78' lang='lat' dir='ltr'><strong>civitate,</strong></span> <span class='ocrx_word' id='word_1_806' title='bbox 3360 5242 3411 5292; x_wconf 92' lang='lat' dir='ltr'><strong>in</strong></span> <span class='ocrx_word' id='word_1_807' title='bbox 3465 5253 3576 5288; x_wconf 90' lang='lat' dir='ltr'><strong>me-</strong></span> 
     </span>
    </p>
   </div>
   <div class='ocr_carea' id='block_1_111' title="bbox 1995 5333 3565 5406">
    <p class='ocr_par' dir='ltr' id='par_1_111' title="bbox 1995 5333 3565 5406">
     <span class='ocr_line' id='line_1_111' title="bbox 1995 5333 3565 5406; baseline -0.004 -19"><span class='ocrx_word' id='word_1_808' title='bbox 1995 5335 2083 5388; x_wconf 93' lang='lat' dir='ltr'><strong>dio</strong></span> <span class='ocrx_word' id='word_1_809' title='bbox 2115 5335 2447 5396; x_wconf 83' lang='lat' dir='ltr'><strong>festivitatis,</strong></span> <span class='ocrx_word' id='word_1_810' title='bbox 2501 5336 2554 5390; x_wconf 89' lang='lat' dir='ltr'><strong>in</strong></span> <span class='ocrx_word' id='word_1_811' title='bbox 2607 5338 2781 5390; x_wconf 90' lang='lat' dir='ltr'><strong>medio</strong></span> <span class='ocrx_word' id='word_1_812' title='bbox 2817 5338 2996 5406; x_wconf 89' lang='lat' dir='ltr'><strong>populi</strong></span> <span class='ocrx_word' id='word_1_813' title='bbox 3031 5337 3260 5398; x_wconf 83' lang='lat' dir='ltr'><strong>Jmtaici,</strong></span> <span class='ocrx_word' id='word_1_814' title='bbox 3290 5333 3565 5398; x_wconf 84' lang='lat' dir='ltr'><strong>jndicihus</strong></span> 
     </span>
    </p>
   </div>
   <div class='ocr_carea' id='block_1_112' title="bbox 1995 5423 3572 5499">
    <p class='ocr_par' dir='ltr' id='par_1_112' title="bbox 1995 5423 3572 5499">
     <span class='ocr_line' id='line_1_112' title="bbox 1995 5423 3572 5499; baseline -0.002 -20"><span class='ocrx_word' id='word_1_815' title='bbox 1995 5425 2258 5483; x_wconf 80' lang='lat' dir='ltr'><strong>Romanis</strong></span> <span class='ocrx_word' id='word_1_816' title='bbox 2303 5437 2359 5484; x_wconf 87' lang='lat' dir='ltr'><strong>et</strong></span> <span class='ocrx_word' id='word_1_817' title='bbox 2409 5428 2654 5484; x_wconf 86' lang='lat' dir='ltr'><strong>Judaicis</strong></span> <span class='ocrx_word' id='word_1_818' title='bbox 2686 5433 2944 5497; x_wconf 78' lang='lat' dir='ltr'><strong>utrinque</strong></span> <span class='ocrx_word' id='word_1_819' title='bbox 2986 5428 3374 5499; x_wconf 73' lang='lat' dir='ltr'><strong>przesentibus,</strong></span> <span class='ocrx_word' id='word_1_820' title='bbox 3435 5423 3572 5476; x_wconf 69' lang='lat' dir='ltr'><strong>festo</strong></span> 
     </span>
    </p>
   </div>
   <div class='ocr_carea' id='block_1_113' title="bbox 2003 5515 3574 5586">
    <p class='ocr_par' dir='ltr' id='par_1_113' title="bbox 2003 5515 3574 5586">
     <span class='ocr_line' id='line_1_113' title="bbox 2003 5515 3574 5586; baseline -0.004 -13"><span class='ocrx_word' id='word_1_821' title='bbox 2003 5520 2092 5573; x_wconf 89' lang='lat' dir='ltr'><strong>die</strong></span> <span class='ocrx_word' id='word_1_822' title='bbox 2125 5533 2316 5574; x_wconf 90' lang='lat' dir='ltr'><strong>omnes</strong></span> <span class='ocrx_word' id='word_1_823' title='bbox 2349 5531 2734 5586; x_wconf 88' lang='lat' dir='ltr'><strong>convocautes,</strong></span> <span class='ocrx_word' id='word_1_824' title='bbox 2773 5523 2952 5576; x_wconf 88' lang='lat' dir='ltr'><strong>medio</strong></span> <span class='ocrx_word' id='word_1_825' title='bbox 2983 5522 3090 5575; x_wconf 84' lang='lat' dir='ltr'><strong>die.</strong></span> <span class='ocrx_word' id='word_1_826' title='bbox 3129 5520 3180 5572; x_wconf 83' lang='lat' dir='ltr'><strong>in</strong></span> <span class='ocrx_word' id='word_1_827' title='bbox 3213 5517 3388 5569; x_wconf 88' lang='lat' dir='ltr'><strong>medio</strong></span> <span class='ocrx_word' id='word_1_828' title='bbox 3423 5515 3574 5567; x_wconf 87' lang='lat' dir='ltr'><strong>orbis</strong></span> 
     </span>
    </p>
   </div>
   <div class='ocr_carea' id='block_1_114' title="bbox 1997 5608 3586 5683">
    <p class='ocr_par' dir='ltr' id='par_1_114' title="bbox 1997 5608 3586 5683">
     <span class='ocr_line' id='line_1_114' title="bbox 1997 5608 3586 5683; baseline -0.002 -20"><span class='ocrx_word' id='word_1_829' title='bbox 1997 5611 2210 5667; x_wconf 86' lang='lat' dir='ltr'><strong>theatro</strong></span> <span class='ocrx_word' id='word_1_830' title='bbox 2235 5613 2527 5678; x_wconf 83' lang='lat' dir='ltr'><strong>sustinuit;</strong></span> <span class='ocrx_word' id='word_1_831' title='bbox 2550 5627 2784 5683; x_wconf 88' lang='lat' dir='ltr'><strong>cumque</strong></span> <span class='ocrx_word' id='word_1_832' title='bbox 2817 5611 2867 5666; x_wconf 86' lang='lat' dir='ltr'><strong>id</strong></span> <span class='ocrx_word' id='word_1_833' title='bbox 2891 5610 3031 5680; x_wconf 88' lang='lat' dir='ltr'><strong>quod</strong></span> <span class='ocrx_word' id='word_1_834' title='bbox 3063 5608 3244 5671; x_wconf 68' lang='lat' dir='ltr'><strong>ﬂebas,</strong></span> <span class='ocrx_word' id='word_1_835' title='bbox 3275 5614 3586 5675; x_wconf 62' lang='lat' dir='ltr'><strong>praesentes-</strong></span> 
     </span>
    </p>
   </div>
  </div>
