3948 6200
341 272 449 341 223
1511 283 1834 341 MACARH
1873 281 2504 343 CHRYSOCEPUALI
3491 278 3601 340 eet

343 393 604 445 duntaxat
635 390 996 455 intuerentur,
1045 394 1142 450 soli
1181 395 1472 472 obscurato
1519 396 1819 464 mandavit,
1858 405 1914 450 ut
1945 429 1960 456 Α

2070 381 2175 453 sive
2205 416 2217 430 ο
2249 398 2340 450 καὶ
2372 395 2562 466 ἐπειδὴ
2592 396 2642 448 oi
2677 396 2946 465 παρόντες
2977 395 3139 465 μόνον
3171 395 3357 465 ἑώρων
3381 394 3439 448 τὸ
3461 396 3607 463 γινό-

343 481 542 549 ubique
577 490 846 536 terrarum
900 483 1136 536 immane
1188 483 1316 536 illud
1355 482 1662 538 .ludmornm
1709 486 1920 539 facinus

2074 508 2212 551 ενον,
2265 487 2495 552 ἐπέταξε
2549 490 2625 557 τῷ
2681 487 2816 560 ἡλίῳ
2867 487 3124 558 κρυϐἑντι
3176 487 3455 556 πανταχοῦ
3509 489 3611 556 τῆς

346 573 642 628 nuntiaret.
694 574 842 628 Adeo
893 573 1188 629 Ecclesiam
1234 575 1425 629 dilexit
1457 577 1725 632 universa:
1769 593 1922 633 crea-

2076 583 2351 651 κουμὲνης
2384 581 2718 647 ἀπαγγεῖλαι
2743 581 2802 633 τὸ
2826 581 3103 650 τόλμημα.
3137 579 3323 642 Οὕτως
3352 579 3609 649 ἠγάπησε

345 671 478 716 tum
516 664 792 720 Dominus.
827 665 917 719 Sic
957 681 1017 720 se
1052 681 1149 731 pro
1185 667 1270 720 illa
1325 669 1568 724 tradidit.
1601 669 1716 723 Tali
1775 685 1921 727 meo—

2069 677 2122 742 ην
2187 670 2514 742 Ἐκκλησίαν
2565 671 2593 723 6
2643 671 2918 738 Δεσπότης
2977 671 3080 740 τῆς
3138 671 3411 734 κτίσεως·
3467 671 3612 724 οὕτω

346 755 523 807 nomia
563 764 618 809 et
647 756 876 812 consilio
904 757 1143 814 innotuit
1177 760 1331 815 nobis
1363 761 1704 817 immensitas
1727 765 1922 819 divina:

2073 766 2348 835 αρέδωκεν
2388 765 2581 817 ἑαυτὸν
2621 763 2764 828 ὑπὲρ
2801 763 3008 833 αὐτῆςο
3048 763 3274 834 τοιαύτῃ
3327 764 3614 831 οἰκονομίᾳ

349 848 764 903 benevolentim.
1759 895 1762 898 μ
2025 859 2334 927 ἐγνωρίσθη
2373 858 2436 910 τὸ
2473 857 2812 925 ὑπερϐάλλον
2851 859 2948 924 τῆς
2989 856 3138 918 Θείας
3173 855 3612 924 φιλανθρωπίας.

419 940 533 994 lluc
577 941 800 993 accedat
837 941 1001 994 etiam
1037 943 1253 998 divinus
1289 944 1498 1003 David:
1529 961 1652 998 nam
1707 956 1762 1000 et
1807 946 1924 1015 ipse

2095 950 2225 1003 Ἐπὶ
2252 950 2461 1010 τούτοις
2489 948 2703 1016 παρίτω
2724 948 2788 1016 δὴ
2818 947 2892 1016 τῷ
2923 947 3067 1014 λόγῳ
3092 950 3187 999 καὶ
3216 946 3378 998 Δαυῗδ
3403 949 3428 997 6
3449 947 3616 1004 θεῖο;⁶

346 1029 562 1095 insigne
597 1029 866 1095 quoddam
911 1047 1103 1086 munus
1151 1032 1263 1086 Deo
1291 1033 1507 1098 aﬂ'erre,
1538 1044 1591 1088 et
1623 1036 1749 1090 huic
1783 1035 1924 1090 cele-

2069 1042 2341 1110 ἱσκομίσαι
2363 1040 2470 1109 γὰρ
2492 1041 2584 1093 καὶ
2603 1039 2761 1099 αὐτὸς
2790 1041 2931 1109 μέγα
2946 1057 2996 1092 τι
3014 1040 3185 1110 δῶρον
3205 1038 3322 1106 Θεῷ
3339 1036 3620 1090 κάντπῦοα

348 1121 544 1173 hritati
580 1125 1156 1179 cnnrenientissimnm
1191 1127 1540 1208 contribuere
1572 1127 1792 1196 poterit.
1829 1129 1926 1181 At—

2069 1135 2275 1195 Jvatat,
2318 1134 2414 1185 καὶ
2447 1134 2512 1201 τῇ
2557 1133 2716 1201 ἐορτῇ
2761 1131 3242 1200 πρεπωδέστατον.
3284 1132 3391 1184 Καὶ
3425 1130 3620 1181 σκόπει

347 1218 508 1266 tende
543 1224 725 1270 autem
769 1218 832 1270 ad
867 1219 943 1272 rvi
986 1228 1150 1286 gestae
1197 1221 1418 1285 scrietn,
1449 1230 1509 1274 ut
1553 1236 1618 1274 eo
1647 1221 1928 1289 perspica-

2069 1242 2125 1277 ,οι
2178 1221 2593 1292 ἱστορούμενον,
2644 1222 2732 1276 ἵνα
2780 1221 3069 1292 θαυμάσῃς
3113 1221 3174 1274 τὸ
3218 1220 3620 1288 θεωρούμενον.

347 1310 461 1361 eius
505 1324 725 1377 quoque
776 1311 1067 1376 intelligas,
1118 1313 1262 1382 quod
1315 1314 1416 1367 sub
1471 1313 1560 1367 illa
1611 1313 1928 1368 narratione

2069 1317 2234 1370 ηκόπει
2269 1316 2332 1369 τὸ
2373 1315 2618 1385 πραχθὲν
2658 1315 2791 1385 παρ’
2825 1316 3068 1376 ἐκείνου,
3107 1314 3176 1368 ἶν’
3209 1315 3324 1388 ἴδῃς
3354 1316 3484 1377 ὅσην
3520 1313 3622 1381 ἔχῃ

351 1399 508 1455 latet.
571 1399 703 1453 Vide
749 1418 871 1470 quae
925 1405 991 1457 ab
1035 1404 1150 1471 ipso
1198 1413 1324 1458 sunt
1369 1413 1684 1472 patrata,nt
1728 1421 1927 1473 cogno-

2069 1409 2358 1480 υμφωνίαν
2406 1409 2542 1477 πρὸς
2581 1408 2650 1461 τὰ
2701 1409 2833 1477 παρ’
2864 1408 3031 1462 αὐτοῦ
3064 1409 3346 1479 λεχθέντα.
3379 1403 3498 1458 Εἷδε
3531 1406 3624 1457 τὸν

353 1509 497 1555 Scas,
526 1510 689 1563 quam
729 1497 898 1564 prohe
943 1498 1289 1552 consentiant
1323 1513 1441 1550 cum
1480 1498 1586 1563 his,
1615 1514 1736 1567 qnze
1771 1499 1928 1553 dixit.

2069 1502 2224 1555 ¹ολιὰθ
2256 1518 2387 1554 ποτε
2431 1502 2521 1553 τὸν
2561 1501 2816 1569 περιττὸν
2855 1501 2916 1552 τὸ
2960 1500 3152 1567 σῶμα,
3185 1500 3276 1551 καὶ
3306 1499 3619 1565 ἐπηρμένον

358 1589 504 1644 Vidit
534 1589 826 1659 aliquando
861 1588 1099 1653 Goliath,
1135 1601 1346 1646 vastum
1382 1591 1534 1646 illurn
1567 1593 1708 1646 mole
1738 1607 1932 1661 corpo-

2069 1601 2093 1646 b
2124 1596 2409 1664 φρόνημα,
2443 1594 2541 1664 τὴν
2570 1595 2850 1664 τερατώδη
2891 1594 3206 1663 φιλοτιμίαν
3237 1595 3334 1660 τῆς
3366 1592 3620 1659 φύσεως,

352 1683 453 1747 ris,
484 1683 678 1753 spiritu
711 1683 936 1751 elatum,
983 1695 1356 1754 portentosam
1393 1685 1541 1740 illam
1577 1697 1787 1740 natnrze
1819 1701 1934 1739 am-

2069 1687 2327 1756 ολμῶντα
2357 1692 2422 1740 τὰ
2453 1687 2736 1756 χείριστα,
2769 1687 2866 1739 καὶ
2907 1686 3047 1755 μέγα
3096 1685 3235 1738 κατὰ
3273 1683 3365 1737 τοῦ
3405 1680 3625 1750 Ἰσραὴλ

353 1777 612 1829 hitionent
648 1785 702 1829 et
743 1776 1114 1836 insolentiam.
1159 1780 1398 1846 pessima
1460 1779 1776 1842 audentem,
1817 1793 1933 1829 rna-

2069 1783 2472 1848 ιρυαττόμενον.
2519 1781 2795 1833 Ἤκουσεν
2835 1779 2998 1832 αὐτὸν
3030 1779 3207 1847 λόγοις
3243 1778 3628 1848 ὑπερηφανίας

354 1866 547 1930 gniﬂca
591 1881 822 1936 qumque
866 1879 1056 1922 contra
1111 1867 1366 1924 lsraelem
1421 1869 1719 1939 jactantem
1756 1879 1810 1923 et
1839 1869 1934 1922 de-

2075 1871 2427 1937 ξουθενοῦντα
2464 1871 2558 1923 τὸν
2598 1869 2692 1922 τοῦ
2736 1867 2873 1922 Θεοῦ
2901 1868 3062 1933 λαὸν,
3095 1869 3189 1921 καὶ
3233 1868 3334 1936 τὴν
3361 1868 3632 1935 ὲκλεκτὴν

355 1957 740 2014 blaterantem.
771 1957 1198 2030 Andivit,quam
1223 1962 1383 2018 dictis
1411 1963 1722 2030 arrogantia
1760 1961 1933 2030 plenis

2069 1962 2446 2031 ιαθυϐρίζοντα
2461 1959 2849 2029 κληρονομίαν,
2869 1960 2964 2012 καλ⁸
2983 1957 3246 2021 νεανικῶς
3264 1959 3630 2026 άντικατέστη

355 2049 610 2116 populum
684 2050 774 2105 Dei
837 2063 1257 2120 aspernaretur,
1312 2063 1366 2108 et
1444 2053 1665 2122 quantis
1717 2053 1936 2121 injuriis

358 2145 589 2200 electam
629 2147 721 2201 Dei
777 2148 1152 2204 hereditatem
1183 2159 1478 2204 oneraret:
1516 2163 1746 2218 moxque
1782 2149 1937 2217 juve-

357 2239 453 2293 nili
489 2240 681 2294 ardore
727 2239 1007 2304 i‘ncitatus,
1040 2241 1294 2312 opposuit
1324 2257 1446 2297 sese
1489 2242 1700 2296 nefario
1747 2241 1938 2295 alieni-

357 2346 528 2398 gente,
559 2342 611 2385 et
658 2333 710 2386 in
755 2333 925 2388 aciem
959 2335 1218 2389 adversus
1255 2333 1570 2401 iniuriosam
1606 2343 1839 2389 mentem
1884 2345 1939 2388 et

360 2423 598 2495 linguam
637 2440 965 2495 progressus
995 2437 1078 2482 est
1117 2445 1131 2481 :
1161 2429 1330 2483 armis
1357 2429 1572 2497 quidem
1627 2429 1939 2482 carnalibus

358 2516 675 2582 destitutus,
706 2527 760 2572 at
794 2534 1034 2586 superna
1069 2520 1244 2590 gratia
1292 2522 1514 2590 egregie
1567 2521 1829 2583 munitus,
1862 2520 1938 2572 la-

361 2608 610 2677 pidisque
636 2609 782 2677 jactu
833 2609 995 2665 talem
1027 2625 1090 2665 ac
1121 2619 1327 2664 tantum
1368 2610 1708 2681 prosternit;
1744 2609 1938 2664 deinde

361 2701 654 2754 micantem
708 2700 1088 2771 fulgoremqne
1143 2712 1333 2756 contra
1394 2717 1454 2757 se
1494 2703 1798 2755 mittentem
1837 2701 1942 2767 gla-

363 2794 506 2844 dium
547 2795 661 2859 ipse
689 2795 944 2857 \‘ihravit,
980 2810 1155 2863 eoque
1190 2795 1569 2861 blasphemum
1607 2793 1939 2860 trucidavit;

361 2893 414 2938 et
448 2885 666 2938 abstulit
700 2887 1038 2954 appr-obrium
1071 2903 1134 2940 ea:
1156 2886 1331 2940 Israel
1353 2887 1423 2938 τι.
1457 2885 1610 2939 Hunc
1642 2885 1940 2948 infmodult

367 2976 536 3029 David
589 2987 774 3045 pastor
809 2979 994 3032 ovium
1043 2978 1225 3040 simul,
1256 2988 1311 3033 et
1359 2992 1470 3034 rex,
1499 2978 1944 3040 instrumentum,

2045 2057 2123 2126 τῷ
2150 2053 2500 2124 παλαμναίῳ,
2528 2054 2664 2120 πρὸς
2681 2053 2780 2122 τὴν
2803 2051 3128 2121 ὑϐρίστριαν
3147 2051 3632 2120 παραταξάμενος,

2048 2152 2144 2203 καὶ
2174 2149 2368 2218 φρένα,
2403 2150 2498 2200 καὶ
2535 2147 2807 2215 γλῶσσαν,
2842 2147 3047 2216 γυμνὸς
3076 2147 3174 2217 μὲν
3210 2146 3318 2198 τῶν
3353 2144 3637 2214 σαρκικῶν

2049 2245 2252 2305 ὅπλων,
2283 2245 2347 2309 τῇ
2375 2242 2430 2293 δὲ
2461 2240 2669 2293 ἄνωθεν
2694 2238 3285 2311 χάριτιπεφραγμένος
3309 2236 3634 2300 κάντεῦθεν,

2050 2338 2146 2392 καὶ
2175 2335 2358 2405 ῥίπτει.
2391 2334 2488 2402 μὲν
2516 2335 2594 2396 εἰς
2617 2335 2721 2403 γῆν
2746 2332 2895 2386 λίθου
2923 2332 3051 2402 βολῇ
3076 2332 3168 2384 τὸν
3198 2329 3471 2383 τοσοῦτον.
3500 2324 3639 2380 Εἶτα

2049 2431 2144 2484 καὶ
2181 2432 2247 2500 ἢν
2278 2428 2398 2484 κατ’
2429 2427 2594 2480 αὐτοῦ
2628 2425 2949 2479 στίλϐουσαν
2988 2421 3229 2492 συνεχῶς
3269 2423 3478 2481 ἐκεῖνος
3513 2419 3640 2472 άνὲ-

2051 2541 2192 2577 τεινε
2225 2523 2503 2593 ῥομφαίαν
2533 2518 2735 2580 λαϐὼν,
2767 2515 3130 2584 διεχειρίσατο
3160 2514 3250 2565 τῦν
3290 2512 3636 2582 βλάσφημον,

2051 2618 2146 2670 καὶ
2174 2613 2390 2682 ἐξῆρεν
2421 2611 2651 2676 ὄνειδος
2666 2609 2736 2672 ἐξ
2766 2605 2912 2661 υἱῶν
2936 2603 3212 2672 Ἰσραήλ.
3235 2600 3392 2654 Οὕτω
3420 2600 3516 2666 μὲν
3542 2593 3638 2649 οῦν

2054 2709 2236 2770 Δαυῒδ,
2263 2711 2290 2760 ὁ
2315 2705 2621 2777 προϐατεὺς
2655 2702 2772 2771 ἅμα
2807 2700 2899 2754 καὶ
2934 2697 3209 2769 βασιλεὺς,
3246 2695 3307 2748 τὸ
3334 2693 3637 2758 θανάσιμον

2055 2803 2218 2855 ὅπλον
2251 2801 2522 2870 σωτήρ.ον
2561 2794 2911 2850 ἀποδείκνυσι
2946 2789 3045 2844 καὶ
3079 2789 3181 2858 τῆς
3235 2787 3397 2855 ἁγίας
3432 2784 3638 2851 σκηνῆς

2056 2894 2204 2947 ἔνδον
2232 2892 2435 2960 τίθησι,
2469 2891 2563 2943 καὶ
2614 2889 2690 2955 τῷ
2721 2886 2842 2954 Θεῷ
2878 2884 3185 2952 ἀνατίθησι.
3227 2879 3459 2950 Χριστὸς
3492 2878 3570 2939 δὲ,
3613 2878 3639 2928 ὁ

2061 2987 2444 3058 παμϐασιλεὺς
2499 2987 2594 3037 καλ⁸
2648 2981 2852 3051 ποιμὴν
2905 2979 3122 3049 ἀληθῶς
3177 2978 3355 3046 πάσης
3411 2973 3641 3040 λογικῆς

367 3067 509 3132 quod
562 3069 752 3120 mortis
786 3066 1027 3136 alioquin
1059 3081 1223 3121 causa
1253 3076 1392 3132 erat,
1426 3068 1480 3121 in
1512 3067 1822 3136 praesidium
1861 3082 1947 3120 sa-

2069 3083 2302 3146 ιτίσεω-,
2336 3080 2396 3131 τδ
2427 3078 2719 3148 σταυρικὸν
2747 3075 2903 3141 ξύλον
2927 3116 2940 3136 ,
2973 3073 3001 3126 ὃ
3036 3072 3202 3126 πάλαι
3236 3067 3378 3122 κατὰ
3405 3069 3503 3135 τῆς
3542 3063 3644 3132 φῦ-

369 3158 501 3211 lntis
525 3159 659 3212 verti
695 3174 855 3224 posse
883 3159 1090 3223 docuit,
1133 3159 1374 3227 illudque
1426 3160 1568 3213 intra
1604 3159 1947 3214 taherttaculi

369 3250 528 3319 adyta
579 3250 784 3304 illatum
827 3251 938 3305 Deo
969 3251 1262 3305 dedicavit.
1293 3250 1543 3306 Christus
1573 3260 1754 3305 autem
1810 3267 1950 3304 cun-

371 3351 580 3397 ctarum
625 3359 803 3398 rerum
830 3343 967 3408 Rex,
997 3359 1268 3412 verusque
1294 3354 1482 3412 pastor
1506 3344 1681 3398 omnis
1712 3345 1953 3398 rationa-

372 3435 436 3490 lis
468 3446 757 3500 creaturre,
790 3436 936 3503 ligno
975 3436 1175 3495 erucis.
1209 3437 1348 3502 quod
1377 3437 1504 3489 olim
1538 3436 1831 3504 perdendis
1862 3436 1957 3490 ho-

377 3528 614 3581 tninihus
648 3528 1016 3583 eacodaantoni
1062 3529 1486 3583 instrumentum
1521 3538 1658 3586 erat.
1693 3527 1746 3582 in
1795 3545 1958 3599 argu-

379 3630 622 3676 mentum
675 3622 868 3676 salutis
912 3622 1321 3684 transmutavit,
1377 3623 1560 3677 occiso
1611 3629 1867 3691 tyranno.
1905 3630 1960 3675 et

378 3715 580 3766 mundo
637 3713 888 3769 libertate
937 3716 1207 3770 restituta.
1235 3715 1581 3783 Quapropter
1635 3728 1732 3768 nos
1794 3715 1957 3768 etiam

377 3805 579 3874 gratias
614 3816 835 3874 agentes
869 3807 1172 3861 exaltamus
1201 3818 1255 3862 et
1287 3808 1671 3861 exosculamur
1715 3821 1959 3870 crucem,

384 3897 474 3952 Dei
513 3899 778 3967 gladium,
811 3915 970 3968 quam
1019 3911 1072 3954 et
1107 3900 1273 3956 lsaias
1330 3901 1558 3966 ignitum
1593 3899 1830 3968 gladium
1867 3913 1963 3951 no-

380 3991 608 4045 minavit
637 4009 652 4047 :
679 3989 742 4046 In
776 3994 872 4046 illa
900 3996 1033 4048 enim
1067 3995 1170 4056 die,
1203 3994 1403 4060 inquit,
1439 3992 1665 4046 adducet
1705 3990 1962 4044 Dominus

379 4087 619 4155 gladium
651 4105 806 4142 suum
845 4100 1109 4151 sanctum,
1153 4097 1204 4140 et
1236 4104 1506 4156 magnum,
1561 4095 1609 4139 et
1644 4088 1832 4151 fortem
1877 4101 1964 4136 su-

2057 3191 2196 3235 σεως
2240 3175 2267 3225 6
2322 3173 2576 3240 ἀλάστωρ
2618 3169 2851 3239 ὄργανον
2905 3161 3050 3235 εἶχεν
3100 3163 3379 3221 ἀπωλείας
3406 3199 3420 3221 ,
3467 3158 3643 3210 αἴτιον

2055 3263 2224 3328 ἔδειξε
2253 3263 2554 3332 σωτηρίας,
2581 3261 2800 3322 κτείνας
2830 3259 2921 3313 τὸν
2951 3256 3216 3327 τύραννον
3240 3253 3306 3306 δι’
3333 3248 3523 3309 αὐτοῦ,
3547 3248 3646 3298 καὶ

2056 3357 2246 3425 κόσμῳ
2292 3354 2392 3425 τὴν
2439 3351 2754 3422 ἐλευθερίαν
2796 3348 3191 3420 χαρισάμενος.
3240 3342 3430 3412 Ταύτῃ
3457 3357 3514 3392 τε
3547 3339 3646 3392 καὶ

2059 3453 2218 3518 ἡμεῖς
2249 3445 2700 3520 εὐχαριστοῦντες
2723 3443 2928 3512 άνυψοῦ
2937 3459 3037 3509 μεν
3060 3441 3152 3493 καὶ
3173 3433 3647 3500 κατασπαζόμεθα

2058 3543 2158 3613 τὴν
2205 3542 2341 3594 Θεοῦ
2380 3539 2679 3608 μάχαιραν,
2707 3537 2798 3590 τὸν
2839 3532 3096 3602 σταυρόν.
3141 3529 3297 3586 Οῦτω
3342 3527 3450 3597 γὰρ
3483 3525 3662 3594 αὑτὸν,

2061 3634 2156 3686 καὶ
2180 3633 2238 3684 τὸ
2267 3628 2802 3699 κατηνθρακωμένον
2825 3625 3116 3693 ὠνόμασεν
3167 3619 3395 3674 Ἢσαῖου
3430 3615 3612 3683 στόμα
3635 3630 3649 3644 ·

2067 3720 2146 3788 Τῇ
2173 3722 2364 3789 ἡμέρᾳ
2392 3721 2524 3788 γὰρ.
2561 3717 2746 3786 φησιν,
2781 3715 2984 3780 ἐκείνῃ
3025 3710 3234 3774 ἐπάξει
3265 3711 3298 3762 ὁ
3353 3707 3500 3770 Θεὸς
3535 3702 3656 3767 τὴν

2059 3812 2364 3880 μάχαιγαν
2392 3808 2578 3862 αὑτοῦ
2611 3806 2725 3873 τὴν
2755 3805 2953 3874 ἁγίαν,
2980 3803 3078 3856 καί
3111 3801 3227 3867 τὴν
3249 3800 3526 3868 μεγάλην
3553 3793 3653 3845 καὶ

2070 3903 2184 3971 τὴν
2224 3901 2505 3971 ἰσχυρὰν,
2535 3900 2630 3952 ἐπὶ
2673 3897 2780 3952 τὸν
2827 3894 3150 3963 δράκοντα,
3211 3892 3318 3944 τὸν
3364 3888 3501 3956 ὅφιν
3547 3884 3659 3936 τὸν

2071 3995 2349 4059 σκολιὸν,
2371 3993 2468 4046 καὶ
2497 3989 2710 4046 ἀνελεῖ
2730 3988 2839 4043 τὸν
2861 3985 3161 4056 δράκοντα
3187 3982 3261 4051 τῇ
3293 3979 3483 4051 ἡμέρᾳ
3507 3975 3663 4028 ἐκεί-

2072 4106 2150 4157 νῃ
2191 4088 2262 4142 ὲν
2289 4085 2364 4154 τῇ
2395 4085 2706 4150 θαλάσσῃ.

380 4198 470 4249 per
508 4185 822 4245 draconem,
873 4192 1159 4249 serpentem
1217 4190 1538 4244 tortuosum,
1576 4190 1624 4233 et
1679 4180 1952 4246 interﬁciat
1995 4181 2277 4237 draconem
2304 4181 2468 4235 inilla
2497 4181 2604 4241 die,
2633 4181 2685 4230 in
2710 4175 2846 4229 mari
2871 4175 2939 4227 ⁷⁸.

455 4273 692 4328 Pet-emit
727 4275 890 4342 igitur
923 4273 1176 4325 Christus
1205 4285 1300 4337 per
1331 4285 1549 4323 crucem
1579 4285 1700 4324 eum
1727 4270 1818 4338 qui
1852 4273 1964 4337 glo-
1998 4276 2042 4330 υ

385 4368 556 4420 riatus
591 4365 785 4426 fuerat,
814 4379 873 4418 se
910 4361 1240 4416 abolitnrntn
1272 4371 1325 4413 et
1360 4370 1560 4414 terram
1597 4369 1651 4415 et
1686 4377 1855 4423 mare,
1883 4371 1966 4414 tn-

385 4469 608 4524 tumque
645 4465 910 4510 terrarum
941 4455 1126 4507 orbem
1184 4453 1360 4507 instar
1391 4453 1499 4506 uidi
1540 4454 1966 4522 comprehensu-

386 4565 524 4603 rum.
567 4547 778 4604 Occidit
815 4551 1176 4609 desertorem,
1227 4544 1499 4599 interfecit
1537 4546 1962 4615 corruptionem,

385 4644 662 4711 vitamque
713 4641 868 4694 nobis
899 4639 1140 4695 donavit.
1171 4637 1310 4692 Cum
1342 4639 1486 4692 enim
1520 4637 1741 4693 malitiae
1777 4647 1967 4692 auctor

384 4743 439 4786 et
467 4734 573 4786 dux
620 4731 966 4801 quadruplici
1003 4731 1314 4799 arrogantia
1361 4729 1651 4795 laborarit,
1696 4745 1967 4799 suumqu

385 4824 644 4878 thronum
695 4839 816 4877 sese
853 4837 1019 4893 supra
1059 4822 1233 4877 nubes
1287 4821 1676 4877 collocaturum
1728 4824 1974 4893 jactarit,

389 4915 686 4971 inferorum
721 4916 881 4970 sedes
925 4917 1151 4983 adeptus
1204 4925 1307 4980 est,
1343 4926 1397 4969 et
1431 4914 1728 4972 Leviathan
1785 4918 1970 4987 appel-

387 5009 558 5071 latur,
587 5008 712 5062 sede
753 5007 805 5060 in
846 5007 1000 5073 aquis
1032 5005 1318 5061 collocata.
1350 5006 1560 5061 Circuit
1605 5017 1788 5060 autem
1831 5023 1974 5073 eam,

389 5115 512 5166 quae
537 5101 675 5154 caelo
704 5100 944 5167 subjecta
972 5108 1080 5161 est,
1119 5099 1422 5168 regionem,
1449 5109 1761 5167 terramque
1787 5103 1978 5154 oham-

393 5197 564 5252 hulat.
593 5195 760 5264 Igitur
795 5196 1089 5264 prudenter
1133 5195 1426 5249 admodum
1481 5195 1738 5248 Dominus
1767 5205 1820 5248 et
1852 5195 1974 5249 Sal-

393 5301 552 5344 vator
599 5287 938 5358 quadruplex
997 5288 1156 5357 quasi
1223 5289 1618 5341 munimentum
1680 5289 1846 5356 ipsius
1885 5298 1971 5358 ty-

399 5381 610 5436 rannidi
652 5381 924 5448 opposuit,
954 5394 1169 5435 crucem
1202 5379 1460 5432 nimirum
1492 5379 1973 5448 quadripartitam,

401 5490 520 5540 quae
569 5474 930 5544 undequaque
981 5489 1103 5526 eum
1137 5471 1382 5541 ettpellit,
1411 5479 1466 5524 et
1515 5471 1579 5524 ad
1615 5480 1838 5532 tartara,
1871 5481 1980 5542 sty-

409 5567 634 5633 giasque
688 5566 878 5621 domos
939 5563 1194 5617 detrudit.
1264 5563 1458 5616 Annon
1516 5571 1572 5616 et
1638 5563 1726 5616 alii
1787 5563 1984 5618 inﬁniti

414 5658 608 5712 mortis
635 5658 896 5713 obeunda:
928 5659 1069 5712 modi
1103 5671 1279 5719 erant,
1315 5666 1372 5710 ut
1399 5665 1452 5710 et
1479 5671 1574 5723 per
1603 5655 1760 5710 aliam
1792 5671 1985 5726 quant-

484 5771 527 5803 "
569 5769 746 5843 Illeg.
779 5788 906 5839 xvu,
945 5772 1033 5828 46.
1107 5770 1154 5804 ⁷⁸
1188 5771 1286 5828 lea.
1315 5786 1481 5832 χχιιι,
1515 5770 1563 5822 l.

2155 4273 2356 4327 Ἀνεῖλε
2391 4272 2522 4340 γοῦν
2540 4271 2629 4323 διὰ
2665 4268 2900 4338 σταυροῦ
2937 4269 2964 4318 ὁ
2991 4262 3224 4334 Χριστὸς
3256 4260 3348 4312 τὸν
3383 4257 3652 4326 καυχησά-

2075 4383 2238 4434 μενον
2268 4363 2575 4431 ἐξαλείφειν
2607 4362 2710 4430 γῆν
2748 4377 2809 4413 τε
2842 4360 2936 4412 κοιλ⁸
2966 4357 3246 4409 θάλασσαν
3267 4392 3283 4415 ,
3319 4350 3416 4402 καλ⁹
3446 4349 3548 4415 τὴν
3581 4349 3655 4398 οἱ·

2070 4453 2347 4527 κουμὲνην
2377 4457 2508 4528 ἕλην
2555 4454 2628 4516 ὡς
2663 4450 2909 4507 νεοττιάν
2944 4441 3380 4514 καταλήψεσθαι.
3430 4439 3662 4492 Ἑθανά-

2070 4569 2209 4606 τωσε
2268 4551 2357 4604 τὸν
2389 4548 2728 4614 ἀποστάτην,
2778 4544 3133 4610 ἀπενέκρωτε
3168 4535 3266 4604 τὴν
3309 4533 3539 4603 φθορὰν,
3573 4532 3668 4584 καὶ

2070 4642 2169 4712 τὴν
2200 4640 2344 4708 ζωὴν
2370 4641 2500 4707 ἡμῖν
2550 4636 2888 4703 ἐδωρήσατο.
2909 4628 3128 4697 Ἐπειδὴ
3151 4626 3260 4694 γάρ
3286 4626 3313 4677 6
3339 4625 3444 4690 τῆς
3467 4623 3670 4683 κακίας

2071 4729 2317 4799 ἀρχηγὸς
2337 4728 2432 4780 καὶ
2447 4725 2762 4795 προστάτης
2795 4719 3110 4790 τετραμερῆ
3130 4717 3230 4787 τὴν
3253 4713 3668 4783 ὑπερηφάνειαν

2079 4821 2353 4889 ἐκτήσατο
2397 4819 2490 4871 καί
2518 4819 2706 4887 θήσειν
2738 4814 2836 4883 μὲν
2861 4812 2956 4865 ἐπὶ
2987 4810 3098 4861 τῶν
3129 4805 3372 4875 νεφελῶν
3397 4799 3548 4855 εἶπεν
3575 4801 3667 4852 τὸν

2081 4915 2291 4985 θρόνον,
2321 4909 2752 4981 άπεκληρώσατο
2780 4907 2836 4960 δὲ
2869 4905 2960 4957 τὸν
2987 4903 3124 4974 ᾅδην
3143 4941 3158 4966 ,
3185 4900 3280 4952 καὶ
3311 4894 3584 4952 Λευῖαθάν
3609 4893 3669 4946 δὲ

2080 5007 2300 5073 λέγεται
2332 5006 2443 5066 τοῖς
2475 5002 2663 5055 ’ὕδασιν
2697 4996 3055 5069 ἐμφωλεύων.
3092 4991 3452 5062 Περιέρχεται
3483 4988 3538 5039 δὲ
3573 4991 3672 5040 καὶ

2080 5098 2179 5169 τὴν
2212 5097 2303 5151 ὑπ’
2331 5095 2585 5166 οὐρανὸν,
2619 5096 2710 5146 καὶ
2738 5089 3110 5162 ὲμπεριπατεί
3137 5087 3204 5154 τῇ
3237 5085 3331 5153 γῇ.
3367 5080 3673 5148 Πανσόφως

2083 5192 2194 5260 ἄρα
2247 5191 2340 5242 καὶ
2370 5190 2396 5241 ὁ
2429 5186 2561 5256 ἐμὸς
2609 5185 2799 5254 Σωτὴρ
2860 5183 2954 5236 καὶ
3002 5181 3281 5250 Δεσπότης
3333 5173 3672 5245 τετραμερὲς

2085 5283 2416 5349 άντὲστησεν
2443 5277 2818 5348 αμυντήριον,
2872 5276 2938 5344 τῇ
2976 5275 3212 5328 εἰκείνου
3248 5268 3521 5338 τυραννίδι
3579 5264 3675 5314 τὸν

2085 5373 2397 5445 τετραμερῆ
2433 5373 2664 5439 σταυρὸν
2695 5370 3034 5440 πανταχόθεν
3069 5369 3233 5421 αὑτὸν
3269 5361 3672 5421 ἀπελαύνοντα,

2091 5468 2185 5520 καὶ
2219 5465 2475 5533 ταρτάρῳ
2504 5461 2600 5515 καὶ
2637 5464 2704 5533 τῇ
2742 5461 2936 5530 γεέννῃ
2963 5458 3428 5527 παραπέμποντα.
3460 5447 3537 5501 Ἥ
3567 5455 3680 5516 γάρ

2098 5558 2160 5610 οὐ
2196 5555 2382 5625 μύριοί
2412 5570 2559 5616 τινες
2592 5548 2732 5622 ἦσαν
2762 5551 2812 5604 οἱ
2838 5553 2973 5622 πρὸς
3005 5549 3233 5601 θάνατον
3265 5544 3523 5612 φέροντες
3557 5534 3682 5603 τρό-

2103 5670 2215 5716 ποι,
2249 5649 2317 5703 ἵν’
2351 5649 2480 5710 ἴσως
2523 5647 2617 5700 καὶ
2665 5645 2732 5699 δι’
2766 5643 2929 5697 ἄλλου
2969 5640 3063 5696 τοῦ
3097 5640 3196 5710 τὴν
3236 5633 3376 5705 ὑπὲρ
3409 5627 3566 5702 ἡμῶν
3595 5625 3684 5681 oi-
