3948 6200
271 347 369 414 2‘25

1278 337 1360 397 ΙΝ
1404 298 2006 396 EXALTA'i‘lONEM
2078 329 2137 391 s.
2181 328 2481 387 CRUCIS.

3415 323 3520 388 226

273 464 518 529 κονομίαν
541 457 569 510 6
602 453 880 522 Δεσπότης
911 453 1253 514 εκτελέσειε;
1283 449 1380 511 Τίς
1406 444 1499 501 οὖν
1531 449 1559 500 6
1589 443 1835 513 περὶτοῦ

1984 457 2070 493 am
2105 440 2295 493 inertis
2333 438 2595 492 rationem
2631 435 2892 491 Dominus
2930 447 3211 505 susceptas
3239 450 3340 505 pro
3367 439 3524 494 nobis

275 550 491 622 σταυροῦ
532 549 713 614 λόγος,
749 547 807 600 δν
845 547 918 609 ὼς
951 547 1250 612 ἀναγκαῖον
1281 541 1356 608 τῷ
1392 541 1579 609 οἰκείῳ
1617 538 1867 605 θανάτῳ,

272 641 534 714 πανταχοῦ
572 643 796 710 μίγνυσι
830 639 1160 708 προστιθεὶς,
1207 634 1298 688 καὶ
1326 633 1395 685 δι’
1433 633 1490 685 ὃν
1517 633 1624 683 τοῖς
1663 628 1840 698 μαθη-

270 743 378 801 ταῖς
401 739 556 802 ἔλεγε
587 733 727 803 μετὰ
759 734 857 801 τὴν
885 732 1201 791 ἀνάστασιν,
1231 729 1311 780 ὅτι
1339 725 1481 778 οὕτω
1505 726 1836 790 γέγραπται,

272 835 354 886 καὶ
385 831 557 892 οὕτως
588 830 695 881 ἔδει
721 825 913 878 παθεῖν
936 825 1026 876 τὸν
1051 823 1306 894 Χριστόν,
1326 820 1414 873 διὰ
1441 819 1538 887 τῆς
1568 817 1662 869 ἐπὶ
1683 816 1840 880 ξύλου

270 927 499 992 δηλονότι
523 923 800 982 ἐκτάσεως
827 936 842 985 ;
868 918 1047 971 Πολλά
1078 917 1177 986 μὲν
1202 916 1331 976 ἴσως
1361 915 1388 966 6
1413 912 1590 981 ζητῶν
1617 911 1843 978 εὑρήσει

268 1017 447 1068 τεύτου
488 1015 557 1065 τά
585 1014 758 1076 αῐτια,
797 1011 893 1063 καὶ
925 1010 1102 1063 πάντα
1131 1005 1435 1074 θεοπρεπῆ,
1474 1003 1593 1056 κατ’
1628 1003 1844 1071 ἐξαίρε-

269 1127 348 1160 τον
389 1107 446 1159 δὲ
491 1107 640 1158 δυοῖν
693 1105 902 1157 τούτοιν
947 1103 1130 1166 ἕνεκα,
1182 1101 1248 1152 ἵν’
1305 1100 1420 1170 ἅμα
1464 1100 1560 1168 μὲν
1608 1097 1699 1148 καὶ
1749 1093 1844 1147 τοῦ

270 1202 468 1264 κόσμου
505 1199 703 1256 παντὸς
738 1196 970 1266 ἐκδιώξῃ
1015 1195 1107 1246 τὸν
1153 1196 1584 1260 τυραννήσαντα,
1635 1189 1749 1256 ἅμα
1790 1187 1847 1238 δὲ

271 1295 351 1342 καὶ
380 1289 482 1358 τὴν
515 1288 930 1356 ἀνυπέρϐλητον
966 1283 1376 1354 φιλανθρωπίαν
1413 1279 1774 1346 ἐπιδείξηται.

343 1553 676 1622 Ἐρμηνεύει
708 1552 922 1613 Παῦλος
947 1551 1237 1620 ἀμφότερα
1261 1552 1496 1618 γράφων
1534 1549 1807 1616 Ἐφεσίοις
1831 1563 1845 1576 ·

274 1649 360 1699 'tr‘
389 1647 770 1713 ἐξισχύσητε
817 1641 1262 1695 καταλαϐέσθαι
1305 1641 1361 1692 τί
1402 1640 1466 1691 τὸ
1495 1638 1725 1702 πλάτος
1755 1638 1851 1690 καὶ

271 1739 459 1806 μῆκος
504 1736 600 1788 καὶ
630 1736 826 1799 βάθος
876 1735 970 1786 καί
995 1733 1173 1800 ὕψος,
1199 1731 1418 1800 γνῶναι
1437 1730 1504 1783 δὲ
1524 1731 1640 1796 τὴν
1677 1733 1854 1796 ὑπερ-

1948 538 2130 599 partes
2162 529 2615 583 consuunnaret?
2651 529 2780 594 Quae
2810 528 2982 598 igitur
3029 529 3210 584 crucis
3237 530 3372 584 ratio
3417 540 3523 598 est,

1944 623 2088 692 quod
2126 621 2324 690 ubique
2387 631 2640 689 tanquam
2697 623 2762 674 de
2798 624 3104 675 necessaria
3167 622 3234 675 ad
3292 633 3522 676 mortem

1945 731 2098 768 suam
2149 715 2404 782 loquitur,
2435 721 2489 766 et
2534 710 2686 779 cujus
2740 713 2911 781 gratia
2957 726 3081 766 cum
3116 715 3183 767 ad
3224 713 3519 783 discipulos

1948 807 2112 859 verba
2169 815 2287 874 post
2335 805 2784 857 resurrectionem
2837 803 3063 870 faceret,
3120 805 3344 871 aiebat;
3385 821 3526 875 quo-

1948 896 2091 948 niam
2129 897 2210 948 sic
2264 895 2523 962 scriptum
2553 903 2659 960 est,
2689 902 2738 948 et
2791 895 2871 950 sic
2901 899 3184 964 Oportebat
3230 901 3337 966 pati
3371 899 3526 952 Chri-

1949 994 2112 1049 stum,
2148 987 2400 1040 videlicet
2453 999 2550 1053 per
2605 987 2983 1042 extensionem
3029 989 3080 1042 in
3137 990 3530 1044 cruce?Forte

1951 1095 2128 1133 autem
2178 1081 2242 1143 is,
2277 1083 2360 1133 cui
2406 1095 2653 1148 quaerere
2703 1082 2938 1143 animus,
2978 1083 3178 1136 multas
3229 1083 3389 1152 hujus
3449 1085 3524 1137 rei

1953 1173 2224 1227 invenerit
2276 1187 2493 1234 causas,
2526 1187 2827 1240 omnesque
2874 1172 2981 1227 Deo
3011 1186 3425 1238 consentaneas,
3461 1191 3527 1228 ex

1951 1269 2151 1336 quibus
2211 1267 2332 1320 duae
2387 1266 2507 1320 istae
2570 1267 2915 1334 potissimae:
2953 1276 3011 1321 ut
3062 1267 3218 1322 simul
3287 1285 3354 1322 ex
3421 1277 3565 1341 toto_

1955 1359 2152 1412 inuudo
2190 1359 2462 1411 crudelem
2497 1343 2650 1412 illum
2690 1368 2976 1426 tyrannum
3010 1358 3324 1428 expelleret.
3359 1360 3522 1414 simul

1954 1464 2009 1505 et
2041 1453 2362 1505 immensam
2394 1467 2546 1505 suam
2583 1452 2884 1505 bonitatem
2918 1455 3334 1507 demonstraret.

2029 1543 2323 1610 Utriusque
2354 1542 2506 1596 testis
2536 1552 2590 1596 et
2632 1543 2898 1611 interpres
2931 1553 3015 1597 est
3053 1542 3253 1597 Paulus
3287 1543 3533 1598 scribens

1957 1637 2022 1688 ad
2067 1635 2368 1704 Ephesios:
2406 1632 2473 1686 llt
2500 1636 2714 1702 possitis
2748 1636 3179 1703 comprehendere
3209 1652 3325 1703 qua:
3359 1637 3425 1689 sit
3459 1635 3567 1689 la--

1963 1727 2134 1780 titudo
2154 1738 2202 1779 et
2250 1727 2526 1795 longitudo
2554 1767 2569 1792 ,
2616 1727 2952 1796 profunditas
2999 1738 3046 1782 et
3086 1728 3314 1781 altitudo
3349 1745 3367 1783 :
3402 1729 3540 1782 scire

275 1831 629 1882 διίλλουσαγ
671 1825 917 1893 ἀγάπην
954 1823 1066 1891 τῆς
1098 1824 1376 1893 γνώσεως
1413 1823 1519 1875 τοῦ
1567 1821 1849 1890 Χριστοῦ.

1977 1819 2118 1872 τιὶαηι
2150 1821 2623 1888 supereminentem
2650 1821 2964 1874 charitatem
3000 1821 3230 1874 scientia:
3248 1820 3447 1874 Christi
3470 1819 3537 1875 ⁷⁸.

275 1922 372 1988 Τὴν
408 1924 514 1989 μὲν
536 1920 646 1987 γάρ
676 1919 828 1970 θείαν
851 1918 1077 1985 ἀγάπην
1106 1917 1372 1985 ἔγνωμεν,
1403 1917 1482 1967 ὅτι
1508 1915 1602 1967 τον
1636 1914 1854 1968 πάντων

275 2016 544 2065 οἴκτιστον
573 2011 716 2078 ὑπὲρ
765 2010 920 2078 ἡμῶν
965 2009 1141 2060 εἵλετο
1184 2009 1454 2060 θάνατον·
1497 2008 1596 2076 τὴν
1633 2006 1688 2058 δὲ
1720 2022 1858 2070 παγο

277 2107 500 2173 κόσμιον
519 2102 836 2170 ἐλευθερίαν
855 2104 942 2154 ὰνε
956 2101 1246 2171 μυήθημεν
1268 2100 1460 2153 διὰτοῦ
1481 2115 1718 2168 τετραμε
1731 2097 1856 2166 ροῦς

280 2199 558 2267 σχήματος
584 2194 680 2248 τοῦ
709 2192 965 2264 σταυροῦ.
992 2193 1232 2257 Πάντας
1258 2190 1368 2259 γὰρ
1397 2191 1653 2244 εἵλκυσε
1703 2189 1852 2255 πρὸς

282 2288 502 2341 ἑαυτὸν·
544 2289 613 2354 τῇ
656 2283 951 2350 ἐπιγνώσει
980 2283 1080 2350 τῆς
1118 2283 1256 2344 ιδίας
1282 2279 1600 2340 δεσποτείας
1626 2295 1640 2308 ·
1671 2277 1859 2346 ἐπειδὴ

283 2381 505 2452 βασιλέα
555 2381 860 2451 τηνικαῦτα
919 2385 1012 2432 καὶ
1059 2379 1192 2431 Θεὸν
1236 2380 1334 2447 οὐχ
1379 2380 1412 2445 ἡ
1469 2376 1644 2439 κτίσις
1700 2378 1860 2445 μόνον

283 2478 618 2544 ἀνεκήρυττε
677 2473 836 2526 τοῦτο
894 2475 962 2541 τῇ
1023 2471 1261 2540 σφετέρα
1309 2469 1862 2538 καινοπαθείᾳ,ἁλλὰ

285 2569 374 2619 καὶ
427 2569 456 2618 6
513 2565 980 2633 συναποθνήσκων
1040 2561 1263 2635 λῃστὴς,
1321 2567 1412 2614 καὶ
1473 2565 1500 2613 6
1545 2561 1865 2628 αὑτουργῶν

285 2659 706 2727 ἑκατόνταρχος,
767 2658 860 2709 καὶ
917 2658 944 2708 6
993 2655 1086 2707 τοῦ
1122 2654 1360 2707 Πιλάτου
1394 2653 1595 2716 τίτλος,
1645 2651 1865 2722 άληθῶς

292 2751 594 2819 μαρτυρίαι
628 2751 776 2817 παρὰ
811 2748 918 2800 τῶν
949 2747 1158 2816 ἐχθρῶν
1186 2747 1509 2810 ἀξιόπιστον
1550 2748 1687 2808 ὅπερ
1717 2744 1810 2796 καὶ
1839 2746 1866 2796 ὁ

289 2841 575 2909 θεοπάτωρ
603 2841 813 2894 ἄνωθεν
836 2837 1244 2908 προαναφωνών
1265 2837 1514 2908 ἔκραξεν,
1534 2837 1616 2889 ὅτι
1647 2837 1708 2888 Ὀ
1725 2837 1870 2898 Θεὸς

289 2936 443 3001 ἡμῶν
467 2933 769 2998 βασιλεὺς
798 2934 911 3000 πρὸ
933 2929 1141 2996 αἰῶνος
1190 2932 1474 3001 ὑπάρχων,
1497 2929 1582 2981 ἐπ’
1620 2930 1869 2998 ἐσχάτων

287 3029 490 3082 τούτων
522 3027 748 3096 ἡμερῶν
787 3024 1106 3094 εἰργάσατο
1137 3024 1440 3090 σωτηρίαν
1460 3023 1528 3075 ἐν
1551 3021 1720 3090 μέσῳ
1759 3021 1870 3088 τῆς

289 3121 421 3190 γῆς,
450 3120 546 3172 καὶ
569 3119 668 3186 τὴν
688 3118 776 3170 διὰ
806 3116 1040 3183 σταυροῦ
1059 3114 1353 3168 κατάλυσιν
1369 3116 1460 3165 τού
1485 3113 1747 3183 τυράννου
1774 3128 1870 3180 ση-

295 3215 520 3282 μαίνων.
561 3210 926 3276 Ἐκδέϐληται
950 3210 1112 3276 γὰρ“ὁ
1143 3207 1234 3259 τοῦ
1266 3207 1490 3268 σκότους
1546 3206 1730 3276 ἄρχων
1770 3206 1870 3273 τῆς

291 3305 520 3366 κτίσεως
557 3304 800 3368 ἁπάσης,
830 3301 922 3353 καὶ
954 3300 1295 3370 ἀπέρριπται
1321 3299 1418 3366 μὲν
1441 3298 1498 3362 ἐξ
1518 3295 1771 3366 οὐρανοῦ,
1792 3295 1874 3346 ὃτι

303 3403 358 3453 '0
385 3399 649 3469 οὐρανὸς
688 3395 811 3451 τῶν
840 3393 1114 3463 οὐρανῶν
1156 3391 1236 3456 τῷ
1270 3393 1462 3458 Κυρίῳ
1484 3405 1497 3417 ·
1539 3391 1876 3459 ἀπέρριπται

294 3490 348 3544 δὲ
368 3493 464 3543 καὶ
497 3489 601 3558 γῆς
635 3504 729 3538 και
771 3485 1067 3552 θαλάσσης,
1086 3484 1169 3534 ὅτι
1197 3481 1290 3534 τοῦ
1313 3476 1716 3548 σταυρωθέντος
1760 3476 1876 3528 Σω-

297 3587 456 3656 τῆρός
484 3587 601 3636 ἐστι
620 3585 653 3651 ἡ
679 3579 946 3641 Θάλασσα,
970 3579 1064 3629 καὶ
1087 3578 1187 3646 τὴν
1219 3573 1389 3643 ξηρὰν
1416 3575 1471 3625 αἱ
1505 3573 1685 3641 χεῖρες
1713 3566 1876 3621 αὑτοῦ

300 3677 541 3730 επλασαν
561 3691 576 3705 ·
613 3673 964 3742 κατήργηται
995 3669 1090 3720 καὶ
1121 3669 1152 3734 ἡ
1193 3669 1250 3718 ἐν
1280 3664 1408 3735 ᾆδον
1434 3661 1751 3722 δυναστεία,
1785 3661 1883 3712 ἐπ-

304 3769 423 3838 ειδη
448 3768 700 3826 κάκεῖνος
728 3767 796 3832 τῇ
828 3762 1132 3828 Δεσποτικῇ
1179 3756 1480 3810 καταὸάσει
1517 3752 1880 3822 πεφωτισται,

302 3859 404 3912 καὶ
424 3859 499 3917 εἰς
519 3856 708 3908 λοιπὸν
731 3853 810 3923 τῷ
831 3851 1066 3918 διαϐόλῳ
1091 3849 1255 3910 τόπος
1288 3849 1316 3898 ὁ
1347 3848 1443 3915 τῆς
1464 3845 1689 3913 γεέννης
1726 3843 1886 3912 τετή-

309 3968 490 4023 ρηται,
518 3951 547 4002 6
577 3945 987 4018 ἡτοιμασμένος
1015 3942 1164 4010 αὑτῴ
1196 3957 1255 3992 τε
1281 3941 1376 3993 καὶ
1403 3942 1512 3999 τοῖς
1538 3939 1656 4008 μετ’
1689 3935 1878 3990 αὑτοῦ.

383 4044 518 4113 Φέρε
553 4043 618 4112 δὴ
675 4040 770 4092 νῦν
810 4037 905 4090 καὶ
948 4038 1010 4089 ἐκ
1042 4035 1152 4087 τῶν
1202 4032 1525 4106 ᾁσματικῶν
1568 4029 1670 4098 τῆς
1709 4027 1882 4081 Σιλω-

319 4139 524 4210 μῶντος
550 4139 750 4205 Σοφίας
776 4131 1040 4204 ῥημάτων
1062 4129 1154 4182 τὸν
1180 4129 1338 4195 λόγον
1378 4125 1752 4198 ἀρδεύσωμεν.
1778 4121 1887 4174 Καὶ

319 4231 528 4302 παρίτω
552 4245 640 4298 μοι
664 4229 698 4297 ἡ
721 4229 780 4278 ἐν
803 4227 1033 4285 ἐκείνοις
1053 4222 1260 4288 κλίνη,
1285 4217 1520 4289 Χριστοῦ
1538 4216 1630 4267 τὸν
1651 4214 1884 4283 σταυρὸν

319 4323 794 4393 προκηρύττουσα,
829 4316 922 4370 τοῦ
954 4318 1090 4385 πρὸς
1125 4312 1386 4382 ἀλήθειαν
1423 4309 1683 4378 βασιλέως
1728 4307 1887 4375 εἰρή-

320 4433 438 4485 νης,
493 4413 586 4467 τοῦ
651 4412 721 4464 τά
774 4409 1041 4462 διεστῶτα
1106 4406 1465 4472 συνάψαντος,
1524 4399 1619 4452 καὶ
1668 4399 1729 4452 τὸ
1791 4396 1887 4450 τοῦ

1962 1911 2095 1964 Nam
2130 1911 2366 1964 divinam
2399 1911 2724 1965 cliaritatem
2758 1911 3128 1980 cognovimus,
3159 1911 3289 1980 quia
3312 1920 3539 1966 mortem

1959 2004 2200 2058 Omnium
2247 2003 2612 2071 turpissimam
2664 2018 2763 2071 pro
2809 2003 2965 2059 nobis
3017 2005 3214 2070 subiit;
3265 2003 3542 2059 conmmui

1962 2106 2143 2149 autem
2183 2105 2237 2148 et
2267 2097 2331 2148 ad
2364 2110 2557 2149 omnes
2587 2097 2894 2162 pertinente
2940 2096 3190 2151 libertate
3240 2099 3394 2164 quasi
3436 2096 3544 2149 iiii-

1965 2184 2078 2236 liuti
2108 2199 2294 2238 sumus
2329 2199 2424 2253 per
2452 2184 2877 2253 quadriformem
2909 2202 3148 2242 crucem.
3186 2187 3378 2243 Omnes
3398 2190 3544 2241 enim

1965 2277 2130 2329 traxit
2163 2277 2230 2328 ad
2250 2277 2476 2343 seipsum
2494 2276 2560 2341 '",
2585 2278 2864 2347 agnitione
2881 2279 3265 2333 dominationis
3290 2282 3543 2347 propria};

1965 2365 2088 2431 quia
2158 2379 2338 2433 regem
2385 2375 2437 2418 et
2481 2363 2769 2418 Dominum
2815 2382 2918 2418 non
2967 2368 3125 2419 modo
3160 2376 3408 2420 creatura
3451 2382 3546 2433 per

1966 2473 2119 2513 Suam
2149 2458 2682 2510 eonnniserationem
2718 2456 3111 2524 proclamabat,
3148 2461 3242 2512 sed
3285 2473 3338 2513 et
3373 2464 3416 2515 is
3450 2459 3545 2529 qui

1968 2548 2130 2604 simul
2164 2550 2500 2602 moriebatur
2528 2547 2690 2607 latro,
2721 2557 2773 2601 et
2812 2548 3084 2613 centurio,
3122 2552 3211 2619 qui
3252 2569 3348 2605 sua
3385 2569 3546 2607 manu

1969 2644 2168 2696 illiristi
2210 2643 2351 2696 latus
2383 2642 2616 2707 aperuit,
2649 2651 2703 2694 et
2737 2641 2930 2694 titulus
2962 2641 3147 2708 Pilati,
3177 2661 3296 2713 qua:
3328 2662 3454 2700 vere
3481 2650 3550 2701 ab

1973 2734 2218 2787 lmsribus
2259 2735 2361 2786 lide
2399 2734 2560 2802 digna
2602 2731 2910 2786 testimonia
2949 2743 3112 2798 sunt;
3145 2736 3290 2804 quod
3331 2739 3548 2805 quidem

1973 2825 2067 2878 Dei
2118 2841 2310 2893 part-ns
2359 2826 2469 2895 jam
2523 2825 2651 2878 olim
2698 2825 3003 2880 vaticinans
3058 2826 3365 2884 clamabat:
3412 2831 3552 2885 Deus

1976 2927 2154 2970 uoster
2196 2933 2286 2969 rex
2319 2928 2440 2970 ante
2473 2916 2670 2970 sa’cula
2703 2917 2972 2971 exsistens
3002 2919 3414 2974 novissimisliis
3437 2923 3552 2974 die-

1975 3007 2073 3059 bus
2121 3016 2368 3074 operatus
2424 3017 2501 3060 est
2571 3007 2796 3060 salutent
2867 3008 2921 3060 in
2970 3009 3138 3061 medio
3187 3019 3339 3064 teme
3365 3011 3430 3077 ⁷⁵,
3465 3015 3552 3066 ubi

1975 3097 2191 3164 tyranni
2217 3097 2721 3151 exterminatiunetn
2747 3113 2841 3167 per
2858 3113 3075 3152 crucem
3095 3093 3292 3153 [aetatu
3320 3101 3551 3157 indicat:

1976 3205 2098 3240 nam
2142 3188 2389 3256 princeps
2432 3190 2777 3242 tenebrarum
2829 3204 2893 3242 ex
2935 3193 3082 3245 omni
3134 3207 3189 3246 re
3237 3207 3418 3248 creata
3447 3211 3555 3248 ex-

1977 3284 2166 3349 pulsus
2211 3290 2322 3344 est;
2357 3291 2406 3334 et
2455 3297 2484 3335 e
2523 3281 2662 3336 caelo
2712 3283 2931 3351 quidem
2987 3285 3229 3353 deiectus
3271 3297 3396 3352 est,
3431 3288 3556 3353 quia

1977 3377 2164 3429 caelum
2203 3377 2320 3429 caeli
2381 3375 2606 3429 Domino
2634 3377 2704 3430 ".
2777 3376 2848 3429 Ex
2899 3387 3038 3430 terra
3094 3378 3260 3432 etiam
3308 3389 3362 3433 et
3417 3379 3555 3434 mari

1981 3465 2296 3534 protligatus
2325 3475 2441 3529 est,
2473 3467 2598 3534 quia
2633 3467 2875 3521 cruciﬁxi
2918 3465 3228 3522 Servatoris
3258 3479 3342 3521 est
3374 3485 3557 3534 mare,

1980 3565 2032 3611 et
2065 3559 2271 3611 aridam
2308 3556 2680 3612 formaverunt
2713 3573 2906 3612 manus
2931 3560 3134 3629 ejus".
3165 3559 3361 3613 Eversa
3395 3572 3476 3614 est
3506 3569 3560 3613 tt

1983 3651 2094 3713 illa,
2131 3665 2250 3720 quae
2288 3649 2342 3704 in
2389 3649 2606 3705 inferno
2636 3652 3007 3720 grassabatur,
3045 3655 3305 3720 potentia.
3342 3655 3465 3721 quia
3506 3662 3562 3707 et

1985 3742 2188 3797 inferos
2224 3759 2324 3796 suo
2353 3743 2616 3797 descensu
2652 3742 2966 3808 illustravit,
3001 3752 3054 3796 et
3094 3745 3159 3796 de
3192 3752 3388 3796 caetero
3423 3761 3563 3798 unus

1984 3835 2133 3888 locus
2175 3835 2430 3901 gehennae
2461 3834 2672 3888 diabolo
2703 3844 3013 3889 reservatus
3044 3842 3150 3898 est,
3176 3834 3265 3903 qui
3296 3849 3563 3902 ιιι-κρηνα-

1985 3937 2071 3980 tus
2099 3936 2182 3978 est
2214 3927 2311 3991 ipsi
2347 3934 2400 3979 et
2432 3925 2614 3979 sociis.

2058 4017 2298 4084 Agedum
2332 4031 2476 4070 nunc
2515 4015 2679 4068 etiam
2719 4029 2785 4069 ex
2827 4014 3054 4068 canticis
3089 4013 3397 4068 Salomonis
3441 4031 3564 4069 ora-

1989 4112 2189 4164 tionem
2219 4117 2459 4162 nostram
2495 4109 2755 4176 rigemus,
2777 4119 2830 4161 et
2861 4108 3219 4176 copiosiorem
3245 4106 3567 4174 efﬁciamus,

1987 4203 2258 4256 Adveniat
2296 4201 2459 4270 igitur
2489 4202 2659 4269 is,qui
2684 4203 2733 4253 in
2765 4200 2872 4253 illis
2903 4199 3566 4266 celebratur,lectulus",

1987 4293 2191 4348 Christi
2224 4307 2441 4347 crucem
2469 4293 2859 4361 pra-nuntians,
2886 4294 2975 4361 qui
2999 4308 3126 4347 vere
3147 4292 3257 4346 Rex
3289 4294 3439 4362 pacis
3465 4304 3568 4359 est,

1991 4391 2081 4460 qui
2113 4405 2198 4452 ea,
2231 4403 2349 4457 qua:
2385 4388 2572 4443 dissita
2605 4398 2782 4453 erant,
2814 4387 3119 4454 conjunxit,
3159 4398 3214 4442 et
3251 4389 3568 4451 maceriam,

325 4509 571 4580 φραγμοῦ
601 4507 918 4578 μεσότειχον
952 4507 1013 4556 ἐκ
1044 4505 1210 4570 μέσου
1261 4500 1610 4569 ποιήσαντος·
1637 4498 1694 4547 ὲν
1735 4492 1869 4562 αὖτιξ

1990 4498 2112 4550 quae
2164 4481 2478 4548 interpositu
2525 4489 2664 4542 erat,
2712 4480 2966 4544 sustulit;
3000 4482 3052 4533 in
3108 4483 3220 4550 ipso
3267 4481 3411 4534 enini
3453 4485 3572 4535 vita:

327 4606 431 4670 γάρ
455 4602 482 4652 6
507 4599 650 4666 ζωῆς
681 4598 913 4665 ταμιεὺς
955 4592 1225 4662 ἐκοιμήθη
1270 4589 1496 4659 Ἰησοῦς,
1535 4586 1626 4641 καὶ
1666 4585 1886 4670 ὕπνωσε

331 4690 486 4744 ὕπνον
516 4689 608 4743 τοῦ
641 4691 906 4748 πεσόντος
947 4683 1120 4752 Ἀδὰμ
1175 4680 1576 4746 άναστάσιμον,
1625 4677 1684 4743 ἐξ
1718 4669 1892 4745 οὗπερ

330 4784 542 4850 ἀνέστη,
573 4781 785 4841 πάντας
818 4779 906 4842 εις
935 4776 1041 4840 τὰς
1077 4774 1298 4841 πρωτας
1316 4771 1686 4824 ἀποκτείνων
1713 4768 1896 4836 ἁμαρ-

331 4874 548 4938 τωλοὺς
579 4871 686 4936 τῆς
715 4869 846 4939 γῆς.
890 4867 1106 4934 Ταύτην
1146 4866 1209 4935 δὴ
1238 4866 1336 4932 τὴν
1361 4866 1673 4934 τετραμερῆ
1704 4860 1894 4928 κλίνην

334 4967 620 5030 ἐξήκοντα
665 4960 967 5017 κυιλοῦσι
1000 4957 1271 5020 δυνατοί,
1313 4957 1474 5026 χορὸς
1526 4954 1748 5038 τέλειος,
1799 4952 1896 5004 καὶ

339 5058 572 5126 βεϐηκὼς
598 5055 852 5126 ἐδραίως,
885 5054 946 5103 ἐκ
973 5049 1352 5118 πατριάρχῶν,
1396 5043 1710 5116 προφητῶν,
1753 5045 1894 5094 άπο-

341 5148 551 5212 στόλων,
603 5145 922 5216 μαρτύρων,
971 5141 1134 5194 ὁσίων
1196 5136 1470 5191 συνελθὼν
1523 5137 1615 5188 καὶ
1666 5136 1896 5188 δικαίων

340 5241 643 5306 ταγμάτων,
680 5238 776 5288 καὶ
807 5234 929 5287 καθ’
985 5232 1154 5286 ἑαυτὰ
1211 5231 1273 5282 τὸ
1301 5230 1504 5282 τέλειον
1532 5228 1764 5298 ἐχόντων
1795 5227 1895 5295 τῆς

342 5329 566 5394 δεκάδος,
589 5334 685 5384 καὶ
709 5333 866 5400 κοινῇ
892 5327 1362 5399 συμπληρούντων
1385 5326 1482 5395 τὴν
1504 5324 1687 5391 ἑξάδα,
1711 5324 1804 5376 καὶ
1827 5324 1895 5390 τῇ

346 5428 630 5494 παντελείῳ
657 5427 1082 5494 παρισταμένων
1105 5421 1325 5490 Τριάδιη
1358 5418 1574 5488 Ταύτην
1612 5417 1898 5486 βασιλικὴν

348 5514 512 5583 κλίνην
562 5518 624 5568 οὐ
685 5517 949 5584 δάκρυσιν
1005 5518 1031 5567 6
1081 5513 1265 5577 Δαυῒδ,
1321 5509 1438 5564 ἀλλ’
1486 5509 1715 5578 αἰμασιν
1769 5509 1796 5558 6
1834 5511 1897 5558 ἐκ

351 5607 495 5657 Δαυῖδ
523 5608 582 5658 τὸ
621 5608 765 5658 κατὰ
818 5608 998 5674 σάρκα
1053 5605 1290 5668 Χριστὸς
1353 5602 1597 5661 ἑλουσεν,
1665 5599 1782 5669 οὶχὶ
1837 5599 1898 5650 τδ

406 5723 444 5754 ’³
472 5725 666 5792 Ισὶιιιιθε.
696 5739 777 5781 tu.
811 5723 895 5783 18,
935 5720 1018 5772 ii).

354 5789 390 5821 ⁷⁸
434 5789 584 5849 Cant.
635 5810 714 5858 Ill,
753 5794 771 5845 Ι
810 5808 964 5860 seqq.

1094 5718 1141 5748 ”
1194 5719 1350 5771 Juan.
1404 5718 1624 5779 “1.59..

1046 5789 1089 5819 ⁷⁸
1137 5788 1279 5844 l’sal.
1329 5805 1376 5853 c,
1419 5793 1472 5842 8.

1726 5718 1772 5747 ⁷⁵
1807 5715 1946 5769 Paul.
1991 5729 2184 5778 L\.\ttl,
2235 5715 2314 5767 1'2.

1991 4583 2184 4626 auctor
2224 4570 2384 4624 Jesus
2421 4571 2706 4638 requievit,
2761 4582 3124 4638 somnumque
3159 4571 3436 4636 dormivit,
3468 4587 3575 4640 quo

1993 4666 2263 4734 collapsus
2298 4665 2468 4719 Adam
2503 4665 2774 4718 excitatus
2805 4671 2910 4729 est,
2942 4679 3006 4717 ex
3035 4678 3140 4732 quo
3165 4671 3220 4716 et
3252 4666 3573 4730 resurrexit,

1992 4762 2047 4815 in
2099 4761 2359 4814 matutino
2401 4757 2722 4827 interﬁciens
2774 4774 2950 4812 omnes
2991 4767 3292 4827 peccatores
3325 4769 3480 4811 terra:
3507 4757 3576 4811 τ’.

1995 4857 2152 4909 Hunc
2191 4865 2419 4923 quatuor
2453 4851 2698 4919 partibus
2743 4861 3088 4905 constantem
3126 4851 3382 4905 lectulum
3422 4864 3572 4903 sexa-

1995 4950 2140 5018 ginta
2183 4947 2342 5014 {ortes
2393 4944 2666 5007 ambiunt,
2704 4943 2906 4997 cborus
2955 4940 3254 5012 perfectus,
3308 4944 3498 4996 tirmus
3527 4949 3578 4993 et

1997 5039 2232 5102 stabilis,
2263 5038 2520 5090 callet-tus
2547 5052 2612 5089 ex
2643 5035 2994 5105 patriarcbis,
3029 5036 3329 5103 prophetis,
3367 5043 3566 5103 aposto-

2003 5133 2090 5196 lis,
2129 5132 2483 5200 martyribus,
2508 5130 2733 5198 aliisque
2764 5136 3078 5182 sanctorum
3110 5126 3452 5196 etjustorum
3485 5137 3578 5176 or-

2000 5225 2247 5287 dinibus,
2283 5223 2372 5291 qui
2409 5221 2460 5274 in
2496 5235 2556 5274 se
2591 5227 2645 5273 et
2691 5220 2899 5274 denarii
2935 5218 3146 5274 numeri
3189 5214 3578 5288 perfectionem

2005 5318 2461 5384 ceu-plectuntur,
2491 5324 2543 5366 et
2582 5313 2786 5382 pariter
2817 5313 3231 5382 sexagenarium
3286 5305 3578 5372 corripient,

2005 5424 2344 5478 summaeque
2415 5419 2468 5461 et
2525 5407 2806 5461 immensa).
2858 5406 3110 5460 'l‘rinitati
3178 5408 3376 5456 astant.
3432 5395 3583 5447 llunc

2010 5504 2214 5572 regium
2242 5502 2494 5555 lectulum
2531 5501 2786 5570 luerymis
2817 5514 2918 5552 non
2950 5499 3089 5568 rigat
3119 5494 3306 5553 David,
3336 5487 3429 5542 sed
3457 5501 3582 5541 sau-

2009 5601 2170 5666 guine
2205 5597 2331 5649 lavit
2361 5595 2632 5656 Christus,
2663 5609 2726 5646 ex
2775 5592 2976 5644 Lunilia
3023 5587 3235 5641 Davidis
3281 5581 3584 5637 secundum

3481 5698 3506 5712 ν

2419 5715 2463 5742 ⁷⁵
2499 5713 2639 5765 i'szil.
2671 5725 2822 5771 cxttl,
2876 5711 2953 5758 lli.
3033 5705 3076 5733 ⁷⁷
3113 5704 3247 5756 l‘sal.
3290 5717 3434 5767 XCH‘,
3478 5704 3535 5754 5.
