3930 6204
444 277 554 343 239
1571 283 1897 346 MACARH
1940 284 2018 346 CI'

2124 287 2144 347 ί
2151 287 2337 348 SOCE
2351 285 2578 348 PIIALI
2599 363 2606 371 I
3583 295 3692 358 2ίο

444 412 566 450 neut
615 394 1352 461 ignoratum,visitationem
1413 407 1654 454 nostram
1717 409 1772 453 ut
1825 401 2018 455 dereli-

2129 401 2222 453 καὶ
2278 403 2390 463 τοῖς
2433 400 2688 454 ἀθετοῦσι
2747 400 3005 467 καθάπαξ
3045 402 3125 467 είς
3180 403 3458 470 ἀσέϐειαν,
3501 409 3702 471 οἵτινες

443 490 680 543 etinncm
704 502 1022 544 causantnr.
1047 490 1341 557 Oportebat
1366 501 1510 546 certe
1536 508 1690 546 sacra
1723 509 1815 550 eos
1837 495 2018 548 audire

2127 494 2282 562 λόγον
2310 496 2595 564 πανσόφου
2636 496 2898 567 προνοίας
2927 496 3030 548 οὒκ
3071 499 3434 566 ἐπιστάμενοί
3459 518 3574 565 σου,
3603 505 3706 575 τὴν

446 583 636 648 verba,
679 583 880 650 quibus
930 581 1166 651 correpti
1193 598 1220 634 a
1267 583 1520 649 Domino,
1553 599 1619 637 ne
1649 601 1771 638 cum
1822 587 2018 641 mundo

2125 586 2418 654 ἐπίσκεψιν
2460 587 2653 658 -ἠμῶν
2715 586 2790 652 ὡς
2837 589 3235 659 ὲγκατάλειψιν
3297 591 3701 652 διαϐάλλουσιν.

449 689 754 743 pereamus,
808 674 1089 744 arguimur
1124 692 1138 728 :
1178 684 1229 728 et
1259 689 1288 729 e
1339 677 1722 732 communibus
1769 687 2016 732 contem-

2127 677 2278 730 Ἔδει
2313 680 2422 746 γὰρ
2449 677 2678 742 τούτους
2707 680 2807 750 μὲν
2831 683 2895 734 ὲκ
2930 683 3040 734 τῶν
3098 683 3263 753 ἱερῶν
3308 686 3542 739 ἀκοῦσαι
3604 690 3701 742 2.6-

447 764 616 831 platis
641 763 863 827 erudiri,
901 765 1026 832 quia
1079 780 1183 818 non
1219 766 1325 818 vita
1376 765 1576 820 functis
1629 767 1711 821 vel
1750 769 2016 824 emortuis

2124 785 2259 834 γων,
2312 770 2394 822 ὅτι
2459 769 2809 840 ἐλεγχόμενοι
2869 772 2973 823 ὑπὸ
3045 773 3252 843 Κυρίου
3303 774 3704 847 παιδευόμεθα,

447 857 653 909 medica
679 871 779 924 ope
802 855 1143 923 subvenitur,
1168 859 1260 913 sed
1295 859 1451 923 longa
1479 860 1798 915 inﬁrmitate
1826 861 2015 915 deten-

2124 860 2212 913 ἵνα
2241 861 2315 930 μὴ
2341 861 2440 914 σὺν
2463 861 2544 932 τῷ
2580 861 2774 932 κόσμῳ
2803 863 3232 934 κατακριθῶμεν
3264 883 3279 898 ο
3341 869 3584 932 ἐκείνους
3642 871 3705 922 δὲ

446 947 528 1000 tis
589 946 918 1000 medentimn
989 962 1118 1001 cura
1184 950 1416 1010 sollicita
1474 952 1746 1008 succurrit
1795 952 2016 1006 univcr-

449 1049 673 1104 sanique
701 1036 841 1090 banc
877 1037 1089 1107 plagam
1129 1038 1182 1092 iu
1219 1039 1719 1110 supramundanam
1769 1041 2012 1096 lmtitiam

451 1127 885 1182 transferendam
912 1131 1124 1183 tandem
1169 1132 1462 1201 aliquando
1502 1135 1869 1202 experiemur.
1915 1135 2018 1189 Ve-

452 1233 569 1271 rum
602 1234 780 1287 neque
831 1219 933 1273 hoc
962 1231 1322 1290 perceperunt
1356 1232 1448 1276 aut
1491 1235 1672 1279 mente
1719 1226 2020 1294 apprehen-

452 1309 668 1374 tferttnt,
731 1307 960 1378 ideoque
991 1308 1320 1378 impietatem
1375 1313 1530 1367 nobis
1579 1315 1933 1383 exprobrant,
1962 1323 2019 1368 et

449 1398 701 1452 ﬁduciam
736 1399 789 1452 in
825 1409 877 1453 te
927 1414 1113 1455 verum
1163 1401 1358 1468 Deum,
1398 1403 1755 1459 stoliditatem
1807 1421 2017 1460 nuncu-

447 1499 614 1557 pant;
666 1500 720 1544 et
770 1490 897 1559 quia
951 1501 1002 1546 te
1061 1493 1396 1563 unigenitum
1451 1496 1543 1550 Dei
1595 1495 1777 1551 Patris
1821 1499 2015 1554 Filium

450 1579 972 1634 ronsubs-tantialem
1003 1581 1245 1652 ejusdem
1279 1595 1485 1639 natura:
1514 1585 1688 1652 Patri,
1708 1596 1762 1642 et
1785 1591 2018 1646 sanctis-

446 1671 588 1725 simo
645 1671 869 1740 Spiritui
927 1674 1304 1744 prmdicantes,
1353 1689 1604 1734 naturam
1657 1695 1841 1745 unam,
1888 1681 2017 1736 sub—

2123 953 2188 1004 ὲκ
2211 952 2321 1004 τῶν
2340 951 2538 1005 κοινῶν
2579 954 2919 1023 καταμαθεῖν
2946 956 3299 1018 ὲννοιῶν,ὅτι
3350 959 3450 1030 οὐχ
3507 961 3555 1011 οί
3615 979 3706 1013 τε-

2114 1041 2401 1112 θνηκότες,
2448 1041 2571 1096 οὐδὲ
2600 1045 2649 1096 οί
2699 1045 2886 1114 νεκροὶ
2942 1047 3034 1115 τῆς
3089 1047 3343 1117 ἰατρικῆς
3381 1049 3705 1117 ἐπιμελείας

2124 1136 2425 1204 ἀξιοῦνται,
2461 1138 2576 1191 ἀλλ’
2608 1141 2655 1192 ol
2685 1140 2888 1204 ζῶντες
2928 1143 2984 1193 ὲν
3021 1143 3279 1214 ἀσθενείᾳ
3321 1147 3418 1215 τῆς
3462 1147 3570 1198 τῶν
3613 1149 3704 1200 θε-

2122 1229 2476 1300 ραπευόντων
2504 1234 2765 1300 προνοίας
2793 1234 3154 1298 ἀπολαύουσι,
3203 1239 3297 1290 καὶ
3354 1239 3454 1307 τὴν
3495 1239 3709 1305 παγκό·

2123 1337 2283 1392 σμιον
2316 1321 2522 1392 ταύτην
2583 1323 2801 1394 πληγὴν
2856 1327 2937 1387 εἰς
2983 1327 3360 1397 ὑπερκόσμιον
3415 1330 3708 1399 μετατιθε-

2125 1414 2295 1484 μένην
2325 1413 2695 1485 εὐφροσύνην,
2735 1416 2842 1484 eos
2890 1435 3018 1470 ποτε
3083 1420 3348 1474 συνιέναι.
3412 1420 3552 1475 ’ΔλλἸ
3604 1423 3708 1475 οὖν

2117 1503 2389 1572 ἔγνωσαν,
2420 1507 2542 1558 οὐδὲ
2577 1507 2843 1578 συνῆκαν,
2867 1509 3072 1564 καὶνδιά
3098 1510 3259 1565 τοῦτο
3287 1513 3543 1566 ἀσέϐειαν
3561 1516 3707 1584 ἡμῖν

2119 1594 2464 1665 ὀνειδίζουσι,
2497 1599 2594 1652 καὶ
2621 1600 2724 1670 τὴν
2767 1603 2847 1666 είς
2885 1602 2944 1655 σὲ
2973 1603 3331 1674 πεποίθησιν,
3358 1603 3451 1658 τὸν
3513 1606 3706 1676 ἀληθι-

2116 1689 2210 1744 νὸν
2233 1690 2385 1755 Θεὸν,
2420 1694 2711 1762 παροινίαν
2753 1694 3113 1762 ἀποκαλοῦσι,
3139 1695 3232 1748 καὶ
3251 1696 3332 1749 ὅτι
3364 1713 3420 1748 σε
3434 1696 3531 1750 ’τὸν
3549 1714 3706 1766 μονο-

447 1765 702 1817 stantiam
779 1779 970 1831 unam,
1033 1767 1286 1822 virtutem
1375 1786 1562 1837 unam,
1645 1771 2017 1842 Deitatemque

2124 1783 2252 1852 γενῆ
2275 1782 2368 1837 τοῦ
2391 1757 2627 1854 ἀνάρχου
2647 1787 2884 1856 Πατρὸς,
2899 1788 3029 1840 Υἱὸν
3051 1757 3339 1858 ὁμοούσιον
3360 1789 3433 1858 τῷ
3456 1757 3707 1860 συμφυεῖ

451 1871 784 1928 rogatumque
834 1873 1000 1913 unum
1036 1874 1382 1927 veneramur,
1427 1862 1540 1917 haec
1582 1877 1680 1917 nos
1741 1864 1850 1933 pati
1889 1880 2020 1918 cnn-

447 1949 740 2015 viciantur,
768 1960 821 2005 et
852 1950 1150 2020 impietatis
1177 1953 1476 2010 vindictam
1509 1955 1650 2009 hanc
1679 1956 2012 2025 captivitatis

448 2041 840 2108 ealatnitatem,
893 2053 948 2098 et
999 2058 1109 2098 non
1163 2055 1510 2114 peccatorum
1545 2046 1829 2113 ultionem,
1884 2047 2021 2102 insi-

451 2131 662 2198 pientes
707 2141 961 2202 reputant
993 2150 1010 2187 :
1043 2143 1097 2188 et
1129 2144 1274 2189 tuam
1312 2137 1528 2206 probris
1559 2138 1893 2194 lacessentes
1925 2154 2020 2209 pa-

452 2221 716 2288 tientiam,
754 2223 1104 2296 blaspliemiis
1158 2227 1324 2283 etiam
1383 2229 1667 2294 Deitatem,
1711 2230 2023 2300 mundoque

451 2318 548 2368 toti
607 2317 902 2372 salutarem
963 2329 1109 2373 luant
1168 2322 1560 2388 providentiam
1636 2322 2019 2393 insequuntur.

449 2407 650 2464 Verum
682 2425 864 2480 parce,
900 2410 1150 2474 Domine,
1186 2427 1372 2481 parce,
1413 2415 1805 2472 humanissime
1855 2416 2021 2480 Deus,

2123 1893 2216 1930 σου
2252 1877 2448 1940 Παιτοὶ,
2479 1879 2572 1932 καὶ
2603 1877 2680 1946 τῷ
2729 1879 3027 1949 παναγάθῳ
3053 1895 3147 1932 σου
3187 1879 3462 1950 Πνεύματι
3486 1881 3703 1950 κηρύτο

2119 1984 2326 2030 σοντες,
2355 1967 2486 2037 μίαν
2511 1968 2697 2037 φύσιν,
2731 1968 2861 2039 μίαν
2879 1969 3090 2035 οὐσίαν,
3121 1970 3252 2039 μίαν
3294 1970 3541 2052 δύναμιν,
3585 1971 3705 2023 θεό-

2117 2075 2281 2130 τητα,
2314 2060 2409 2112 καὶ
2433 2059 2712 2130 βασιλείαν
2735 2061 3175 2132 προσκυνοῦμεν,
3227 2061 3405 2116 ταῦτα
3466 2061 3705 2141 πάσχειν

2123 2149 2601 2221 ὑπολαμϐάνουσι,
2636 2153 2732 2206 καὶ
2759 2153 2918 2222 δίκην
2976 2153 3259 2218 ἀσεϐείας,
3315 2153 3418 2223 τὴν
3479 2153 3704 2225 πληγὴν

2123 2245 2223 2311 τῖες
2295 2244 2715 2313 αἰχμαλωσίας,
2785 2246 2847 2298 οὐ
2928 2246 3423 2316 πλημμελημάτων
3489 2244 3706 2300 ἔκτισιν

2122 2334 2386 2406 ἡγοῦνται
2425 2337 2473 2387 οί
2504 2338 2885 2406 παράφρονες,
2925 2341 3018 2390 καὶ
3062 2337 3163 2408 τὴν
3204 2337 3301 2410 σὴν
3332 2337 3706 2404 ὲπιτωθάζον-

2122 2444 2213 2491 τες
2239 2426 2455 2497 ἀνοχὴν,
2492 2426 2877 2498 βλασφημοῦσί
2899 2447 2992 2482 σου
3016 2430 3114 2500 τὴν
3142 2429 3390 2502 θεότητα,
3456 2437 3552 2484 καὶ
3598 2428 3704 2500 τὴν

447 2511 784 2569 compulere,
815 2503 1085 2571 passionis
1100 2505 1652 2575 expers,~misericors
1673 2508 1913 2574 Domine,
1933 2522 2018 2562 nc-

2125 2517 2570 2588 κοσμοσώτειραν
2586 2518 3033 2589 διαχλευάζουσιν
3056 2521 3369 2590 οἰκονομίαν
3397 2537 3513 2576 σου.
3557 2520 3704 2574 Ἀλλ’

445 2607 551 2662 que
577 2594 712 2648 ultra
736 2595 790 2649 in
819 2593 1004 2652 furore
1029 2606 1122 2652 tuo
1149 2588 1252 2653 nos
1283 2615 1500 2668 arguas,
1524 2616 1592 2656 ne
1613 2601 2018 2670 dispereamus;

2127 2609 2275 2673 ἄνες,
2309 2609 2506 2681 Κύριε,
2530 2588 2684 2678 ἄνες,
2708 2613 2735 2665 ό
2760 2588 3274 2684 φιλανθρωπότατος
3302 2613 3454 2681 Θεὸς,
3498 2605 3703 2666 οἰκτεία⁸

449 2702 624 2756 neque
675 2687 730 2741 in
783 2687 863 2742 ira
921 2697 1011 2742 tua
1058 2687 1156 2744 nos
1206 2705 1425 2760 arguas,
1459 2707 1526 2748 ne
1559 2691 1701 2747 sicut
1741 2693 1921 2761 prius,
1967 2703 2018 2750 et

2131 2720 2317 2775 ρησον,
2344 2707 2373 2758 ό
2399 2721 2462 2757 συ
2474 2704 2861 2776 μπκθέστατος
2884 2709 2980 2760 καὶ
3005 2707 3252 2779 ἐλεήμων
3280 2707 3580 2777 Δεσπότης,
3601 2707 3707 2761 καὶ

449 2789 744 2846 antequam
776 2791 1045 2843 essemus,
1083 2779 1303 2834 ﬁamus.
1333 2781 1497 2836 Adsis
1531 2781 1687 2836 nobis
1719 2783 1862 2872 velut
1893 2799 2018 2852 pro-

2130 2795 2205 2866 μὴ
2237 2795 2316 2866 τῷ
2361 2781 2519 2866 θυμῷ
2547 2814 2640 2850 σου
2676 2797 2902 2870 ἐλέγξῃς
2936 2798 3029 2851 ἐπὶ
3059 2799 3222 2852 πλέον
3260 2800 3408 2869 ἡμᾶς
3440 2813 3454 2828 ⁸
3502 2799 3586 2851 ῖνα
3625 2797 3706 2868 μὴ

449 2877 724 2936 pugnator
767 2867 947 2934 fortis,
979 2870 1104 2937 quia
1156 2885 1261 2925 non
1315 2872 1781 2943 tibi-impossibile
1824 2867 1927 2939 est,
1971 2876 2018 2930 in

2124 2888 2494 2958 ὲκτριϐὦμεν,
2555 2888 2688 2958 μηδὲ
2732 2892 2799 2960 τῇ
2832 2867 2969 2960 ἀργῇ
3026 2907 3122 2944 σου
3165 2867 3463 2961 παιδεύσῃς
3518 2867 3706 2959 ἡμᾶς,

449 2955 695 3024 pluribus
725 2966 820 3010 aut
849 2958 901 3012 in
922 2959 1130 3026 paucis,
1165 2961 1377 3016 salvare
1405 2977 1502 3018 nos
1529 2979 1544 3017 :
1577 2964 1869 3019 corrobora
1902 2979 2018 3030 nos,

2127 2981 2325 3052 ἵναμὴ
2355 2955 2648 3052 γενώμεθα
2697 2955 2798 3047 ὡς’-
2817 2955 2879 3038 τὸ
3039 2985 3237 3056 ἀρχῆς,
3290 2985 3385 3038 καὶ
3403 2955 3431 2961 ﬂ
3452 2955 3582 3054 πρὸ-
3604 2982 3706 3036 τοῦ

450 3047 679 3104 Domine
721 3048 864 3106 Deus
894 3063 1108 3121 nOSter,
1139 3054 1268 3124 quia
1317 3055 1369 3110 in
1414 3065 1464 3110 te
1494 3058 1845 3123 c0nﬁdimus,
1878 3069 1932 3114 et
1963 3058 2017 3112 in

2125 3047 2400 3141 γενέσθαι.
2448 3047 2616 3138 Ἀλλά¹
2635 3076 2794 3144 γενοῦ
2833 3047 3233 3147 μεθ’ήμιῦνλίις
3263 3047 3510 3147 μαχητὴξ
3543 3076 3708 3144 ίσΧυ··

450 3141 670 3196 nomine
696 3151 788 3196 tuo
814 3156 964 3212 spem
997 3157 1240 3202 noStram
1267 3147 1632 3216 reposuimus.
1658 3149 2018 3206 Conﬁrmetur

2124 3165 2237 3236 ρὸς,
2274 3165 2476 3218 ὅτιούκ
2500 3141 2756 3220 ἀδυνατεῖ
2779 3141 2928 3241 παρά
2981 3141 3064 3222 σοι
3125 3141 3423 3232 σώζειν
3467 3141 3707 3231 πολλοῖς

449 3231 608 3287 nobis
676 3249 705 3286 a
756 3241 810 3286 te
856 3234 1080 3289 verbum
1128 3236 1425 3306 prolatum,
1468 3239 1594 3308 quia
1635 3240 1919 3296 nobiscum
1957 3257 2024 3298 es

447 3323 704 3379 omnibus
734 3324 928 3381 diebus
964 3342 1134 3397 usque
1158 3330 1228 3384 ad
1260 3333 1786 3386 consummationem
1817 3334 2021 3389 saeculi.

447 3414 754 3470 Extollatur
789 3417 1233 3474 Christianorum
1283 3437 1472 3487 cornu,
1519 3434 1574 3478 et
1619 3424 2024 3481 confundantur

449 3519 840 3576 persequentes
884 3526 1003 3576 nos,
1037 3522 1395 3580 expavescant
1432 3515 1523 3584 qni
1572 3532 1669 3572 nos
1712 3526 1936 3582 tet-rent,
1971 3527 2024 3574 et

448 3598 876 3659 confundantur.
901 3613 954 3655 et
983 3615 1226 3671 pereant.
1257 3606 1585 3661 Cnntera-tur
1607 3624 1794 3664 eorum
1826 3611 2020 3678 virtus,

449 3698 502 3743 et
543 3692 782 3758 potentia
837 3707 1026 3746 eorum
1077 3694 1321 3761 deﬁciat;
1363 3707 1416 3750 et
1454 3709 1789 3768 cognoscant
1833 3718 2022 3759 omnes

449 3780 572 3848 quia
619 3796 818 3836 nomen
865 3783 957 3836 tibi
1013 3783 1298 3840 Dominus.
1357 3785 1434 3840 Tu
1481 3789 1629 3845 solus
1673 3786 1925 3846 excelsus
1963 3809 2024 3851 es

448 3885 613 3940 super
632 3888 849 3928 omnem
880 3883 1101 3938 terram,
1126 3886 1180 3928 οι
1203 3889 1350 3932 11111111
1374 3889 1455 3935 851
1479 3897 1725 3950 regnum,
1751 3896 1802 3938 et
1829 3886 2022 3952 virtus,

448 3972 504 4018 ct
527 3964 718 4030 gloria;
744 3974 799 4020 et
833 3975 882 4020 te
912 3981 1096 4021 verum
1130 3968 1298 4024 Deum
1329 3980 1384 4026 et
1416 3970 1749 4031 Salvatoretn
1779 3989 2021 4035 nostrum

448 4059 677 4113 adorare
707 4057 887 4123 decet,
917 4077 1036 4116 cum
1076 4065 1326 4134 principii
1365 4080 1592 4136 experte
1633 4080 1724 4125 tuo
1753 4071 1937 4138 Patre,
1963 4085 2020 4129 et

449 4163 570 4204 cum
612 4153 982 4219 sanctissimo,
1013 4166 1067 4209 et
1104 4157 1261 4220 bono,
1293 4168 1349 4212 et
1392 4159 1610 4214 vivitito
1647 4171 1738 4216 tuo
1771 4164 2015 4231 Spiritu:

447 4257 591 4295 nunc
620 4254 673 4297 et
701 4259 933 4313 semper,
965 4257 1018 4298 et
1059 4247 1111 4298 in
1148 4248 1343 4302 saecula
1374 4251 1717 4307 smculorum.
1753 4257 1947 4313 Amen.

2121 3260 2212 3309 καὶ
2253 3257 2310 3309 ἐν
2350 3257 2592 3326 ὀλίγοιςο
2656 3261 2983 3331 κατίσχυσον
3034 3263 3204 3334 ἡμᾶς,
3260 3261 3431 3330 Κύριε
3483 3263 3512 3315 ὁ
3565 3260 3707 3325 Θεὸς

2119 3348 2299 3419 ἡμῶν,
2353 3351 2436 3402 ὅτι
2480 3351 2574 3403 ἐπὶ
2627 3352 2709 3404 σοὶ
2745 3353 3111 3425 πεποίθαμεν,
3138 3356 3232 3407 καὶ
3255 3354 3348 3408 ἐπὶ
3373 3353 3448 3422 τῷ
3472 3349 3707 3421 ὀνόματί

2124 3453 2220 3489 σου
2256 3439 2708 3511 τεθαῤῥήκαμεν,
2735 3443 2829 3495 καὶ⁵
2860 3443 3189 3514 πιστωθήτω
3221 3444 3287 3513 δὴ
3312 3445 3372 3495 τὸ
3394 3444 3543 3513 ῥῆμά
3575 3459 3702 3506 σου,

2123 3529 2318 3599 Κύριε,
2353 3530 2380 3584 ὃ
2413 3532 2680 3603 ὲλάλησας
2719 3535 2853 3606 πρὸς
2889 3536 3038 3605 ἡμᾶς
3063 3551 3078 3566 ο
3140 3536 3223 3589 ὅτι
3275 3535 3394 3606 μεθ’
3446 3535 3607 3606 ἡμῶν
3641 3528 3706 3587 -εῙ

2121 3623 2298 3685 πάσας
2323 3625 2422 3687 τὰς
2453 3626 2668 3696 ἡμέρας
2705 3625 2809 3690 ἕως
2837 3628 2935 3697 τῆς
2969 3630 3279 3691 συντελείας
3338 3628 3432 3681 τοῦ
3462 3629 3699 3691 αἰῶνος⁹

2123 3714 2392 3786 ὕψωθὴτω
2409 3719 2580 3788 κέρας
2606 3719 2974 3788 Χριστιανῶν,
3010 3720 3108 3774 καὶ
3132 3721 3701 3790 καταισχυνθήτωσαν

2122 3806 2170 3858 oi
2219 3805 2514 3872 διώκοντες
2554 3812 2843 3878 ἡμᾶς,καὶ
2872 3813 3272 3882 πτοηθήτωσαν
3316 3812 3364 3863 οί
3401 3808 3706 3880 ἐκφοϐοῦν-

2121 3913 2212 3960 τες
2260 3898 2429 3968 ἡμᾶς,
2467 3903 2564 3954 καὶ
2620 3903 3072 3974 ἐντραπήτωσαν,
3141 3904 3235 3957 καὶ
3281 3903 3701 3967 ἀπολέσθωσαν,

2120 3991 2220 4042 καὶ
2286 3995 2688 4066 συντριϐήτωὴ
2716 3978 2887 4066 Ὶίσχὺς
2935 3997 3139 4063 αὐτῶν,
3198 3997 3360 4066 καὶὴ
3409 3995 3706 4049 δυναστεία

2126 4080 2307 4134 αὐτῶν
2359 4082 2432 4152 μὴ
2463 4083 2784 4156 ὑπαρξάτω,
2817 4087 2924 4138 ’καὶ
2980 4085 3275 4152 γνώτωσαν
3298 4086 3578 4163 ἀπαντις,
3614 4085 3706 4136 ὅτι

2125 4172 2295 4242 ϐνομά
2325 4191 2405 4228 σοι
2432 4175 2663 4246 Κύριος.
2700 4179 2772 4232 Σὺ
2800 4180 2958 4250 μόνος
2979 4177 3202 4249 ὕψιστος
3231 4179 3329 4230 ἐπὶ
3379 4179 3561 4235 πᾶσαν,
3597 4177 3705 4246 τὴν

2132 4265 2257 4333 γῆν,
2311 4272 2418 4336 καὶ,
2461 4269 2555 4322 σοῦ
2604 4272 2754 4324 ἐστιν
2797 4274 2828 4342 ἡ
2893 4272 3161 4342 βασιλεία,
3217 4275 3313 4326 καὶ
3361 4274 3393 4342 ἡ
3441 4272 3700 4334 δύναμις,

448 4334 544 4435 κα).
570 4335 601 4401 ἡ
632 4335 778 4435 όόξα,
813 4338 910 4389 καὶ
952 4335 1013 4387 σὲ
1075 4336 1154 4435 ϐεῖ
1213 4344 1542 4410 προσκυνεῖν
1587 4346 1680 4399 τὸν
1718 4347 1972 4418 ἀληθινὸν
2010 4351 2158 4409 ίΘεὸν
2186 4360 2280 4413 καὶ
2326 4334 2555 4433 Σωτῆρα
2596 4364 2772 4433 ὴμῶν,
2815 4334 2927 4418 *σὺν
2962 4365 3038 4435 τῷ
3073 4334 3298 4435 ἀνάρχῳ
3359 4334 3452 4417 σου
3491 4365 3702 4431 "arpi,

447 4423 540 4475 καὶ
596 4424 675 4492 τῷ
711 4427 980 4496 παναγίῳ,
1022 4428 1114 4480 καὶ
1175 4431 1389 4502 ἀγαθῷ,
1424 4436 1521 4488 καὶ
1565 4436 1814 4512 ζωοποιῷ
1865 4460 1959 4496 σου
2003 4446 2321 4519 Πνεύματι,
2377 4455 2470 4507 νῦν
2526 4457 2617 4508 καὶ
2654 4458 2762 4524 ἀεὶ,
2797 4460 3000 4522 καίεἰς
3048 4458 3172 4522 τοὺς
3201 4461 3403 4522 αἰῶνας
3437 4459 3542 4510 τῶν
3563 4460 3705 4509 αἰω-

447 4512 571 4565 νών.
618 4515 672 4565 ’Λ
684 4518 814 4585 μήν.

505 4669 554 4680 ὀη

563 4672 1495 4700 ._._.._______________________

1505 4692 1910 4708 m-

1129 4806 1725 4928 MACARII
1806 4817 2471 4935 CHRYSOC
2494 4824 2998 4940 EPHALI

1750 5042 2439 5137 PRO€EMIUM
2739 5157 2742 5162 .

1364 5193 1466 5258 AD
1506 5195 2146 5265 COMMENTARIOS
2176 5203 2255 5264 ΙΝ
2285 5207 2789 5272 ΜΛΤΤΠᾸΞΠΜ.

2015 5378 2083 5394 -⁴

513 5465 691 5522 Verns‘
715 5471 860 5524 verbi
895 5471 1064 5532 divini
1099 5492 1255 5533 amor
1278 5481 1662 5539 documentum
1693 5499 1775 5542 est
1806 5493 2008 5546 amoris
2043 5496 2085 5551 D

434 5558 486 5611 in
518 5562 704 5627 Deum,
731 5575 786 5618 ut
814 5565 986 5634 ipsum
1032 5569 1163 5626 illud
1192 5575 1596 5632 sanctissimum
1622 5580 1834 5636 Domini
1886 5585 2002 5652 os‘,

509 5677 576 5728 ³]
619 5697 718 5734 an-
738 5697 846 5750 ιμ’,
874 5683 961 5740 Ἡ.

2200 5494 2442 5563 ’Λγάπης
2475 5493 2676 5561 δεῖγμα
2712 5493 2847 5563 πρὸς
2877 5495 2967 5549 τὸν
2995 5495 3126 5550 Θεὸν
3159 5499 3188 5568 ή
3232 5476 3339 5552 των
3390 5499 3482 5553 τοῦ
3521 5498 3694 5554 αὐτοῦ

2116 5587 2290 5654 λόγων
2320 5587 2488 5653 ὄντως
2510 5588 2697 5661 ἀγάπη
2731 5593 3090 5662 καθέστηκεν,
3123 5594 3215 5647 καί
3250 5611 3416 5664 φησιν
3452 5595 3581 5648 αὐτὸ
3629 5596 3695 5649 τὸ
