3930 6204
343 389 449 456 255

1295 385 1614 451 IOANNIS
1653 381 1966 445 CALECE
2009 381 2120 445 ΟΡ.
2161 377 2686 444 PATRIARCIIE

3497 374 3622 439 256'

418 511 586 563 Porro
621 504 794 562 Filius
838 507 1070 561 hominis
1109 506 1404 560 secundum
1441 515 1688 559 naturain
1715 504 1912 558 ltunta-
1941 543 1949 560 .

2089 498 2216 562 Υἱὸς
2247 499 2303 550 δέ
2331 497 2646 569 ἀνθρώπου,
2672 493 2812 548 κατὰ
2847 493 2946 566 τὴν
2981 493 3404 564 ἀνθρωπότητα.
3448 494 3606 551 Ἐπεὶ

347 617 475 656 nam
504 601 827 670 appellatur,
858 609 910 653 et
941 614 1060 651 cum
1090 598 1348 650 Dominus
1375 613 1516 665 Stepe
1545 613 1570 649 a
1606 606 1798 650 natura
1831 595 1916 649 tli-

350 693 504 754 vina,
537 708 678 760 saepe
723 693 791 745 ab
827 691 1060 743 humana
1091 691 1194 740 sibi
1249 705 1443 741 nomen
1496 690 1678 740 indere
1725 687 1918 750 soleat,

355 799 458 836 non
496 784 591 835 abs
626 797 685 835 re
713 781 847 834 dixit
875 797 890 834 :
927 778 1028 844 Qui
1061 791 1138 832 est
1171 783 1221 831 in
1252 779 1414 839 malis,
1453 781 1551 831 hoe
1578 790 1681 840 cst,
1715 778 1804 846 qui
1839 792 1926 832 se-

355 873 588 925 cundum
639 869 977 922 divinitatem
1023 879 1105 921 est
1151 870 1204 920 in
1233 867 1393 931 coelo,
1427 883 1490 919 ex
1523 867 1660 921 t't‘eln
1698 865 1926 919 descen-

356 964 490 1016 dens
517 961 762 1012 Salvator
791 971 998 1024 noster,
1036 959 1232 1012 cmlum
1265 973 1367 1011 non
1413 958 1842 1024 derelinqnohat,
1874 964 1928 1008 ει

360 1055 414 1106 in
456 1052 594 1106 (‘0:i0
625 1055 827 1117 degens
873 1069 900 1103 ο
932 1061 1074 1104 terra
1116 1065 1218 1103 non
1252 1052 1436 1104 aberat
1471 1067 1484 1102 :
1542 1051 1737 1117 ubique
1781 1049 1926 1102 enim

358 1152 477 1196 erat
503 1157 532 1206 ;'
565 1157 686 1196 cum
728 1141 1191 1207 incircumscripta
1228 1142 1298 1194 sit
1335 1141 1605 1196 ditinitas.
1645 1138 1932 1192 Desceniit

363 1236 614 1302 igiturcx
653 1234 810 1288 cmlis
858 1231 934 1304 [id
973 1243 1078 1294 est.
1137 1250 1240 1286 non
1293 1236 1592 1286 secundum
1643 1235 1930 1284 humanum

365 1321 661 1392 naturam],
693 1339 798 1374 non
837 1321 931 1390 qui
983 1337 1046 1375 ex
1085 1321 1293 1373 semine
1328 1320 1514 1382 David,
1545 1321 1634 1372 sed
1673 1320 1932 1385 temporis

363 1429 558 1481 ωριτε
600 1415 687 1466 Dei
730 1413 986 1475 Verbum,
1016 1413 1155 1482 quod
1189 1412 1298 1481 jam
1340 1424 1463 1465 ante
1494 1412 1687 1464 Stet-uia
1721 1420 1856 1473 erat,
1883 1418 1937 1463 et

365 1513 586 1570 propter
627 1504 879 1555 unionem
911 1520 1031 1555 cum
1084 1517 1283 1570 genere
1324 1499 1800 1556 lnnnanoJ’ilittm
1839 1499 1936 1551 Ito-

365 1595 526 1645 minis
557 1594 811 1662 appellari
865 1594 1062 1658 voluit;
1097 1602 1148 1647 et
1182 1610 1300 1645 cum
1339 1591 1530 1646 Filium
1571 1593 1802 1644 hominis
1841 1606 1938 1644 an-

367 1686 566 1748 dimus,
601 1703 666 1740 ne
692 1688 1043 1750 arbitremur,
1071 1702 1290 1741 carnem
1321 1686 1436 1748 eius
1460 1700 1522 1737 ex
1551 1685 1688 1736 cmlo
1717 1684 1942 1736 descen-

369 1780 537 1840 disse,
568 1777 659 1830 sed
691 1794 811 1830 cum
845 1780 1097 1831 Christus
1125 1777 1194 1830 sit
1225 1793 1326 1829 una
1357 1777 1662 1845 hypostasis
1691 1791 1783 1828 seu
1819 1790 1944 1844 per-

2020 588 2086 658 δὴ
2115 589 2376 652 πολλάκις
2406 591 2504 657 μὲν
2528 589 2636 642 ἀπὸ
2669 587 2770 656 τῆς
2805 577 3084 658 θεότητος.
3123 587 3392 648 πολλάκις
3425 586 3482 639 δέ
3501 588 3608 640 ἀπὸ

2023 682 2121 753 τῆς
2145 679 2565 750 ἀνθρωπότητος
2585 679 2843 749 ὀνομάζει
2871 678 3063 731 ἐαυτὸν
3087 681 3114 732 6
3140 677 3344 748 Κύριος
3367 694 3380 707 ο
3429 681 3492 731 ⁸0
3521 679 3608 730 ὢν

2023 775 2096 829 ἐν
2121 773 2201 839 τῷ
2230 772 2467 842 οὐρανῷ
2499 767 2654 826 εἷπεν
2680 789 2695 806 ·
2731 773 2902 844 ἤγουν
2925 773 2953 826 6
2983 771 3126 825 κατὰ
3149 770 3250 841 τὴν
3274 771 3506 838 θεότητα
3535 773 3612 824 ὢν

2026 870 2084 921 ἐν
2110 867 2188 938 τῷ
2222 865 2438 936 οὐρανῷ
2463 881 2478 896 ο
2532 867 2596 918 ἐκ
2651 863 2748 918 τοῦ
2796 863 3030 938 οὑρανοῦ
3083 863 3333 926 καταϐὰς
3357 865 3384 916 6
3417 864 3614 931 Σωτὴρ

2031 959 2191 1027 ἡμῶν
2222 958 2325 1011 οὑκ
2354 956 2625 1024 ἀφίστατο
2654 955 2760 1023 τοῦ,
2779 955 3040 1026 οὐρανοῦ,
3070 953 3170 1007 καὶ
3202 953 3260 1006 ἐν
3285 951 3364 1022 τῷ
3392 951 3615 1020 οὐρανῷ

2030 1051 2104 1104 ὢν
2133 1052 2235 1104 οὑκ
2263 1041 2674 1118 άπελιμπάνετο
2719 1049 2820 1118 τῆς
2869 1048 2999 1117 γῆς,
3046 1045 3181 1100 ἀλλὰ
3218 1046 3492 1116 πανταχοῦ
3522 1042 3616 1113 ἦν,

2033 1142 2156 1193 ἐπεὶ
2195 1141 2260 1210 δὴ
2301 1139 2710 1209 ἀπερίγραπτος
2753 1140 2786 1208 ἡ
2825 1138 3039 1208 θεότης.
3097 1135 3321 1205 Κατέόη
3349 1135 3526 1189 τοίνυν
3554 1137 3620 1187 ἐκ

2032 1233 2142 1286 τῶν
2204 1231 2458 1300 οὐρανῶν
2512 1230 2611 1299 οὑχ
2655 1231 2682 1283 ό
2745 1229 2811 1284 ἐκ
2844 1229 3163 1299 σπέρματος
3210 1227 3400 1292 Δαυῖδ,
3441 1226 3560 1280 ἀλλ’
3591 1225 3621 1278 6

2035 1323 2372 1393 ὑπέρχρονος
2419 1321 2517 1374 τοῦ
2568 1321 2704 1374 Θεοῦ
2757 1320 2952 1388 Λόγος,
2988 1321 3016 1373 6
3051 1320 3314 1390 ὑπάρχων
3358 1319 3464 1390 πρὸ
3508 1318 3621 1373 τῶν

2036 1411 2273 1466 αἰώνων.
2326 1411 2426 1464 Διὰ
2477 1412 2532 1464 δὲ
2593 1411 2693 1480 τὴν
2728 1412 2866 1481 πρὸς
2904 1410 2966 1464 τὸ
3010 1410 3354 1482 ἀνθρώπινον
3403 1412 3621 1478 ἕνωσιν,

2037 1498 2308 1566 λαμϐάνει
2331 1498 2439 1552 τοῦ
2475 1500 2610 1554 Υιοῦ
2667 1500 2776 1554 τοῦ
2827 1500 3144 1568 ἀνθρώπου
3176 1501 3236 1555 τὸ
3285 1501 3456 1572 ὄνομα
3479 1520 3493 1535 ο
3528 1505 3626 1557 καὶ

2039 1590 2171 1643 Υἱδν
2203 1591 2491 1662 ἀνθρώπου
2525 1591 2837 1658 ἀκούοντες,
2871 1592 2945 1662 μὴ
2980 1592 3295 1663 νομίζωμεν
3317 1595 3401 1647 ὅτι
3423 1597 3457 1664 ἡ
3487 1595 3625 1665 σὰρξ

2041 1681 2101 1747 ἐξ
2125 1684 2359 1754 οὐρανοῦ
2424 1683 2664 1753 κατέ6η’
2718 1684 2838 1739 ἀλλ’
2909 1685 3100 1756 ἐπειδὴ
3155 1687 3256 1756 μία
3295 1687 3622 1752 ὑπόστασις,

2045 1776 2214 1844 ἤγουν
2273 1774 2331 1828 ἐν
2389 1776 2686 1845 πρόσωπον
2727 1771 2798 1847 ἦν
2847 1778 2874 1830 ό
2905 1777 3143 1847 Χριστὸς
3195 1778 3259 1831 ἐκ
3285 1777 3381 1831 δύο
3405 1778 3626 1847 φύσεων

369 1885 504 1926 sona
537 1869 748 1923 duabus
780 1871 991 1928 naturis
1021 1881 1300 1933 conatans,
1355 1870 1429 1930 iit,
1483 1878 1538 1919 ut
1574 1869 1793 1920 nomina
1841 1867 1943 1921 ho-

2055 1867 2328 1931 σύνθετος,
2387 1869 2456 1920 τὰ
2487 1868 2579 1920 τοῦ
2617 1866 2924 1939 ,ἀνθρώπου
2961 1868 3206 1936 ὀνόματα
3257 1872 3353 1924 καὶ
3409 1872 3501 1923 ἐπὶ
3526 1870 3626 1925 τοῦ

373 1964 536 2018 minis
571 1964 733 2017 etiam
782 1963 848 2015 de
885 1961 1058 2016 Verbo
1105 1961 1476 2024 enuntientur,
1512 1970 1564 2013 et
1595 1960 1708 2013 vice
1761 1975 1936 2025 versi,

373 2057 634 2110 attributa
687 2054 845 2108 Virbi
895 2054 1098 2107 homini
1132 2069 1344 2124 quoque
1383 2053 1708 2107 tribuantur.
1746 2052 1943 2121 Appel-

371 2147 518 2202 iatur
540 2163 667 2216 ergo
689 2156 742 2202 et
766 2147 867 2200 hoc
889 2146 1008 2200 loco
1036 2145 1204 2200 Filius
1226 2145 1481 2210 hominis,
1506 2146 1633 2214 quia
1659 2145 1942 2212 utriusque

375 2247 605 2302 naturae,
638 2241 885 2292 humana:
921 2239 1128 2293 scilicet
1157 2247 1211 2293 et
1243 2238 1456 2304 divinae,
1493 2254 1595 2292 una
1643 2241 1941 2306 eademque

373 2341 455 2384 est
486 2331 790 2402 hypostasis
811 2347 906 2385 seu
936 2346 1185 2398 persona,
1213 2347 1318 2385 non
1345 2331 1484 2399 quod
1512 2329 1682 2385 Filius
1711 2331 1944 2385 hOminis

373 2425 442 2477 de
492 2424 630 2476 etelo
663 2423 1002 2476 descenderit
1053 2422 1270 2492 (nempe
1315 2423 1613 2477 secundum
1649 2423 1942 2478 humanam

376 2516 672 2578 namnam),
718 2516 810 2569 sed
843 2516 984 2584 quod
1017 2529 1107 2584 qui
1137 2515 1418 2569 descendit
1467 2514 1634 2568 Filius
1669 2515 1784 2582 Dei,
1827 2516 1945 2584 ipse

377 2607 623 2660 ascendit
655 2605 821 2661 Filius
849 2607 1083 2662 hominis
1115 2609 1328 2674 factus;
1367 2623 1496 2662 caro
1529 2595 1671 2661 enim
1704 2619 1824 2677 post
1854 2625 1946 2665 re-

375 2696 774 2750 surrectionem
839 2697 1154 2765 impatibilis
1211 2705 1264 2753 et
1324 2697 1647 2752 immortalis
1706 2698 1946 2764 effecta,

375 2794 599 2853 propter
636 2788 1074 2842 communionem
1125 2797 1177 2842 et
1211 2787 1464 2842 unionem
1499 2805 1620 2845 cum
1658 2790 1857 2857 Verbo,
1891 2794 1942 2848 in

379 2890 486 2941 quo
528 2877 732 2946 absque
763 2879 1067 2934 divulsione
1104 2889 1156 2934 et
1185 2881 1450 2937 divisione
1483 2884 1661 2952 inest,
1698 2889 1942 2942 eamdem

374 2968 562 3024 sedem
589 2972 817 3038 accc-pit.

452 3062 792 3130 Quapropter
836 3063 1029 3122 Paulus
1066 3067 1140 3122 ait
1193 3068 1356 3142 :_Qui
1391 3071 1652 3126 descendit
1690 3073 1800 3140 ipse
1847 3082 1947 3140 est,

2021 1976 2024 1978 '
2049 1958 2223 2025 Λόγου
2241 1956 2600 2025 λαμϐάνεται.
2631 1960 2738 2011 Καὶ
2773 1959 2937 2013 πάλιν
2957 1963 3024 2014 τὰ
3045 1959 3142 2013 τοῦ
3173 1961 3352 2029 Λόγου
3381 1963 3626 2032 ὀνόματα

2051 2049 2128 2116 τῷ
2150 2048 2423 2118 ἀνθρώπῳ
2454 2050 2868 2120 προστιθένται·
2903 2051 3125 2119 λέγεται
3151 2049 3244 2106 οὖν
3271 2055 3364 2106 καὶ
3391 2056 3627 2111 ἐνταῦθα

2055 2139 2181 2203 Υἱὸς
2228 2139 2322 2193 τοῦ
2373 2141 2665 2212 ἀνθρώπου
2717 2144 2744 2196 6
2777 2143 3001 2214 Κύριος,
3050 2144 3125 2208 ὼς
3153 2145 3272 2208 ἐνὸς
3305 2146 3476 2210 ὅντως
3530 2147 3626 2202 τοῦ

2055 2229 2370 2300 προσώπου,
2405 2232 2500 2285 καὶ
2533 2234 2662 2298 μιᾶς
2689 2233 2792 2303 τῆς
2830 2234 3210 2304 ὑποστάσεως,
3245 2239 3346 2292 οὑκ
3379 2239 3570 2310 ἐπειδὴ
3601 2241 3630 2293 6

2055 2320 2186 2384 Υίὸς
2229 2323 2320 2375 τοῦ
2359 2324 2650 2394 ἀνθρώπου
2697 2327 2968 2396 κατῆλθεν
2995 2329 3057 2380 ἐκ
3078 2327 3176 2381 τοῦ
3203 2329 3468 2400 οὐρανοῦο
3511 2330 3629 2384 ἀλλ’

2057 2413 2246 2480 ἐπειδὴ
2285 2416 2314 2468 6
2342 2415 2620 2468 κατελθὼν
2676 2418 2802 2480 Υἱὸς
2855 2418 2948 2471 τοῦ
3003 2419 3159 2486 Θεοῦ,
3200 2422 3364 2484 αὐτὸς
3401 2423 3630 2493 ἀνῆλθεν

2057 2504 2186 2569 Υἱὸς
2211 2505 2498 2576 ἀνθρώπου
2526 2507 2813 2577 γενόμενος
2838 2524 2852 2537 ’
2877 2510 3091 2581 ἀπαθὴς
3119 2511 3226 2582 γὰρ
3256 2515 3350 2565 καὶ
3364 2513 3630 2578 ἀθάνατος

2062 2598 2202 2668 μετὰ
2230 2597 2328 2669 τὴν
2364 2597 2665 2653 ἀνάστασιν
2687 2601 2955 2671 γενομένη
2986 2603 3019 2674 ὴ
3057 2605 3216 2673 σὰρξ,
3243 2604 3331 2658 διὰ
3360 2606 3459 2676 τὴν
3490 2608 3628 2678 πρὸς

2058 2690 2152 2743 τὸν
2182 2690 2354 2758 Λόγον
2377 2693 2664 2746 κοινωνίαν
2689 2692 2998 2764 ἀδιαίρετός
3022 2696 3172 2750 ἐστιν
3197 2698 3256 2751 ἐν
3285 2696 3437 2769 αὑτῷ
3464 2697 3633 2770 ἠξιω-

2064 2782 2201 2852 μένη
2229 2782 2521 2852 καθέδρας.
3517 2797 3526 2804 ‘

2133 3055 2224 3109 Διὸ
2251 3056 2344 3110 καὶ
2398 3056 2426 3109 6
2479 3055 2690 3119 Παῦλος
2743 3054 2964 3124 ἔλεγεν·
3029 3057 3084 3110 '0
3136 3059 3401 3126 καταϐὰς
3451 3061 3642 3129 αὐτός

298 3183 302 3189 α
377 3151 549 3220 quiet
585 3153 820 3206 ascendit
851 3171 1005 3222 super
1031 3174 1204 3211 omnes
1246 3158 1422 3224 cwlos,
1469 3170 1523 3213 ut
1563 3161 1799 3230 impleret
1837 3179 1949 3217 om-

2062 3146 2252 3207 ὲστιν,
2289 3146 2380 3200 καί
2415 3149 2448 3200 ὀ
2477 3147 2706 3212 ἀναϐὰς
2743 3148 3022 3215 ὑπεράνω
3079 3147 3194 3202 τῶν
3231 3153 3507 3217 οὐρανῶν
3533 3153 3636 3206 ἵνα

382 3243 476 3296 nia
504 3242 556 3307 ';
593 3260 713 3297 nam
755 3245 1040 3302 divinitate
1086 3250 1247 3303 etiam
1298 3261 1456 3306 antea
1493 3257 1959 3325 cunctacomple-

387 3335 506 3402 bat,
542 3347 727 3403 utpote
765 3349 1022 3408 tanquam
1056 3343 1258 3408 ubique
1307 3359 1546 3412 praesens
1576 3356 1630 3399 et
1659 3349 1842 3400 omnia
1873 3364 1965 3416 pe-

389 3440 634 3484 lictrans.
669 3429 860 3484 Postea
890 3447 1017 3486 vero
1049 3443 1271 3503 prepter
1297 3435 1520 3506 salutem
1551 3449 1812 3500 nostram.
1838 3455 1962 3495 cum

393 3522 446 3573 in
499 3521 653 3574 cinlis
693 3532 1019 3589 versaretur,
1060 3526 1110 3591 in
1162 3537 1361 3580 terram
1399 3529 1698 3594 descendit,
1745 3546 1960 3586 carnem

390 3623 794 3678 assumpturus,
829 3617 920 3682 qui
955 3625 1147 3684 sponte
1173 3621 1443 3673 excitatus
1477 3630 1562 3674 est
1598 3620 1654 3675 in
1696 3636 1878 3682 cruce.
1913 3633 1965 3677 et

390 3712 638 3758 mortuus
687 3718 872 3770 carne,
913 3707 1191 3763 descendit
1233 3711 1298 3764 ad
1333 3711 1557 3777 inferos,
1588 3722 1643 3766 et
1677 3727 1964 3783 resurgwns

392 3809 706 3866 assumptus
753 3811 836 3855 est
871 3802 924 3856 in
961 3802 1153 3872 gloria,
1200 3813 1253 3857 et
1297 3805 1537 3860 asectnlit
1582 3822 1745 3876 super
1774 3822 1965 3861 omnes

388 3888 586 3956 eteius,
606 3901 661 3945 ut
694 3893 938 3959 impleret
966 3895 1182 3960 omnia;
1213 3905 1264 3948 et
1299 3897 1350 3950 in
1379 3912 1545 3952 carne
1571 3899 1964 3954 dominationis

393 3996 528 4047 sum,
564 3991 618 4036 et
653 3983 867 4040 virtutis
899 3999 993 4040 seu
1033 3988 1286 4055 potentia:
1315 3987 1430 4055 ipse
1463 4004 1600 4043 unus
1624 3998 1708 4044 est
1741 4006 1803 4044 ex
1839 4007 1966 4046 san-

390 4082 480 4124 cla
505 4070 789 4139 Triuitate,
811 4077 1286 4134 consubstantialis
1313 4078 1479 4134 Filius
1507 4091 1562 4134 et
1585 4080 1818 4136 Verbum
1849 4085 1962 4150 Dei,

394 4166 618 4234 tequalis
654 4167 796 4220 Patri
844 4178 898 4223 et
947 4169 1177 4237 Spiritui
1226 4183 1439 4237 sancto,
1479 4175 1641 4228 homo
1675 4175 1872 4240 factus,
1907 4177 1962 4230 in

395 4253 609 4308 duabus
666 4257 923 4323 perfectis
974 4257 1184 4310 naturis
1255 4273 1320 4312 ac
1370 4261 1809 4327 operationibus;
1871 4263 1962 4328 qui

391 4347 558 4399 etiam
589 4361 817 4415 corpore
847 4348 998 4401 Patri
1023 4349 1247 4412 assidet,
1279 4361 1332 4406 et
1367 4352 1556 4404 iterum
1596 4363 1853 4407 venturus
1881 4364 1964 4408 est

390 4451 520 4490 cum
575 4437 743 4506 gloria
801 4437 930 4507 (quo
981 4448 1138 4509 pacto
1190 4441 1352 4494 etiam
1401 4444 1666 4512 ascendit)
1719 4445 1962 4512 judicare

2064 3238 2358 3306 πληρώσῃ
2385 3240 2458 3292 τὰ
2481 3237 2678 3290 πάντα
2695 3246 2710 3267 ⁸
2737 3241 2802 3309 τῇ
2837 3239 2944 3309 γὰρ
2971 3239 3186 3309 θεότητι
3247 3242 3340 3294 καὶ
3373 3244 3638 3314 πρότερον

2063 3331 2132 3384 τὰ
2162 3334 2340 3383 πάντα
2388 3331 2664 3400 ἐπλήρου·
2730 3329 2805 3394 ὡς
2859 3330 3137 3402 πανταχοῦ
3197 3333 3394 3400 παρὼν
3426 3337 3516 3387 καὶ
3568 3339 3638 3390 τά

2065 3421 2503 3491 πάνταοπληρῶν
2529 3439 2542 3454 ⁸
2579 3423 2806 3495 ὕστερον
2843 3425 2900 3477 δὲ
2925 3424 3012 3478 διὰ
3052 3425 3147 3496 τὴν
3174 3427 3332 3496 ἡμῶν
3366 3428 3640 3500 σωτηρίαν

2064 3513 2178 3566 ἄνω
2208 3512 2283 3566 ὢν
2314 3516 2394 3576 εἰς
2425 3515 2554 3578 τοὺς
2577 3517 2864 3586 οὐρανοὺς,
2900 3517 3106 3586 κατέϐη
3158 3518 3530 3588 σαρκούμενος
3557 3521 3641 3584 εἰς

2063 3603 2164 3675 τὴν
2200 3604 2325 3672 γῆν,
2377 3605 2472 3658 καὶ
2508 3605 2694 3677 ὑψώθη
2725 3606 2991 3670 ἑκουσίως
3023 3610 3080 3661 ἐν
3114 3608 3194 3678 τῷ
3230 3610 3448 3680 σταυρῷ
3472 3630 3486 3642 ·
3542 3611 3643 3664 καὶ

2066 3697 2242 3752 θανὼν
2264 3701 2329 3766 τῇ
2362 3716 2426 3751 σα
2438 3701 2547 3766 pati,
2575 3701 2654 3763 είς
2685 3701 2775 3753 τὸν
2807 3701 2942 3772 ᾅδην
2963 3701 3200 3772 κατῆλθε
3222 3719 3236 3733 ·
3262 3703 3356 3756 καὶ
3377 3704 3641 3772 ἀνιστὰς,

2065 3789 2342 3860 ἀνελήφθη
2379 3791 2434 3841 ἐν
2460 3790 2620 3862 δόξῃο
2657 3791 2748 3844 καὶ
2785 3792 2952 3862 ἀνέϐη
2989 3793 3251 3863 ὑπεράνω
3283 3795 3506 3848 πάντων
3531 3797 3644 3850 τῶν

2065 3880 2330 3951 οὐρανῶν,
2384 3881 2484 3934 ἵνα
2534 3881 2829 3951 πληρώσῃ
2891 3885 2963 3938 τὰ
3008 3883 3226 3952 πάντα,
3262 3886 3356 3940 καὶ
3378 3888 3435 3939 ἐν
3475 3889 3643 3957 σαρκὶ

2063 3972 2166 4041 τῆς
2215 3973 2534 4038 δεσποτείας
2585 3973 2750 4028 αὑτοῦ
2810 3977 2904 4030 καὶ
2969 3980 3068 4048 τῆς
3125 3978 3444 4047 ἐνεργείας,
3479 3980 3643 4042 αὑτός

2066 4067 2214 4120 ἐστιν
2241 4068 2269 4120 6
2293 4063 2374 4131 εἷς
2399 4068 2494 4136 τῆς
2518 4067 2750 4136 Τριάδος
2768 4087 2782 4098 ο
2800 4068 2829 4120 6
2858 4070 3155 4139 μονογενὴς
3185 4069 3310 4135 Υἱὸς
3345 4075 3438 4124 καὶ
3467 4074 3645 4142 Λόγος

2065 4159 2160 4212 τοῦ
2205 4159 2341 4212 Θεοῦ
2361 4177 2377 4194 ο
2414 4161 2508 4213 καί¹
2544 4160 2762 4225 ίσος.ὣν
2791 4161 2869 4230 τῷ
2901 4163 3074 4232 Πατρὶ
3107 4164 3198 4216 καὶ
3223 4165 3301 4231 τῷ
3337 4165 3642 4236 Πνεὺματι,

2066 4252 2293 4319 γέγονεν
2351 4251 2670 4320 ἄνθρωπος⁸
2727 4253 2786 4304 ἐν
2838 4253 2958 4306 δυσὶ
3009 4254 3248 4317 τελείαις
3296 4255 3494 4324 φύσεσι
3543 4261 3642 4312 καὶ

2067 4344 2371 4414 ἐνεργείαις
2397 4343 2492 4397 καὶ
2523 4345 2661 4411 μετὰ
2681 4343 2937 4414 σώματος
2967 4345 3312 4416 συνεδριάξει
3337 4348 3413 4418 τῷ
3440 4350 3639 4422 [In-pb

2065 4437 2164 4488 καὶ
2191 4434 2355 4490 πάλιν
2383 4436 2662 4489 ἐλεύσεται
2702 4437 2839 4505 μετὰ
2869 4437 3049 4507 δόξης,
3078 4437 3138 4491 ὃν
3167 4439 3371 4508 τρόπον
3399 4442 3492 4494 καὶ
3516 4445 3644 4497 ἁνε-

396 4526 706 4581 universam
740 4537 960 4592 terram,
997 4538 1050 4582 et
1087 4529 1300 4582 reddere
1354 4521 1638 4592 unicuique
1676 4537 1949 4588 secundum

2065 4528 2269 4599 λήφθη,
2307 4529 2403 4582 τοῦ
2434 4532 2619 4599 κρῖναι
2651 4530 2832 4583 πᾶσαν
2863 4529 2963 4600 τὴν
2998 4533 3123 4602 γῆν,
3175 4533 3272 4584 καὶ
3303 4533 3643 4590 ἀποδοῦναι

393 4635 556 4694 opera
583 4637 703 4686 sua,
733 4632 778 4674 et
810 4623 954 4690 regni
990 4621 1104 4692 ejus
1140 4639 1241 4676 non
1269 4624 1367 4677 erit
1398 4625 1521 4694 ﬁnis
1547 4626 1590 4678 ⁸.

469 4800 548 4854 Ne
597 4816 744 4865 vero,
781 4801 998 4870 quando
1048 4801 1322 4867 audimus,
1353 4817 1475 4856 eum
1525 4803 1878 4870 descendisse,
1914 4809 1968 4863 in

397 4907 518 4948 cam
580 4898 984 4962 persuasionem
1044 4898 1348 4962 veniamus,
1393 4899 1546 4966 quasi
1593 4897 1703 4966 jam
1740 4913 1840 4952 ηοω
1897 4901 1969 4955 sit

400 4985 632 5051 amplius
696 4986 748 5040 iu
804 4987 966 5052 coelo,
1019 4995 1204 5056 utpote
1261 4991 1350 5059 qui
1400 4992 1779 5058 descenderit;
1818 4992 1965 5046 illico

400 5077 599 5146 adiecit
637 5096 650 5132 :
702 5078 806 5143 Qui
835 5088 910 5134 est
954 5080 1006 5133 iu
1042 5081 1198 5145 caelo;
1235 5098 1327 5147 ne,
1358 5083 1561 5151 inquit,
1599 5100 1722 5137 cum
1761 5102 1844 5139 me
1875 5086 1966 5140 de-

398 5171 677 5224 scendisse
706 5171 925 5235 auditis,
951 5173 1308 5238 arbitremini,
1340 5189 1425 5229 me
1456 5190 1560 5230 non
1589 5191 1713 5230 esse
1736 5177 1968 5244 amplius

341 5275 346 5280 '
398 5262 454 5318 in
490 5263 663 5327 οωιυ,
696 5265 820 5331 quia
855 5273 908 5318 et
961 5266 1049 5318 hic
1092 5279 1330 5333 praesens
1371 5282 1492 5320 sum
1527 5283 1774 5336 corpore,
1807 5279 1858 5321 et
1894 5268 1966 5322 ibi

398 5371 523 5408 cum
559 5353 720 5408 Patre
746 5356 798 5409 in
829 5357 1016 5411 eodem
1049 5357 1244 5412 throno
1281 5359 1445 5413 sedeo
1474 5359 1778 5414 divinitate.
1834 5360 1964 5413 Nam

397 5462 519 5501 cum
555 5449 628 5502 sit
652 5447 910 5502 Dominus
941 5450 1204 5515 omnium,
1235 5465 1465 5518 superna
1493 5466 1596 5505 non
1621 5451 1886 5514 deseruit,
1915 5461 1970 5506 et

401 5539 467 5590 ad
503 5553 600 5593 nos
631 5539 872 5605 advenit,
920 5545 980 5593 ut
1026 5539 1207 5594 omnia
1257 5541 1614 5612 undequaque
1664 5550 1718 5597 et
1766 5542 1966 5612 ubi-pie

400 5627 659 5683 Salvarct.

475 5805 492 5834 ⁷
529 5804 725 5870 ιςνιια.
769 5822 840 5862 tv.
887 5808 971 5866 ιο,
1049 5809 1070 5841 ⁸
1116 5807 1370 5869 “0111.11.
1409 5809 1462 5864 6.

2068 4621 2303 4686 ἑκάστῳ
2333 4621 2482 4675 κατὰ
2518 4619 2589 4674 τὰ
2619 4620 2765 4690 ἔργα
2800 4623 3009 4690 αὐτοῦ,
3041 4624 3141 4676 καὶ
3176 4622 3286 4693 τῆς
3313 4625 3643 4694 ,βασιλείας

2067 4714 2256 4768 αὐτοῦ
2287 4713 2463 4779 τέλος
2489 4715 2600 4766 οὐκ
2635 4713 2832 4769 ἔσται.

2139 4805 2259 4858 ’Ὶνα
2297 4805 2353 4858 δὲ
2390 4806 2466 4875 μὴ
2519 4807 2856 4869 ἀκούσαντες
2913 4807 2996 4859 ὅτι
3044 4807 3264 4877 κατέϐη
3287 4825 3304 4840 ο
3331 4809 3642 4880 νομίσωμεν

2067 4899 2147 4950 ὅτι
2207 4897 2282 4960 ὡς
2317 4895 2622 4962 κατελθὼν,
2689 4896 2791 4950 οὑκ
2838 4895 2953 4949 ἐστι
2981 4897 3166 4952 λοιπὸν
3197 4901 3253 4952 ἐν
3274 4901 3491 4970 οὐρανῷ
3511 4916 3523 4928 ·
3553 4900 3641 4954 διὰ

2065 4989 2224 5041 τοῦτο
2279 4988 2460 5056 λέγει,
2491 4987 2576 5040 ὢν
2617 4988 2687 5041 ἐν
2713 4988 2793 5054 τῷ
2850 4988 3111 5058 εὑρανῷο
3167 4991 3241 5062 μὴ
3293 4991 3402 5059 γὰρ
3447 4993 3636 5063 ἐπειδὴ

2071 5079 2346 5149 ἠκούσατε
2374 5081 2456 5134 ὅτι
2493 5080 2724 5148 κατέϐη,
2759 5081 2945 5151 φησὶν,
2979 5082 3236 5152 νομίσητε
3283 5083 3357 5154 μὴ
3384 5079 3525 5136 εἶναι
3563 5084 3643 5148 ὡς

2071 5175 2132 5227 ἐν
2158 5172 2236 5236 τῷ
2269 5172 2508 5242 οὐρανῷ,
2537 5174 2672 5227 ἀλλὰ
2725 5177 2820 5237 καὶ
2857 5173 3094 5228 ἐνταῦθα
3125 5175 3355 5244 πάρειμι
3392 5193 3641 5246 σωματι-

2071 5267 2182 5330 κῶς
2203 5283 2217 5297 ο
2257 5270 2418 5320 κάκεῖ
2445 5268 2801 5338 συγκάθημαι
2830 5268 2908 5337 τῷ
2938 5269 3112 5338 Πατρὶ
3131 5267 3347 5327 θεῖκῶς.
3366 5267 3642 5338 Δεσπότης

2044 5362 2180 5431 ⁸γέιρ
2234 5361 2452 5415 πάντων
2507 5361 2772 5431 ὑπάρχων
2807 5361 2900 5416 καὶ
2961 5361 3198 5430 Κύριοςο
3252 5359 3374 5412 οὔτε
3408 5360 3474 5413 τὰ
3524 5359 3643 5413 ἄνω

2071 5454 2354 5518 κατέλιπε,
2392 5455 2488 5508 καὶ
2522 5454 2657 5525 πρὸς
2682 5455 2830 5524 ἡμᾶς
2861 5455 3224 5524 ἐπεδήμησεν,
3255 5452 3342 5506 ἵνα
3375 5450 3643 5508 πάντοθεν

2070 5546 2134 5600 τὸ
2170 5546 2354 5601 πάντα
2387 5545 2762 5617 ἀνασώσηται.
