3948 6200
387 203 501 268 ’ἓξιθ

1325 196 1645 260 IOANNIS
1709 193 2015 254 CALECE
2070 192 2178 252 ΟΡ.
2224 189 2737 250 ΡΛΤΒῘΛΠΟΠΕ

3544 183 3654 246 960

399 319 606 388 Moyses
642 317 890 371 exultavit
926 325 1235 385 srrpmitem,
1272 323 1319 366 ct
1371 313 1616 379 reliqua;
1651 313 1789 365 sicut
1825 309 1972 364 enim

2110 322 2186 374 περ
2214 307 2240 357 6
2275 304 2510 370 χαλκοῦς
2536 306 2563 356 6
2597 304 2720 371 ὄφις
2748 301 2852 356 ἰοῦ.
2911 301 3008 352 Διὶ(
3045 299 3198 352 τοῦτο
3230 301 3408 350 τοῖνυν
3458 303 3658 362 δςικι-ωο

398 412 486 464 ille
526 411 788 464 exaltavit
836 417 1168 476 serpentmn,
1198 416 1252 458 ιιι
1281 405 1370 472 qni
1416 407 1469 456 in
1513 403 1687 472 ipsum
1726 401 1973 456 intende-

400 511 541 563 rent,
569 502 734 554 vitam
767 502 1050 554 haberent.
1085 498 1154 548 ita
1199 507 1249 549 et
1273 493 1533 548 Christus
1567 493 1836 546 exaltatns
1867 504 1970 552 est,

401 605 458 648 ιιι
500 597 589 664 qui
642 597 694 648 in
744 597 920 661 ipsum
958 591 1324 651 intenderent,
1376 587 1629 642 nimirum
1668 587 1972 649 credentes,

400 685 563 736 vitam
608 694 863 736 :eternam
900 680 1231 732 obtinerent.
1279 679 1354 731 lbi
1386 678 1605 747 quidem
1649 691 1871 744 serpens
1901 676 1974 726 vi-

401 777 647 832 sebatur.
693 773 761 826 ob
801 770 1146 839 serpentiuos
1194 784 1428 823 morsus.
1465 771 1533 822 At
1567 768 1652 822 hic
1681 769 1842 822 homo
1870 776 1974 828 est,

401 869 470 921 ob
528 865 775 918 homines
815 863 977 916 lzetali
1013 877 1197 917 morsu
1230 863 1527 917 sauciatos.
1583 862 1655 916 lbi
1701 861 1853 930 plaga
1884 875 1980 929 per

401 968 706 1026 serpentettt
741 956 910 1020 illata,
941 969 1036 1024 per
1068 963 1376 1024 serpentem
1410 969 1623 1023 quoque
1652 963 1839 1008 curata
1872 961 1976 1006 est.

404 1048 500 1100 llic
534 1063 683 1112 vero,
713 1048 969 1116 quoniam
1008 1061 1154 1099 mors
1193 1061 1289 1113 per
1335 1045 1609 1100 hominem
1664 1046 1886 1098 intravit
1927 1045 1978 1097 in

404 1140 686 1204 mundum,
713 1156 805 1208 per
833 1140 1104 1193 hominem
1137 1139 1298 1192 etiam
1329 1138 1438 1191 vita
1469 1138 1624 1191 nobis
1649 1139 1772 1192 data
1805 1147 1890 1191 est
1913 1136 1977 1190 ¹³.

404 1232 536 1286 Nam
572 1243 851 1299 peccatum
899 1248 1004 1286 non
1050 1231 1186 1288 fecit
1239 1233 1501 1286 Dominus
1546 1248 1560 1286 ε
1596 1230 1709 1286 Nec
1742 1232 1982 1284 inventus

403 1335 478 1378 est
507 1325 660 1378 dolus
690 1326 742 1378 in
767 1341 857 1378 ore
886 1325 998 1394 ejus
1033 1326 1099 1381 ³⁸.

479 1503 718 1560 Exaltari
752 1513 962 1574 oportet
992 1504 1188 1557 Filium
1231 1503 1490 1559 hominis.
1530 1504 1662 1558 Cum
1693 1502 1982 1558 exultatio-

408 1614 523 1652 nem
566 1598 838 1663 audimus,
899 1598 1311 1664 suspensionem
1345 1597 1398 1652 in
1443 1613 1604 1651 cruce
1643 1598 1824 1650 animo
1851 1611 1984 1649 eou-

408 1689 691 1759 cipiamus.
717 1686 850 1740 Nam
902 1687 953 1740 in
1015 1688 1125 1740 alto
1168 1688 1426 1756 pependit.
1477 1686 1727 1740 Salvator
1774 1695 1982 1748 noster,
2017 1686 2058 1738 Β

409 1790 466 1832 ιιι
496 1787 549 1832 et
585 1793 764 1832 aerem
799 1778 1189 1844 sanetiiicaret,
1237 1778 1326 1846 qni
1363 1790 1558 1833 terram
1611 1777 1988 1833 sanctiticave-

407 1880 514 1934 rat,
553 1870 603 1922 in
638 1869 727 1922 illa
759 1880 812 1922 et
849 1885 947 1938 per
1001 1869 1144 1923 illam
1176 1869 1526 1924 ambulando.
1583 1870 1721 1936 Quin
1772 1881 1826 1924 et
1872 1885 1990 1924 ver-

413 1961 538 2014 bum
599 1960 886 2030 gloriﬁcari
958 1961 1290 2030 perpendere
1348 1970 1586 2030 oportet.
1641 1960 1789 2015 Crux
1846 1961 1990 2015 enim

415 2068 539 2108 vere
574 2054 774 2107 Christi
808 2053 1066 2108 exultatio
1092 2062 1146 2108 et
1186 2053 1356 2123 gloria
1401 2053 1544 2112 fuit:
1603 2070 1724 2108 nam
1763 2054 1815 2108 in
1885 2069 1991 2124 qua

415 2147 674 2201 Dominus
715 2146 997 2199 videbatur
1029 2148 1338 2208 damnatus.
1375 2149 1426 2201 in
1471 2162 1533 2202 ea
1592 2147 1754 2216 hujus
1806 2150 1992 2200 mundi

412 2239 708 2308 principem
729 2237 1022 2291 damnavit.
1054 2238 1120 2290 Et
1148 2238 1247 2292 hoc
1278 2246 1380 2301 est,
1407 2239 1547 2307 quod
1579 2238 1774 2292 Paulus
1802 2239 1992 2293 docet:

417 2329 745 2398 Exspolians
781 2329 1110 2397 principatus
1143 2339 1190 2382 et
1219 2339 1528 2398 potestates.
1550 2332 1784 2383 traduxit
1830 2330 1995 2397 con/i-

415 2420 598 2475 denter
633 2423 960 2488 triumphans
993 2421 1113 2473 illos
1167 2422 1218 2474 in
1293 2421 1646 2488 semetipso”.
1703 2420 1996 2483 Nimirum,

413 2514 560 2582 quod
601 2513 721 2566 dico
745 2514 1057 2583 hpjnsmodi
1082 2529 1096 2564 ;
1119 2514 1358 2567 Adamus
1393 2513 1582 2566 merito
1617 2525 1857 2566 mortuus
1879 2524 1996 2566 est:

421 2614 738 2672 peccaverat
778 2606 942 2657 enim.
971 2602 1111 2673 Ergo
1155 2619 1328 2673 usque
1352 2605 1418 2657 ad
1447 2603 1655 2656 Domini
1686 2603 1996 2658 cruciﬁxit)-

427 2712 572 2760 nein,
641 2708 789 2746 mors
841 2693 1265 2746 dominationem
1327 2692 1379 2746 in
1438 2694 1684 2747 homines
1734 2693 1998 2745 exercuit.

413 2779 714 2855 Postquam
748 2799 875 2836 vero
911 2782 1170 2836 Dominus
1204 2787 1270 2835 ab
1295 2787 1440 2836 omni
1492 2783 1643 2852 culpa
1704 2784 1838 2836 liber
1878 2782 1998 2846 fuit,

417 2877 496 2931 nil
529 2878 580 2930 in
612 2890 734 2929 eum
780 2875 920 2943 juris
951 2875 1164 2928 diabolo
1209 2875 1454 2928 relictum
1496 2887 1605 2939 est,
1637 2886 1686 2929 ut
1714 2892 1838 2929 eum
1875 2877 1998 2928 neci

416 2972 597 3021 daret.
645 2967 909 3032 Quocirca
943 2981 1066 3019 cum
1113 2967 1309 3036 injuste
1337 2979 1656 3036 peremptus
1685 2967 1873 3032 fuerit,
1913 2972 2004 3022 de-

423 3061 580 3112 vieit:
617 3069 670 3112 et
725 3060 825 3111 hac
879 3059 1091 3112 ratione
1132 3060 1396 3111 Adamnm
1443 3075 1472 3112 a
1525 3070 1720 3124 morte,
1765 3076 1884 3130 qna:
1927 3061 2000 3125 ei,

417 3161 685 3221 tauquam
737 3151 1206 3220 peeeatoi'i,juste
1271 3153 1414 3205 illata
1467 3153 1662 3217 fuerat,
1732 3155 2001 3208 liberavit.

498 3245 562 3298 Et
592 3254 649 3298 ut
697 3260 781 3298 res
806 3245 1004 3298 elatior
1030 3247 1245 3307 evadat.
1292 3245 1540 3311 exemplo
1619 3246 2004 3300 declarabitur.

422 3337 514 3391 Sit
554 3337 816 3390 violentus
870 3336 1140 3404 quispiam
1209 3347 1494 3406 tyrannus,
1534 3339 1623 3407 qui
1655 3355 1849 3393 omnes
1882 3354 2009 3392 suas

427 3430 482 3483 in
520 3445 711 3482 manus
742 3427 994 3498 delapsos
1051 3428 1355 3482 innmneris
1424 3431 1581 3484 malis
1641 3429 1884 3484 alliciat:
1923 3431 2010 3483 hic

429 3523 474 3576 si
509 3521 967 3588 comprehensum
1014 3535 1216 3589 regem,
1247 3532 1341 3573 aut
1399 3520 1542 3589 regis
1592 3521 1758 3573 tilium
1811 3522 2011 3590 injuste

431 3615 746 3676 interhciat,
783 3614 896 3665 lieri
953 3623 1150 3681 potest,
1188 3621 1246 3666 ut
1283 3628 1429 3666 mors
1461 3614 1605 3667 illius
1663 3614 1825 3666 etiam
1893 3614 2014 3668 aliis

433 3718 710 3771 oppressus
757 3717 913 3772 opem
966 3717 1029 3755 ac
1082 3702 1386 3756 subsidium
1457 3707 1616 3757 ferat.
1661 3703 1882 3770 lterunt,
1945 3705 2014 3757 sit

433 3793 732 3848 lwtierator
763 3795 1034 3862 quispiam
1102 3791 1280 3848 lienus
1356 3809 1666 3862 reposcens,
1744 3795 2016 3850 debitores

434 3889 683 3940 verberet
725 3901 789 3939 ae
837 3887 888 3938 in
947 3885 1158 3939 vincula
1213 3887 1507 3941 detrudat:
1571 3887 1768 3944 deinde
1824 3889 2013 3943 eadem

433 3977 601 4030 animi
635 3979 952 4046 impotentia
1010 3993 1154 4041 eum,
1188 3977 1282 4046 qni
1340 3979 1472 4032 nihil
1545 3981 1752 4046 debet,
1821 3981 2013 4034 iisdem

441 4071 614 4136 pmnis
656 4069 870 4131 multet,
923 4082 986 4118 ac
1050 4072 1100 4120 in
1170 4084 1440 4122 carcerem
1508 4071 1861 4140 compingat:
1930 4072 2018 4125 hic

439 4171 587 4210 certe
621 4173 811 4226 ptenas
836 4159 988 4210 dabit
1034 4173 1251 4221 eorum,
1307 4174 1423 4226 qum
1466 4162 1516 4212 in
1577 4163 1713 4215 alios
1777 4160 2016 4216 admisit.

438 4246 732 4299 lutei-ticiet
758 4247 904 4298 enim
969 4248 1147 4308 illum,
1207 4259 1464 4316 tanquam
1519 4251 1722 4324 injuste
1777 4254 2016 4320 punitus,

2083 397 2334 466 ματικῶς
2383 393 2566 448 εἶπεν·
2637 396 2756 449 "0n.
2809 395 3006 459 καθὼς
3047 393 3270 460 Μωσῆς
3296 393 3506 460 ὕψωσε
3549 395 3660 445 τὸν

2083 489 2243 557 byw,
2278 489 2372 542 καὶ
2401 489 2469 541 τὰ
2497 488 2623 558 ἑξῆς
2656 503 2669 518 °
2707 487 2898 556 ὥσπερ
2944 487 3056 555 γάρ
3087 487 3298 547 ἐκεῖνος
3350 483 3532 552 ὕψωσέ
3563 484 3663 536 τον

2079 584 2224 650 ὅριοι,
2255 583 2340 634 ἴνα
2368 583 2416 634 οἱ
2444 581 2786 645 ἀτενίζοντες
2815 581 2895 643 είς
2925 578 3090 632 αὐτὸν
3113 577 3277 647 ἔχωσι
3301 579 3449 644 ζωήν
3469 591 3484 606 ·
3515 575 3662 628 οὕτω

2083 675 2175 727 καὶ
2197 677 2224 726 6
2254 674 2494 742 Χριστὸς
2525 671 2741 742 ὑψώθη,
2775 673 2862 724 ἵνα
2891 671 2940 724 οἱ
2989 671 3331 732 ἀτενίζοντες
3355 668 3434 729 εις
3468 665 3659 726 αὑτὸν,

2082 765 2252 836 ἤγουν
2279 766 2324 816 οἱ
2350 763 2723 828 πιστεύοντες,
2748 762 2915 833 ἔχωσι
2939 761 3085 832 ζωὴν
3116 761 3353 814 αἰώνιον.
3375 757 3658 823 Ἀλλ’δρις

2087 858 2188 928 μὲν
2241 858 2380 918 ἐκεῖ,
2416 857 2505 910 διὰ
2545 858 2672 921 τοὺς
2726 857 3027 914 δάκνοντας
3085 855 3209 924 ὄφις
3235 869 3248 884 ⁸
3285 851 3570 922 ἄνθρωπος
3607 847 3668 902 δὲ

2084 949 2316 1002 ἐνταῦθα
2347 949 2436 1002 διὰ
2457 952 2582 1011 τοὺς
2607 948 2978 1018 δακνομένους
3010 946 3340 1015 ἀνθρώπους
3358 960 3372 976 ο
3422 942 3519 996 καὶ
3545 941 3671 994 ἐκεῖ

2089 1044 2188 1113 μὲν
2212 1043 2400 1112 ἐπειδὴ
2423 1042 2493 1096 δι’
2517 1042 2747 1114 δφεωςή
2783 1039 2981 1112 βλάϐη,
3004 1039 3073 1092 δι’
3103 1038 3284 1106 ὄφεως
3309 1036 3406 1090 καὶ
3439 1037 3473 1106 ἡ
3503 1034 3673 1105 θερα-⁸

2086 1139 2245 1192 πεία·
2282 1137 2520 1192 ἐνταῦθα
2575 1137 2658 1195 δὲ.
2697 1134 2891 1203 ἐπειδὴ
2919 1134 2989 1188 δι’
3038 1131 3330 1202 ἀνθρώπου
3367 1133 3396 1183 6
3433 1129 3673 1190 θάνατος

2085 1231 2343 1299 εἰσῆλθεν
2377 1232 2457 1293 εἰς
2485 1229 2577 1282 τὸν
2606 1229 2837 1297 κόσμον,
2877 1227 2946 1279 δι’
3003 1226 3302 1296 ἀνθρώπου
3355 1223 3450 1275 καὶ
3487 1222 3520 1291 ἡ
3552 1220 3674 1290 ζωὴ

2088 1324 2448 1394 παρεγένετο.
2495 1321 2551 1374 Ἀ
2565 1321 2804 1390 μαρτίαν
2835 1319 2944 1386 γὰρ
2967 1319 3068 1372 οὐκ
3092 1317 3352 1385 ἐποίησεν
3381 1316 3410 1368 6
3438 1313 3670 1384 Κύριος

2093 1417 2244 1471 Οὐδὲ
2279 1416 2494 1484 εὑρέθη
2520 1415 2703 1478 δόλος
2724 1412 2794 1465 ἐν
2816 1411 2894 1477 τῷ
2921 1412 3175 1480 στόματι
3205 1408 3418 1462 αὐτοῦ.

2168 1510 2479 1580 ’Υψωθῆναι
2507 1509 2586 1560 δεῖ
2613 1509 2704 1560 τὸν
2729 1507 2855 1559 Υίδν
2881 1504 2974 1557 τοῦ
3002 1503 3318 1574 ἀνθρώπου.
3336 1499 3679 1570 ’Υψωθῆναι

2091 1603 2407 1665 ἀκούοντες,
2435 1602 2576 1654 νοεῖν
2608 1601 2707 1670 μὲν
2732 1600 3022 1669 ὀφείλομεν
3046 1600 3107 1650 τὸ
3137 1597 3518 1668 κρεμασθῆναι
3539 1610 3553 1623 ο
3587 1592 3676 1660 ἐφ’

2089 1697 2258 1764 ὕψους
2295 1695 2406 1764 γὰρ
2442 1691 2758 1764 ἐκρεμάσθη
2797 1694 2824 1744 6
2861 1689 3052 1760 Σωτὴρ
3088 1689 3286 1758 ἡμῶν,
3323 1688 3411 1741 ἵνα
3451 1687 3546 1740 καὶ
3579 1685 3676 1737 τὸν

2091 1788 2231 1856 ἀέρα
2268 1789 2492 1855 ἁγιάσῃ,
2548 1784 2577 1834 6
2612 1783 2709 1849 τὴν
2739 1782 2844 1850 γῆν
2873 1780 3108 1848 ἁγιάσας
3142 1779 3230 1832 διὰ
3261 1776 3355 1830 τοῦ
3390 1775 3476 1828 ἐπ’
3502 1775 3679 1842 αὐτῆς

2094 1877 2490 1950 περιπατῆσαι·
2521 1876 2664 1928 νοεῖν
2693 1875 2777 1928 δεῖ
2806 1873 2901 1926 καὶ
2929 1873 2990 1924 τὸ
3017 1869 3412 1938 δοξασθῆναυ
3443 1868 3538 1920 καὶ
3563 1867 3682 1934 γὰρ

2093 1947 2262 2031 ὄντως
2293 1947 2455 2036 ὕψος
2486 1967 2582 2020 καὶ
2613 1965 2766 2030 δόξα
2795 1964 2890 2018 τοῦ
2929 1962 3168 2035 Χριστοῦ
3203 1961 3426 2030 γέγονεν
3451 1960 3480 2013 6
3513 1974 3685 2011 σταυ·

2097 2061 2186 2131 ρός
2214 2074 2229 2089 ⁶
2273 2061 2330 2111 ἐν
2366 2051 2410 2126 ᾧ
2451 2057 2560 2126 γὰρ
2601 2056 2778 2108 ἐδόκει
2820 2053 3224 2124 κατακριθῆναι
3263 2052 3292 2105 6
3335 2049 3576 2121 Κύριοςο
3627 2050 3684 2100 ἐν

2045 2171 2048 2174 ’
2095 2152 2270 2222 τούτῳ
2303 2153 2596 2219 κατέκρινε
2624 2148 2717 2201 τὸν
2751 2149 2917 2219 ἄρχον
2945 2145 3041 2199 τοῦ
3077 2146 3285 2212 κόσμου
3319 2143 3535 2196 τούτου.
3568 2141 3688 2195 Καὶ

2097 2245 2252 2297 τοῦτό
2301 2246 2418 2296 ἐστι
2471 2243 2498 2295 ὅ
2549 2257 2684 2310 φησι
2736 2239 2993 2302 Παῦλοςο
3033 2235 3528 2304 Ἀποδυσὰμενος
3573 2235 3689 2296 τὰς

2098 2337 2289 2406 ἀρχὰς
2324 2335 2424 2388 καὶ
2457 2332 2749 2398 ἐξουσίας
2770 2346 2784 2362 ·
2821 2329 3242 2400 ἐδειγμάτισεν
3271 2328 3342 2382 ὲν
3371 2327 3691 2394 παρῤησΙᾳ

2102 2427 2503 2496 θριαμϐεύσας
2527 2423 2716 2488 αὑτὰς
2739 2423 2808 2476 ἐν
2830 2422 3014 2487 αὐτῷ.
3038 2418 3163 2475 Οῐόν
3185 2438 3234 2474 τι
3255 2419 3398 2486 λέγω
3420 2433 3432 2446 ·
3457 2420 3486 2470 6
3509 2416 3689 2484 Ἀδάμ.

2099 2519 2327 2581 δικαίως
2355 2517 2626 2570 ἀπέθανεν
2654 2531 2666 2543 ⁸
2696 2515 2944 2584 ἥμαρτεν
2969 2515 3076 2583 γάρ
3103 2530 3118 2545 ο
3151 2513 3312 2582 μέχρι
3344 2511 3442 2579 μὲν
3465 2504 3558 2562 οῦν
3581 2508 3686 2572 τῆς

2099 2610 2194 2660 τοῦ
2229 2607 2435 2676 Κυρίου
2467 2605 2848 2677 σταυρώσεως,
2880 2604 3105 2666 δικαίως
3136 2601 3547 2671 κατεκράτησεν
3575 2598 3691 2651 τῶν

2101 2698 2407 2766 ἀνθρώπων
2439 2699 2466 2749 6
2505 2698 2772 2758 θάνατος·
2809 2697 2931 2748 ἐπεὶ
2967 2695 3024 2746 δὲ
3066 2695 3451 2762 ἀναμάρτητος
3482 2692 3688 2760 εὑρέθη

2103 2792 2130 2842 6
2163 2788 2365 2854 Κύριος
2392 2829 2406 2850 ,
2449 2788 2509 2839 τὸ
2551 2786 2734 2839 λοιπὸν
2777 2785 2878 2837 οὐκ
2919 2781 3066 2854 εἶχεν
3109 2782 3194 2834 ἐπ’
3221 2781 3370 2850 αὑτῷ
3409 2781 3628 2833 δίκαιον
3667 2781 3694 2830 6

2104 2878 2350 2939 ὄιάδολος
2387 2878 2472 2930 ἵνα
2511 2877 2801 2947 θανατώσῃ
2841 2877 3008 2928 αὐτόν
3035 2891 3048 2904 °
3085 2874 3225 2926 ὥστε
3261 2871 3447 2941 ἐπειδὴ
3483 2871 3694 2932 ἀδίκως

2109 2971 2448 3043 ἐθανατώθη,
2482 2973 2700 3040 ἐνίκησε
2729 2972 2821 3024 τὸν
2853 2968 3243 3024 θανατώσαντα
3274 2965 3444 3026 αὐτὴν
3476 2964 3568 3017 καὶ
3597 2964 3696 3016 οὗ·

2106 3081 2213 3126 τως
2249 3063 2583 3132 ὲλευθέρωσε
2621 3061 2710 3115 τὸν
2745 3061 2916 3130 Ἀδὰμ
2952 3063 3015 3112 ὲκ
3048 3059 3142 3112 τοῦ
3179 3060 3446 3121 θανάτου,
3479 3055 3578 3108 τοῦ
3616 3056 3697 3108 δι-

2107 3144 2281 3218 καίως
2313 3156 2642 3224 ἐπαχθέντος
2673 3154 2843 3223 αὐτῷ,
2877 3154 2950 3216 ὡς
2986 3152 3396 3224 ἀμαρτήσαντι.

2181 3248 2300 3302 Ἵνα
2351 3247 2408 3299 δὲ
2459 3246 2554 3299 καὶ
2609 3247 2944 3316 σαφέστερον
2988 3242 3046 3317 ᾖ,
3098 3247 3191 3296 ἐπὶ
3245 3240 3698 3312 παραδείγματος

2111 3340 2241 3394 αὐτὶ
2268 3341 2585 3409 ποιήσωμεν
2611 3339 3059 3409 φάνερον.Ἕστω
3087 3353 3172 3398 τις
3205 3335 3380 3405 βίαιος
3407 3333 3701 3402 τύραννος,

2114 3434 2322 3496 πάντας
2358 3432 2484 3494 τοὺς
2525 3433 2906 3498 ἐμπίπτοντας
2940 3430 3022 3492 εἰς
3055 3428 3152 3498 τὴν
3183 3427 3350 3480 αὐτοῦ
3386 3426 3545 3495 χεῖρα
3583 3440 3700 3492 μυ-

2119 3527 2253 3596 ρίοις
2283 3524 2629 3593 περιϐάλλων
2653 3525 2843 3586 κακοῖς
2863 3537 2879 3552 ⁸
2907 3514 3182 3583 οὗτοςὶάν
3209 3517 3504 3590 συμϐαλὼν
3533 3517 3699 3588 βασι·

2115 3619 2198 3670 λεί
2227 3618 2262 3687 ἢ
2297 3617 2398 3686 υῑῴ
2431 3615 2699 3686 βασιλέως
2727 3615 2896 3688 ἀνέλῃ
2926 3613 3090 3667 αὑτὸν
3121 3613 3216 3665 καὶ
3248 3611 3540 3679 θανατώσῃ
3573 3608 3699 3662 ἀδί-

2117 3727 2228 3774 κως
2251 3750 2266 3772 ,
2302 3711 2330 3761 6
2363 3709 2576 3760 ἐκείνου
2615 3707 2844 3770 θάνατος
2880 3708 2978 3760 καὶ
3009 3706 3136 3768 τοὺς
3169 3704 3364 3767 ἄλλους
3403 3701 3698 3770 ἐκδικῆσαι

2117 3801 2442 3870 δυνήσεται·
2479 3800 2572 3852 καὶ
2608 3797 2771 3851 πάλιν
2806 3798 2948 3852 έστω
2979 3815 3064 3860 τις
3098 3797 3386 3866 δανειστὴς
3420 3798 3699 3861 ἀπαιτῶν,

2119 3894 2217 3945 καὶ
2245 3892 2515 3954 τυπτέτω,
2547 3890 2640 3943 καὶ
2671 3891 2752 3952 εἰς
2782 3888 3160 3958 δεσμωτήριον
3189 3888 3507 3957 ἐμϐαλλέτω
3528 3904 3544 3919 ·
3577 3884 3701 3942 εἶτα

2121 3987 2184 4036 ἐκ
2216 3985 2318 4052 τῆς
2353 3983 2521 4052 αὐτῆς
2555 3982 2808 4045 ὑπονοίας
2845 3982 2938 4034 καὶ
2967 3982 3060 4034 τὸν
3091 3979 3244 4033 οὐδὲν
3275 3981 3560 4050 ὀφείλοντα
3596 3981 3701 4034 ὑπὸ

2119 4075 2219 4145 τὴν
2254 4075 2424 4143 αὐτὴν
2459 4074 2685 4143 εἱρκτὴν
2721 4072 2818 4127 καὶ
2850 4073 3123 4143 τιμωρίαν
3158 4074 3372 4139 ἀγέτω,
3405 4067 3564 4135 οὗτος
3605 4073 3701 4125 καὶ

2121 4159 2196 4217 ὦν
2227 4167 2305 4229 εἰς
2335 4167 2456 4227 τοὺς
2489 4164 2688 4225 ἄλλους
2718 4163 2966 4233 ἐποίησε,
2997 4163 3158 4216 δώσει
3185 4162 3343 4233 δίκην
3363 4179 3378 4194 ο
3407 4164 3700 4232 ἀναιρήσει

2123 4257 2231 4326 γὰρ
2268 4256 2362 4307 καὶ
2397 4253 2648 4324 φονῖύσει
2685 4257 2848 4309 αὑτὸν
2883 4257 3088 4316 ἐκεῖνος
3120 4253 3195 4317 ὼς
3231 4257 3430 4318 ἀδίκως
3462 4255 3702 4324 δεσμευο

438 4339 603 4402 ittque
628 4351 905 4389 Careet'em
941 4339 1241 4405 conjectns.
1306 4339 1416 4391 lloc
1443 4351 1496 4392 ct
1527 4341 1579 4394 in
1629 4342 1850 4397 Christo
1895 4359 2000 4400 evel

2122 4348 2233 4410 (let;
2275 4349 2370 4400 καὶ
2407 4349 2766 4416 τιμωρηθείς.
2833 4347 3007 4401 Τοῦτο
3051 4350 3145 4401 καὶ
3187 4351 3280 4400 ἐπὶ
3321 4348 3415 4401 τοῦ
3458 4348 3702 4418 Χριστοῦ

438 4431 552 4480 nit:
599 4442 718 4479 nam
777 4444 964 4480 eorum
1017 4431 1306 4492 malorum,
1357 4431 1551 4498 quibus
1608 4450 1708 4489 nos
1772 4438 2019 4493 diabolus

440 4523 676 4592 punivit.
719 4539 908 4592 poenas
940 4524 1058 4586 luit,
1099 4527 1314 4593 quando
1341 4527 1617 4582 Christum
1660 4532 1878 4598 aggredi
1914 4548 2017 4585 non

442 4614 769 4667 Iormidavil.
858 4614 1172 4671 l’rostratus
1224 4621 1392 4681 enim,
1455 4624 1697 4688 tit'jt‘ClllS
1751 4633 1805 4676 et
1858 4639 2022 4678 Cl‘ttt'c

439 4706 642 4759 Christi
676 4716 862 4774 captus
905 4717 1013 4761 est.

519 4797 630 4848 Duo
662 4806 836 4862 erant,
879 4801 1076 4867 quibus
1109 4815 1278 4867 genus
1338 4803 1633 4860 humanum
1704 4811 2016 4872 tenebatur,

443 4888 690 4957 voluptas
720 4905 784 4942 ac
820 4892 1062 4946 tristitia.
1110 4892 1204 4948 llis
1239 4895 1452 4951 duobus
1482 4898 1766 4953 Dominum
1805 4917 2024 4970 aggres-

443 4996 556 5045 sus,
585 4982 864 5035 immotmu
928 4983 1269 5055 invitumque
1301 5001 1522 5057 reperit.
1551 4991 1614 5043 Et
1639 4993 1870 5060 primum
1902 4998 2023 5063 qui—

445 5078 567 5126 dem
597 5073 649 5124 in
682 5083 864 5127 monte
891 5074 1184 5144 voluptatis
1211 5078 1460 5131 illecebra
1489 5096 1611 5133 eum
1649 5085 1896 5145 tentavit,
1929 5087 2021 5137 sed

445 5181 569 5218 cum
604 5165 874 5217 ineassnm
915 5166 1056 5220 hanc
1105 5168 1407 5222 machinam
1461 5169 1705 5224 adhiberi
1751 5186 2018 5231 cerneret.

447 5259 513 5310 ad
545 5257 843 5319 tristitiam,
871 5256 1030 5324 longe
1063 5259 1377 5313 validiorem
1408 5263 1677 5328 balistatn,
1703 5279 1761 5318 se
1792 5281 2020 5319 conver-

450 5352 535 5416 tit,
575 5360 632 5403 nt
665 5349 748 5403 vel
784 5364 884 5403 nac
929 5351 1140 5406 ratione
1175 5351 1241 5406 de
1297 5353 1516 5409 Christo
1589 5357 1874 5411 vietoriam
1935 5375 2020 5412 re-

448 5443 634 5497 ferret.
692 5442 822 5495 lium
861 5443 911 5494 in
941 5443 1104 5498 linem
1137 5460 1323 5500 omnes
1347 5463 1375 5498 ιι
1409 5447 1621 5503 diabolo
1650 5460 1833 5503 contra
1868 5449 2022 5504 Chri-

525 5622 565 5650 "
600 5626 753 5682 ltun.
794 5645 841 5693 ι’,
871 5627 954 5684 l2.
1035 5629 1075 5662 ”
1105 5629 1207 5685 lsa.
1245 5645 1357 5692 un,
1391 5628 1460 5692 9;
1507 5631 1518 5683 Ι
1557 5629 1701 5685 Petr.
1743 5645 1807 5694 ιι,
1838 5631 1927 5685 22.

2126 4440 2348 4508 γέγονεν
2370 4455 2382 4469 ⁸
2415 4432 2489 4495 ὧν
2522 4441 2629 4508 γὰρ
2663 4442 2743 4504 εἰς
2779 4442 2926 4510 ἡμᾶς
2982 4441 3240 4510 ἐποίησεν
3272 4443 3299 4494 6
3331 4441 3604 4503 διάὸολος,
3635 4438 3704 4492 δι’

2127 4528 2200 4585 ὧν
2227 4534 2306 4597 εἰς
2331 4535 2421 4586 τὸν
2446 4534 2682 4602 Χριστὸν
2733 4534 3022 4604 ἐτόλμησε,
3051 4535 3252 4588 δέδωκε
3279 4533 3435 4595 δίκας
3453 4549 3468 4562 ·
3495 4535 3704 4603 κατήρ⁴

2129 4645 2293 4696 γηται
2328 4627 2438 4696 γάρ
2473 4630 2567 4680 καὶ
2603 4627 2915 4697 κατεϐλήθη
2969 4629 3045 4697 τῷ
3079 4627 3300 4697 σταυρῷ
3331 4627 3426 4679 τοῦ
3460 4625 3700 4696 Χριστοῦ

2128 4725 2219 4774 καὶ
2250 4722 2594 4789 αἰχμάλωτος
2626 4722 2838 4787 γέγονε.

2203 4811 2311 4862 Καὶ
2343 4809 2519 4872 ἄλλως
2552 4810 2608 4862 δὲ
2639 4810 2729 4861 δύο
2761 4805 2902 4879 ἦσαν
2933 4810 3000 4861 τά
3033 4808 3338 4878 κρατοῦιτα
3368 4807 3459 4860 τοῦ
3493 4807 3705 4876 ἀνθρωο

2128 4905 2286 4956 πίνου
2323 4903 2514 4970 γένους
2537 4940 2551 4961 ,
2591 4901 2749 4971 ἡδονὴ
2784 4904 2880 4955 καὶ
2913 4901 3080 4972 λύπη.
3141 4902 3240 4954 Διὰ
3285 4901 3492 4954 τούτων
3523 4904 3705 4952 τοίνυν

2127 4996 2234 5048 τών
2265 4993 2358 5046 δύο
2398 4992 2568 5046 ὲλίὼν
2601 4995 2627 5046 6
2671 4992 2876 5063 Κύριος
2917 4995 3188 5063 ἀήττητος
3227 4994 3428 5060 εὑρέθη
3461 4992 3555 5043 καὶ
3588 4993 3708 5043 ἀνί-

2134 5101 2318 5154 κητος,
2355 5083 2668 5153 Προσέϐαλε
2703 5084 2812 5154 γάρ
2845 5086 2995 5152 αὐτῷ
3031 5085 3301 5155 πρότερον
3333 5088 3390 5137 ὲν
3419 5084 3497 5154 τῷ
3531 5083 3647 5153 ὄρει
3680 5085 3708 5134 6

2130 5177 2408 5248 πειράζων
2434 5176 2651 5246 ἡδονῆς,
2679 5177 2857 5247 εὑρὼν
2877 5178 2934 5230 δὲ
2957 5179 3162 5247 ταύτην
3185 5177 3458 5231 ἀνάλωτον
3482 5175 3709 5246 ὕστερον

2129 5273 2188 5321 τὸ
2224 5269 2366 5338 μέγα
2405 5269 2706 5339 μηχάνημα
2739 5268 2837 5339 τὴν
2869 5268 3046 5339 λύπην
3076 5272 3448 5340 προσήγαγεν,
3478 5267 3566 5322 ἵνα
3604 5273 3707 5320 κάν

2131 5361 2216 5411 διά
2243 5363 2446 5429 ταύτης
2486 5363 2753 5429 κρατήσει
2788 5359 2955 5414 αὐτοῦ
2981 5378 2993 5389 ·
3027 5363 3123 5414 καὶ
3155 5362 3240 5414 διὰ
3272 5361 3460 5414 τούτου
3495 5361 3708 5423 πάντας

2132 5453 2276 5504 κατὰ
2308 5451 2401 5502 τοῦ
2438 5453 2675 5520 Χριστοῦ
2714 5454 3080 5526 παρεκίνησεν
3110 5455 3138 5507 6
3171 5453 3362 5524 ἐχθρὸς
3394 5452 3488 5506 καὶ
3523 5452 3709 5506 διάϐο-

2009 5633 2050 5661 ¹³
2083 5631 2298 5689 Coloss.
2333 5646 2390 5692 ιι.
2419 5631 2500 5688 l5.
