3948 6200
274 323 359 387 265

1384 311 1674 374 ORATIO
1717 311 1799 371 IN
1859 312 1919 372 S.
1968 312 2302 377 CBUCEM.

3362 318 3466 376 96‘.

275 435 478 508 ἀὸρόχως
497 447 591 485 x1.
619 426 924 492 ἀκινδύνως
962 422 1216 497 διαὸἦναι
1259 426 1403 495 ἡμᾶς
1441 424 1797 495 παρασκευά-

1928 440 2149 479 erenum
2190 438 2242 480 et
2289 426 2481 481 sudum
2534 427 2732 481 emittm
2783 427 2990 491 reddet,
3032 439 3355 495 praismttetu
3396 432 3471 481 vi-

275 544 358 589 σει,
380 523 459 575 καὶ
486 519 574 572 τὸν
619 517 748 572 καθ’
777 516 933 587 ὴμῶν
965 517 1318 586 ἐγειρόμενον
1368 514 1639 578 κλύδωνα,
1701 514 1799 566 xui

274 619 345 670 τὸν
369 614 581 681 τάραχον
619 609 966 672 κατευνάσει,
998 610 1090 661 καὶ
1130 607 1301 660 ἔνδιον
1327 608 1669 674 καταστήσει
1703 604 1799 657 xui.

270 708 464 776 γαληνόν
485 721 499 735 ο
549 701 642 756 xui.
668 702 762 754 τὸν
794 701 1037 770 παρόντα
1076 700 1189 769 βίον
1235 698 1395 769 ἡμῶν
1424 695 1797 750 εὐκολώτατον

272 797 598 866 καταπραΰνεῖ
653 796 745 846 καὶ
808 792 1174 863 ὲξημερώσει,
1216 794 1311 843 καὶ
1364 790 1425 844 τδ
1453 789 1641 842 λοιπὸν
1700 789 1800 856 τῆς

270 894 387 955 ζωῆς
415 888 559 956 ἡμῶν
583 884 879 953 εἰρηνικῶς
913 884 1223 937 διατελέσαι
1254 882 1675 951 παρασκευάσει
1703 880 1800 933 xui

267 981 536 1048 ἀταράχως.
586 977 756 1038 Αὐτὸς
789 979 816 1027 ὁ
846 974 1107 1039 ζωοτοιὸς
1144 973 1378 1043 σταυρὸς
1412 972 1510 1042 τὴν
1542 971 1798 1040 πικρίαν,

267 1075 341 1125 καὶ
366 1073 449 1139 τὴν
495 1070 694 1136 ὀδύνην
734 1068 843 1120 τῶν
895 1065 1214 1135 συμφορῶν,
1263 1065 1360 1118 xui
1397 1066 1505 1116 τῶν
1543 1062 1801 1127 ἀναγκῶν

266 1162 411 1230 ἡμῶν,
472 1162 568 1213 xui
620 1159 732 1212 τῶν
782 1157 897 1212 ἄλλ’
958 1158 1047 1211 ἐπ’
1094 1157 1341 1226 ἀλλήλων
1390 1153 1671 1215 κινδύνων,
1710 1152 1808 1204 xui

266 1252 479 1320 θλίψεων,
510 1251 608 1303 καὶ
642 1248 967 1318 πειρασμῶν
994 1248 1100 1299 τῶν
1131 1246 1638 1315 ὲπισυμϐαινόντων
1667 1245 1803 1314 ἡμῖν

263 1344 349 1394 ἀπό
373 1359 423 1393 τε
454 1342 560 1393 τῶν
599 1340 808 1409 νοητῶν
840 1342 933 1391 καὶ
987 1339 1098 1391 τῶν
1132 1337 1407 1405 αἰσθητῶν
1466 1335 1699 1407 ἐχθρῶν,
1726 1338 1806 1399 είς

1921 524 2030 570 tam
2099 528 2341 572 n05tram
2393 519 2648 573 facillime
2702 518 2970 588 placidam
3030 530 3473 588 mansuetamqne

1917 608 2133 675 eiliciet,
2181 612 2436 679 dabitque
2480 612 2746 679 reliquum
2781 616 2905 668 vitae
2942 624 3136 669 nostra:
3171 613 3394 680 pacifice
3422 621 3476 665 et

1913 704 2036 754 sine
2069 703 2476 771 perturbatione
2512 704 2834 775 transigere.
2896 704 3011 771 Ipsa
3073 704 3282 756 vivitica
3337 717 3467 755 crux

1909 792 2333 847 amaritudinem
2368 802 2422 846 ct
2455 794 2695 848 dolorem
2727 796 3102 849 calamitatum
3138 803 3194 847 et
3234 794 3473 848 necessi~

1911 890 2082 935 talum
2113 894 2443 948 nostrarum,
2479 886 2863 953 periculorum,
2898 899 3017 955 quae
3042 885 3145 938 alia
3173 900 3335 953 Super
3366 885 3471 936 alia

1905 973 2217 1042 impendent
2245 975 2652 1029 tribulationum
2674 984 2727 1030 et
2749 977 3107 1029 teutationum
3129 976 3284 1029 nobis
3311 989 3338 1026 a
3368 977 3477 1042 spi-

1906 1064 2195 1120 ritualibus
2226 1079 2280 1120 et
2311 1067 2666 1121 sensibilibus
2706 1066 2944 1122 inimicis
2969 1066 3389 1125 imminentium,
3424 1069 3474 1118 iu

1914 1156 2255 1212 dulcedinem
2334 1159 2690 1214 commutabit
2722 1174 2783 1213 ac
2834 1160 3173 1229 spiritualem
3224 1158 3477 1226 volupta-

1916 1254 2021 1300 tem
2059 1266 2073 1313 ;
2109 1250 2502 1314 consolabitur,
2555 1250 2931 1319 permulcebit,
2977 1249 3239 1303 excitabit
3272 1250 3482 1301 animas

1916 1349 2127 1392 nostras
2158 1341 2509 1395 concidentes
2548 1356 2657 1409 prae
2686 1355 2920 1394 mwrore
2947 1350 3000 1394 et
3028 1339 3305 1392 aerumnis.

264 1436 537 1501 γλυκύτητα
604 1432 897 1502 μεταϐαλεῖ
945 1432 1039 1484 xui.
1108 1439 1488 1499 πνευματικὴν
1546 1429 1765 1500 ἡδονὴν,
1835 1431 2237 1499 παρακαλέσει,
2302 1433 2399 1486 xui
2456 1433 2944 1504 παραμυθήσεται,
3028 1432 3123 1483 καὶ
3189 1431 3481 1497 ἀναστήσει

261 1532 341 1590 τὰς
361 1528 630 1596 ἡμετέρας
667 1527 848 1594 ψυχὰς
888 1526 1344 1587 καταπιπτούσας
1391 1524 1495 1576 ὑπὸ
1541 1524 1642 1592 τῆς
1670 1522 1930 1591 ἀθυμίας,
1964 1526 2056 1578 καὶ
2079 1525 2333 1596 θλίψεως.

316 1624 465 1687 Αὐτὸς
498 1606 839 1687 ὁζωοποιὸς
901 1622 1133 1692 σταυρὸς
1170 1620 1316 1692 ὓδωρ
1348 1620 1667 1683 ἀναϐλύσει,
1716 1621 1811 1673 xui

1994 1622 2113 1689 Ipsa
2178 1624 2391 1679 viviﬁca
2449 1612 2579 1679 crux
2636 1639 2829 1693 aquam
2881 1622 3037 1677 nobis
3100 1621 3382 1691 prol‘undet
3429 1631 3485 1676 et

258 1718 463 1783 πηγάσει
492 1717 630 1784 ἡμῖν
649 1716 713 1767 ὲκ
752 1714 956 1784 πέτρας
987 1713 1226 1783 Χριστοῦ
1259 1712 1352 1765 τοῦ
1386 1712 1646 1782 ἀληθινοῦ
1671 1710 1807 1765 Θεοῦ

1924 1715 2123 1769 amittet
2156 1730 2221 1770 ex
2292 1726 2466 1785 petra,
2500 1714 2721 1769 Christo
2767 1728 2897 1768 vero
2934 1713 3041 1767 Deo
3078 1721 3283 1777 nostro,
3331 1712 3485 1766 llam.

258 1809 406 1878 ἡμῶν,
438 1813 533 1860 καὶ
570 1808 672 1876 τὴν
720 1807 896 1874 φλόγα
927 1808 1036 1858 τῶν
1083 1806 1412 1876 πειρασμῶν
1457 1805 1807 1867 κατασϐέσει,

257 1904 331 1954 καὶ
353 1902 479 1969 ὑπὲρ
507 1900 638 1966 μέλι
660 1900 756 1951 xui
784 1899 961 1951 ἔλαιον
985 1898 1278 1969 καθηδυνεῖ
1306 1896 1399 1950 καὶ
1430 1897 1673 1966 ίλαρυνέῖ
1712 1896 1810 1958 τὰς

254 1992 401 2060 ψυχὰς
449 1991 615 2060 ἡμῶν
656 1991 751 2041 xui
802 1989 872 2042 τὰ
915 1988 1168 2059 σώματα,
1202 1989 1297 2043 xui
1338 1990 1436 2059 τὴν
1474 1989 1631 2057 δίψαν
1653 1988 1811 2057 ἡμῶν

254 2084 591 2142 καταπαύσει,
635 2080 778 2133 ὥστε
822 2082 1021 2151 μηκέτι
1063 2081 1244 2151 διψᾷν.
1288 2082 1350 2134 Ὀ
1390 2082 1498 2151 γὰρ
1552 2081 1609 2145 ἐξ
1643 2078 1809 2132 αὐτοῦ

255 2175 395 2224 πίνων
446 2174 520 2225 οὐ
544 2171 633 2240 μὴ
657 2171 910 2240 διψήσει
926 2174 1015 2238 εὶς
1034 2172 1144 2226 τὸν
1161 2172 1371 2235 αἰῶνα,
1395 2173 1531 2226 ἀλλὰ
1551 2172 1810 2241 ποταμοὶ

250 2266 562 2331 ῥεύσουσιν
589 2265 659 2315 ἐκ
690 2263 801 2331 τῆς
832 2267 1067 2332 κοιλίας
1100 2267 1288 2319 αὐτοῦ
1324 2266 1548 2331 ὕδατος
1571 2265 1810 2331 ζῶντος,

253 2356 406 2417 καθὼς
447 2357 621 2415 αὐτὸς
669 2356 1007 2424 ἀπεφήνατο,
1042 2358 1075 2427 ἠ
1104 2358 1467 2426 αὑτοαλήθεια
1495 2359 1754 2428 Χριστὸς,
1784 2361 1812 2413 ό

250 2448 360 2509 Θεὸς
387 2450 571 2516 ἡμῶν.
607 2449 809 2503 Τοῦτον
838 2450 930 2501 τὸν
959 2449 1103 2502 θεῖον
1127 2451 1223 2503 xui
1252 2450 1520 2514 ζωοποιὸν
1553 2454 1809 2518 σταυρὸν,

250 2535 515 2607 ἀγαπητοὶ,
569 2541 619 2591 οἱ
657 2540 803 2601 ἅγιοι
840 2540 937 2591 xui
968 2539 1235 2592 θειότατοι
1266 2542 1513 2609 Πατέρες
1534 2540 1691 2611 ἡμῶν
1719 2544 1813 2594 xui

247 2629 537 2685 διδάσκαλοι
574 2633 815 2702 φρουρὸν
843 2634 937 2685 xui
977 2630 1193 2701 φύλακα
1241 2634 1478 2701 ἔχοντες,
1507 2635 1602 2684 καὶ
1636 2635 1812 2703 τεῖχος

250 2725 328 2773 xui
348 2724 617 2794 ὀχύρωμα
640 2724 750 2775 τῶν
776 2723 1017 2775 εὐσεὸῶν
1045 2722 1245 2785 ειδότες
1270 2722 1724 2792 ἁκαταίσχυντον,
1757 2725 1814 2776 ὲν

248 2816 300 2881 τῇ
324 2815 457 2884 μέσῃ
488 2813 760 2884 seseese;
784 2812 892 2865 τῶν
912 2813 1193 2883 νηστίμων
1224 2814 1448 2883 ἡμερῶν
1469 2812 1815 2882 προτίθεσθαι

246 2903 577 2974 διωρίσαντο,
624 2908 720 2959 καὶ
769 2907 922 2974 παρὰ
954 2904 1063 2956 τῶν
1104 2904 1316 2957 πιστῶν
1378 2904 1814 2974 προσκυνεῖσθαι

247 2998 325 3048 xui
349 2998 617 3066 τιμᾶσθαι
650 2997 745 3049 xui.
792 2996 1245 3060 κατασπάζεσθαι
1296 2997 1633 3062 διετάξαντο,
1669 2976 1813 3048 ὥστε

248 3089 303 3141 τὰ
329 3089 421 3158 μὲν
446 3089 879 3159 κατορθωθέντα
910 3088 1263 3158 πνευματικὰ
1293 3089 1394 3158 τῆς
1419 3088 1621 3158 ἀρετῆς
1677 3088 1815 3157 ἔργα

248 3181 375 3248 παρά
407 3182 515 3235 τῶν
554 3180 880 3247 ἀγωνιστῶν
910 3180 1007 3247 τῆς
1040 3181 1364 3251 ἐγκρατείας
1395 3180 1685 3248 φυλάττειν
1716 3178 1815 3230 xui.

248 3278 513 3347 συντηρεῖν
578 3275 773 3345 βέϐαια
830 3278 926 3328 καὶ
969 3275 1262 3335 ἀσάλευτα,
1318 3273 1385 3327 τὰ
1433 3272 1491 3325 δὲ
1542 3270 1805 3341 μέλλοντα

247 3362 672 3434 κατορθωθῆναι,
693 3366 974 3432 συνεργεῖν
991 3364 1082 3415 καὶ
1101 3363 1426 3430 συγκροτεῖν
1444 3362 1538 3413 xui
1560 3361 1816 3431 συνιστᾷν

244 3449 542 3505 ἀδιάπτωτα
569 3453 669 3505 xui.
692 3452 1025 3522 ἀκράδαντα.
1062 3452 1160 3504 Διὰ
1199 3450 1358 3503 τοῦτο
1402 3450 1500 3501 xui
1528 3450 1690 3521 ἡμεῖς
1716 3451 1811 3511 τὸν

246 3541 327 3592 τοῦ
355 3544 572 3613 Κυρίου
613 3547 847 3615 σταυρὸν
880 3544 1145 3611 συνεργὸν
1190 3541 1675 3610 ἐπικαλεσάμενοι,
1723 3541 1816 3593 τὸν

246 3637 605 3706 προκείμενον
669 3636 859 3703 ἀγῶνα
919 3635 1015 3703 τῆς
1082 3636 1340 3701 νηστείας
1402 3632 1652 3685 διανῦσαι
1721 3631 1819 3685 xui.

249 3726 523 3797 πληρῶσαι
558 3728 980 3796 σπουδάσωμεν,
1040 3728 1216 3779 πάντα
1254 3743 1322 3777 τα
1357 3727 1599 3795 σαρκικὰ
1652 3742 1819 3778 σταυο

249 3820 455 3887 ροῡντες
511 3824 617 3876 xui
673 3820 994 3891 vaxpoﬁvrsc
1041 3818 1347 3888 παθήματα
1381 3818 1476 3871 xui
1520 3821 1817 3887 κινήματα,

249 3912 330 3963 καὶ
371 3916 485 3975 τοῖς
520 3912 623 3965 τοῦ
679 3913 888 3981 Κυρίου
935 3910 1322 3981 προστάγμασι
1368 3909 1460 3960 xui
1493 3908 1820 3975 ὲντάλμασιν

245 4002 636 4056 ἐπακολουθεῖν
686 4001 1041 4071 ἐπειγώμεθα
1107 4001 1246 4069 μετὰ
1276 3998 1586 4069 προθυμίας
1617 3997 1821 4065 πολλῆς

247 4096 331 4144 xui
360 4094 602 4163 ζεσάσης
630 4094 728 4161 τῆς
759 4093 1156 4162 προαιρέσεως,
1199 4091 1274 4151 ὡς
1314 4092 1409 4142 xui
1444 4091 1477 4159 ὴ
1520 4092 1671 4159 παρὰ
1722 4086 1820 4139 τοῦ

244 4184 528 4237 θεσπεσίου
571 4185 807 4254 Μάρκου
847 4182 1181 4252 εὐαγγελικὴ
1220 4180 1543 4253 παραίνεσις
1581 4181 1823 4250 σήμερον

248 4273 367 4341 ἡμῖν
400 4275 757 4343 ὑποτίθησιν
795 4274 906 4343 ἔχει
938 4273 994 4324 δὲ
1023 4272 1227 4334 οὕτως*

1921 1820 2062 1859 mam
2099 1806 2453 1861 tentationum
2487 1807 2820 1871 exstingttet,
2850 1820 3015 1874 super
3066 1805 3171 1858 mel
3204 1815 3258 1859 et
3308 1805 3483 1857 oleum

1913 1898 2196 1953 delectabit
2230 1898 2623 1954 etexhilarabit
2655 1898 2865 1951 animas
2901 1907 3115 1951 nostras
3142 1907 3197 1951 et
3232 1910 3485 1965 corpora,

1914 1990 2063 2047 sitim
2107 2000 2351 2044 nostram
2393 1990 2713 2059 restinguet,
2780 2000 2837 2043 ut
2882 2006 2986 2043 non
3044 1989 3277 2058 amplius
3329 1989 3485 2041 sitia-

1914 2098 2050 2138 mus.
2088 2082 2188 2149 Qui
2230 2083 2368 2136 enim
2394 2096 2459 2135 ex
2491 2097 2551 2135 ea
2589 2082 2738 2144 bibit,
2770 2099 2873 2135 ποθι
2904 2083 3047 2135 sitiet
3082 2082 3135 2134 iu
3163 2090 3420 2134 mteruum
3443 2080 3484 2143 ¹,

1913 2178 2006 2228 sed
2057 2175 2279 2243 ﬂumina
2329 2173 2495 2240 ﬂuent
2538 2187 2601 2225 ca:
2657 2182 2832 2225 ventre
2880 2173 3018 2241 ejus,
3072 2187 3222 2240 aqua:
3272 2170 3398 2223 viva:
3434 2170 3485 2230 ’;

1912 2265 2358 2332 quemadmodum
2388 2262 2498 2329 ipsa
2549 2259 2762 2315 Veritas
2811 2260 3195 2328 pronuntiavit,
3242 2257 3490 2311 Christus

1915 2356 2059 2409 Deus
2110 2366 2317 2408 uoster.
2373 2352 2526 2408 Hanc
2574 2352 2812 2406 divinam
2863 2361 2917 2404 et
2948 2351 3214 2404 viviﬁcam
3246 2363 3486 2411 crucem,

1913 2447 2248 2509 charissimi,
2297 2446 2470 2501 sancti
2506 2460 2570 2499 ac
2599 2443 2765 2497 divini
2830 2441 3024 2497 Patres
3071 2440 3241 2495 nostri
3294 2451 3348 2523 et
3394 2440 3490 2491 do-

1915 2548 2116 2604 ctores,
2164 2540 2307 2607 quod
2356 2553 2454 2605 pro
2507 2537 2759 2607 przcsidio
2828 2546 2881 2591 et
2929 2535 3153 2590 custode
3204 2533 3486 2595 haberent,

1915 2631 2227 2698 scirentque
2267 2644 2481 2683 murum
2512 2637 2567 2682 et
2650 2626 3044 2680 munimentum
3108 2626 3316 2694 piorum
3371 2638 3491 2677 esse

1918 2728 2137 2782 minime
2168 2726 2434 2780 dedecens
2464 2740 2478 2777 :
2531 2725 2583 2778 in
2622 2723 2794 2777 media
2845 2722 3170 2790 ieiuniorum
3198 2718 3494 2773 hebdoma-

1917 2821 1983 2875 de
2040 2817 2473 2887 proponendum,
2527 2825 2581 2871 et
2620 2830 2648 2868 a
2706 2816 2956 2869 ﬁdelibus
2987 2812 3347 2873 adorandum,
3403 2824 3496 2861 co-

1918 2913 2131 2966 lendum
2180 2918 2237 2963 et
2262 2907 2680 2963 exosculandum
2711 2908 3081 2968 decreverunt,
3112 2913 3170 2956 ut
3194 2901 3497 2970 spiritualia

1847 3024 1889 3083 ρ
1920 3004 2141 3056 virtutis
2168 3015 2332 3071 opera
2369 3001 2482 3069 jam
2517 3010 2757 3069 peracta,
2810 3003 2876 3051 ab
2927 2995 3260 3051 adversariis
3309 2995 3498 3047 iucun-

1924 3095 2159 3147 tittentite
2210 3106 2660 3146 conservaretuus
2722 3099 2777 3145 et
2837 3088 3243 3144 custodiretutts
3272 3096 3385 3140 tuta
3443 3097 3499 3138 et

1920 3186 2242 3240 inconcussa
2274 3200 2289 3238 :
2321 3186 2384 3238 ad
2431 3198 2493 3237 ea
2527 3198 2678 3246 vero,
2708 3197 2829 3251 qua:
2875 3191 3199 3252 perageutur
3222 3181 3495 3246 deinceps,

1922 3293 2021 3333 nos
2095 3278 2478 3345 adjuvaremur
2531 3284 2586 3329 et
2634 3276 3021 3339 excitarentur,
3083 3273 3283 3341 illaque
3343 3270 3495 3324 lirtna

1921 3378 1974 3423 ct
2003 3368 2298 3423 immobilia
2341 3367 2821 3421 constitueremus.
2852 3363 3148 3429 Quorcirca
3200 3378 3298 3417 nos
3365 3367 3500 3432 quo‘

1924 3476 2053 3529 que,
2092 3473 2254 3514 cruce
2296 3457 2508 3511 Domini
2553 3454 2819 3525 adjutrice
2851 3456 3124 3528 invocata,
3157 3454 3493 3522 propositum

1916 3550 2109 3621 jejunii
2146 3558 2424 3603 certamen
2458 3546 2745 3602 absolvere
2779 3556 2945 3616 atque
2985 3546 3243 3615 perficere
3278 3546 3497 3599 studea-

1927 3660 2068 3709 mus,
2110 3642 2367 3697 omnibus
2418 3641 2602 3694 carnis
2635 3639 2980 3708 passionibus
3005 3647 3058 3691 et
3090 3639 3327 3692 motibus
3374 3654 3500 3690 cru-

1924 3734 2208 3806 ciﬁgendis
2257 3743 2314 3787 et
2367 3732 2782 3797 mortiﬁcandis,
2850 3731 3166 3799 Dominique
3229 3744 3498 3801 prmccpta

1926 3844 1990 3882 ac
2023 3826 2274 3880 mandata
2331 3824 2485 3893 sequi
2546 3824 2819 3877 euitamur
2849 3838 3036 3891 magna
3069 3837 3188 3876 cum
3220 3823 3501 3876 alacritate

1925 3932 1979 3976 et
2012 3920 2254 3975 fervente
2311 3917 2628 3969 voluntate:
2663 3915 3119 3984 quemadmodum
3167 3914 3331 3967 etiam
3389 3915 3500 3966 divi

1928 4011 2095 4065 Marci
2128 4007 2439 4076 evangelica
2472 4006 2783 4061 exhortatio
2827 4022 2924 4060 nos
2973 4006 3129 4059 hodie
3171 4017 3498 4069 COttttttunrl,

1933 4116 2052 4171 quae
2093 4108 2163 4154 tta
2198 4098 2359 4153 habet
2399 4115 2413 4151 :

306 4361 498 4417 Εἶπεν
527 4369 564 4419 ό
596 4366 815 4431 Κύριος
847 4362 974 4425 τοῖς
1003 4361 1224 4415 ἑαυτοῦ
1260 4359 1555 4429 μαθηταῖς
1576 4375 1590 4390 °
1628 4360 1699 4413 Εῑ
1738 4378 1815 4427 τις

2003 4370 2152 4424 Dixit
2191 4369 2448 4424 Dominus
2482 4369 2760 4439 discipulis
2799 4370 2910 4423 suis
2941 4385 2959 4423 :
2998 4366 3054 4422 Si
3079 4372 3193 4437 quis
3222 4369 3326 4422 ruit
3364 4370 3508 4422 reni-

244 4455 398 4509 θέλει
430 4458 637 4510 ὀπίσω
663 4473 784 4525 μου
818 4454 1040 4517 ἐλθεῖν,
1087 4454 1543 4520 ἀπαρνησάσθω
1585 4454 1827 4520 ἑαυτὸν,

244 4549 337 4600 καὶ
366 4549 579 4615 ἀράτω
621 4530 1024 4614 τὸν-σταυρὸν
1056 4544 1266 4606 αὑτοῦ,
1298 4545 1397 4598 καὶ
1425 4546 1832 4600 ἀκολουθείτω

246 4658 355 4705 μοι.
387 4642 497 4708 ’ος
545 4643 660 4710 τὰρ
708 4642 936 4708 ἁνθέλῃ
978 4638 1094 4706 τὴν
1129 4638 1343 4706 ψυχὴν
1389 4640 1580 4695 αὐτοῦ
1611 4640 1830 4703 σῶσαι,

242 4732 537 4789 ἀπολέσει
576 4733 808 4799 αὑτήν’
850 4733 919 4797 ὃς
964 4731 1017 4783 δ’
1055 4729 1133 4784 ἂν
1163 4729 1444 4799 ἀπολέσῃ
1475 4731 1583 4797 τὴν
1618 4731 1836 4799 ψυχὴν

246 4828 426 4880 αὑτοῦ
460 4828 689 4881 ἕνεκεν
734 4824 883 4892 ἐμοῦ
926 4822 1024 4875 καὶ
1069 4821 1176 4875 τοῦ
1212 4822 1603 4890 Εὐαγγελίου,
1654 4819 1835 4888 οὗτος

246 4918 425 4971 σώσει
458 4916 685 4983 αὐτήν.
730 4916 788 4968 Τί
839 4914 948 4981 γὰρ
996 4910 1302 4981 ὠφελήσει
1350 4912 1689 4979 ἄνθρωπον,
1727 4914 1837 4967 ἐὰν

246 5010 515 5075 κερδήσῃ
586 5008 695 5060 τὸν
752 5006 989 5073 κόσμον
1033 5005 1204 5067 ὅλον,
1260 5004 1362 5057 καὶ
1418 5002 1673 5074 ζημιωθῇ
1722 5006 1835 5072 τὴν

244 5101 451 5168 ψυχὴν
484 5097 755 5160 ἐαυτοῦ;
817 5095 876 5148 ὐ
914 5096 1345 5167 κορυφαιότατος
1378 5097 1487 5148 τῶν
1524 5096 1833 5149 ἀποστόλων

249 5190 444 5260 Πέτρος
494 5193 704 5261 ἢκουσε
756 5187 849 5241 τοῦ
906 5185 1109 5257 Κυρίου
1159 5187 1430 5255 λέγοντος,
1480 5186 1561 5239 ὅτι
1613 5186 1696 5239 δεῖ
1737 5186 1829 5238 τὸν

248 5283 363 5338 Υἱὸν
388 5284 487 5339 τοῦ
516 5283 813 5355 ἀνθρώπου
842 5281 1014 5335 πολλὰ
1037 5280 1235 5334 παθεῖν
1281 5281 1391 5334 ἀπὸ
1431 5281 1541 5333 τῶν
1587 5280 1829 5350 πρεσϐυο

246 5378 410 5448 τέρων
438 5379 547 5432 καὶ
580 5375 883 5445 ἀρχιερέων
907 5377 1001 5427 καὶ
1023 5373 1419 5445 γραμματέων,
1443 5373 1538 5427 καὶ
1554 5374 1829 5426 ἀποκταν-

246 5470 417 5541 θῆναι,
496 5469 608 5523 xui
654 5472 721 5539 τῇ
782 5467 943 5539 τρίτῃ
992 5468 1177 5538 ἡμέρᾳ
1224 5467 1561 5535 ἀναστῆναιο
1623 5467 1718 5519 xui
1755 5465 1832 5530 ὡς

246 5563 529 5634 πανταχοῦ
600 5560 929 5633 θερμότερος
992 5560 1101 5613 τῶν
1155 5559 1331 5615 ἄλλων
1397 5558 1679 5628 μαθητῶν,
1734 5560 1833 5611 καὶ

315 5741 533 5796 'Joan.
570 5752 649 5803 tv,
693 5740 782 5793 15.
858 5742 878 5771 ¹
912 5736 1046 5793 ibid.
1113 5738 1197 5792 Η.

473 5837 765 5893 Pyrum“
812 5832 934 5893 Gtt.
980 5830 1107 5893 CL.

1277 5737 1297 5768 ³
1330 5734 1497 5790 Marc.
1535 5748 1655 5795 vui,
1701 5730 1888 5786 54-56.

1938 4480 1993 4517 re
2021 4471 2138 4532 post
2170 4480 2273 4529 me,
2335 4464 2550 4531 abneget
2599 4463 2965 4529 semetipsum,
3000 4472 3049 4514 ct
3096 4461 3246 4513 tollat
3300 4476 3509 4512 crurcm

1940 4572 2115 4619 suum,
2174 4565 2221 4607 et
2263 4564 2516 4624 sequatur
2549 4571 2651 4608 me.
2698 4555 2804 4618 Qui
2842 4556 2980 4606 enim
3024 4552 3247 4606 voluerit
3275 4553 3510 4604 auinmm

1937 4664 2088 4701 suam
2122 4647 2322 4700 salvam
2352 4647 2542 4714 facere,
2586 4647 2759 4714 perdet
2792 4662 2904 4698 eam
2941 4663 2959 4700 :
2985 4645 3077 4714 qui
3123 4655 3297 4696 autem
3330 4645 3509 4711 perdi-

1939 4740 2073 4792 derit
2120 4737 2350 4789 auimam
2397 4752 2547 4789 suam
2584 4745 2795 4802 propter
2839 4750 2917 4787 me
2952 4744 3001 4786 et
3043 4732 3407 4800 Evangelium,
3468 4734 3510 4783 is

1939 4834 2139 4885 satram
2175 4831 2332 4899 faciet
2361 4846 2501 4883 eam.
2539 4829 2679 4892 Quid
2736 4828 2876 4879 enim
2928 4826 3160 4894 proderit
3210 4826 3428 4887 homini,
3465 4826 3512 4877 si

1937 4925 2234 4977 universum
2263 4921 2516 4973 mundum
2546 4921 2800 4983 lucretur,
2817 4927 2866 4971 et
2893 4919 3085 4971 anima:
3108 4916 3511 4985 suwjacturam

1937 5013 2181 5081 faciat’?
2246 5014 2511 5080 Princeps
2576 5012 2947 5078 apostolorum
3004 5008 3197 5061 Petrus
3299 5005 3511 5058 audivit

1936 5108 2224 5161 Dominum
2262 5105 2558 5165 dicentem,
2588 5110 2841 5170 oportere
2882 5100 3078 5153 Filium
3110 5098 3348 5152 hominis
3376 5097 3516 5150 tnui-

1938 5204 1988 5246 ta
2042 5193 2150 5261 pati
2206 5206 2237 5245 ει
2288 5190 2595 5247 senioribus
2665 5201 2718 5244 et
2766 5189 3106 5259 principibus
3163 5191 3511 5243 sacerdotum

1933 5293 1987 5337 et
2035 5282 2250 5348 scribis,
2291 5290 2344 5336 et
2386 5282 2578 5346 occidi,
2618 5290 2673 5336 et
2721 5281 2874 5334 tertia
2907 5278 2993 5333 die
3020 5291 3339 5346 resurgere;
3380 5284 3433 5326 et
3460 5281 3519 5324 ut

1936 5374 2142 5442 ubique
2173 5372 2469 5427 ferventior
2499 5373 2712 5426 czeteris
2754 5367 3064 5438 discipulis,
3096 5367 3167 5420 ita
3200 5375 3254 5417 et
3280 5363 3371 5417 hic
3395 5359 3518 5413 talis

1936 5475 2180 5534 apparet.
2229 5465 2373 5518 Dixit
2435 5464 2598 5531 igitur
2645 5463 2897 5517 Christo:
2934 5458 3206 5528 Propitius
3248 5461 3362 5509 esto
3397 5449 3517 5515 tibi,

1942 5555 2185 5623 Domine,
2226 5573 2329 5612 nou
2358 5557 2455 5611 erit
2500 5557 2591 5609 tibi
2644 5556 2759 5608 hoc.
2798 5555 2868 5606 At
2918 5551 3178 5606 Christus
3228 5544 3367 5602 dixit
3418 5546 3518 5601 ei:

3112 5806 3147 5870 9
