3948 6200
453 310 561 374 267

1377 309 1702 374 ΙΟΑΝΝἸΞ
1735 311 2041 372 CALECJE
2077 311 2185 372 ΟΡ.
2215 309 2719 374 PATRIABCILE

3580 315 3679 379 268

461 425 600 479 Valle
621 433 737 491 post
772 441 873 489 me,
905 423 1107 478 Salaua
1133 439 1152 479 :
1175 422 1486 478 scandalum
1515 423 1643 476 mihi
1674 441 1750 486 es,
1773 423 1897 492 quia
1918 438 2005 473 non

2119 419 2356 473 ἐνταῦθα
2382 419 2624 484 τοιοῦτος
2651 421 2922 489 φαίνεται.
2978 419 3091 473 Καὶ
3139 418 3288 488 ἔλεγε
3323 420 3400 491 τῷ
3434 422 3676 495 Χριστῷ·

443 517 586 579 sapis
647 531 708 568 ea
743 529 860 584 qua!
896 513 996 567 Dei
1051 522 1198 575 sunt,
1242 511 1332 564 sed
1389 528 1450 565 ea
1501 527 1617 581 qua:
1673 510 2010 565 hominum".

446 608 737 676 Propterea
770 605 1001 661 accersit
1065 605 1278 659 Petrum
1332 604 1624 667 Christus,
1677 614 1729 656 et
1761 603 2012 656 omnibus

444 701 788 754 audientibus
822 700 886 752 ad
923 699 1094 767 ipsum
1140 698 1442 751 oralionem
1511 696 1707 766 majori
1759 711 1824 748 ex
1858 703 2010 760 parte

445 792 715 847 convertit
750 807 763 844 :
796 791 876 844 Tu
906 789 1150 856 quidem,
1187 805 1218 841 υ
1252 786 1435 850 Petre,
1499 787 1750 854 inerepas
1782 794 1833 838 et
1867 800 2010 854 pro-

448 883 625 945 hibes,
670 892 724 934 et
756 881 971 934 incusas
1005 893 1108 940 me,
1137 878 1280 946 quod
1316 891 1532 930 crucem
1566 879 1709 932 volo.
1738 888 1792 928 et
1821 884 2010 928 contu-

449 969 727 1024 meliosam
755 978 978 1022 mortem
1011 966 1220 1034 delige;
1246 977 1299 1018 at
1323 979 1422 1033 ego
1441 965 1563 1018 dico
1597 965 1712 1029 tibi,
1736 979 1908 1031 neQne
1938 973 2009 1027 te,

339 1096 346 1102 ο
447 1078 620 1130 neque
650 1075 973 1130 quemquam
1025 1058 1187 1110 alium
1230 1058 1500 1111 salvatum
1543 1059 1628 1121 iri,
1664 1057 1764 1110 nisi
1810 1057 2016 1109 moria-

443 1164 533 1208 tur
567 1170 663 1223 pro
721 1159 948 1208 honesto
981 1161 1037 1205 et
1082 1151 1309 1203 veritate
1339 1159 1392 1202 et
1414 1149 1649 1215 justitia.
1705 1147 1847 1201 Mors
1871 1147 2014 1200 enim

443 1258 538 1311 plO
574 1241 777 1308 justilia
806 1239 952 1293 obita
981 1235 1160 1294 socios
1191 1251 1286 1290 nos
1306 1244 1360 1290 et
1394 1234 1631 1291 liazredes
1666 1234 1814 1305 regni
1854 1235 2019 1288 eteiu-

444 1353 560 1388 rum
597 1335 789 1388 ellicit.

2120 512 2333 578 Ἵλεώς
2374 529 2496 578 σοι,
2527 515 2723 580 Κύριε,
2747 514 2820 566 οὐ
2850 511 2937 581 μὴ
2980 512 3153 565 ἔσται
3184 528 3285 567 σοι
3312 514 3509 569 τοῦτο.
3551 517 3610 570 '0
3631 519 3682 572 δὲ

2118 605 2352 674 Χριστὸς
2378 603 2531 658 εἶπεν
2565 606 2714 674 αὐτῷ
2734 621 2748 636 ⁸
2776 606 2997 676 Ὕπαγε
3019 607 3216 660 ὀπίσω
3234 623 3379 675 μου,
3428 610 3679 677 Σατανᾶ,

2117 695 2472 750 σκάνδαλόν
2495 715 2614 766 μου
2663 694 2738 756 εἷ.
2767 699 2856 751 ἔτι
2887 700 2960 752 οὐ
2983 697 3226 767 φρονεῖς
3255 699 3329 753 τὰ
3359 700 3468 754 τοῦ
3510 703 3680 765 Θεοῦ,

2116 789 2278 842 ἀλλὰ
2299 788 2369 842 τὰ
2401 788 2516 842 τῶν
2563 791 2914 857 ἀνθρώπων.
2959 793 3060 844 Διά
3090 791 3263 846 ταῦτα
3302 794 3684 861 προσκαλεῖται

2119 883 2213 934 τὸν
2246 881 2451 952 Πέτρον
2477 885 2504 936 6
2528 884 2787 953 Χριστὸς,
2825 884 2922 937 καὶ
2955 885 3012 936 ὲν
3060 884 3282 954 ἐπηκόῳ
3312 886 3530 939 πάντων
3559 887 3686 955 πρὸς

2122 971 2285 1026 αὐτὸν
2331 973 2391 1026 τὸ
2439 975 2600 1028 πλέον
2647 975 3070 1045 ἀποτεινόμενος
3121 977 3292 1045 λέγει·
3358 978 3431 1030 Σὺ
3482 979 3602 1046 μὲν,
3646 972 3686 1030 ὧ

2126 1064 2323 1132 Πέτρε,
2366 1066 2625 1138 ἐπιτιμᾷς
2654 1068 2749 1119 καὶ
2785 1066 3014 1129 κωλύεις
3071 1067 3167 1120 καὶ
3221 1077 3417 1140 μέμφῃ
3450 1086 3564 1138 μοι,
3609 1070 3688 1122 ὅτι

2127 1155 2362 1225 σταυρὸν
2395 1155 2552 1219 θέλω,
2601 1159 2694 1210 καὶ
2723 1157 2986 1227 αἱροῦμαι
3013 1157 3103 1210 τὸν
3135 1159 3498 1212 ἐπονείδιστον
3533 1160 3682 1213 θάναο

2123 1261 2216 1298 τον
2238 1262 2251 1277 ’
2299 1247 2410 1314 ἐγὼ
2440 1247 2496 1300 δὲ
2535 1249 2680 1317 λέγω
2728 1265 2809 1301 σοι
2841 1250 2923 1302 ὅτι
2949 1250 3072 1302 οὐδὲ
3106 1250 3194 1315 σὺ,
3253 1249 3373 1302 οὐδὲ
3426 1250 3586 1313 ἄλλος
3606 1269 3687 1315 τις

2125 1334 2452 1405 σωθήσεται,
2483 1338 2578 1391 ἐὰν
2601 1338 2677 1409 μὴ
2709 1339 2956 1409 ἀποθάνῃ
2982 1340 3120 1409 ὑπὲρ
3149 1339 3240 1392 τοῦ
3271 1337 3440 1392 καλοῦ
3470 1342 3565 1393 καὶ
3597 1342 3687 1410 τῆς

439 1428 694 1495 ἀληθείας
729 1427 952 1494 καὶτῆς
987 1423 1357 1494 δικαιοσύνης.
1399 1421 1458 1474 Ὀ
1513 1421 1623 1493 γὰρ
1660 1421 1800 1492 ὑπὲρ
1850 1422 2196 1491 δικαιοσύνης
2271 1427 2503 1484 θάνατος
2567 1432 2858 1494 κοινωνοὺς
2911 1433 3060 1502 ἡμᾶς
3144 1431 3240 1486 καὶ
3327 1434 3687 1504 κληρονόμους

435 1524 534 1590 τῆς
571 1521 848 1591 βασιλείας
880 1520 988 1572 τῶν
1016 1517 1261 1588 οὐρανῶν
1297 1515 1703 1570 ἀποδείκνυσιν.

525 1612 640 1667 Νοιι
687 1624 868 1666 autem
928 1612 1065 1664 dixit
1103 1609 1354 1664 Christus
1434 1626 1447 1662 :
1485 1609 1615 1662 Sive
1664 1609 2005 1672 velitis,sive

437 1706 619 1759 nolitis
652 1706 751 1758 hoe
784 1703 964 1758 lacere
1019 1711 1073 1755 et
1123 1702 1271 1770 pati,
1326 1701 1448 1755 dico
1503 1701 1698 1766 vobis,
1752 1711 1806 1755 et
1855 1716 2008 1770 cogo,

2182 1613 2298 1666 Οὐκ
2329 1610 2450 1667 εἷπε
2479 1613 2536 1668 δὲ
2563 1616 2588 1667 6
2609 1615 2842 1686 Χριστὸς
2874 1615 2978 1681 ὅτι,
3004 1615 3121 1669 Κᾶν
3163 1614 3453 1685 βούλησθε,
3492 1617 3598 1669 κᾶν
3617 1615 3687 1685 μὴ

2121 1706 2387 1778 βούλησθε
2417 1711 2639 1773 ποιῆσαι
2669 1708 2829 1762 τοῦτο
2859 1711 2952 1761 καὶ
2980 1708 3197 1772 παθεῖν,
3226 1708 3373 1774 λέγω
3407 1710 3563 1777 ὑμῖν,
3597 1709 3687 1760 καὶ

441 1811 496 1852 ut
531 1813 617 1852 me
635 1795 936 1865 sequamini
966 1816 977 1849 :
1010 1793 1128 1858 sed,
1159 1791 1216 1846 Si
1245 1793 1360 1860 quis
1390 1793 1518 1855 vult,
1555 1800 1607 1846 et
1635 1802 1824 1862 sponte
1851 1793 2005 1856 venit1

2124 1798 2420 1868 ἀναγκάζω
2465 1799 2828 1870 ἀκολουθῆσαί
2864 1817 2978 1870 μοι,
2999 1798 3136 1862 ἀλλ’,
3171 1799 3246 1852 Εἴ
3277 1815 3367 1864 τις
3407 1797 3573 1852 θέλει
3603 1799 3687 1848 καὶ

443 1890 530 1944 ille
563 1891 726 1944 etiam
773 1898 1050 1956 sequatur.
1105 1884 1222 1939 Non
1269 1885 1412 1938 enim
1469 1885 1811 1952 tyrannidem
1863 1899 2019 1939 exer-

439 1997 555 2042 ieo,
613 1993 788 2050 neque
838 1980 944 2031 vim
986 1976 1190 2041 aﬂ‘ero,
1248 1977 1341 2030 sed
1410 1975 1705 2044 quemlibet
1755 1976 1837 2028 sui
1879 1976 2020 2045 juris

434 2090 555 2126 esse
583 2073 726 2126 sino.
758 2071 836 2124 Ad
871 2071 1009 2124 bona
1044 2073 1188 2124 enim
1225 2084 1360 2123 voco
1390 2069 1638 2122 liciniues
1685 2076 1742 2120 ut
1771 2067 2017 2132 veniant,

433 2170 496 2217 ad
521 2181 740 2232 regnum
767 2163 1025 2218 calorum
1046 2172 1330 2226 mternum,
1353 2161 1420 2214 ad
1441 2160 1664 2214 delicias
1685 2170 1973 2229 perpetuas
2001 2202 2015 2226 ,

430 2260 746 2328 ailquietem
774 2258 1162 2312 continentem.
1202 2255 1259 2309 Si
1290 2253 1414 2323 quis
1447 2270 1576 2322 ergo
1600 2254 1734 2320 vult,
1769 2253 1883 2307 sive
1935 2253 2020 2306 vir

432 2354 545 2404 sive
562 2352 778 2412 femina,
804 2352 915 2404 sive
935 2365 1136 2418 pauper
1164 2349 1278 2402 sive
1314 2348 1484 2409 dives,
1507 2347 1622 2400 sive
1667 2345 2016 2414 magistratus

431 2447 546 2497 sive
584 2444 853 2506 subditus,
893 2444 1030 2496 hanc
1053 2442 1390 2512 ingrediatur
1419 2438 1729 2508 prmelaram
1765 2439 1929 2504 viam,
1963 2445 2019 2492 et

429 2547 685 2604 sequatur
713 2552 817 2588 me.
843 2534 898 2588 Si
932 2534 1052 2603 quis
1083 2543 1258 2585 autent
1283 2547 1389 2584 non
1430 2531 1560 2593 vult,
1583 2545 1647 2584 ne
1670 2530 1862 2598 dignus
1901 2531 2017 2597 qui-

429 2635 548 2679 dem
569 2626 765 2693 esl,qui
791 2639 873 2679 tne
891 2633 1166 2692 sequatur.
1183 2622 1434 2675 Liberum
1455 2608 1741 2675 consiliqu
1764 2619 2017 2688 relinquit

431 2717 500 2772 its
542 2719 634 2785 qui
685 2717 876 2770 volunt
928 2731 1050 2768 eum
1108 2714 1284 2779 sequi.
1312 2711 1444 2765 Nam
1477 2712 1568 2781 qui
1615 2712 1780 2780 cegit,
1816 2712 2013 2763 avertit

428 2825 572 2878 Sa'pe
592 2825 686 2862 eos
733 2824 870 2876 quos
902 2809 1082 2876 cogit;
1139 2807 1231 2874 qui
1269 2821 1395 2860 vero
1441 2807 1721 2858 audtores
1754 2819 1852 2856 suo
1880 2818 2012 2857 cuu-

428 2903 550 2958 silio
612 2901 898 2970 pertuittit,
959 2899 1132 2968 magis
1161 2912 1256 2954 eos
1340 2896 1584 2950 attrahit.
1639 2895 1890 2958 Idcirco,
1952 2894 2008 2947 Si

430 2994 553 3062 quis
615 2992 747 3058 vult,
783 2990 1008 3060 inquit:
1065 3004 1257 3059 magna
1288 2989 1433 3043 enim
1489 2996 1620 3040 sunt
1677 2987 1841 3051 bona,
1889 2999 2009 3054 qua:

435 3087 590 3140 nobis
628 3086 713 3138 olli
738 3096 783 3136 rt
817 3081 1092 3146 Dominus,
1127 3098 1190 3135 ac
1240 3080 1392 3144 talia,
1455 3090 1510 3132 ut
1544 3078 1786 3133 volentes
1817 3093 2008 3132 accur-

2126 1892 2263 1961 μετά
2292 1892 2665 1960 προαιρέσεως
2691 1891 2932 1964 ἔρχεται,
2960 1892 3168 1953 ἐκεῖνος
3189 1894 3276 1944 καὶ
3302 1890 3688 1945 ἀκολουθείτω.

2121 1977 2197 2032 Οὐ
2226 1979 2335 2047 γάρ
2371 1981 2637 2048 τυραννῶ,
2658 1981 2845 2050 φησὶν,
2866 1981 2986 2034 οὐδὲ
3011 1980 3291 2051 βιάζομαι,
3319 1980 3436 2033 ἀλλ’
3457 1981 3689 2034 ἕκαστον

2120 2070 2314 2141 κύριον
2344 2071 2550 2141 ἀφίημι
2581 2072 2682 2140 τῆς
2719 2073 2888 2126 αὐτοῦ
2912 2072 3310 2144 προαιρέσεως.
3355 2074 3479 2127 Ἐπὶ
3509 2073 3693 2140 ἀγαθά

2118 2162 2229 2231 γὰρ
2276 2163 2426 2215 καλῶ
2471 2164 2620 2226 τοὺς,
2649 2163 2974 2234 ἀνθρώπους
3031 2163 3231 2229 ἐλθεῖν,
3269 2165 3362 2218 ἐπὶ
3408 2164 3692 2234 βασιλείαν

2117 2253 2364 2324 οὐρανῶν
2412 2254 2793 2324 ἀτελεύτητον,
2828 2257 2922 2309 ἐπὶ
2945 2257 3156 2328 τροφὴν
3187 2257 3558 2318 ἀκατάλυτον,
3601 2256 3695 2307 ἐπὶ

2119 2347 2427 2399 ἀνάπαυσιν
2457 2345 2700 2414 διηνεκῆ.
2733 2347 2799 2399 Εἰ
2822 2363 2908 2410 τις
2937 2347 3030 2400 οὖν
3061 2347 3228 2410 θέλει,
3260 2348 3369 2400 εἴτε
3398 2347 3543 2416 ἀνὴρ
3584 2347 3692 2399 εἴτε

2122 2439 2280 2507 γυνὴ,
2313 2436 2426 2490 εἴτε
2477 2437 2647 2505 πένης
2697 2439 2807 2490 εἴτε
2861 2437 3138 2502 πλούσιος,
3171 2439 3284 2490 εἴτε
3326 2437 3514 2508 άρχων
3582 2437 3690 2490 εἴτε

2116 2529 2442 2598 ἀρχόμενος,
2503 2530 2706 2598 ταύτην
2754 2529 2998 2599 ἐρχέσθω
3054 2529 3152 2599 τὴν
3203 2529 3372 2599 καλὴν
3421 2530 3547 2581 ὁδὸν
3600 2528 3694 2580 καὶ

2115 2619 2481 2672 ἀκολουθείτω
2509 2637 2621 2689 μοι.
2643 2619 2713 2674 Ei
2734 2638 2818 2684 τις
2841 2620 2980 2673 δὲού
3007 2619 3175 2684 θέλει,
3207 2619 3329 2672 οὐδὲ
3358 2619 3508 2683 ἄξιός
3536 2620 3692 2670 ἐστιν

2114 2709 2484 2779 ἀκολουθῆσαί
2525 2727 2638 2779 μοι.
2661 2711 3168 2779 Ἀκατανάγκαστον
3193 2714 3340 2763 ποιεῖ
3362 2711 3452 2764 τὸν
3472 2710 3538 2762 λό
3551 2728 3641 2777 τον
3667 2711 3697 2761 6

2115 2803 2316 2872 Κύριος
2359 2805 2472 2866 τοῖς
2520 2803 2868 2873 βουλομένοις
2903 2803 3216 2858 ἀκολουθεῖν
3248 2803 3416 2873 αὐτῷ.
3462 2804 3626 2856 Ἐπεὶ
3663 2803 3692 2854 6

2115 2893 2215 2963 μὲν
2247 2893 2568 2964 βιαζόμενος
2611 2897 2915 2966 ἀποτρέπει
2954 2895 3234 2960 πολλάκις,
3266 2893 3358 2957 οὓς
3390 2896 3455 2948 ἂν
3493 2894 3698 2963 βιάζηο

2111 3003 2239 3038 ταιο
2300 2989 2328 3040 ὁ
2375 2985 2429 3039 δὲ
2487 2987 2649 3055 ἀφεὶς
2698 2991 2826 3051 τοὺς
2877 2989 3176 3051 ἀκούοντας
3207 2989 3289 3050 είς
3335 2986 3435 3058 τὴν
3474 2987 3695 3041 τούτων

2113 3081 2455 3151 προαίρεσιν,
2514 3082 2716 3150 μᾶλλον
2765 3081 3055 3150 ἐφέλκεται
3085 3082 3330 3145 τούτους.
3365 3079 3467 3133 Διὰ
3499 3078 3694 3140 τοῦτο,

435 3195 554 3233 rere
585 3193 680 3230 nos
711 3179 920 3240 doceat,
945 3167 1130 3244 ‘ueque
1178 3189 1380 3227 moram
1430 3174 1791 3239 interponere.
1821 3171 2005 3240 Neque

2113 3175 2176 3226 Εί
2226 3191 2310 3236 τις
2361 3174 2527 3238 θέλει,
2566 3176 2719 3244 φησί.
2760 3176 2990 3243 Μεγάλα
3038 3177 3146 3246 γάρ
3200 3177 3340 3226 εἰσιν
3385 3173 3606 3240 ἀγαθὰ,
3659 3172 3697 3226 ἃ

430 3270 575 3324 enim
611 3271 654 3324 si
689 3269 812 3336 quis
839 3283 1046 3326 .auruut
1080 3266 1254 3324 daret,
1309 3273 1361 3318 et
1403 3265 1719 3317 thesaurum
1776 3260 2002 3328 Opttleu-

432 3370 542 3414 tum
597 3368 944 3428 proponeret,
998 3372 1092 3426 per
1134 3356 1242 3408 vim
1290 3363 1618 3408 accerseret.
1665 3351 1868 3418 Quodsi
1929 3352 2000 3404 ad

427 3452 518 3504 illa
570 3447 880 3503 transitoria
951 3455 1006 3500 et
1079 3445 1456 3514 corruptibilis
1536 3459 1642 3498 non
1717 3459 1814 3513 per
1889 3443 1996 3496 vim

426 3541 655 3595 vocandi
713 3554 928 3605 sumus,
981 3537 1075 3592 sed
1137 3535 1485 3608 indignamur
1537 3537 1762 3605 insuper
1813 3534 1859 3588 si
1897 3549 2002 3587 non

425 3648 684 3688 vocentur
719 3647 732 3683 :
771 3631 942 3684 multo
995 3634 1165 3700 magis
1199 3629 1263 3682 ad
1317 3627 1562 3683 coelestia
1615 3629 1755 3683 bona
1789 3628 2008 3680 immor-

427 3726 552 3779 talia
601 3735 654 3778 et
708 3733 912 3778 aeterna
970 3721 1300 3776 contendere
1375 3721 1654 3786 debemus,
1713 3730 1766 3771 et
1812 3728 2006 3788 sponte

429 3821 637 3872 venire.
669 3817 778 3871 Nisi
813 3817 960 3870 enim
996 3816 1157 3869 nobis
1186 3815 1299 3884 ipsa
1337 3815 1412 3867 rei
1455 3824 1648 3866 natura
1677 3812 2000 3880 persuadeat

425 3924 486 3966 ut
520 3927 876 3965 accurramus
927 3909 992 3962 ad
1037 3924 1157 3964 vera
1192 3917 1244 3962 et
1275 3905 1532 3962 salutaria
1568 3905 1729 3969 bona,
1763 3921 1828 3958 ne
1859 3906 1998 3960 acci-

425 4019 553 4072 pere
608 4005 826 4074 quidem
878 4002 1020 4070 digiti
1074 4015 1302 4063 sutnus;
1351 3996 1432 4052 sin
1491 3999 1820 4066 accipiamus
1873 4011 1995 4049 cum

427 4097 755 4148 necessitate
785 4104 838 4147 et
873 4094 946 4158 vi,
987 4108 1091 4145 non
1126 4100 1442 4145 constanter
1471 4106 1531 4141 ea
1586 4087 1989 4143 custodiemus.

2106 3267 2344 3337 παρέχει
2397 3268 2530 3336 ἡμῖν
2577 3271 2605 3320 6
2661 3268 2962 3336 Δεσπότης,
3025 3268 3120 3320 καὶ
3141 3265 3367 3320 τοιαῦτα
3411 3265 3562 3318 ὥστε
3599 3266 3700 3319 καὶ

2104 3360 2412 3429 ἐπιτρέχειν
2461 3361 2685 3424 ἑκόντας
2742 3363 2912 3432 ἡμᾶς,
2974 3360 3068 3413 καὶ
3115 3361 3190 3430 μὴ
3253 3358 3691 3413 ἀναϐάλλεσθαι.

2105 3451 2239 3503 Οὐδὲ
2267 3453 2394 3523 γὰρ,
2426 3450 2585 3515 εἴτις
2615 3455 2835 3523 χρυσίον
2863 3451 3052 3515 ἐδίδου,
3082 3453 3175 3506 καὶ
3199 3449 3476 3520 θησαυρὸν
3510 3465 3698 3520 προι-

2102 3542 2241 3596 τίθει
2274 3543 2590 3609 πολύολϐον,
2631 3545 2771 3613 μετά
2801 3545 2920 3615 βίας
2951 3545 3211 3598 ἐκάλεσεν
3234 3544 3320 3598 ἄν.
3352 3543 3417 3596 El
3451 3541 3512 3594 δὲ
3551 3543 3698 3608 πρὸς

2105 3635 2291 3687 ἐκεῖνα
2326 3637 2394 3688 τὰ
2435 3638 2824 3706 παρερχόμενα
2870 3640 2966 3690 καὶ
3017 3635 3372 3706 φθειρόμενα,
3427 3635 3486 3687 οὐ
3548 3635 3699 3706 μετά

2107 3727 2248 3797 βίας,
2281 3728 2416 3779 ἀλλά
2447 3730 2538 3781 καὶ
2561 3729 2983 3800 δυσχεραίνομεν
3014 3728 3088 3798 μὴ
3119 3728 3470 3796 καλούμενοι,
3496 3727 3697 3793 πολλῷ

2109 3818 2308 3886 μᾶλλον
2342 3819 2436 3871 ἐπὶ
2478 3821 2544 3871 τὰ
2579 3821 2634 3872 ὲν
2680 3822 2929 3890 οὐρανοῖς
2960 3820 3147 3889 ἀγαθά
3176 3821 3247 3873 τά
3275 3821 3538 3890 ἀκήρατα
3595 3820 3699 3872 καὶ

2105 3911 2300 3964 αἰώνια
2334 3910 2658 3974 σπουδάζειν
2683 3913 2991 3982 ὀφείλομεν,
3021 3917 3120 3966 καὶ
3141 3914 3279 3983 μετὰ
3299 3914 3699 3982 προαιρέσεως

2107 3999 2380 4070 ἔρχεσθαι.
2421 4003 2481 4054 Εἰ
2518 4002 2592 4072 μὴ
2622 4002 2730 4073 γὰρ
2761 4002 2896 4072 αὐτὴ
2933 4004 2965 4072 ἠ
3015 4000 3108 4054 τοῦ
3162 4002 3482 4072 πράγματος
3515 3999 3699 4067 φύσις

2107 4091 2288 4145 πείθει
2337 4095 2486 4162 ἡμᾶς
2521 4095 2894 4166 προσδραμεῖν
2925 4097 3006 4158 εἰς
3055 4095 3123 4148 τὰ
3157 4078 3329 4156 ὅντως
3362 4091 3552 4160 ἀγαθά
3593 4091 3698 4142 καὶ

427 4187 692 4254 σωτήρια,
723 4185 843 4236 οὐδὲ
889 4183 1074 4235 λαϐεῖν
1113 4185 1279 4252 ἐσμεν
1321 4181 1496 4244 ἀξιοιο
1548 4179 1614 4232 ἂν
1654 4181 1711 4232 δὲ
1741 4179 1997 4250 λάϐωμεν
2039 4182 2156 4252 μετ’
2188 4186 2432 4256 ἀνάγκης
2463 4189 2558 4241 καὶ
2595 4187 2736 4258 βίας,
2782 4189 2842 4241 οὐ
2898 4187 3132 4260 βεϐαίως
3196 4186 3370 4241 ταῦτα
3435 4182 3700 4254 φυλάξο-

427 4296 547 4348 μεν.

506 4373 616 4423 llae
665 4372 730 4422 de
775 4383 937 4422 causa
990 4382 1093 4418 non
1128 4368 1269 4433 cogit
1319 4365 1592 4430 Christus,
1633 4366 1725 4418 sed
1784 4369 1828 4419 si
1879 4367 1999 4435 quis

2177 4369 2274 4421 Διά
2309 4369 2465 4421 τοῦτο
2496 4368 2594 4420 οὐκ
2627 4367 2926 4436 ἀναγκάζει
2985 4368 3013 4420 6
3066 4365 3325 4436 Χριστὸς,
3350 4363 3465 4416 ἀλλ’
3496 4365 3556 4418 ετ
3603 4381 3702 4428 τις

430 4463 544 4515 vnit
573 4463 746 4528 sequi,
775 4476 898 4514 eum
948 4468 1123 4522 vocat,
1174 4473 1407 4527 eumque
1442 4460 1695 4513 adtnittit.
1735 4458 1798 4513 Si
1829 4461 2005 4513 volue-

2113 4461 2359 4531 βούλεται
2390 4461 2722 4524 ἀκολουθεῖν,
2754 4460 2940 4513 τοῦτον
2972 4459 3146 4521 καλεῖ,
3177 4464 3267 4511 καὶ
3291 4457 3478 4510 τοῦτον
3504 4473 3698 4528 προσ-

431 4555 572 4619 ritis,
620 4553 814 4621 inquit,
863 4561 913 4604 et
958 4550 1235 4603 audieritis
1285 4567 1384 4605 me.
1419 4551 1574 4604 l’rius
1625 4560 1708 4604 est
1755 4551 1899 4617 velle,
1947 4563 2003 4606 et

434 4661 546 4700 tum
585 4648 799 4701 demum
830 4645 1039 4699 audire.
1074 4641 1168 4697 Sin
1206 4643 1576 4707 uoluerimus,
1612 4659 1783 4714 neque
1814 4647 2002 4700 audire

433 4741 754 4810 poterimus.
789 4737 996 4793 Omnes
1029 4736 1170 4790 enim
1224 4738 1436 4793 virtutis
1468 4747 1522 4792 et
1553 4739 1666 4793 vitii
1699 4739 1998 4794 functiones

429 4835 482 4886 in
529 4832 808 4885 voluntate.
861 4844 1046 4886 nostra
1107 4832 1225 4885 sita:
1279 4841 1427 4886 sunt.
1488 4829 1651 4902 Sequi
1704 4833 1870 4902 igitur
1917 4843 2000 4887 cst

426 4925 651 4978 credere
692 4925 743 4975 iu
783 4921 932 4976 illum
1003 4924 1178 4991 ipsum
1229 4933 1510 4977 vocantem
1559 4938 1678 4988 nos,
1713 4924 1996 4979 Dominum

415 5015 610 5070 ‘Jcsutu
674 5015 978 5068 Chrisuun.
1039 5013 1172 5067 Illud
1226 5030 1419 5082 porro,
1467 5024 1581 5082 post
1637 5031 1736 5078 me,
1797 5015 2000 5068 iudicat

431 5111 812 5163 mandatormu
863 5107 980 5171 eius
1013 5108 1416 5160 exsecutionem
1453 5115 1507 5159 et
1535 5106 1994 5160 observationem.

429 5202 544 5256 Hoc
588 5201 730 5254 enim
788 5207 871 5254 est
917 5200 1192 5252 Christum
1250 5215 1435 5253 revera
1487 5201 1658 5267 sequi,
1696 5215 1802 5252 non
1837 5197 1998 5252 modo

427 5293 651 5347 credere
684 5293 736 5344 in
767 5304 912 5351 cuin,
949 5289 1042 5342 sed
1071 5289 1235 5341 etiam
1270 5306 1365 5357 pro
1401 5291 1517 5358 ipso
1540 5291 1670 5357 pati,
1708 5299 1761 5342 et
1789 5290 1997 5343 caeteris

425 5384 723 5439 virtutibus
749 5395 969 5452 operam
997 5395 1217 5432 navare.
1246 5380 1408 5434 Suam
1450 5383 1642 5437 deinde
1669 5385 1837 5435 vitam
1869 5381 1988 5436 Sal-

427 5483 798 5529 vatornoster
851 5470 1045 5526 statuit
1093 5472 1372 5539 exemplar
1404 5485 1458 5526 et
1494 5471 1721 5527 formam
1773 5473 1991 5542 Optimae

425 5566 572 5632 vitae,
607 5566 674 5619 iis
717 5564 809 5634 qui
854 5561 1040 5618 volunt
1080 5561 1130 5617 ei
1162 5563 1563 5631 obtemperare.
1605 5564 1733 5618 Eam
1769 5567 1837 5618 oh
1877 5581 1986 5619 rem

493 5743 515 5775 ⁸
548 5742 744 5800 Matth.
777 5763 890 5813 xvr,
931 5748 1021 5816 9.2,
1065 5747 1157 5801 25.

2103 4555 2336 4624 δέχεται.
2401 4553 2543 4608 Ἐὰν
2586 4552 2830 4619 θέλητε,
2883 4553 3036 4620 φησὶ,
3092 4553 3190 4604 καὶ
3243 4550 3552 4617 ἀκούσητέ
3583 4564 3698 4617 με.

2105 4648 2376 4718 Πρότερόν
2416 4649 2532 4699 ἐστι
2573 4644 2851 4711 θελῆσαι,
2889 4645 2982 4697 καὶ
3031 4645 3152 4696 τότε
3195 4640 3585 4695 εἰσακοῦσαι.
3623 4640 3697 4692 El

2102 4740 2160 4794 δὲ
2190 4741 2249 4792 οὐ
2291 4738 2617 4808 θελήσομεν,
2648 4737 2769 4789 οὐδὲ
2801 4735 3117 4788 εἰσακοῦσαι
3157 4731 3455 4804 δυνάμεθα.
3483 4733 3698 4785 Πάντα

2103 4834 2210 4904 γὰρ
2250 4833 2317 4884 τά
2359 4832 2456 4900 τῆς
2485 4830 2684 4900 ἀρετῆς
2732 4829 2954 4898 καὶτῆς
2995 4826 3195 4887 κακίας
3257 4826 3314 4878 ὲν
3359 4825 3422 4892 τῇ
3474 4838 3700 4891 προαι-

2105 4929 2251 4996 ρέσει
2291 4925 2447 4995 ἡμῶν
2476 4927 2672 4978 κεῖται.
2717 4921 2789 4974 Τὸ
2845 4921 2944 4990 μὲν
2981 4916 3075 4972 οὖν
3110 4916 3426 4972 ἀκολουθεῖν
3462 4917 3590 4968 ἐστι
3628 4917 3700 4969 τὸ

2101 5019 2379 5072 πιστεύειν
2443 5021 2518 5078 εἰς
2582 5018 2742 5070 αὐτὸν
2803 5014 2894 5066 τὸν
2944 5013 3216 5066 καλοῦντα
3265 5012 3412 5080 ἡμᾶς
3465 5009 3704 5077 Κύριον

2113 5109 2321 5178 Ἰησοῦν
2361 5110 2614 5177 Χριστόν.
2649 5107 2720 5158 Τὸ
2745 5105 2817 5170 δὲ,
2845 5105 3036 5158 ὀπίσω
3069 5120 3212 5171 μου,
3255 5101 3405 5170 δηλοῖ
3431 5099 3530 5169 τὴν
3565 5101 3702 5152 τῶν

2099 5201 2331 5252 ἐντολῶν
2358 5200 2523 5252 αὐτοῦ
2547 5200 2808 5267 ἐργασίαν
2833 5198 2926 5250 καὶ
2953 5199 3204 5266 τήρησιν.
3234 5195 3402 5247 Τοῦτο
3421 5194 3531 5261 γάρ
3558 5195 3704 5248 ἐστι

2098 5295 2159 5347 τὸ
2223 5295 2392 5356 ὅντως
2452 5293 2765 5346 ἀκολουθεῖν
2819 5292 2896 5359 τῷ
2961 5291 3203 5360 Χριστῷ,
3259 5289 3320 5340 τὸ
3375 5287 3450 5356 μὴ
3505 5287 3702 5355 μόνον

2102 5385 2379 5437 πιστεύειν
2419 5386 2495 5447 εἰς
2523 5385 2704 5447 αὐτὸν,
2737 5383 2871 5436 ἀλλά
2911 5386 3006 5436 καὶ
3038 5382 3180 5452 ὑπὲρ
3212 5381 3377 5432 αὐτοῦ
3410 5378 3704 5447 πάσχειν,

2101 5477 2196 5528 καὶ
2228 5479 2326 5544 τῆς
2371 5474 2537 5542 ἄλλης
2577 5476 2779 5544 ἀρετῆς
2817 5473 3215 5543 ἐπιμελεῖσθαι.
3249 5470 3352 5524 Τὸν
3381 5471 3595 5524 οἰκεῖον
3635 5471 3707 5525 δὲ

2100 5565 2215 5634 βίον
2248 5569 2274 5618 ὁ
2316 5566 2508 5635 Σωτὴρ
2539 5568 2695 5637 ἡμῶν
2727 5568 2923 5638 ἔθηκεν
2964 5565 3330 5638 ὑπογραμμὸν
3361 5564 3456 5618 καὶ
3497 5562 3712 5618 τύπον
