3948 6200
317 213 417 276 Ξίθ

1485 214 1772 275 ORATIO
1817 215 1897 276 IN
1933 216 1992 278 S.
2029 211 2353 274 CRUCEM.

3430 220 3534 281 2'0

314 329 590 390 πολιτείας
631 328 858 399 ἀρίστης
917 331 1028 392 τοῖς
1076 327 1320 384 θέλουσιν
1367 331 1515 400 αὐτῷ
1545 329 1850 384 ’πείθεσθαι

1980 331 2140 386 etiam
2177 332 2310 383 dixit
2340 347 2352 382 :
2387 327 2446 382 Si
2475 328 2591 397 quis
2633 328 2759 382 milii
2791 329 3078 393 ministrat,
3114 347 3192 383 me
3218 336 3533 402 sequatur‘.

308 425 403 478 Διά
431 421 589 474 τοῦτο
615 423 706 474 καὶ
741 421 956 489 ἐλεγενο
997 422 1132 475 Ἐάν
1154 439 1243 488 τις
1272 421 1402 490 ἐμοὶ
1433 422 1704 490 διακονῇ,
1738 423 1867 491 ἐμοὶ

308 514 719 569 ἀκολουθείτω.
767 513 1151 582 ’Λκολούθησιν
1204 513 1348 580 λέγω
1398 513 1496 582 τὴν
1527 513 1732 582 ἀκριϐῆ
1764 512 1866 582 τῆς

309 604 366 656 ἐν
393 605 550 672 σαρκὶ
578 602 857 664 πολιτείας
892 603 1056 655 αὑτοῦ
1105 603 1244 655 κατὰ
1294 601 1352 654 τὸ
1386 601 1664 671 ἐγχωροῦν
1699 603 1868 671 μίμη-

313 711 408 748 σιν.
450 694 920 760 Ἀπιιρνησάσϐω
947 693 1186 754 ἑαυτὸν,
1218 694 1313 745 καὶ
1339 693 1535 760 ἀράτω
1559 693 1664 745 τὸν
1688 710 1872 746 σταυ-

1976 422 2260 491 Sequelam
2295 435 2428 474 voco
2490 434 2648 488 quam
2698 419 2810 474 ﬁeri
2846 431 3022 489 potest
3070 427 3538 480 accuratissimam

1976 515 2095 566 vita:
2128 513 2242 579 ejus
2269 512 2645 565 imitationem.
2705 512 2930 580 Abneget
2962 516 3299 583 semetipsum
3321 525 3369 569 et
3393 517 3541 570 tollat

1979 619 2184 656 crucem
2218 618 2394 666 suam,
2437 612 2484 653 et
2521 612 2771 670 sequatur
2807 619 2905 655 me.
2933 603 3056 656 Tria
3092 605 3246 667 dicit,
3271 606 3544 675 abnegare

1977 693 2236 760 seipsum,
2273 692 2463 745 tollere
2493 707 2706 744 crucem
2740 709 2913 758 suam,
2948 707 3000 746 et
3032 696 3208 761 sequi.

304 785 408 854 ρὸν
431 785 638 849 αὐτοῦ,
674 785 772 838 καί
811 786 1210 839 ἀκολουθείτω
1230 803 1355 854 μοι.
1392 785 1530 856 Τρία
1561 785 1668 838 εἰσὶ
1697 785 1767 837 τὰ
1832 783 2119 854 λεγόμενα,
2186 785 2244 837 τὸ
2302 786 2724 854 ἀπαρνήσασθαι
2783 786 3003 851 ἐαυτὸν,
3085 788 3145 840 τὸ
3230 784 3364 859 ἆραι
3445 791 3543 850 ,τὸν

312 876 528 945 σταυρὸν
560 877 752 941 αὐτοῦ,
790 878 967 930 καὶτὸ
1007 877 1394 946 ἀκολουθῆσαι.

373 969 440 1020 Τὸ
469 969 661 1020 ἑαυτὸν
712 970 1139 1037 ἀπαρνήσασθαί
1204 971 1322 1022 ἐστι
1373 971 1434 1022 τὸ
1479 969 1720 1039 ἀνηλεῶς
1763 972 1875 1033 τοῖς

310 1059 563 1120 κινδᾶνοις
607 1060 804 1114 ἐαυτὸν
843 1059 1117 1122 ἐκδοῦναι,
1166 1061 1261 1112 καὶ
1304 1060 1470 1130 μηδὲν
1519 1061 1664 1130 ἔχειν
1698 1061 1877 1114 κοινὸν

309 1153 433 1220 πρὸς
480 1152 699 1216 ἐαυτὸν,
750 1152 865 1204 ἀλλ’
896 1151 1085 1222 ῶσπερ
1116 1153 1278 1206 ἄλλου
1331 1152 1639 1221 πάσχοντος
1667 1192 1682 1215 ,
1735 1151 1878 1203 οὕτω

304 1245 619 1296 διακεῖσθαι.
645 1244 857 1313 Ὥσπερ
906 1245 1014 1314 γὰρ
1054 1244 1107 1297 εἴ
1153 1262 1236 1308 τις
1277 1245 1575 1314 ἀρνήσεται
1633 1243 1823 1313 ἕτερον
1848 1282 1865 1308 ,

307 1339 400 1388 κᾶν
432 1335 842 1405 μαστιζὸμενον
897 1337 981 1408 ίδῃ
1043 1335 1253 1400 τοῦτον,
1287 1336 1388 1390 κᾶν
1436 1334 1884 1404 στρεϐλούμενον,

305 1429 400 1481 κᾶν
448 1429 588 1498 πρδς
627 1429 855 1481 θάνατον
907 1430 1274 1498 ἀπαγόμενον,
1329 1429 1390 1481 οὐ
1452 1428 1640 1497 βοηθεῖ
1690 1426 1862 1497 αὐτῷ,

302 1521 411 1573 οὐδὲ
441 1522 801 1590 παρίσταται,
840 1521 1197 1592 οὑδένπάσχει
1232 1538 1284 1574 τι
1317 1521 1452 1591 πρὸς
1485 1521 1649 1574 αὐτόν
1676 1535 1690 1549 ⁸
1728 1518 1869 1572 οὕτω

2053 962 2302 1032 Seipsum
2337 964 2605 1030 abnegare
2639 972 2722 1016 est
2764 964 2900 1016 citra
2961 964 3363 1018 miserationem
3398 963 3545 1034 peri-

1983 1058 2120 1110 Culis
2160 1071 2220 1109 se
2249 1054 2506 1121 obiicere,
2543 1055 2780 1122 nihilque
2811 1070 2992 1108 secum
3016 1057 3214 1109 habere
3239 1073 3546 1122 comuiune,

1987 1149 2081 1202 sed
2128 1147 2348 1215 perinde
2394 1146 2558 1207 allici,
2594 1161 2657 1200 ac
2691 1145 2734 1198 si
2766 1145 2904 1200 alius
2929 1147 3198 1214 quispiam
3244 1158 3546 1216 pateretur.

1985 1236 2223 1291 Uteuim
2281 1236 2322 1287 si
2377 1235 2500 1302 quis
2559 1246 2718 1301 neget
2755 1234 3012 1298 alterum,
3049 1237 3161 1288 sive
3192 1250 3313 1288 eum
3369 1237 3546 1306 ﬂagris

1986 1328 2116 1380 ciedi
2151 1325 2352 1388 videat,
2388 1327 2500 1379 sive
2537 1327 2800 1392 torqueri,
2827 1327 2940 1378 sive
2971 1328 3035 1377 ad
3071 1338 3296 1380 mortem
3328 1330 3541 1392 abduci,

1979 1435 2082 1474 non
2125 1416 2415 1469 auxiliatur
2449 1419 2520 1482 ei,
2560 1432 2663 1470 non
2696 1417 3012 1485 opitulatur,
3051 1434 3154 1470 non
3195 1420 3546 1473 miseratione

1976 1525 2101 1576 erga
2157 1509 2306 1560 illum
2355 1518 2647 1561 movetur:
2683 1509 2754 1559 ita
2797 1509 2912 1560 vult
2970 1525 3066 1562 nos
3113 1522 3332 1577 quoque
3383 1509 3543 1571 Dens,

307 1611 434 1662 θέλει
485 1611 586 1664 καὶ
642 1613 788 1680 ἡμᾶς
843 1613 870 1664 ό
908 1612 1074 1677 Θεὸς,
1135 1614 1238 1666 κᾶν
1285 1613 1704 1682 μαστιζώμεθα,
1770 1611 1854 1664 ait

1977 1603 2093 1656 sive
2122 1599 2308 1670 ﬂagris
2325 1599 2618 1661 caedantur,
2654 1600 2767 1652 sive
2793 1612 3042 1664 uramur,
3084 1601 3198 1654 sive
3225 1601 3543 1662 moriamur,

303 1702 601 1764 καιώμεθα,
635 1704 1233 1774 κᾶν-ἀποθνήσκωμεν,
1278 1706 1350 1775 μὴ
1391 1705 1691 1771 φείδεσθαι,
1729 1703 1867 1772 μηδέ

303 1793 462 1844 ἐλεεῖν
487 1792 756 1855 ἑαυτούς’
788 1794 904 1845 ἀλλ’
935 1793 1121 1864 ῶσπερ
1155 1795 1228 1864 μὴ
1268 1794 1414 1863 ἔχειν
1447 1813 1500 1847 τι
1542 1795 1722 1848 κοινὸν
1765 1795 1864 1864 τὴν

301 1883 464 1952 ψυχὴν
498 1884 640 1952 πρὸς
670 1886 730 1936 τὸ
765 1885 950 1953 σῶμα,
987 1885 1130 1939 οὕτω
1177 1887 1485 1940 διακεῖσθαι
1535 1890 1630 1939 καὶ
1663 1886 1868 1938 ἐκδιδό-

298 1990 375 2026 ναι
409 1973 576 2026 αὑτὸν
606 1977 718 2034 τοῖς
751 1973 1018 2036 κινδύνοις
1075 1976 1169 2027 καὶ
1195 1976 1313 2038 ταῖς
1359 1975 1547 2036 ἄλλαις
1571 1973 1868 2043 τιμωρίαις

299 2064 428 2133 ὑπὲρ
477 2065 581 2130 τῆς
616 2065 903 2132 ὁμολογίας
933 2065 1026 2117 τοῦ
1071 2065 1332 2134 Χριστοῦ,
1378 2067 1473 2118 καὶ
1510 2065 1610 2133 τῆς
1660 2065 1866 2116 δικαιο-

299 2153 475 2222 σύνης,
510 2153 606 2205 καὶ
647 2154 741 2214 τῆς
777 2153 1054 2222 ἀληθείας.
1095 2155 1363 2224 Ἀρνησίς
1402 2157 1549 2207 ἐστιν
1581 2156 1774 2207 ἑαυτοῦ
1831 2156 1863 2224 ἡ

303 2246 566 2314 παντελὴς
595 2246 705 2297 τῶν
736 2247 1111 2314 παρελθόντων
1134 2246 1290 2316 λήθη,
1319 2248 1354 2314 ἡ
1383 2245 1729 2317 ἀναχώρησις
1757 2246 1866 2300 τῶν

297 2338 508 2390 οίκείων
565 2337 912 2405 θελημάτων,
965 2339 999 2408 ἡ
1038 2339 1304 2408 νέκρωσις
1351 2339 1460 2391 τῶν
1497 2339 1674 2407 μελῶν
1705 2338 1864 2408 ὴμῶν

295 2428 388 2480 τῶν
424 2430 522 2481 ἐπὶ
575 2429 675 2496 τῆς
729 2430 855 2498 γῆς,
909 2431 1102 2483 καὶτὸ
1148 2429 1585 2500 ἐπιθυμητικῶς,
1646 2432 1742 2484 καὶ
1796 2431 1856 2484 τὸ

297 2516 519 2584 ἑτοίμως
550 2517 856 2570 διακεῖσθαι
904 2518 1038 2588 πρὸς
1083 2521 1260 2571 πάντα
1296 2520 1536 2572 κίνδυνον
1572 2523 1665 2574 καὶ
1692 2521 1856 2575 θάνα-

295 2623 373 2658 τον
395 2609 487 2659 τὸν
508 2607 650 2678 ὑπὲρ
674 2608 936 2677 Χριστοῦ.
971 2608 1245 2679 Ἀρνεῖταί
1267 2628 1352 2676 τις
1374 2613 1584 2677 ἑαυτὸν,
1615 2613 1746 2665 ὅταν
1768 2612 1858 2665 τὸν

295 2696 417 2749 [διον
475 2698 615 2770 βίον⁹
643 2701 910 2770 πρότερον
957 2703 1096 2754 κατά
1141 2703 1340 2755 κακίαν
1373 2703 1756 2773 γεγενημένον,
1791 2705 1855 2774 τῇ

292 2788 544 2859 ἀξιολόγῳ
614 2790 874 2859 μετανοίᾳ
935 2792 1029 2843 καὶ
1093 2793 1362 2864 μεταϐολῇ
1418 2794 1717 2866 ἐπιστρέψῃ
1761 2799 1856 2850 καὶ

291 2877 670 2948 διορθώσηται.
697 2874 822 2934 οἷον
851 2883 880 2933 ό
912 2883 1080 2935 πάλαι
1112 2884 1416 2949 ἀκόλαστος
1439 2887 1685 2957 ἀρνεῖται
1717 2890 1849 2940 ἐαυ-

293 2970 374 3020 τζν
421 2968 742 3035 ἀκολαστον,
788 2974 1178 3043 σωφρονήσας·
1239 2976 1336 3028 καὶ
1366 2977 1393 3028 ό
1442 2979 1609 3031 πάλαι
1663 2978 1849 3040 ἄδικος
1877 2953 1920 3011 c

291 3061 523 3130 ἀρνεῖται
547 3062 743 3116 ἐαυτὸν
769 3064 972 3126 ἄδικον,
1005 3065 1482 3138 δικαιοπραγὴσας
1502 3085 1517 3101 ο
1547 3070 1641 3121 καὶ
1667 3071 1851 3124 ἁπλῶς

1975 1706 2080 1745 non
2123 1705 2349 1759 parcere
2384 1691 2560 1754 nobis,
2619 1703 2795 1757 neque
2841 1689 3111 1751 misereri,
3167 1691 3261 1743 sed
3325 1691 3546 1758 perinde

1970 1783 2198 1836 allectos
2254 1797 2401 1845 esse,
2436 1797 2500 1832 ac
2551 1781 2595 1833 si
2647 1782 2821 1832 anima
2857 1781 2931 1832 nil
2965 1797 3086 1834 cum
3128 1797 3354 1848 corpore
3392 1798 3544 1835 com-

1971 1889 2132 1928 mune
2195 1873 2462 1937 haberet;
2515 1885 2790 1938 exponere
2835 1886 2895 1925 se
2929 1872 3186 1939 periculis
3228 1875 3546 1942 carterisque

1967 1967 2141 2036 ρωιιίε
2183 1979 2278 2034 pro
2315 1963 2660 2017 confessione
2703 1963 2928 2026 Christi,
2959 1972 3012 2016 et
3055 1963 3280 2032 justitiae
3308 1979 3370 2017 ac
3404 1967 3545 2017 veri-

1969 2059 2116 2111 tatis.
2149 2053 2373 2124 Negatio
2422 2055 2502 2107 sui
2529 2064 2612 2108 est
2638 2054 2873 2123 perfecta
2900 2056 3297 2122 praeteritorum
3320 2055 3540 2120 oblivio,

1965 2162 2315 2218 propriarum
2353 2147 2691 2199 voluntatqu
2719 2146 2970 2209 remotio,
3007 2147 3355 2201 mortilicatio
3379 2161 3545 2200 tlteltt—

1964 2241 2183 2294 brorum
2208 2250 2542 2301 nostrorum,
2569 2252 2692 2306 qua}
2713 2247 2839 2290 sunt
2858 2251 3018 2305 super
3039 2247 3262 2302 terram,
3283 2239 3540 2305 cupidum

1961 2343 2016 2388 et
2047 2345 2351 2402 promptum
2374 2348 2494 2386 esse
2523 2332 2589 2384 ad
2620 2347 2778 2384 omne
2801 2331 3114 2391 discrimen,
3139 2332 3381 2398 adeoque
3401 2346 3543 2394 mor.

1961 2434 2067 2479 tem
2093 2441 2189 2495 pro
2211 2424 2452 2480 Christo.
2481 2424 2654 2492 Negat
2672 2424 2928 2492 seipsum,
2954 2429 3172 2492 quando
3197 2425 3357 2476 vitam
3389 2439 3540 2476 suam

1957 2533 2244 2586 perperam
2277 2529 2330 2574 et
2371 2519 2564 2572 vitiose
2605 2524 2908 2570 anteactam
2968 2516 3232 2585 condigna
3270 2517 3542 2584 pceuiten-

1959 2615 2038 2669 tia
2081 2621 2135 2668 et
2157 2612 2456 2666 mutatione
2477 2609 2700 2676 corrigit
2744 2617 2903 2676 atque
2919 2608 3194 2660 emendat.
3218 2602 3286 2661 Ut
3303 2608 3390 2675 qui
3413 2609 3538 2661 olim

1957 2704 2376 2775 intemperantia
2405 2701 2622 2756 deditus
2655 2711 2792 2765 erat,
2819 2709 2977 2768 negat
3000 2701 3238 2768 seipsum
3272 2700 3539 2767 intempe-

1959 2799 2188 2854 rantem,
2222 2788 2266 2841 si
2297 2784 2707 2855 temperantiam
2732 2782 3092 2851 amplectatur
3121 2797 3135 2836 :
3190 2793 3244 2837 et
3276 2783 3365 2851 qui
3393 2784 3537 2851 inju-

1961 2891 2084 2933 stus
2111 2890 2228 2932 erat
2255 2880 2408 2943 olim,
2448 2885 2606 2946 negat
2653 2875 2889 2942 seipsum
2923 2875 3206 2943 iniustum,
3241 2875 3285 2929 si
3328 2877 3541 2930 studeat

1951 2973 2198 3060 iustitiae.
2228 2970 2293 3021 Et
2321 2970 2373 3022 in
2413 2981 2645 3032 summa,
2681 2965 2969 3031 cujuslibet
2999 2968 3208 3033 peccati
3266 2964 3389 3035 fuga
3442 2982 3538 3020 ne-

1957 3056 2100 3133 'gatio
2135 3063 2216 3116 sui
2250 3069 2351 3123 est,
2381 3060 2584 3112 ducens
2612 3068 2733 3127 post
2767 3056 3076 3111 Christum.

291 3150 461 3216 πάσης
489 3153 766 3223 ἁμαρτίας
796 3157 975 3227 ἀποχὴ
998 3157 1226 3227 ἄρνησίς
1247 3163 1395 3212 ἐστιν
1453 3161 1674 3225 ἑαυτοῦ,
1704 3163 1878 3214 ὀπίσω
1921 3158 2163 3227 φέρουσα
2192 3153 2286 3206 τοῦ
2320 3149 2588 3222 Χριστοῦ.

353 3244 461 3295 Καὶ
495 3245 582 3298 ἴνα
635 3245 712 3316 μὴ
755 3249 1068 3320 νομίσωμεν
1123 3252 1202 3304 ὅτι
1254 3253 1446 3322 μέχρις
1501 3251 1713 3322 ὓὸρεως
1751 3255 1845 3306 καὶ

293 3333 500 3402 πληγῶν
549 3338 643 3388 καὶ
681 3337 1000 3410 ὀνειδισμῶν
1036 3341 1398 3410 ἀπαρνεῖσθαι
1452 3346 1785 3413 προστάσσει
1820 3347 1847 3397 ὁ

294 3422 502 3491 Κύριος,
540 3428 852 3498 προσέθηκε
876 3445 891 3461 ο
933 3433 1041 3484 Καὶ
1081 3431 1274 3500 ἀράτω
1311 3433 1418 3486 τὸν
1441 3435 1709 3501 σταυρὸν
1743 3437 1848 3487 αὐ-

293 3514 422 3568 τοῦ’
465 3517 644 3585 δηλῶν
698 3519 863 3589 μέχρι
898 3521 1065 3573 πόσου
1122 3523 1483 3592 ἀπαρνεῖσθαι
1535 3524 1846 3592 ὀφείλομεν,

291 3604 365 3658 ὅτι
400 3609 556 3679 μέχρι
589 3610 848 3676 θανάτου,
891 3614 985 3664 καὶ
1017 3614 1250 3668 θανάτου
1304 3615 1667 3668 ἐπονειδίστου
1689 3633 1704 3646 ·
1757 3620 1851 3669 καὶ

295 3699 350 3750 οὐ
374 3700 525 3766 μόνον
553 3701 770 3772 τρυφῆς
803 3702 895 3757 καὶ
936 3706 1093 3775 δόξης
1139 3711 1500 3778 καταφρονεῖν
1533 3709 1672 3779 ὑπὲρ
1712 3710 1848 3778 Χρι-

298 3789 432 3852 στοῦ,
463 3791 594 3844 ἀλλά
622 3795 718 3845 καὶ
747 3795 938 3864 μέχρις
960 3797 1190 3865 αἵματος
1217 3798 1719 3866 ἀντικαθίστασθαι,
1752 3802 1846 3853 καὶ

294 3881 456 3931 πάντα
485 3883 671 3950 φέρειν
703 3884 984 3950 γενναίως,
1019 3889 1114 3938 καὶ
1145 3888 1200 3938 ἐν
1230 3888 1405 3956 τούτῳ
1437 3889 1634 3959 μᾶλλον
1664 3891 1848 3957 ἀγάλ-

293 3967 484 4025 λεσθαι.
517 3973 590 4024 Τὸ
613 3967 748 4041 ἆραι
775 3974 828 4027 δὲ
854 3975 943 4026 τὸν
969 3980 1200 4046 σταυρόν
1244 3980 1361 4031 ἐστι
1391 3979 1450 4032 τὸ
1474 3981 1846 4049 ἀπροσπαθῶς

295 4057 422 4128 ἔχειν
476 4064 610 4133 πρὸς
661 4063 760 4133 τὴν
791 4068 1070 4136 παροῦσαν
1109 4070 1275 4137 ζωὴν,
1324 4072 1415 4123 καὶ
1457 4071 1591 4142 πρὸς
1623 4073 1682 4124 τὸ
1711 4073 1846 4125 ἁπό-

298 4169 455 4222 κριμα
484 4154 718 4217 θανάτου
751 4159 951 4226 ὁμοίως
998 4162 1324 4226 διακεῖσθαι,
1368 4159 1509 4216 ὥστε
1545 4164 1617 4234 μὴ
1653 4166 1845 4219 ἑαυτὸν

295 4246 635 4310 πεπονθέναι,
681 4247 818 4302 ἀλλά
847 4249 1040 4317 νεκρὸν
1078 4244 1216 4303 εἶναι
1257 4252 1324 4320 τῇ
1355 4251 1621 4324 ἁμαρτίᾳ,
1669 4254 1846 4316 ζῶντα

291 4337 337 4387 δέ
362 4338 434 4407 τῷ
469 4339 715 4409 Χριστῷ.
745 4341 914 4393 Τοῦτο
945 4341 1001 4393 δὲ
1037 4342 1240 4409 γίνεται
1274 4345 1336 4396 ἐκ
1373 4345 1471 4413 τῆς
1498 4346 1608 4397 τῶν
1640 4346 1838 4410 ἔξωθεν

293 4428 706 4498 ἀλλοτριώσεως,
740 4426 849 4484 οἷον
887 4435 1202 4502 κτημάτων,
1249 4433 1498 4499 πλούτου,
1528 4437 1686 4508 δόξης
1732 4455 1837 4505 μα-

295 4521 452 4583 ταίας,
489 4526 583 4574 καὶ
618 4523 800 4592 πάσης
831 4523 940 4575 τῶν
973 4525 1262 4593 ἀνωφελῶν
1294 4527 1689 4596 προσπαθείας.
1725 4531 1838 4581 Κα-

296 4609 385 4670 θὼς
409 4615 499 4665 καὶ
525 4615 572 4667 οἱ
603 4615 750 4681 ἅγιοι
782 4616 1069 4668 ἀπόστολοι
1099 4618 1384 4686 ἐποίησαν,
1431 4622 1523 4673 καὶ
1562 4621 1833 4687 ἐδίδαξαν,

299 4701 653 4770 ὑποδείξαντες
684 4707 816 4774 ἡμῖν
843 4705 933 4758 τὸν
961 4706 1159 4776 δρόμον
1186 4709 1284 4777 τῆς
1320 4725 1462 4779 σωτη
1475 4711 1614 4779 ρίας.
1651 4711 1838 4778 Ἀφέν-

298 4809 372 4853 τες
402 4799 504 4865 γὰρ
532 4797 710 4849 πάντα
752 4796 1126 4866 ἠκολούθησαν
1168 4801 1242 4868 τῷ
1282 4801 1535 4870 Χριστῷο
1580 4801 1640 4853 οὐ
1679 4802 1838 4868 μόνον

298 4880 342 4932 δὲ
366 4887 409 4936 οἱ
436 4885 746 4950 ἀπόστολοι,
777 4886 910 4938 ἀλλὰ
941 4889 1033 4939 καὶ
1060 4891 1108 4940 ot
1140 4891 1436 4959 μάρτυρες,
1479 4893 1571 4944 καὶ
1591 4892 1641 4943 oi
1677 4892 1833 4954 ὅσιοι,

2028 3251 2104 3301 Ac
2134 3262 2200 3300 ne
2252 3245 2692 3298 existimaremus
2743 3257 2912 3310 usque.
2961 3241 3028 3294 ad
3061 3243 3438 3305 contumelias,
3485 3253 3538 3297 ct

1955 3341 2162 3408 plagas,
2191 3346 2246 3391 et
2302 3333 2590 3404 opprobria
2638 3347 2837 3402 negare
2869 3348 2969 3387 nos
3011 3348 3040 3385 a
3072 3332 3303 3388 Domino
3335 3333 3534 3401 iuberi,

1956 3431 2164 3485 addidit
2199 3448 2211 3482 :
2245 3427 2312 3480 Et
2343 3429 2493 3480 tollat
2521 3442 2726 3479 crucem
2761 3439 2931 3488 suam,
2963 3435 3020 3478 ut
3050 3427 3314 3480 iudicaret
3341 3437 3533 3496 quate.

1957 3539 2059 3575 nus
2132 3526 2410 3588 oporteret
2487 3519 2760 3587 abnegare
2817 3519 3213 3584 nosmetipsos,
3275 3520 3530 3574 nimirum

1959 3629 2131 3682 usque
2160 3615 2224 3666 ad
2257 3621 2508 3674 mortem,
2533 3619 2586 3664 et
2610 3619 2835 3662 mortem
2863 3611 3337 3676 contumeliosam,
3358 3629 3532 3681 neque

1964 3715 2172 3756 tantum
2212 3702 2542 3768 voluptatem
2575 3709 2629 3753 et
2659 3699 2881 3768 gloriam
2928 3715 3281 3755 contemnere
3310 3716 3530 3770 propter

1956 3795 2254 3857 Christum,
2292 3794 2384 3846 sed
2418 3791 2580 3845 etiam
2613 3805 2783 3858 usque
2815 3795 2878 3842 ad
2911 3792 3226 3858 sanguinem
3253 3795 3526 3854 resistere,

1956 3887 2246 3946 muniaque
2299 3882 2444 3936 ferre
2485 3896 2764 3949 generose,
2807 3893 2860 3934 et
2907 3881 2961 3933 in
3000 3885 3100 3934 hoc
3130 3884 3310 3950 potius
3346 3888 3525 3937 exsul-

1958 3989 2095 4029 tare.
2127 3975 2342 4028 Tollere
2380 3988 2507 4026 vero
2557 3986 2779 4025 crucem
2823 3983 3034 4026 estnon
3090 3975 3231 4028 allici
3271 3976 3338 4028 ad
3387 3993 3526 4046 prac-

1957 4079 2164 4124 sentem
2208 4069 2394 4132 vitam,
2420 4079 2472 4118 et
2495 4063 2563 4119 ad
2591 4066 3097 4120 condenmationem
3135 4069 3323 4120 mortis
3371 4070 3525 4123 simi-

1955 4163 2079 4216 liter
2131 4161 2432 4213 animatum
2477 4173 2616 4222 esse,
2677 4166 2734 4210 ut
2799 4173 2902 4210 nou
2969 4159 3080 4227 ipse
3124 4159 3386 4226 patiatur,
3431 4161 3522 4214 sed

1884 4286 1926 4339 υ
1958 4261 2204 4306 mortuus
2243 4254 2313 4305 sit
2369 4260 2620 4319 peccato,
2665 4259 2714 4300 ct
2748 4249 2894 4302 vivat
2921 4249 3162 4304 Christo.
3217 4249 3328 4306 lloc
3359 4268 3522 4322 porro

1955 4345 2012 4396 llt
2038 4355 2388 4397 externorum
2415 4344 2677 4396 bonorum
2711 4340 3038 4394 alienatione
3083 4352 3136 4396 et
3161 4342 3520 4411 abdicatione,

1951 4447 2009 4490 ut
2048 4438 2474 4505 possessionum,
2508 4436 2844 4497 divitiarum,
2869 4436 3053 4501 gloriae
3086 4450 3257 4500 vanae,
3293 4447 3347 4492 et
3372 4441 3520 4493 omni

1950 4529 2218 4581 inutilium
2294 4543 2472 4581 rerum
2537 4525 2750 4578 affectu.
2815 4525 3276 4589 Quemadmodum
3358 4531 3566 4582 etiam.

1949 4620 2276 4674 sanctissimi
2332 4618 2563 4687 apestoli
2615 4617 2859 4670 fecerunt
2905 4626 2959 4669 et
2986 4616 3304 4683 docuerunt,
3363 4636 3518 4674 mon-

1949 4721 2122 4765 strato
2177 4710 2330 4764 nobis
2360 4725 2520 4763 cursu
2561 4709 2768 4760 salutis.
2806 4706 3031 4760 Relictis
3095 4708 3236 4761 enim
3267 4712 3517 4774 omnibus

1948 4801 2118 4855 secuti
2148 4810 2274 4854 sunt
2301 4799 2599 4853 Christum.
2625 4797 2812 4866 Neque
2845 4813 2972 4851 vero
3004 4807 3214 4852 tantum
3250 4803 3511 4869 apostoli,

1948 4895 2042 4946 Sed
2078 4894 2239 4945 etiam
2263 4900 2552 4960 martyres,
2579 4900 2633 4942 et
2666 4890 2858 4952 sancti,
2885 4897 2938 4943 et
2967 4888 3126 4957 justi.
3172 4891 3425 4946 Virorum
3459 4905 3515 4948 et

298 4974 376 5022 καὶ
405 4976 449 5024 οἱ
477 4975 696 5029 δίκαιοι.
737 4975 969 5045 Ἀνδρῶν
993 4994 1051 5029 τε
1090 4981 1184 5030 καί
1215 4982 1490 5048 γυναικῶν
1511 4984 1718 5051 χορεῖαι
1757 4982 1836 5044 είς

298 5056 511 5130 μυρίους’
554 5065 833 5128 κινδύνους
887 5066 1157 5130 ἐξέδωκαν
1208 5071 1464 5134 ἑαυτούς·
1534 5072 1674 5124 ἀλλὰ
1737 5073 1830 5123 καὶ

295 5153 694 5224 ἐτταυρὼθησαν
747 5157 886 5226 ὑπὲρ
924 5158 1186 5225 Χριστοῦ.
1220 5160 1445 5230 ’Έτερος
1496 5163 1551 5214 δὲ
1603 5160 1831 5224 θάνατος

288 5243 371 5295 οὐκ
396 5242 457 5312 ἦν
489 5246 670 5312 ἄδοξος
715 5249 809 5300 καὶ
855 5249 1048 5319 ἄτιμος
1084 5251 1255 5314 οὕτως
1300 5255 1393 5306 καὶ
1444 5254 1827 5318 ἐπονείδιστος,

287 5331 346 5390 ὡς
373 5335 397 5384 ὁ
425 5337 507 5389 διὰ
533 5337 788 5406 σταυροῦ.
833 5339 1224 5406 Ἐπονείδιστος
1252 5345 1359 5414 γὰρ
1406 5345 1576 5400 ἐδόκει
1602 5347 1628 5398 ό
1663 5363 1825 5399 σταυ-

292 5423 365 5485 ρὸς
386 5428 496 5478 τότε
517 5429 612 5482 καὶ
637 5430 854 5500 ἄτιμος.

1944 4979 2272 5033 leininarum
2303 4989 2476 5033 coetus
2510 4977 2736 5030 inﬁnitis
2771 4977 3034 5045 periculis
3061 4993 3117 5032 sc
3149 4979 3465 5048 objecerunt
3492 4999 3509 5046 ;

1944 5075 2076 5144 quin
2131 5072 2294 5125 etiam
2345 5069 2589 5124 cruciﬁxi
2633 5078 2759 5123 sunt
2793 5085 2889 5136 pro
2923 5071 3162 5124 Christo.
3192 5072 3310 5125 Alia
3365 5073 3510 5126 enim

1945 5181 2091 5220 mors
2117 5180 2224 5216 nou
2255 5172 2368 5217 erat
2402 5163 2474 5215 ita
2523 5162 2883 5232 ignominiosa
2918 5171 2972 5218 et
3001 5163 3395 5218 contumeliosa
3450 5173 3509 5218 ut

1944 5272 2089 5312 mors
2129 5256 2325 5310 crucis.
2377 5252 2776 5308 Contumeliosa
2848 5254 2990 5308 enim
3053 5252 3335 5307 videbatur
3387 5259 3500 5306 tum

1934 5362 2064 5402 crux
2101 5356 2152 5398 et
2182 5344 2560 5414 ignominiosa.

358 5601 376 5630 '
403 5604 550 5660 Joan.
594 5621 696 5673 xu,
725 5608 820 5663 26.
