3948 6200
403 277 499 342 27]

1341 276 1668 339 JOANNIS
1701 277 2006 339 CALEC/E
2038 279 2141 342 (ΣΡ.
2180 278 2688 342 PATRIARCH/E

3553 280 3655 347 272

473 391 584 448 Nec
614 405 740 445 vero
787 392 922 446 dixit
953 391 1220 447 Dominus
1254 407 1268 447 :
1305 389 1488 445 Tollat
1519 404 1761 456 crucem,
1817 393 1978 446 abso-

2151 395 2264 447 Οὐκ
2297 390 2419 448 εἷπε
2447 395 2507 451 δὲ
2539 396 2567 448 6
2616 397 2841 468 Κύριος,
2885 391 3018 467 ᾅραι
3053 395 3144 450 τὸν
3179 394 3414 465 σταυρὸν
3444 395 3653 462 ἀπλῶς,

405 484 538 544 Iule.
603 484 698 538 sed
751 501 957 538 crucem
1011 499 1186 546 suam,
1241 483 1365 546 ait;
1420 482 1524 536 hoc
1588 491 1694 544 est,
1745 482 1981 537 debitam

407 586 659 640 mortem,
717 592 880 645 quam
933 565 1150 643 oportet
1195 572 1438 643 quotidie
1471 582 1732 642 oppetere
1787 591 1983 628 unum-

405 681 699 735 quemque,
735 681 800 718 ex
840 665 1106 718 sententia
1140 662 1384 731 Apostoli
1423 663 1652 718 dicentis
1685 683 1700 718 :
1733 663 1984 728 Quotidie

404 759 606 812 morior
646 758 690 811 ⁸.
728 758 955 811 Portare
1002 755 1150 809 enim
1178 772 1394 811 crucem
1427 773 1524 813 nos
1551 758 1666 813 vult
1703 758 1982 822 Dominus,

408 858 490 912 ut,
523 848 873 902 continenter
907 846 1128 915 vigilare
1163 849 1369 908 animo,
1392 858 1447 902 et
1476 849 1772 904 virtutibus
1803 851 1853 904 in
1875 851 1986 906 alto

404 951 573 1003 stare,
618 955 684 993 ne
717 940 782 992 de
820 954 986 992 cruce
1017 939 1417 994 descendemus
1475 957 1490 995 :
1539 941 1640 996 hoc
1671 952 1770 1006 est,
1804 944 1986 996 couti-

404 1049 534 1090 nere
565 1047 762 1102 pravas
786 1031 1122 1094 aﬂ‘ectiones,
1145 1032 1315 1085 donec
1347 1033 1726 1088 abstrahamus
1747 1036 1984 1087 animum

407 1140 653 1183 nostrum
718 1145 746 1182 a
803 1137 1026 1198 peccato
1079 1137 1136 1183 et
1183 1108 1494 1183 affectione.
1527 1141 1582 1184 et
1637 1116 1986 1200 resurgamus

407 1223 663 1288 deinceps
695 1221 908 1276 invicti.
949 1222 1095 1276 Crux
1128 1222 1272 1276 enim
1301 1223 1478 1276 omnis
1515 1224 1724 1291 peccati
1758 1223 1987 1278 abolitio

405 1326 510 1367 est.
543 1313 941 1383 Crucitigamns
977 1328 1108 1382 ergo
1161 1314 1549 1380 nosmetipsos,
1613 1313 1811 1368 fratres
1856 1315 1984 1378 mei,

408 1406 764 1460 sza-cuiarihus
798 1407 1053 1477 negotiis,
1105 1423 1173 1462 ne
1219 1423 1280 1461 ea
1319 1408 1671 1474 attingamus,
1707 1421 1882 1476 neque
1907 1407 1986 1462 eis

405 1501 554 1553 affixi
605 1493 1008 1554 adlnereamns.
1049 1497 1180 1552 Nam
1237 1501 1341 1552 etsi
1379 1514 1490 1553 non
1551 1499 1796 1552 imminet
1830 1514 1985 1563 crux,

405 1571 498 1644 aut
533 1591 931 1646 contumeliosa
962 1606 1129 1653 mors,
1175 1590 1527 1644 afl'ectionum
1563 1599 1740 1643 tamen
1795 1594 1989 1642 morti-

407 1683 591 1736 ticatio
641 1683 909 1746 imminet,
962 1693 1017 1735 et
1078 1680 1280 1736 bellum
1337 1681 1601 1735 adversus
1656 1680 1986 1734 invisibilem

2091 485 2228 538 ἀλλά
2254 487 2363 539 τὸν
2384 486 2655 556 σταυρὸν
2683 487 2872 542 αὑτοῦ
2908 488 3079 556 λέγει,
3128 486 3378 539 τουτέστι
3399 485 3491 539 τὸν
3517 487 3662 555 ὀφει-

2091 576 2318 647 λόμενον
2349 577 2607 646 θάνατον,
2648 579 2709 632 δν
2738 580 2848 650 ἔχει
2880 583 3059 651 χρέως
3107 581 3230 634 καθ’
3268 580 3507 652 ἑκάστην
3531 581 3661 652 πλη-

2093 667 2223 737 ροῦν
2268 668 2526 733 ἕκαστος,
2572 670 2716 724 κατά
2741 671 2832 726 τὸν
2868 671 3012 724 θεῖον
3052 671 3375 726 Ἀπόστολον
3401 673 3660 740 λέγονται

2090 759 2232 815 Καθ’
2257 759 2490 829 ἡμέραν
2520 761 2890 830 ἀποθνήσκω
2911 779 2926 794 ·
2966 763 3260 834 βαστάζειν
3285 765 3394 835 γάρ
3435 766 3662 836 σταυρὸν

2091 853 2125 923 ἠ
2136 853 2242 923 μᾶς
2277 853 2528 923 βούλεται
2556 857 2585 908 6
2619 855 2817 926 Κύριος
2838 872 2854 888 ο
2879 851 2991 910 οἷον
3015 856 3281 923 διηνεκῶς
3303 859 3663 927 ἐγρηγορέναι

2091 945 2186 998 τὸν
2214 944 2357 1010 νοῦν,
2393 946 2490 1000 καὶ
2540 948 2598 1000 ἐν
2631 950 2752 1010 ταῖς
2798 949 3028 1015 ἀρεταῖς
3073 946 3158 1017 ἐφ’
3191 948 3360 1018 ῦψους
3412 950 3662 1003 ἵστασθαι

2089 1035 2186 1090 τοῦ
2224 1039 2302 1108 μὴ
2336 1038 2621 1092 κατελθεῖν
2654 1039 2764 1092 ἀπὸ
2797 1039 2890 1092 τοῦ
2943 1040 3204 1111 σταυροῦ,
3253 1041 3534 1094 τουτέστιν
3577 1044 3666 1109 ἐγ·-

2094 1128 2459 1198 κρατεύεσθαι
2491 1130 2640 1201 ἡμᾶς
2656 1131 2884 1186 ἀπὸτῶν
2907 1133 3117 1196 παθῶν,
3137 1134 3241 1195 ἓως
3261 1129 3322 1186 οὗ
3347 1134 3668 1204 ἐκκόψωμεν

2093 1218 2184 1271 τὸν
2215 1220 2338 1272 νοῦν
2372 1221 2528 1292 ἡμῶν
2583 1222 2690 1276 ἀπὸ
2734 1223 2832 1294 τῆς
2865 1225 3145 1293 ἁμαρτίας
3192 1225 3288 1277 καὶ
3339 1225 3437 1295 τῆς
3489 1226 3670 1291 ἐμπα-

2093 1309 2264 1378 θεῖας,
2291 1313 2385 1365 καὶ
2413 1314 2734 1384 ἀναστῶμεν
2759 1315 2950 1369 λοιπὸν
2972 1318 3252 1386 ἀήττητοι.
3288 1317 3348 1369 '0
3372 1318 3484 1386 γὰρ
3505 1335 3672 1370 σταυ-

2098 1400 2188 1470 ρὸς
2241 1401 2426 1473 πάσης
2455 1403 2734 1474 ἁμαρτίας
2776 1407 3120 1476 κατάργησίς
3155 1409 3292 1462 ἐστι.
3325 1409 3668 1477 Σταυρὼσω-

2097 1510 2196 1562 μεν
2245 1491 2341 1547 οὖν
2397 1495 2649 1560 ἑαυτοὺς.
2692 1497 2934 1566 ,ἀδελφοί
2987 1517 3114 1569 μου,
3152 1501 3214 1552 ἐκ
3243 1502 3354 1552 τῶν
3385 1502 3670 1571 κοσμικὼν

2094 1588 2458 1656 πραγμάτων,
2516 1588 2610 1641 τοῦ
2799 1591 3067 1644 ἅπτεσθαι
3109 1592 3204 1646 καὶ
3263 1593 3670 1662 προσηλοῦσθαι

2093 1679 2306 1740 αὐτοῖς’
2346 1678 2429 1732 ὅτι
2462 1683 2556 1734 καὶ
2594 1682 2642 1732 εί
2677 1682 2750 1751 μὴ
2783 1682 3073 1750 πρόκειται
3107 1683 3338 1752 σταυρὸς
3381 1686 3501 1755 ἦτοι
3534 1689 3671 1737 ἐποο

406 1775 686 1828 inimicum
735 1785 790 1828 et
857 1775 1094 1838 hostem,
1152 1789 1313 1843 quem
1372 1782 1426 1828 et
1479 1773 1699 1826 vincere
1773 1781 1989 1840 oportet

2098 1767 2359 1831 νείδιστος
2395 1770 2642 1836 Θάνατος,
2675 1771 2811 1824 ἀλλὰ
2835 1772 3024 1826 παθῶν
3051 1775 3319 1844 νέκρωσις
3356 1780 3668 1845 πρόκειται,

405 1881 618 1929 onmes,
648 1865 740 1936 qui
762 1866 814 1921 iu
840 1865 1114 1920 Christum
1140 1867 1390 1925 credunt,
1413 1875 1467 1916 ut
1495 1865 1666 1934 possit
1694 1864 1991 1932 unUSqnis-

406 1975 512 2025 que
545 1959 726 2026 dicere
763 1974 777 2012 :
822 1957 956 2010 Mihi
1015 1957 1240 2010 mundus
1289 1957 1579 2023 crucifixus
1624 1966 1722 2017 cst.
1791 1965 1838 2008 et
1893 1971 1987 2024 ego

405 2049 599 2103 mundo
628 2050 671 2102 ⁷.
705 2049 856 2114 Quod
909 2049 984 2102 ait
1024 2067 1038 2103 :
1073 2047 1206 2101 Mihi
1265 2046 1494 2100 mundus
1555 2046 1846 2115 cruciﬁxus
1887 2056 1986 2110 est,

409 2142 612 2196 indicat
639 2140 951 2194 libertatem
984 2154 1013 2193 a
1053 2140 1291 2208 peccatis
1316 2138 1549 2192 actionis
1579 2154 1593 2202 ;
1626 2137 1756 2191 illud
1806 2153 1931 2193 vero
1974 2156 1989 2192 :

403 2243 453 2286 et
511 2244 604 2302 ego
669 2230 908 2296 mundo,
951 2231 1226 2299 significat
1272 2232 1604 2284 vacuitatem
1649 2228 1989 2284 aﬂ'ectionmn

405 2320 594 2373 animi.
657 2319 913 2374 Nondum
960 2319 1106 2372 enim
1165 2319 1470 2372 mundanas
1521 2320 1992 2388 concupiscentias

409 2421 570 2464 vocat
610 2427 622 2463 :
657 2419 715 2466 et
767 2410 861 2480 qui
907 2411 1038 2463 vivit
1087 2409 1446 2479 spiritualiter
1469 2409 1740 2479 crucifigit
1767 2425 1882 2476 eas,
1936 2420 1992 2465 et

408 2501 723 2564 mortificat,
785 2511 841 2554 et
899 2497 1212 2555 inefficaces
1259 2500 1458 2564 reddit,
1523 2510 1581 2553 ut
1643 2507 1748 2555 non
1779 2502 1988 2570 possint

405 2595 582 2664 ipsum
609 2594 827 2648 vincere
855 2609 920 2647 ac
957 2609 1242 2664 superare,
1268 2605 1320 2648 et
1352 2595 1416 2647 ad
1441 2593 1676 2647 actionis
1704 2604 1986 2662 peccatum

407 2687 651 2756 adigere,
692 2685 785 2738 sed
837 2693 892 2740 et
925 2684 1042 2754 ipse
1079 2682 1440 2740 mortiﬁcatus
1465 2693 1549 2738 est
1593 2683 1990 2752 concupiscent-

410 2779 519 2841 tiis,
557 2777 609 2830 id
639 2786 743 2842 est,
779 2791 884 2830 non
920 2785 1168 2830 movetur
1196 2775 1265 2828 ab
1289 2774 1390 2828 eis.

2095 1860 2186 1912 καὶ
2211 1862 2238 1911 6
2265 1861 2399 1932 πρὸς
2427 1862 2518 1914 τ²ν
2549 1864 2780 1931 ἀόρατον
2808 1864 3002 1934 ἐχθρὸν
3031 1868 3122 1918 καὶ
3148 1867 3403 1935 πολέμιον
3432 1885 3674 1937 συγκρο-

2094 1950 2358 2017 τούμενος
2391 1952 2648 2022 πόλεμος,
2696 1954 2756 2007 ὃν
2795 1958 2888 2008 καὶ
2930 1958 3149 2027 νικῆσαι
3181 1958 3264 2011 δεῖ
3303 1962 3510 2024 πάντας
3541 1963 3675 2024 τοὺς

2096 2044 2176 2105 είς
2207 2042 2446 2122 Χριστὸν
2477 2045 2859 2112 πιστεύοντας,
2889 2048 3030 2104 ὥστε
3059 2049 3317 2104 δύνασθαι
3341 2053 3520 2118 λέγειν
3541 2052 3677 2105 ἕκα-

2101 2152 2224 2188 στον
2246 2152 2258 2167 ’
2305 2137 2465 2206 Ἐμοὶ
2501 2141 2533 2192 ό
2576 2141 2805 2209 κόσμος
2837 2142 3226 2212 ἐσταύρωται,
3263 2143 3424 2212 κάγὼ
3456 2144 3536 2210 τῷ
3572 2148 3679 2199 κόη

2097 2240 2256 2292 σμῳο
2280 2227 2534 2296 ἐμφαίνει
2555 2228 2611 2282 δὲ
2645 2230 2704 2282 τὸ
2728 2231 2848 2299 μὲν,
2867 2232 3028 2298 Ἐμοί
3065 2237 3098 2288 ὀ
3121 2236 3349 2304 κόσμος
3368 2237 3677 2306 ἐσταύρω-

2097 2333 2214 2382 ται,
2243 2319 2344 2389 τὴν
2371 2319 2685 2394 ἐλευθερίαν
2718 2327 2818 2394 τῆς
2847 2327 2990 2379 κατά
3035 2327 3234 2396 πρᾶξιν
3264 2328 3538 2399 ἀμαρτὶας
3560 2345 3574 2362 ·
3608 2332 3680 2383 ’τὸ

2096 2411 2172 2474 δὲ,
2207 2412 2368 2481 κάγὼ
2401 2411 2480 2478 τῷ
2514 2417 2743 2484 κόσμῳ,
2771 2416 2924 2487 δηλοί
2951 2418 3053 2488 τὴν
3078 2419 3222 2472 κατά
3255 2419 3498 2474 διάνοιαν
3528 2422 3679 2475 ἀπά-

2100 2500 2270 2558 θειαν.
2313 2503 2532 2574 Κόσμον
2565 2507 2675 2577 γὰρ
2704 2507 2803 2571 τὰς
2843 2509 3118 2579 κοσμικὰς
3159 2510 3455 2578 ἐπιθυμίας
3481 2514 3638 2579 λέγει
3661 2531 3676 2546 ·

2098 2593 2192 2644 καὶ
2219 2594 2246 2646 6
2279 2591 2388 2656 ζῶν
2419 2597 2807 2665 πνευματικῶς
2838 2603 3069 2670 σταυροί
3087 2600 3294 2666 ταύτας
3323 2605 3417 2657 καὶ
3463 2609 3679 2674 νεκροῖ,

2097 2685 2194 2736 καὶ
2231 2685 2410 2754 ἀργὰς
2451 2687 2832 2754 ἀποδείκνυσι,
2867 2692 2943 2760 μὴ
2971 2692 3280 2762 δυναμένας
3313 2695 3542 2766 ἡττῆσαι
3573 2701 3682 2750 καὶ

2101 2774 2324 2843 νικῆσαι
2384 2777 2588 2841 αὑτὸν,
2651 2781 2745 2832 καὶ
2802 2784 2867 2852 τῇ
2929 2784 3069 2836 κατά
3123 2783 3322 2855 πρᾶξιν
3379 2786 3685 2842 ὑποϐαλεῖν

404 2870 688 2942 ἁμαρτίᾳ·
728 2869 867 2924 ἀλλά
901 2870 996 2922 καὶ
1045 2867 1208 2932 αὐτὸς
1243 2856 1453 2930 ἀὑταῖς
1488 2865 1818 2935 νενέκρωται
1858 2869 1984 2930 ταῖς
2023 2865 2369 2937 ἐπιθυμίαις,
2402 2871 2707 2938 τουτέστιν,
2737 2872 2798 2926 οὗ
2843 2875 3129 2947 κεκίνηται
3163 2879 3299 2947 πρὸς
3370 2880 3682 2950 ἐπιθυμίαν

409 2982 610 3018 αυτων.

481 3057 616 3122 Quia
669 3069 797 3109 vero
829 3054 942 3109 lteri
995 3041 1198 3124 potest,
1228 3065 1283 3110 ut
1314 3059 1435 3126 quis
1465 3059 1725 3128 patiatur,
1767 3074 1868 3112 nec
1902 3067 1982 3110 ta-

413 3163 535 3203 rueu
566 3157 832 3214 sequatur
861 3147 1167 3212 Christum,
1201 3157 1256 3201 ut
1306 3165 1428 3203 cum
1483 3151 1605 3220 quis
1635 3152 1858 3221 patitur,
1893 3152 1985 3204 sed

411 3253 518 3292 non
546 3249 767 3305 propter
797 3235 1074 3291 Christum
1102 3254 1117 3290 :
1150 3239 1352 3293 ctenim
1382 3256 1526 3309 saepe
1563 3243 1724 3296 etiam
1760 3242 1987 3295 malefici

413 3329 580 3382 multa
611 3345 803 3400 aspera
831 3330 1235 3397 perpetiuntur,
1261 3333 1638 3400 sepulcrorum
1673 3336 1988 3396 elIOssores.

417 3421 871 3493 praestigiatores,
931 3421 1242 3488 homicidm,
1277 3424 1448 3491 fures,
1491 3428 1794 3495 praadoues,
1832 3428 1994 3482 latro-

416 3531 513 3569 nes
546 3534 560 3570 :
603 3531 669 3568 ne
710 3517 833 3583 quis
863 3515 1144 3569 existimet
1179 3515 1424 3572 suilicere
1471 3519 1583 3572 sola
1615 3528 1884 3573 tormenta
1924 3521 1991 3574 ad

415 3607 678 3672 salutem,
715 3608 865 3661 addit
903 3606 1163 3662 Christus
1195 3625 1209 3661 :
1241 3608 1524 3680 .Sequatnr
1550 3627 1651 3675 me,
1684 3621 1742 3665 ut
1793 3611 1994 3666 indicet

413 3708 668 3766 Oportere
697 3713 791 3752 sua
821 3714 988 3752 causa
1017 3700 1290 3754 sustinere
1319 3703 1514 3755 acerba
1546 3703 1777 3772 qumvis,
1815 3718 1991 3772 neque

418 3801 629 3843 tantum
675 3791 728 3844 iu
765 3792 924 3844 malis
971 3791 1315 3861 perferendis
1344 3791 1718 3848 fortitudinem
1767 3804 1822 3848 et
1857 3795 1993 3848 tule-

417 3883 646 3936 rautiam
695 3885 978 3948 adhibere,
1005 3888 1099 3938 sed
1150 3887 1315 3940 etiam
1350 3887 1788 3955 temperantiam,
1829 3889 1996 3955 atqui-

417 3987 606 4042 tnteru,
637 3987 690 4030 et
722 3978 900 4030 omnia
934 3991 1131 4031 caetera
1187 3979 1440 4032 mamlata
1494 3979 1737 4048 exsequi.
1774 3980 1996 4049 Signifi-

416 4079 572 4125 catnr
608 4071 754 4123 enim
809 4070 915 4123 illis
965 4072 1191 4124 verbis:
1229 4070 1498 4140 Sequatur
1543 4087 1642 4136 me,
1678 4073 1728 4124 in
1777 4088 1993 4125 omnem

423 4163 674 4215 \it'ltttetlt
730 4161 1153 4215 incumbendum
1185 4177 1327 4217 esse.
1366 4163 1618 4230 Seipsum
1652 4165 1846 4217 deinde
1898 4165 1997 4217 ab-

423 4263 585 4322 negat
635 4253 779 4320 quis,
833 4253 926 4320 qui
986 4254 1365 4318 facultatibus,
1409 4257 1608 4325 quibus
1665 4257 1896 4324 pollebat
1943 4264 1997 4310 et

419 4331 650 4409 quorum
688 4343 946 4398 dominus
994 4357 1134 4412 erat,
1167 4348 1449 4417 dispersis,
1481 4358 1534 4402 et
1581 4350 1772 4401 nuntio
1816 4347 1994 4400 omni-

2173 3052 2330 3106 Ἐπεὶ
2358 3050 2415 3105 δὲ
2439 3049 2554 3105 ἔστι
2580 3052 2861 3123 πάσχοντα
2892 3055 2966 3127 μὴ
2988 3055 3304 3112 ἀκολουθεῖν
3324 3059 3402 3131 τῷ
3425 3062 3471 3114 Χ
3479 3065 3682 3132 ριστῷ,

2091 3143 2167 3208 ὡς
2193 3145 2320 3197 ὅταν
2353 3144 2581 3213 πάσχων
2609 3147 2677 3198 τά
2725 3147 2800 3218 μὴ
2835 3148 2906 3201 δι’
2950 3150 3115 3203 αὑτὸν
3151 3155 3386 3221 πάσλει·
3435 3157 3530 3208 καὶ
3559 3158 3682 3228 γὰρ

2094 3235 2184 3286 καὶ
2217 3231 2808 3304 κακοῦργοιπολλάκις
2852 3238 3026 3292 πολλὰ
3063 3239 3211 3294 δεινά
3245 3244 3535 3314 πάσχουσι,
3575 3259 3683 3299 και

2091 3325 2469 3396 τυμδωρύχοι,
2501 3329 2594 3380 καὶ
2621 3329 2836 3398 γόητες,
2885 3332 2981 3386 καὶ
3023 3337 3224 3400 φονεῖς,
3275 3337 3374 3389 καὶ
3413 3338 3686 3408 κλέπται,

2094 3418 2186 3468 καὶ
2234 3417 2456 3488 λῃσταί’
2493 3419 2578 3469 ἵνα
2616 3421 2688 3488 μή
2718 3437 2798 3484 τις
2836 3424 3036 3494 νομίσῃ
3073 3425 3154 3478 ὅτι
3203 3427 3368 3494 ἀρκεῖ
3415 3430 3575 3496 μόνον
3605 3436 3686 3486 τὰ

2091 3513 2241 3564 δεινὰ
2292 3514 2430 3582 πρὸς
2470 3516 2784 3584 σωτηρίαν,
2831 3520 2924 3570 καὶ
2982 3520 3065 3585 τὸ,
3101 3519 3522 3577 Ἀκολουθείτω
3543 3543 3687 3594 μοι,

2095 3605 2456 3675 προστίθησιν
2507 3607 2535 3658 6
2591 3609 2844 3677 Χριστὸς,
2893 3610 3111 3673 δεικνὺς
3160 3613 3242 3666 ὅτι
3278 3613 3348 3666 δι’
3387 3615 3549 3668 αὑτὸν
3596 3619 3690 3672 δεῖ

2094 3696 2384 3764 ὑπομένειν
2414 3698 2480 3748 τὰ
2516 3695 2664 3751 δεινά
2720 3699 2953 3767 ἅπαντα,
3005 3703 3101 3754 καὶ
3131 3703 3212 3755 ὅτι
3256 3704 3315 3756 οὗ
3371 3705 3532 3774 μόνον
3564 3709 3684 3778 χρὴ

2093 3789 2192 3856 τὴν
2223 3788 2282 3841 ἐν
2311 3791 2422 3851 τοῖς
2453 3792 2647 3852 δεινοῖς
2695 3793 2952 3861 ἀνδρείαν
2987 3795 3086 3848 καὶ
3131 3797 3430 3866 καρτερίαν
3467 3799 3681 3852 ἐπιδεί-

2096 3880 2349 3943 κνυσθαι,
2382 3882 2519 3935 ἀλλὰ
2548 3883 2642 3934 καὶ
2673 3885 3050 3954 σωφροσύνην,
3089 3887 3185 3938 καὶ
3219 3887 3542 3954 ἐπιείκειαν,
3579 3897 3686 3946 καὶ

2099 3973 2278 4023 πᾶσαν
2313 3970 2482 4039 ἀλλην
2513 3973 2734 4042 ἐντολὴν
2767 3975 3122 4043 μετέρχεσθαι
3146 3995 3158 4008 ο
3197 3977 3358 4030 τοῦτο
3383 3980 3492 4049 γὰρ
3518 3979 3684 4044 δηλοῖ

2095 4061 2156 4114 τὸ
2181 4061 2600 4118 Ἀκολουθείτω
2633 4081 2733 4134 μοι
2762 4106 2777 4130 ,
2825 4069 2886 4118 τὸ
2914 4069 3292 4138 ἐπιμελεῖσθαι
3327 4071 3504 4140 πάσης
3546 4071 3687 4143 ἀρεο

2096 4153 2217 4222 τῆς.
2255 4154 2708 4225 ’Δπαρνεῖταίτις
2738 4158 2951 4221 ἑαυτὸν,
2990 4160 3018 4211 6
3058 4159 3126 4212 τὰ
3166 4161 3414 4228 παρόντα
3446 4165 3684 4232 σκορπί-

2100 4261 2196 4306 ca;
2232 4245 2410 4298 πάντα
2435 4247 2535 4299 ὅσα
2568 4249 2857 4318 ἐκέκτητο,
2893 4252 2986 4303 καὶ
3017 4245 3092 4304 ὧν
3131 4251 3320 4322 κύριος
3350 4256 3444 4307 καὶ
3480 4254 3685 4307 δεσπό-

2097 4355 2196 4406 της
2223 4334 2314 4410 ἦν,
2350 4343 2589 4401 καὶτοῖς
2641 4347 2925 4411 σαρκικοῖς
2966 4345 3102 4398 πᾶσι
3143 4347 3488 4416 φρονήμασιν
3536 4347 3682 4399 ἀπο-

425 4440 524 4486 t-us
567 4434 750 4486 carnis
796 4434 1222 4503 rogitatiombus
1270 4437 1516 4499 remisso,
1543 4453 1757 4490 crucem
1801 4437 1990 4492 deinde

2098 4430 2425 4500 ταξάμενος,
2461 4427 2578 4484 εἶτα
2601 4433 2692 4485 τὸν
2728 4435 2961 4505 σταυρὸν
2980 4437 3144 4507 αἴρει,
3178 4438 3298 4500 ὅλος
3325 4439 3433 4492 τῶν
3463 4439 3684 4495 ἐκεῖθεν

435 4527 592 4590 tollit,
623 4536 765 4580 totus
795 4529 860 4580 ad
895 4529 1139 4582 caelestia
1171 4531 1308 4583 bona
1335 4545 1651 4595 conversus,
1672 4545 2000 4601 prorsusque

435 4619 787 4672 ι‹ϊιοδιιιι›υε
822 4636 883 4674 se
931 4619 1183 4687 abdicat,
1215 4633 1268 4676 et
1302 4622 1546 4690 sequitur
1581 4622 1877 4687 Christum,
1906 4623 1998 4692 qui

431 4725 620 4763 an:an
671 4712 792 4763 boni
828 4711 1147 4782 honestique
1181 4715 1294 4766 ha-c.
1327 4715 1475 4776 facit,
1515 4727 1618 4765 non
1649 4711 1831 4780 gloria:
1860 4715 1997 4768 alte—

429 4803 610 4856 riusve
652 4801 776 4854 talis
808 4802 1083 4856 commodi
1115 4801 1312 4871 gratia.
1352 4800 1402 4856 ls
1433 4803 1573 4856 enim
1599 4817 1724 4856 vere
1753 4805 1997 4870 sequitur

433 4889 740 4956 t‘hristum,
775 4905 899 4944 cum
929 4889 1050 4960 ejus
1081 4891 1293 4947 vivendi
1339 4892 1598 4947 rationem
1632 4894 1992 4963 persequitur.

429 4980 535 5032 lter
567 4981 712 5034 enim
748 4991 978 5050 rectum,
1010 4998 1120 5054 quo
1147 4982 1349 5038 Christi
1387 4983 1629 5052 vestigiis
1671 4984 1991 5049 insistimus,

423 5087 468 5126 ιτι
499 5074 616 5141 ejus
643 5075 896 5138 imitatio,
923 5091 1180 5131 coronam
1211 5091 1425 5146 quoque
1455 5075 1736 5140 conciliat,
1756 5091 1992 5144 sequen-

430 5171 574 5220 tibus
635 5168 1002 5235 promissam:
1048 5179 1104 5222 at
1139 5183 1267 5223 vero
1310 5167 1588 5236 obliquum
1635 5166 1784 5234 illud,
1842 5177 1897 5222 et
1943 5168 1994 5222 in

425 5258 452 5308 .1
495 5267 702 5310 xteram
745 5267 798 5310 ct
858 5258 1140 5311 sinistram
1190 5256 1496 5321 declinans,
1533 5255 1633 5310 etsi
1671 5256 1867 5311 ducere
1904 5271 1997 5326 per

427 5348 623 5402 Christi
660 5348 884 5414 vestigia
915 5349 1152 5414 videtur,
1183 5363 1242 5404 re
1293 5357 1475 5404 tamen
1509 5363 1638 5404 vera
1691 5347 1846 5412 fallit,
1884 5363 2000 5402 om-

428 5455 656 5511 nemque
683 5455 906 5508 Operam
943 5441 1141 5508 perdit.

497 5534 600 5598 Qui
627 5533 761 5587 enim
788 5534 1009 5587 voluerit
1061 5533 1297 5588 animum
1347 5549 1500 5587 suam
1546 5534 1744 5588 salvam
1795 5532 1993 5601 facere,

498 5707 515 5737 ‘
552 5707 568 5760 Ι
603 5709 729 5763 Cor.
775 5725 862 5774 xv,
897 5709 986 5765 3|.
1065 5709 1288 5773 ’Gnlat.
1330 5725 1402 5772 vi,
1451 5708 1534 5762 14.

2102 4521 2415 4591 γενόμενος,
2471 4531 2564 4576 καὶ
2612 4525 2745 4592 πρὸς
2773 4525 2946 4578 ταῦτα
2995 4527 3050 4578 δέ
3102 4529 3176 4596 μὴ
3207 4529 3682 4598 ἐπιστρεφόμενος

2099 4610 2376 4664 ὁπωσοῦν·
2429 4615 2522 4664 καὶ
2570 4613 2852 4667 ἀκολουθεῖ
2892 4615 2970 4687 τῷ
3017 4617 3238 4688 Χριστῷ
3266 4621 3294 4672 6
3323 4619 3411 4672 διὰ
3443 4621 3544 4688 τὴν
3573 4622 3678 4674 τοῦ

2100 4699 2310 4768 ἀγαθοῦ
2337 4701 2501 4769 φύσιν
2531 4704 2704 4757 ταῦτα
2745 4707 2935 4769 ποιῶν,
2977 4713 3069 4760 καὶ
3108 4709 3182 4779 μὴ
3213 4709 3302 4763 διὰ
3329 4709 3488 4774 δόξαν
3513 4712 3681 4782 τυχὸν

2100 4794 2194 4847 καὶ
2248 4793 2414 4862 ἀλλην
2439 4797 2559 4847 τινὰ
2609 4796 2960 4867 ἀνθρωπίνην
3005 4801 3304 4871 πρόφασιν.
3358 4797 3525 4868 Οὗτος
3565 4805 3681 4877 γὰρ

2097 4885 2265 4948 ὅντως
2311 4887 2595 4939 ἀκολουθεῖ
2616 4887 2693 4957 τῷ
2733 4887 2973 4960 Χριστῷ,
3003 4893 3102 4962 τὴν
3126 4893 3294 4965 αὐτὴν
3328 4895 3476 4966 αὑτῷ
3525 4896 3682 4949 πολι-

2096 4978 2252 5031 τείαν
2277 4979 2368 5029 καὶ⁵
2397 4977 2558 5040 αὐτὸς
2603 4979 3082 5050 διαπορευόμενος.
3127 4984 3192 5036 Ἦ
3223 4987 3333 5056 γὰρ
3374 4986 3495 5040 κατ’
3526 4989 3678 5058 ἴχνος

2101 5066 2298 5135 πορεία
2331 5067 2424 5118 καὶ⁵
2451 5065 2809 5138 ἀκολούθησις
2844 5068 2937 5121 τοῦ
2973 5068 3214 5140 Χριστοῦ
3248 5073 3341 5123 καὶ
3363 5071 3453 5124 ὠν
3481 5073 3574 5125 ἐπὶ
3603 5077 3675 5144 τῇ

2093 5156 2457 5228 ἀκολουθήσει
2505 5158 2768 5227 στέφανον
2795 5161 3048 5231 προξενεῖ
3065 5179 3080 5193 σ
3110 5163 3565 5231 παραλλάττουσα
3592 5165 3677 5228 δὲ,

2094 5251 2188 5303 καὶ
2212 5252 2292 5314 είς
2318 5251 2386 5304 τά
2411 5251 2558 5315 δεξιὰ
2589 5253 2680 5303 καὶ
2703 5254 2784 5314 είς
2827 5255 2896 5304 τὰ
2921 5255 3183 5324 ἀριστερά
3209 5256 3678 5326 παρεκκλίνουσα,

2097 5344 2247 5396 εἶκαὶ
2304 5344 2727 5398 κατακολουθεῖν
2757 5345 2924 5413 δοκεῖ,
2957 5347 3072 5400 ἀλλ’
3092 5347 3185 5402 οὖν
3206 5348 3424 5419 ἀληθῶς
3445 5365 3682 5420 ματαιο-

2099 5453 2272 5488 πονει.

2180 5531 2285 5594 Ὃς
2315 5528 2426 5598 γὰρ
2471 5531 2580 5585 ἐὰν
2632 5530 2776 5597 θέλῃ
2809 5535 2922 5599 τὴν
2967 5531 3181 5602 ψυχὴν
3223 5532 3411 5592 αὐτοῦ
3455 5533 3684 5602 σῶσαι,
