3930 6204
281 384 366 447 2'3
1415 374 1697 435 ORATIO
1732 374 1755 432 Ι
1766 376 1811 435 Ν
1856 386 1863 431 :

1969 376 2292 437 CRUCEM.
3356 368 3462 431 274

280 492 529 549 ἀπολέσει
554 487 748 557 αὑτήν
772 505 785 519 ·
818 489 885 554 δς
917 487 969 541 δ’
995 487 1073 542 ἂν
1099 486 1389 541 ἀπολέσει
1431 488 1548 555 τὴν
1590 485 1810 541 ἑαυτοῦ
1840 493 1863 547 Α

1969 487 2093 541 rrdet
2140 489 2417 557 eam:qui
2471 498 2647 540 autem
2693 484 2975 553 perdiderit
3026 484 3258 535 animam
3323 496 3474 535 suam

281 588 454 656 ψυχὴν
500 584 712 637 ἕνεκεν
738 580 886 649 ἐμοῦ
917 578 1017 632 καὶ
1049 577 1155 632 τοῦ
1191 578 1584 648 Εὐαγγελιου,
1624 571 1803 641 οὗτος

1969 589 2123 648 'opter
2156 596 2237 633 me
2297 590 2345 634 et
2390 578 2759 649 Evangelium,
2792 579 2836 631 is
2880 576 3081 631 salvam
3127 575 3285 643 faciet
3333 588 3475 627 eam.

280 682 433 733 σώσει
466 674 675 741 αὑτήν.
712 671 920 734 Γλυκύς
950 673 1098 725 ἐστιν
1122 672 1150 723 6
1178 673 1369 741 παρὼν
1402 670 1537 740 βίος,
1553 670 1614 723 οὐ
1648 671 1814 723 πᾶσιν

1969 672 2097 726 nlcis
2133 682 2216 727 est
2251 687 2494 740 presens
2527 672 2659 736 vita,
2695 686 2800 727 non
2847 668 3103 724 omnibus
3138 665 3475 726 hominibus,

281 765 580 835 ἀνθρώποις,
622 762 760 817 ἀλλὰ
814 761 928 822 τοῖς
973 758 1441 829 προσηλουμένοις
1491 759 1664 828 αὐτῷ,
1717 758 1816 811 καὶ

1969 764 2014 815 :d
2044 761 2108 815 iis
2126 762 2286 830 quiei
2308 761 2448 814 affixi
2474 772 2618 824 sunt,
2639 770 2692 815 et
2720 759 2999 815 vinculum
3016 766 3094 811 est
3130 755 3474 823 praesentium

280 858 445 926 δεσμός
483 856 631 907 ἐστιν
661 854 694 922 ἡ
720 851 853 921 πρὸς
875 850 943 904 τὰ
969 849 1218 921 παρόντα
1249 850 1528 920 συνήθεια.
1576 849 1815 916 Ἐνὰγων

1969 870 2050 908 ills
2088 863 2144 909 et
2187 853 2543 907 consuetudo.
2571 849 2643 908 Ut
2675 867 2803 920 ergo
2839 866 2938 905 nos
2987 849 3266 902 induceret
3302 848 3367 899 ad
3412 846 3480 898 li-

279 951 431 1001 τοὶνυν
452 947 596 1013 ἡμᾶς
623 943 759 1013 πρὸς
790 940 1104 1011 ἐλευθερίαν
1132 944 1159 994 6
1189 942 1413 1011 Κύριος,
1445 942 1599 1009 ἔλεγε
1616 941 1814 1002 ταῦτα.

1969 955 2182 999 :rtatetn
2216 945 2496 1007 Dominus,
2530 942 2618 996 illa
2669 942 2825 1004 dixit,
2861 938 3234 1009 praenuntiatus
3293 951 3481 1004 perse-

284 1038 534 1108 προδηλῶν
559 1036 689 1097 τοὺς
723 1034 1018 1102 διωγμοὺς,
1060 1031 1155 1096 οὓς
1190 1032 1415 1103 ἔμελλον
1449 1034 1496 1085 οἱ
1537 1034 1616 1097 είς
1653 1030 1818 1086 αὐτὸν

1969 1039 2189 1097 stiones,
2222 1050 2360 1105 quas
2412 1035 2450 1088 ii
2480 1035 2571 1103 qui
2630 1034 2685 1086 in
2746 1033 2919 1099 ipsqu
2972 1030 3356 1092 credidissent,
3390 1043 3484 1096 per

279 1126 673 1185 πεπιστευκότες
699 1124 841 1176 κατὰ
866 1124 1041 1175 πᾶσαν
1068 1121 1219 1174 πόλιν
1250 1122 1348 1174 καὶ
1386 1119 1570 1190 χώραν
1595 1120 1818 1187 ὑφίστα-

1969 1147 2113 1185 mncs
2145 1131 2393 1183 civitates
2422 1137 2473 1181 et
2510 1128 2755 1195 regiones
2786 1125 3015 1181 subituri
3050 1134 3227 1178 erant.
3265 1122 3318 1174 Si
3358 1121 3483 1189 quis

281 1220 400 1272 σθαι.
428 1217 492 1268 Et
514 1233 596 1275 τις
628 1211 745 1277 οὖν,
779 1213 937 1281 φησὶ,
964 1214 1086 1265 τότε
1127 1213 1224 1280 τῆς
1265 1210 1461 1264 ἑαυτοῦ
1491 1211 1666 1281 ψυχῆς
1700 1212 1819 1281 φεί-

1969 1236 2053 1285 rgo
2086 1228 2221 1280 tum,
2256 1219 2449 1285 inquit,
2479 1218 2674 1270 anima:
2702 1232 2813 1270 suae
2842 1216 3143 1284 pepercerit
3177 1215 3303 1281 (hoc
3336 1212 3480 1265 enim
3556 1220 3565 1225 '

281 1326 442 1361 astat'
477 1307 639 1358 τοῦτο
684 1308 794 1373 γὰρ
849 1304 1105 1372 σημαίνει
1150 1302 1213 1356 τὸ
1260 1304 1490 1357 σῶσαι·
1561 1302 1823 1356 ἀπολέσει

1969 1309 2198 1377 iguiiicat
2227 1308 2352 1361 illud
2386 1324 2400 1362 :
2441 1306 2643 1361 salvam
2675 1306 2895 1376 facere),
2924 1306 3114 1374 perdet
3146 1319 3263 1357 eam
3294 1303 3347 1355 in
3390 1317 3490 1352 sa?-

281 1400 421 1468 αὐτὴν
447 1401 505 1449 ὲν
541 1397 617 1464 τῷ
652 1396 809 1449 αἰῶνι
839 1395 916 1460 τῷ
957 1394 1241 1463 μέλλοντι,
1291 1395 1411 1447 ἀντὶ
1438 1392 1554 1455 τοῦ,
1579 1393 1825 1463 τιμωρίᾳ

1969 1400 2050 1453 ulo
2078 1399 2278 1464 futuro,
2311 1402 2411 1453 hoc
2435 1408 2540 1461 est,
2586 1400 2637 1452 in
2664 1408 2952 1467 perpetuas
2978 1411 3099 1448 eam
3134 1409 3321 1464 pcenas
3352 1409 3490 1460 pra--

283 1490 427 1556 αὐτὴν
478 1486 840 1556 παραπέμψει
880 1485 1140 1552 διηνεκεῖ.
1180 1482 1455 1535 Ἀπώλεια
1498 1483 1606 1553 γὰρ
1650 1484 1828 1553 ψυχῆς

1969 1492 2195 1561 ipitabit.
2230 1491 2470 1545 Perditio
2502 1490 2645 1541 enim
2677 1491 2872 1542 anima:
2921 1498 3023 1552 est,
3053 1502 3159 1539 non
3204 1484 3486 1538 dissolutio

282 1581 363 1647 οὐχ
386 1582 415 1645 ὴ
440 1581 521 1641 εἰς
554 1578 615 1629 τὸ
649 1576 723 1647 μὴ
764 1575 821 1628 ὂν
851 1574 1096 1637 διάλυσις
1144 1576 1315 1640 ἐστιν,
1356 1573 1473 1627 ἀλλ’
1511 1576 1546 1644 ἡ
1574 1574 1829 1645 διηνεκὴς

1969 1600 1983 1636 ι
2018 1583 2272 1645 nihilum,
2298 1580 2391 1635 sed
2425 1591 2740 1651 perpetuum
2767 1578 3107 1646 supplicium,
3129 1586 3182 1631 et
3213 1590 3489 1643 nunquam

282 1670 494 1737 τιμωρία
554 1669 651 1719 καὶ
697 1668 1121 1739 ἀκατάπαυστος
1143 1681 1161 1697 ⁹
1192 1665 1285 1717 καὶ
1313 1668 1340 1717 ὁ
1383 1665 1699 1735 φειδόμενος
1731 1666 1830 1735 τῆς
1862 1730 1863 1737 χ

1972 1673 2243 1726 niendutn.
2277 1671 2339 1726 Et
2395 1670 2485 1739 qui
2516 1670 2688 1737 parcit
2734 1670 2929 1722 anima:
2976 1681 3088 1721 sua
3148 1666 3249 1720 hoc
3306 1665 3487 1725 modo,

283 1762 432 1830 ψυχῆς
461 1759 629 1813 αὑτοῦ
690 1758 876 1811 τοῦτον
919 1757 1011 1809 τὸν
1047 1756 1247 1825 τρόπον
1274 1756 1569 1809 ἀπόλλυσιν
1618 1757 1823 1826 αὐτήν⁶
1860 1772 1863 1779 ‘

1969 1763 2110 1816 erdit
2139 1776 2256 1816 eam
2287 1778 2301 1823 ;
2336 1762 2427 1830 qui
2463 1776 2593 1814 vero
2629 1774 2733 1812 non
2768 1759 2961 1826 parcit,
2992 1758 3197 1810 salvam
3225 1755 3371 1808 facit.
3400 1753 3495 1806 At-

284 1852 381 1903 ὀδὲ
416 1850 490 1920 μὴ
540 1849 855 1917 φειδόμενος
923 1846 1121 1909 σώζει·
1176 1846 1273 1899 καὶ
1326 1844 1486 1898 τοῦτο
1533 1846 1698 1913 σοφός
1742 1862 1829 1906 τις

1971 1867 2039 1905 ue
2068 1852 2169 1904 hoc
2224 1852 2440 1920 sapiens
2469 1850 2689 1918 quidam
2740 1849 2877 1903 dixit
2908 1863 2923 1904 :
2955 1848 3013 1901 Si
3062 1845 3383 1915 corripueris
3427 1844 3493 1910 [i-

1932 1943 2059 1996 lium
2087 1952 2235 1995 tuum
2271 1944 2324 1995 in
2350 1943 2523 2011 virga,
2561 1957 2665 1993 non
2702 1943 2977 1999 morietur.
3008 1938 3095 1991 sed
3128 1938 3357 1990 animam
3386 1938 3497 2002 ejus

1933 2049 1964 2083 α
2004 2041 2169 2103 morte
2200 2032 2485 2086 liberabis8
2512 2050 2528 2098 ;
2571 2040 2627 2085 et
2666 2047 2855 2085 rursus
2887 2048 2900 2085 :
2939 2029 3043 2095 Qui
3077 2028 3357 2082 blanditur
3385 2027 3498 2094 ﬁlio

284 2129 422 2193 ῥύσῃ
446 2143 459 2155 ·
502 2125 596 2177 καὶ
619 2124 781 2176 πάλιν
801 2138 815 2151 ·
856 2123 913 2173 Ὁ
946 2120 1296 2190 περιψύχων
1324 2118 1430 2172 τὸν
1455 2120 1590 2173 υἱὸν
1622 2119 1834 2182 αὐτοῦ,

1969 2139 2050 2186 uo,
2113 2124 2165 2176 id
2224 2131 2329 2186 est,
2390 2123 2698 2188 miseretur,
2748 2122 3001 2191 obligabit
3060 2122 3276 2175 uolnera
3316 2120 3495 2186 ejus'.

290 2218 546 2270 τουτέστιν
595 2216 784 2279 ἐλεῶν,
816 2211 1146 2277 καταδήσει
1186 2210 1260 2264 τὰ
1286 2210 1595 2279 τραύματα
1622 2209 1832 2264 αὑτοῦ.

1969 2212 2049 2265 loc
2082 2220 2133 2265 et
2172 2213 2222 2264 in
2260 2212 2504 2266 exercitu
2537 2212 2823 2281 contingit.
2862 2213 2917 2264 Si
2956 2226 3189 2280 nam1ne
3221 2212 3325 2263 dux
3378 2224 3501 2277 par-

290 2310 440 2363 Τοῦτο
497 2308 593 2361 καὶ
644 2310 739 2361 ἐπὶ
799 2305 1149 2376 στρατοπέδῳ
1205 2303 1435 2371 γίνεται.
1481 2301 1608 2355 Ἐὰν
1651 2303 1758 2372 γὰρ
1807 2304 1837 2357 6

1973 2314 2027 2359 at
2065 2304 2352 2367 militibus,
2378 2320 2580 2373 eosque
2610 2306 2954 2358 continenter
2987 2318 3207 2357 manere
3238 2303 3375 2357 intra
3406 2317 3499 2354 ca-

292 2403 574 2472 στρατηγὸς
601 2400 918 2470 φειδόμενος
942 2398 1050 2450 τῶν
1079 2396 1426 2466 στρατιωτῶν
1449 2394 1597 2450 ἔνδον
1622 2394 1837 2449 κελεύει

1969 2406 2048 2449 tra
2077 2396 2289 2466 jubeat,
2321 2411 2415 2451 eos
2458 2410 2670 2465 quoque
2712 2396 2802 2467 qui
2838 2404 2991 2450 extra
3042 2405 3190 2460 sunt,
3220 2411 3325 2448 una
3374 2409 3497 2447 cum

296 2495 459 2559 μένειν
483 2493 572 2545 διὰ
606 2490 824 2555 παντὸς,
853 2489 949 2543 καὶ
977 2491 1103 2553 τοὺς
1127 2488 1284 2552 ἐκτὸς
1316 2489 1414 2543 σὺν
1444 2488 1628 2551 αὐτοῖς
1662 2504 1835 2560 προσ-

1969 2489 2045 2543 llis
2077 2489 2273 2559 perdit.

292 2583 590 2634 απὸλλυσιν.

355 2673 466 2724 ἰνα
497 2670 591 2723 οὖν
643 2670 717 2740 μὴ
747 2672 842 2725 καὶ
881 2670 967 2739 ἐφ’
1010 2670 1170 2738 ἡμῶν
1198 2668 1355 2723 τοῦτο
1401 2670 1647 2740 γένηται,
1705 2671 1843 2740 πρὸς

291 2758 377 2829 τὴν
430 2761 655 2829 διηνεκῆ
713 2761 943 2813 θάνατον
997 2759 1235 2811 διδάσκει
1283 2759 1311 2810 6
1346 2758 1549 2823 Κύριος
1593 2761 1845 2829 ἑτοίμους

1860 1724 1901 1781 Β

286 1944 481 2008 ἔλεγεν·
524 1942 669 1994 Ἐὰν
712 1938 1046 2005 παιδεύσῃς
1078 1937 1215 1991 υἱόν
1242 1950 1362 1990 σου
1403 1936 1474 1988 ἐν
1511 1934 1729 2002 ῥάϐδῳ,
1758 1936 1831 1989 οὐ

283 2035 353 2102 μὴ
382 2033 656 2098 ἀποθάνῃ
676 2048 690 2062 ο
718 2031 836 2097 τὴν
860 2028 936 2082 δὲ
976 2027 1192 2097 ψυχὴν
1236 2026 1426 2082 αὐτοῦ
1459 2026 1529 2080 ἐκ
1572 2025 1833 2081 θανάτου

2011 2675 2091 2730 Ne
2145 2689 2272 2744 ergo
2309 2684 2365 2728 et
2424 2676 2580 2730 nobis
2638 2677 2738 2729 hoc
2776 2673 3035 2737 eveniat,
3069 2673 3134 2725 ad
3186 2671 3505 2726 continuam

1948 2777 2176 2822 mortem
2205 2767 2365 2833 docet
2396 2780 2492 2820 nos
2520 2766 2784 2821 Dominus
2811 2781 2932 2820 esse
2962 2775 3204 2835 paratos.
3232 2764 3336 2830 Qui
3360 2764 3505 2817 enim

292 2845 415 2902 εἶναι
452 2852 621 2918 ἡμᾶς.
668 2849 725 2901 '0
758 2849 865 2917 γὰρ
890 2851 956 2917 τῇ
996 2848 1180 2917 σχέσει
1239 2848 1330 2900 καὶ
1357 2851 1421 2917 τῇ
1454 2848 1720 2918 ἐπιθυμίᾳ
1746 2853 1847 2917 τῆς

1969 2858 2143 2913 ιίγεειιι
2176 2869 2231 2913 et
2282 2873 2469 2913 amore
2506 2858 2819 2927 temporalis
2849 2858 2992 2919 vitae,
3025 2856 3259 2909 animam
3294 2870 3444 2907 suain
3478 2868 3508 2905 a

293 2942 622 3010 προσκαίρου
658 2940 800 3007 ζωῆς
847 2940 956 2993 τῶν
992 2939 1134 3007 ὑπὲρ
1160 2937 1399 3007 Χριστοῦ
1439 2939 1705 3007 κινδύνων
1751 2941 1848 2993 καὶ

1969 2950 2205 3004 iericulis
2227 2949 2431 3005 Christi
2465 2964 2628 3004 causa
2658 2946 3019 3017 perferendis,
3045 2956 3098 3000 et
3123 2961 3150 2998 a
3187 2954 3359 2997 morte
3386 2942 3515 2995 sub-

290 3034 376 3085 τοῦ
402 3033 633 3087 θανάτου
677 3033 775 3102 τὴν
810 3032 947 3099 ίδὶαν
977 3033 1208 3099 ἀπάγων
1238 3031 1416 3102 ψυχὴν
1439 3070 1456 3094 ,
1509 3032 1605 3085 καὶ
1654 3029 1846 3094 σώζειν

1969 3042 2117 3101 lucit.
2146 3057 2209 3095 ac
2236 3057 2455 3096 servare
2488 3056 2605 3094 eam
2631 3040 2931 3103 contendit,
2961 3038 3397 3104 mundanamque
3432 3034 3513 3086 vi-

290 3124 449 3192 αὐτὴν
495 3124 582 3175 διὰ
615 3123 905 3190 φιλοζωΐαν
934 3123 1276 3191 βουλόμενος,
1328 3125 1423 3173 καὶ
1455 3120 1599 3174 κατὰ
1648 3122 1849 3191 κόσμον

293 3216 381 3285 ζῇν
408 3216 864 3286 προαιρούμενος,
895 3213 1278 3285 ἀναμφιϐόλως
1311 3214 1519 3282 ταύτην
1558 3213 1852 3267 ἀπόλλυσιν

291 3312 561 3362 ἀπώλειαν
614 3310 834 3378 ἐκείνην
856 3349 870 3373 ,
905 3308 1026 3378 ἥτις
1067 3307 1127 3359 τὸ
1159 3308 1425 3362 ἄσϐεστον
1458 3293 1592 3379 πῦρ,
1640 3309 1733 3369 καὶ
1762 3307 1853 3359 τὸν

292 3398 586 3465 ἀκοίμητον
619 3396 900 3464 σκώληκα,
926 3398 1023 3452 καὶ
1051 3398 1113 3449 τὸ
1145 3396 1333 3459 σκότος
1354 3396 1608 3466 προξενεῖ
1628 3396 1690 3449 1:6
1720 3396 1853 3461 ἐξώ-

292 3508 462 3558 τερον.
493 3488 777 3556 Σωτηρίαν
803 3489 911 3559 γὰρ
939 3488 1193 3556 ὠνόμασε
1230 3489 1329 3559 τὴν
1360 3488 1657 3557 φιλοζωΐαν
1681 3489 1709 3540 6
1736 3472 1855 3542 Κύ·

294 3599 423 3649 ριος,
458 3583 554 3633 καὶ
598 3582 699 3648 τὴν
743 3582 805 3633 ἐκ
855 3581 964 3633 τῶν
1012 3580 1276 3633 κινδύνων
1324 3582 1525 3651 φυγήν.
1570 3583 1627 3632 '0
1661 3582 1716 3634 δὲ
1746 3584 1856 3646 τοῖς

293 3675 559 3735 κινδύνοις
621 3675 714 3725 καὶ
757 3672 833 3740 τῷ
873 3671 1088 3741 θανάτῳ
1131 3671 1231 3740 τὴν
1264 3670 1444 3741 ψυχὴν
1493 3671 1683 3740 ἐκδοὺς
1718 3671 1860 3742 ὑπὲρ

294 3765 384 3816 τοῦ
444 3763 704 3832 Χριστοῦ,
758 3764 852 3815 καὶ
889 3763 989 3831 τῆς
1042 3763 1320 3834 ἀληθείας,
1371 3763 1607 3832 καὶτῆς
1656 3765 1861 3817 δικαιο-

301 3855 486 3923 σύνης,
517 3855 610 3905 καὶ
643 3852 831 3907 τοῦτον
862 3852 952 3906 τὸν
978 3855 1178 3922 τρόπον
1210 3853 1500 3916 ἁπωλέσας
1534 3854 1725 3921 αὐτὴν,
1762 3854 1859 3924 τὴν

300 3946 472 4013 καλὴν
492 3946 658 4019 ὅντως
683 3944 977 4008 ἀπώλειαν,
1007 3946 1213 4007 ἐκεῖνος
1236 3944 1453 4008 ἀληθῶς
1481 3942 1646 3997 σώσει
1670 3945 1862 4015 αὐτὴν,

299 4036 719 4103 χειραγωγήσας
753 4035 845 4088 ἐπὶ
878 4036 979 4104 τὴν
1012 4036 1156 4108 ζωὴν
1205 4037 1305 4107 τὴν
1352 4037 1641 4107 ἀμείνονα.
1687 4037 1866 4090 Ἀπώ-

301 4124 452 4177 λειαν
481 4128 593 4196 γὰρ
622 4126 797 4194 ψυχῆς
850 4126 944 4178 τὸν
996 4128 1103 4179 ἀπὸ
1154 4127 1248 4179 τοῦ
1286 4127 1539 4195 σώματος
1590 4126 1867 4198 χωρισμὸν

303 4214 447 4282 λέγει
478 4217 681 4287 ταύτης
713 4219 853 4286 ὑπὲρ
882 4218 997 4270 ’τοῦ
1046 4219 1286 4286 Χριστοῦ
1344 4220 1438 4286 καὶ
1485 4217 1595 4271 τῶν
1638 4217 1868 4271 ἐντολῶν

308 4306 489 4359 αὐτοῦ.
538 4309 646 4361 Καὶ
674 4307 703 4358 6
742 4308 831 4360 διὰ
877 4305 1050 4361 ταῦτα
1096 4308 1207 4360 τῶν
1251 4306 1345 4361 τοῦ
1387 4309 1620 4361 θανάτου
1653 4308 1869 4379 δεσμῶν

1953 3144 2059 3189 tam
2080 3133 2337 3198 instituit,
2358 3148 2475 3188 eam
2510 3132 2650 3185 haud
2681 3133 2841 3185 dubie
2862 3132 3037 3199 perdit
3068 3129 3155 3182 illa
3184 3128 3513 3198 perditione,

1953 3242 2070 3295 qum
2114 3224 2601 3293 inexstinguihilem
2638 3223 2839 3291 ignem,
2872 3233 2921 3277 et
2960 3236 3198 3276 vermem
3248 3234 3356 3273 non
3386 3219 3515 3272 dur-

1956 3318 2236 3383 mienteui,
2265 3327 2319 3369 et
2362 3316 2615 3369 tenebras
2646 3314 2944 3368 exteriores
2971 3312 3248 3368 conciliat.
3275 3310 3516 3365 Salutem

1955 3409 2098 3463 enim
2148 3406 2448 3461 nominavit
2485 3404 2749 3459 Dominus
2781 3419 3020 3458 amorem
3056 3404 3195 3467 vitae,
3222 3413 3273 3457 et
3300 3402 3519 3472 pericu-

1960 3499 2132 3552 lorum
2166 3495 2446 3567 effugium.
2481 3493 2581 3559 Qui
2614 3502 2793 3547 autem
2822 3492 3081 3562 periculis
3107 3503 3161 3546 et
3201 3490 3366 3544 morti
3398 3490 3521 3542 ani-

1962 3605 2100 3641 mam
2132 3592 2356 3656 exponit
2391 3600 2486 3655 pro
2519 3584 2760 3647 Christo,
2789 3594 2844 3638 et
2874 3585 3124 3648 veritate,
3184 3591 3237 3637 et
3284 3581 3518 3650 iustitia,

1960 3688 2016 3734 et
2059 3680 2160 3734 hoc
2192 3682 2351 3737 modo
2377 3691 2497 3741 eam
2537 3676 2735 3743 perdit,
2764 3675 3025 3743 praeclara
3059 3672 3304 3740 profecto
3337 3672 3516 3735 perdi-

1962 3774 2128 3833 tione,
2190 3771 2277 3824 ille
2305 3783 2432 3824 vere
2466 3768 2674 3829 salvam
2716 3766 2849 3821 facit
2884 3780 3028 3829 eam,
3055 3764 3311 3830 ducitque
3347 3762 3414 3814 ad
3445 3760 3526 3814 vi-

1967 3874 2074 3917 tam
2114 3863 2412 3916 meliorem.
2452 3859 2818 3914 Perditionem
2851 3856 2994 3911 enim
3015 3856 3230 3918 animas,
3262 3863 3420 3907 vocat
3441 3866 3528 3906 se-

1966 3955 2297 4023 parationem
2353 3952 2474 4020 ejus
2507 3966 2537 4005 a
2575 3964 2805 4018 corpore
2854 3956 3074 4018 propter
3134 3945 3415 4001 Christum
3472 3952 3529 3996 et

1968 4046 2219 4097 mandata
2258 4042 2417 4112 ejus;
2455 4048 2509 4093 et
2535 4040 2625 4109 qui
2668 4048 2887 4108 propter
2922 4038 3034 4093 haec
3098 4036 3289 4092 mortis
3319 4033 3528 4088 vincula

1966 4132 2370 4200 contempserit,
2406 4130 2453 4183 is
2480 4145 2585 4182 non
2628 4129 2803 4197 perdit
2829 4129 3061 4181 animam
3096 4141 3273 4190 suam,
3304 4125 3397 4179 sed
3429 4138 3530 4193 po-

1972 4224 2076 4276 tius
2110 4225 2314 4277 salvam
2383 4220 2531 4276 facit.
2584 4220 2662 4275 ‘At
2704 4222 2797 4289 qui
2857 4219 3078 4275 violarit
3133 4217 3530 4273 confessionem

1971 4310 2169 4365 Christi
2201 4322 2254 4365 et
2292 4312 2539 4379 lilalltlala
2590 4308 2731 4376 ejus,
2766 4316 2823 4362 et
2873 4321 3094 4364 servare
3136 4305 3250 4359 vult
3295 4305 3531 4358 animam

316 4401 745 4468 καταφρονήσας,
776 4394 927 4461 οὗτος
946 4399 1045 4451 οὑκ
1070 4399 1329 4452 ἀπόλλυσι
1352 4398 1451 4469 τὴν
1468 4399 1648 4469 ψυχὴν
1676 4398 1863 4463 αὑτοῦ,

1976 4403 2114 4455 citra
2162 4400 2397 4469 pericula
2432 4408 2487 4454 et
2521 4408 2770 4463 mortem,
2803 4399 3158 4467 perditionem
3201 4397 3252 4452 ei
3282 4395 3538 4452 conciliat

320 4488 444 4541 ἀλλὰ
475 4488 673 4556 μᾶλλον
706 4490 865 4554 σώζει
905 4491 1106 4561 αὑτήν·
1136 4492 1164 4542 6
1202 4492 1257 4543 δὲ
1290 4492 1558 4562 ἀθετήσας
1590 4492 1691 4547 τὰς
1727 4492 1867 4559 ὑπὲρ

1975 4494 2382 4562 sempiternam.

318 4580 544 4647 Χριστοῦ
574 4582 865 4654 ὁμολογίας
899 4584 991 4635 καὶ
1019 4582 1118 4645 τὰς
1158 4583 1377 4647 ἐντολὰς
1404 4585 1593 4650 αὑτοῦ,
1630 4588 1722 4637 καὶ
1753 4584 1947 4649 σώζειν
1978 4586 2076 4656 τὴν
2102 4587 2278 4658 ψυχὴν
2305 4587 2460 4651 ἐκτὸς
2489 4588 2599 4641 τῶν
2654 4584 2913 4640 κινδύνων
2983 4585 3078 4638 καὶ
3142 4581 3239 4636 τοῦ
3304 4579 3539 4639 θανάτου

327 4674 651 4748 βουλόμενος,
682 4678 959 4732 ἀπώλειαν
984 4679 1118 4748 αὐτῇ
1150 4681 1400 4748 προξενεί
1439 4682 1539 4751 τὴν
1569 4682 1758 4736 ἀΐδιον.

402 4768 552 4823 Ἐπεὶ
575 4774 629 4824 δὲ
659 4773 930 4842 διαφόρως
958 4775 1056 4826 καὶ⁸
1086 4775 1443 4844 πολυτρόπως
1472 4775 1658 4827 πολλοὶ
1680 4775 1881 4828 πολλά-

334 4872 407 4918 κις
462 4862 551 4924 τὰς
608 4863 782 4932 ψυχὰς
845 4862 1241 4925 ἀπολλύουσιν,
1299 4865 1331 4935 ἢ
1400 4864 1786 4935 λῃστεύοντες,
1845 4866 1878 4935 ἢ

342 4951 650 5016 φονεύοντες,
673 4956 704 5023 ἦ
736 4954 1079 5021 κλέπτοντες,
1107 4957 1138 5025 ἢ
1167 4957 1676 5026 τυμϐωρυχοῦντες,
1697 4959 1728 5028 ἢ
1753 4958 1881 5011 ἄλλο

344 5044 505 5095 τιτῶν
532 5040 800 5113 ἀθεμίτων
826 5046 1203 5115 ἐργαζόμενοι,
1232 5049 1589 5118 προστίθησιν
1619 5050 1646 5102 6
1677 5048 1879 5119 Κύριος

346 5128 414 5193 τὸ,
441 5133 637 5189 ἕνεκεν
662 5137 830 5207 ἐμοῦ,
870 5139 965 5191 καὶ
996 5137 1102 5190 τοῦ
1144 5139 1533 5207 Εὑαγτελίου.
1577 5140 1637 5193 ’0
1668 5140 1774 5208 γὰρ
1808 5143 1882 5210 μὴ

351 5219 425 5273 διὰ
452 5226 536 5280 τδν
564 5229 794 5298 Χριστὸν
822 5234 913 5282 καὶ
936 5230 995 5281 1:6
1022 5230 1354 5297 Εὐαγγέλιον
1375 5231 1611 5294 ἀπολλὺς
1630 5232 1727 5303 τὴν
1749 5232 1885 5285 ἰδίαν

348 5310 529 5386 ψυχὴν,
573 5321 632 5372 οὐ
691 5319 852 5382 σώζει
901 5322 1093 5391 αὐτήν.
1149 5324 1437 5393 Μακάριος
1471 5319 1563 5377 οὖν
1608 5324 1795 5388 ὅντως,
1829 5322 1887 5385 ὃς

2048 4777 2310 4842 Quoniam
2365 4788 2493 4829 vero
2540 4772 2771 4828 diversis
2813 4768 3106 4838 multisque
3156 4766 3332 4823 modis
3385 4758 3541 4820 multi

1978 4882 2346 4937 saepenumero
2383 4866 2593 4920 animas
2635 4864 2887 4932 perdunt,
2919 4863 3036 4916 sive
3068 4858 3392 4924 latrociniis,
3426 4857 3541 4913 sive

1981 4960 2310 5023 homicidiis,
2342 4960 2455 5013 sive
2484 4957 2662 5021 furtis,
2699 4957 2813 5010 sive
2838 4955 3207 5024 sepulcrorum
3233 4950 3542 5011 effossione.

1981 5057 2094 5123 sive
2141 5053 2262 5107 aliis
2324 5050 2544 5104 nefariis
2598 5047 2975 5110 facinoribus;
3036 5044 3183 5099 addit
3238 5041 3543 5097 Dominus:

1980 5158 2191 5214 propter
2218 5161 2296 5199 me
2324 5154 2372 5197 et
2427 5142 2788 5211 Evangelium.
2837 5140 2939 5203 Qui
2995 5139 3137 5193 enim
3182 5152 3287 5191 non
3328 5142 3545 5203 propter

1980 5239 2254 5292 Christum
2277 5245 2331 5289 et
2350 5234 2696 5301 Evangelium
2722 5231 2900 5301 perdit
2923 5230 3179 5291 animant,
3210 5242 3313 5280 non
3341 5223 3543 5279 salvam

1984 5330 2115 5384 facit
2145 5343 2284 5381 eam.
2323 5327 2521 5379 Beatus
2559 5324 2722 5393 igitur
2753 5337 2963 5386 revera,
2999 5321 3088 5388 qui
3121 5324 3341 5387 pmpter
3384 5311 3546 5367 Chri-

352 5402 517 5461 ἒνεκεν
541 5412 631 5463 τοῦ
660 5413 893 5483 Χριστοῦ
920 5415 1010 5464 καὶ
1060 5414 1151 5467 τοῦ
1183 5415 1515 5483 Εὐαγγελίου
1565 5416 1664 5486 τὴν
1694 5409 1863 5468 ἑαυτοέ

1984 5432 2125 5475 stunt
2161 5430 2216 5474 et
2248 5418 2597 5488 Evangelium
2645 5413 2940 5483 perdiderit
2970 5412 3202 5465 animam
3251 5421 3422 5460 suam.
3456 5401 3549 5457 Ille

353 5496 585 5557 ἀπολέσει
613 5505 816 5577 ψυχήν.
854 5506 1087 5568 Ἐκεῖνος
1119 5508 1226 5575 γὰρ
1252 5507 1469 5576 ἀληθῶς
1500 5506 1661 5559 σώσει
1696 5508 1892 5576 αὑτήν.

1989 5527 2222 5581 namque
2252 5526 2377 5565 vere
2403 5525 2520 5564 eam
2576 5507 2779 5561 salvam
2828 5504 2977 5557 facit.
3023 5499 3218 5551 Beatus
3264 5497 3355 5564 qui
3390 5494 3549 5549 rebus

352 5588 612 5665 Μακάριος
639 5601 667 5650 6
691 5600 804 5659 τοῖς
834 5592 982 5652 οὖσιν
1015 5598 1217 5652 ἅπασιν
1244 5598 1549 5661 ὲπαινετῶς
1580 5598 1863 5654 ἀποθανὼν

1989 5600 2244 5655 omnibus
2280 5597 2626 5653 laudabiliter
2670 5601 2916 5648 mortuus
2944 5587 3104 5642 fuerit
3132 5602 3147 5653 ;
3181 5585 3548 5649 sensibilibus,

416 5773 436 5801 '
480 5774 624 5830 Prov.
668 5775 918 5836 “11,26.
992 5777 1011 5808 ⁹
1045 5776 1214 5831 Eccli.
1247 5792 1377 5839 xxx,
1414 5774 1471 5829 9.
