3948 6200
436 391 540 452 2ῗῦ

1349 403 1676 464 JOANNIS
1711 402 2014 464 CALECIE
2055 403 2163 464 (ΣΡ.
2193 403 2699 465 PATRIARCH/E

3563 404 3667 465 276

433 515 751 580 deponendo
771 533 1012 585 sensum,
1035 537 1187 575 usum
1213 531 1262 576 et
1285 521 1995 592 fructum;iutelligihibliusI

2105 527 2214 588 τοῖς
2251 527 2346 593 μὲν
2396 524 2672 592 αἰσθητοῖς
2719 523 2783 594 τῇ
2834 521 3088 577 ἀποθέσει
3121 519 3219 590 τῆς
3259 520 3380 574 κατ’
3413 519 3664 592 αἴσθησιν

435 603 802 673 intelligentia:
856 613 1090 666 litatione
1139 617 1502 682 reprimenda.
1563 620 1807 679 lloniiuis
1851 619 1992 671 enim

437 712 583 748 mors
636 698 918 753 laudabilis
980 713 1061 756 est
1115 706 1340 760 interior
1410 711 1478 763 ah
1539 712 1787 764 mrtnilius
1841 711 1998 764 rebus

432 789 785 856 a'halienatio,
818 807 920 860 qua
978 806 1272 863 transacta,
1321 803 1553 857 divinam
1606 805 1792 872 gratia:
1834 804 1995 854 vitam

433 896 584 934 "‘ens
612 884 890 950 susCibere
926 888 1087 952 Solet,
1117 907 1210 955 pro
1243 896 1493 947 munibus
1537 897 1696 948 rebus
1723 905 1994 948 aui-torem

433 991 633 1040 rerum,
681 979 958 1032 Dominum
1010 994 1063 1036 et
1119 986 1307 1040 Deum.
1370 991 1512 1052 Quid
1562 992 1704 1042 enim
1767 991 1996 1057 proderit

430 1066 650 1130 homini,
701 1072 746 1121 si
803 1083 969 1125 totum
1020 1079 1270 1130 mundum
1336 1080 1588 1146 lucretur,
1641 1083 1831 1133 anima:
1880 1096 1996 1133 vero

428 1172 536 1206 ww
563 1158 828 1220 jarturam
871 1163 1076 1230 faciat?
1108 1179 1198 1220 aut
1232 1169 1361 1236 qw'd
1392 1173 1813 1252 commulqliouis
1846 1172 1993 1224 dabit

427 1247 581 1300 homo
630 1267 724 1317 pro
757 1254 936 1307 anima
964 1261 1108 1313 sua?
1146 1259 1275 1313 Nam
1310 1261 1590 1316 inhonesta
1625 1247 1818 1317 anima:
1850 1261 1997 1316 salus

427 1340 734 1404 perditione
760 1343 998 1400 deterior
1035 1358 1138 1403 est.

497 1611 631 1666 Cum
669 1630 796 1683 ergo
820 1618 1110 1686 quispiam,
1137 1621 1202 1674 ad
1237 1623 1514 1685 prmsentis
1540 1623 1663 1676 vita:
1694 1623 1913 1677 delicias
1942 1636 1996 1678 et

423 1705 728 1769 voluptates
757 1707 1016 1776 intentus,
1048 1723 1261 1767 recusat
1293 1715 1399 1782 pati
1435 1730 1529 1782 pro
1559 1715 1799 1778 Christo,
1828 1727 1879 1770 et
1907 1732 1996 1770 vc-

2100 616 2417 682 ὲνεργείας,
2459 617 2571 678 τοῖς
2612 615 2666 667 δὲ
2696 615 2902 680 νοητοῖς
2933 616 2996 682 τῇ
3040 611 3350 665 ἀποπαύσει
3380 613 3482 682 τῆς
3527 614 3664 680 μετά

2099 707 2282 776 νόησιν
2312 708 2597 776 κινήσεως.
2649 705 2957 774 Ἀνθρώπου
3000 705 3110 772 γὰρ
3146 704 3372 766 θάνατος
3409 703 3666 756 ἐπαινού-

2103 816 2282 866 μενος.
2314 801 2344 866 ἠ
2378 797 2514 866 πρὸς
2560 797 2737 849 πάντα
2769 796 2836 848 τὰ
2862 796 2988 848 ὄντα
3022 795 3272 863 γνωμικὴ
3317 795 3660 861 ἀπογένεσις,

2103 889 2220 958 μεθ’
2250 889 2312 957 ἢν
2328 887 2425 958 τὴν
2450 887 2599 940 θείαν
2630 890 2686 940 ὲν
2716 888 2901 956 χάριτι
2929 886 3074 952 ζωὴν
3102 886 3464 954 ὑποδέχεσθαι
3495 885 3663 951 πέφυ-

2098 997 2195 1032 κεν
2226 980 2344 1032 ἀντὶ
2387 980 2606 1031 πάντων
2634 979 2742 1031 τῶν
2776 979 2943 1030 ὄντων
2973 979 3064 1030 τὸν
3116 978 3286 1030 αἴτιον
3331 977 3440 1028 τῶν
3484 977 3662 1028 ὄντων

2099 1071 2366 1139 ἑννοήτως
2403 1070 2691 1130 ἀπολαϐὼν
2722 1069 2924 1138 Κύριον
2970 1071 3062 1122 καὶ
3093 1068 3246 1120 Θεόν.
3287 1069 3344 1120 Τί
3372 1068 3480 1136 γὰρ
3511 1066 3662 1134 ὠρε-

2097 1163 2279 1229 λήσει
2324 1163 2655 1231 ἄνθρωπον.
2709 1163 2817 1215 ἐὰν
2845 1163 2951 1215 τὸν
2996 1163 3231 1228 κόσμον
3268 1159 3415 1212 ὅλον
3448 1176 3540 1223 κεέ
3557 1158 3664 1223 δή.

2097 1272 2202 1321 σῃ,
2237 1254 2350 1321 τὴν
2372 1253 2438 1306 δὲ
2486 1253 2700 1323 ψυχὴν
2759 1253 2945 1306 αὐτοῦ
2999 1251 3256 1320 ζημιωθῇ
3301 1251 3339 1318 ἣ
3379 1251 3438 1303 τί
3486 1251 3666 1303 δώσει

2097 1347 2407 1412 ἅνθρωπος
2465 1346 2858 1412 ἀντάλλαγμα
2911 1343 3022 1411 τῆς
3069 1343 3278 1412 Ψυχῆς
3332 1343 3558 1406 αὐτοῦς
3600 1343 3665 1394 '[l

2100 1438 2249 1506 παρά
2285 1435 2345 1488 τὸ
2374 1436 2491 1487 δέον
2520 1437 2621 1506 τῆς
2645 1437 2827 1506 ψυχῆς
2865 1436 3129 1506 σωτηρία,
3162 1435 3438 1498 ἀπωλείας
3464 1436 3664 1506 χείρων

2098 1529 2266 1581 ἐστίν.

2170 1620 2338 1673 Ὅταν
2364 1618 2470 1689 ἄρα
2499 1637 2602 1682 τις,
2639 1621 2718 1681 είς
2752 1618 2819 1671 τὰ
2847 1617 2938 1670 τοῦ
2977 1618 3238 1686 παρόντος
3269 1617 3382 1684 βίου
3412 1616 3544 1683 ἡδέα
3572 1615 3668 1666 καὶ

2095 1713 2304 1784 τερπνά
2350 1712 2693 1775 ἀποϐλέπων,
2744 1713 3150 1781 παραιτήσηται
3217 1711 3315 1779 μὲν
3359 1709 3418 1760 τὸ
3471 1709 3670 1761 παθεῖν

429 1797 610 1858 ritate,
661 1809 716 1852 et
762 1799 968 1868 justitia
998 1843 1012 1868 ,
1044 1803 1426 1873 splendideque
1477 1809 1659 1860 vivere
1701 1809 1878 1861 studet
1935 1808 1986 1860 iu

2100 1807 2235 1875 ὑπὲρ
2264 1804 2354 1857 τοῦ
2382 1803 2638 1872 Χριστοῦ,
2659 1802 2754 1855 καὶ
2787 1801 2886 1870 τῆς
2905 1801 3182 1869 ἀληθείας,
3208 1801 3298 1852 καὶ
3328 1802 3427 1869 τῆς
3450 1800 3660 1852 δικαιο-

423 1887 527 1942 hoc
557 1891 774 1954 mundo,
814 1894 914 1946 etsi
943 1909 1072 1962 apes
1107 1897 1322 1956 habeat,
1352 1898 1448 1951 etsi
1487 1897 1736 1967 gloriam,
1773 1900 1872 1953 etsi
1909 1915 1999 1952 co-

425 1980 565 2042 piam
595 1983 974 2051 pecuniarum,
1007 1988 1108 2040 etsi
1134 1988 1333 2057 aliquid
1363 1989 1502 2042 aliud
1541 1989 1805 2057 ejusmodi
1830 2008 1843 2042 ε
1867 1990 1996 2055 quid

426 2072 550 2125 inde
592 2073 839 2130 utilitatis
871 2077 936 2128 ad
967 2093 1087 2132 eum
1113 2081 1252 2132 redit
1275 2081 1456 2133 anima
1481 2081 1732 2146 perdita?
1759 2081 2000 2135 Prien-rit

424 2166 568 2218 enim
624 2169 791 2237 tigura
838 2172 1024 2223 mundi
1065 2171 1246 2240 hujus.
1275 2182 1327 2225 et
1362 2172 1677 2225 umbrarum
1713 2172 1886 2225 instar
1915 2171 1996 2225 in-

426 2257 698 2312 clinantur
741 2260 987 2326 deliciae,
1036 2273 1090 2317 et
1136 2263 1360 2318 divitum
1411 2279 1539 2332 opes
1588 2265 1825 2317 avolant.
1881 2264 1996 2318 Non

425 2351 568 2404 enim
610 2353 907 2422 proderunt
965 2356 1206 2408 thesauri
1253 2356 1493 2424 iniquis,
1552 2355 1764 2426 iustitia
1813 2368 1997 2411 autem

423 2442 614 2497 liberat
657 2460 689 2498 a
746 2457 938 2501 morte.
969 2448 1121 2503 Unde
1153 2451 1220 2504 iis
1266 2450 1356 2517 qui
1407 2462 1553 2505 recte
1609 2453 1792 2506 vivere
1838 2452 1994 2506 insti-

427 2544 606 2599 tuunt,
650 2537 937 2604 superﬂua:
987 2551 1116 2592 sunt
1153 2540 1425 2594 illecebrae
1473 2541 1673 2604 carnis,
1704 2552 1756 2595 et
1809 2556 1998 2610 sapere

427 2644 489 2682 ea
523 2647 644 2698 quae
683 2633 736 2685 in
775 2635 977 2687 mundo
1018 2644 1162 2696 sunt,
1195 2637 1548 2702 perditionem
1579 2637 1854 2691 conciliat.
1894 2636 1996 2690 Sa-

436 2723 643 2786 pientia
677 2725 818 2778 enim
867 2727 1047 2778 carnis
1083 2727 1294 2779 inimica
1337 2738 1418 2782 est
1465 2728 1606 2790 Deo;
1639 2738 1691 2781 et
1725 2731 1815 2796 qui
1863 2729 1999 2793 sapit

426 2826 488 2865 ea
521 2827 642 2877 qua:
674 2813 860 2866 mundi
891 2823 1036 2878 sunt,
1069 2815 1322 2870 inimicus
1353 2816 1442 2870 Dei
1491 2818 1860 2871 constituitur.
1896 2815 2000 2871 Su-

424 2899 688 2964 perﬂuum
732 2915 857 2968 ergo
895 2910 976 2954 est
1007 2917 1194 2969 sapere
1221 2919 1340 2971 qua)
1369 2905 1421 2958 in
1457 2909 1660 2960 mundo
1689 2917 1836 2960 sunt.
1874 2904 1997 2960 Ideo

424 2989 556 3043 dicit
585 3007 600 3044 :
633 2991 775 3055 Quid
801 2992 939 3044 enim
987 2993 1220 3061 proderit
1263 2994 1480 3057 homini,
1507 2997 1554 3048 si
1594 2997 1846 3048 mundum
1879 2995 2000 3048 uni-

424 3097 627 3134 versum
674 3083 947 3145 lucretur,
987 3094 1036 3137 et
1073 3086 1268 3139 aniuue
1318 3103 1429 3139 sum
1463 3088 1736 3154 jacturam
1787 3087 1997 3156 faciat?

426 3173 504 3230 Ne
553 3174 698 3228 enim
759 3174 888 3227 mihi
947 3176 1116 3238 dicas.
1152 3192 1184 3228 o
1225 3178 1409 3242 homo,
1452 3189 1503 3232 te
1554 3179 1756 3231 salvam
1800 3177 1994 3232 fecisse

431 3266 667 3320 animam
703 3276 778 3321 tot
813 3267 1084 3338 tantisque
1113 3270 1330 3326 evitatis
1360 3271 1634 3339 periculis.
1674 3270 1729 3324 Si
1763 3285 1994 3338 namque

429 3373 532 3410 una
585 3373 705 3412 cum
748 3360 924 3411 anima
959 3375 1052 3413 sua
1090 3362 1278 3414 orbem
1308 3377 1522 3428 quoque
1553 3370 1822 3416 terrarum
1870 3361 1994 3430 quis

427 3448 664 3501 lucretur
709 3449 1042 3511 universum,
1081 3450 1209 3518 quid
1261 3450 1612 3502 emolumenti
1661 3449 1786 3504 inde
1818 3451 1998 3516 capiet

427 3536 604 3590 anima
657 3538 1087 3605 perdita,'cum
1144 3552 1252 3606 qua
1313 3553 1378 3590 ne
1436 3537 1725 3592 universus
1779 3540 1993 3607 quidem

426 3628 657 3682 mundus
689 3630 1083 3698 comparandus
1116 3629 1242 3682 est?
1279 3628 1344 3683 Ut
1380 3629 1524 3682 enim
1572 3631 1745 3684 servis
1773 3630 1825 3682 in
1859 3629 1994 3682 deli-

425 3720 525 3773 ciis
558 3720 792 3790 luxuque
821 3720 1148 3784 viventibus,
1181 3720 1225 3774 si
1255 3720 1514 3776 dominus
1544 3721 1596 3775 in
1631 3722 1890 3776 extremis
1919 3723 1997 3776 in-

427 3823 572 3865 terea
603 3825 850 3868 versetur
907 3813 1084 3874 malis,
1110 3812 1245 3866 nihil
1303 3812 1440 3867 lucri
1491 3828 1558 3869 ex
1618 3827 1684 3868 eo
1741 3814 1994 3884 percipit,

423 3905 568 3972 quod
602 3904 850 3959 dominus
884 3903 952 3958 sit
981 3922 995 3957 :
1031 3905 1102 3957 ita
1135 3904 1322 3968 etiam,
1354 3905 1396 3957 si
1430 3915 1618 3958 venter
1668 3905 1898 3959 delicate
1923 3906 2001 3959 vi«

423 4002 516 4047 vat
541 4003 594 4046 et
624 3995 866 4063 opipare,
897 3997 994 4049 sed
1043 3997 1220 4050 anima
1254 3996 1489 4050 futuram
1520 4005 1798 4066 exspectet
1826 3998 2000 4066 pcrdi-

439 4084 664 4153 tiouein,
702 4089 848 4142 nulla
883 4089 930 4141 ei
965 4089 1168 4143 utilitas
1195 4098 1250 4143 et
1282 4091 1431 4144 salus
1463 4089 1590 4143 inde
1615 4091 1860 4144 exsistet.
1891 4089 1998 4143 Ne-

424 4192 528 4243 que
547 4178 691 4230 enim
720 4178 945 4246 pecunia
979 4177 1101 4232 licet
1129 4191 1465 4233 commutare
1487 4179 1736 4232 salutem.
1765 4177 1820 4233 Si
1847 4181 1991 4232 enim

425 4268 478 4320 id
514 4268 720 4331 liceret,
756 4268 847 4337 qui
901 4267 1144 4322 lucratus
1193 4277 1310 4321 erat
1343 4269 1623 4332 mundum,
1658 4276 1713 4321 at
1761 4269 1994 4322 animam

426 4359 756 4424 perdiderat,
807 4357 1046 4413 dedisset
1098 4357 1351 4425 pecunias
1403 4369 1541 4421 tum,
1595 4375 1718 4414 cum
1769 4359 1998 4413 ﬂammis

2101 1899 2300 1967 σύνης,
2344 1897 2606 1968 ἀγαπήσῃ
2643 1895 2700 1948 δὲ
2755 1894 2814 1946 τὸ
2852 1894 3136 1946 διαϐιῶναι
3183 1893 3451 1960 λαμπρῶς
3503 1894 3560 1943 ιν
3591 1892 3671 1960 τῷ

2099 1995 2288 2062 κόσμῳ
2318 1991 2515 2059 τούτῳ,
2547 1988 2653 2041 κᾶν
2686 1985 2915 2040 πλοῦτον
2941 1985 3076 2055 ἔχει,
3108 1984 3211 2037 κᾶν
3238 1985 3415 2050 δόξαν,
3457 1983 3556 2036 κᾶν
3577 2001 3670 2036 πε-

2103 2087 2346 2158 ριουσίαν
2384 2085 2706 2155 χρημάτων,
2760 2080 2864 2133 κᾶν
2897 2079 3023 2133 ἄλλο
3066 2096 3120 2130 τι
3162 2077 3403 2129 τοιοῦτον
3429 2092 3442 2107 ·
3503 2075 3556 2127 τί
3607 2074 3674 2125 τὸ

2098 2178 2291 2245 ὄφελος
2323 2175 2574 2229 ἐντεῦθεν
2614 2172 2764 2242 αύτῷ
2796 2173 2896 2242 τὴν
2937 2169 3117 2240 ψυχὴν
3156 2167 3518 2232 ἀπολέσαντι;
3554 2168 3673 2218 Πα-

2101 2268 2328 2339 ράγεται
2363 2265 2470 2338 γάρ
2531 2265 2590 2318 τὸ
2616 2265 2801 2333 σχῆμα
2830 2263 2922 2314 τοῦ
2971 2261 3180 2327 κόσμου
3223 2257 3439 2322 τούτου,
3484 2257 3578 2309 καὶ
3611 2257 3675 2308 ἐν

2101 2364 2201 2431 [σῳ
2233 2361 2413 2422 σκιαῖς
2441 2360 2510 2411 τὰ
2531 2357 2740 2427 τερπνά
2771 2355 3189 2425 μετακλίνεταιο
3233 2355 3326 2404 καὶ
3374 2351 3480 2403 τῶν
3512 2349 3672 2418 ἐχόν-

2098 2455 2256 2506 τωνὸ
2282 2450 2509 2512 πλοῦτος
2533 2451 2861 2517 ἀφίπταται.
2916 2445 2992 2500 Οὐ
3039 2446 3146 2514 γὰρ
3187 2443 3526 2512 ὠφελήσουσι
3573 2441 3676 2511 θη-

2100 2545 2291 2614 σαυροὶ
2327 2541 2558 2610 ἀνόμους
2581 2555 2594 2570 ·
2624 2537 2937 2606 δικαιοσύνη
2975 2535 3030 2588 δὲ
3069 2534 3254 2605 ῥύεται
3288 2535 3352 2585 ὲκ
3410 2531 3672 2586 θανάτου.

2101 2635 2265 2688 Ὅθεν
2295 2635 2405 2695 τοῖς
2429 2631 2671 2683 ἐθέλουσι
2709 2629 2858 2698 βιοῦν
2885 2627 3061 2697 ὀρθῶς
3125 2623 3358 2695 περιττά
3403 2623 3504 2690 τῆς
3534 2639 3675 2688 σαρ-

2100 2727 2216 2792 κὸς,
2248 2725 2344 2778 καὶ
2379 2724 2438 2776 τὸ
2468 2723 2686 2793 φρονεῖν
2713 2721 2780 2775 τά
2840 2721 2897 2772 ὲν
2934 2719 3124 2788 κόσμῳ
3167 2714 3438 2775 ἀπωλείας
3475 2713 3679 2782 πρόξε-

2098 2835 2187 2871 νον
2218 2816 2449 2883 γίνεταιο
2501 2813 2562 2866 τὸ
2607 2813 2718 2883 γὰρ
2773 2813 3028 2882 φρόνημα
3079 2810 3178 2878 τῆς
3222 2805 3446 2877 σαρκὸς,
3495 2803 3676 2874 ἐχθρὰ

2101 2910 2179 2971 εἰς
2207 2906 2359 2969 Θεὸν,
2391 2905 2484 2960 καὶ
2510 2907 2537 2958 ό
2571 2903 2786 2975 φρονῶν
2819 2903 2886 2955 τὰ
2918 2900 3012 2953 τοῦ
3070 2900 3276 2968 κόσμου
3321 2895 3512 2968 ἐχθρὸς
3574 2894 3676 2946 τοῦ

2099 2995 2236 3050 Θεοῦ
2289 2993 2638 3048 καθίσταται.
2683 2991 3018 3061 Περιττότης
3069 2989 3161 3043 οὖν
3216 2987 3431 3058 ἀληθῶς
3489 2986 3561 3039 τὰ
3612 2987 3678 3036 ἐν

2101 3087 2291 3156 κόσμῳ
2325 3086 2562 3155 φρονεῖν.
2596 3081 2692 3135 Διά
2719 3080 2874 3134 τοῦτο
2903 3079 3086 3147 λέγει’
3129 3078 3193 3132 Τί
3219 3077 3332 3146 γὰρ
3363 3074 3676 3145 ὠφελήσει

2099 3179 2434 3244 ἄνθρωπον,
2459 3175 2568 3227 ἐὰν
2581 3173 2688 3226 τὸν·
2710 3175 2943 3240 κόσμον
2959 3169 3109 3224 ὅλον
3125 3169 3413 3239 κερδήσῃ,
3449 3167 3551 3220 καὶ
3575 3166 3681 3232 (ne

2092 3268 2284 3340 μεωθῇ
2310 3266 2653 3336 τὴνψυχὴν
2673 3266 2883 3328 αὐτοῦ;
2904 3265 2987 3334 Μὴ
3014 3265 3121 3333 γὰρ
3151 3264 3300 3327 λέγε,
3330 3256 3373 3314 ὧ
3391 3261 3679 3330 ἄνθρωπε,

2097 3363 2179 3415 ὅτι
2209 3364 2308 3431 τὴν
2341 3359 2521 3428 ψυχὴν
2571 3357 2803 3424 ἔσωσας,
2837 3357 3127 3416 τοσούτους
3171 3355 3446 3413 κινδύνους
3475 3354 3680 3421 διαφυ·

2098 3453 2244 3520 γών’
2310 3452 2358 3503 εἰ
2394 3455 2502 3520 γὰρ
2534 3450 2671 3520 μετά
2694 3453 2794 3518 τῆς
2821 3449 3001 3518 ψυχῆς
3033 3447 3195 3500 αὑτοῦ
3241 3448 3330 3499 καὶ
3360 3447 3458 3515 τὴν
3491 3448 3684 3498 οἰκου-

2103 3546 2272 3615 μένην
2303 3544 2564 3613 κερδήσει
2599 3561 2682 3604 τις
2708 3541 2953 3605 ἃπασαν,
2980 3541 3033 3593 τί
3073 3544 3134 3593 τὸ
3183 3541 3344 3592 πλέον
3375 3539 3523 3607 αὐτῷ
3570 3539 3683 3590 ὲν-

2096 3636 2286 3688 τεῦθεν
2315 3637 2413 3704 τῆς
2443 3635 2621 3704 ψυχῆς
2651 3633 3057 3702 ἀπολλυμένης,
3104 3628 3172 3706 ἧς
3233 3632 3343 3685 οὐδ’
3379 3633 3407 3684 ὁ
3465 3631 3680 3700 κόσμος

2098 3728 2243 3789 ἅπας
2274 3728 2421 3779 ἐστὶν
2466 3727 2800 3790 ἰσοστάσιος;
2842 3726 3056 3794 Ὠσπερ
3088 3724 3196 3794 γὰρ
3221 3725 3269 3776 εἰ
3294 3724 3402 3775 τῶν
3440 3723 3682 3776 οἰκετῶν

2097 3816 2427 3888 τρυφώντων
2456 3818 2550 3871 καὶ
2577 3815 3002 3878 σπαταλώντων,
3035 3817 3062 3866 ὁ
3091 3814 3358 3883 δεσπότης
3381 3815 3438 3864 ὲν
3475 3815 3682 3876 κακοῖς

2097 3912 2210 3972 τοῖς
2247 3908 2496 3979 ἐσχάτοις
2550 3911 2888 3978 εὑρίσκεται,
2924 3908 3017 3958 καὶ
3051 3906 3203 3959 οὐδὲν
3231 3907 3368 3968 ὅλως
3395 3905 3680 3975 κερδαίνει

2098 4004 2162 4055 ὲκ
2190 4002 2283 4056 τοῦ
2337 4002 2605 4072 δεσπότην
2654 3995 2792 4052 εἶναι
2816 4015 2829 4029 ⁶
2871 3998 3046 4060 οὕτως
3079 3998 3128 4048 εἰ
3176 3996 3399 4063 καὶτῆς
3434 3996 3682 4064 γαστρξς

2097 4095 2389 4165 τρυφώσης
2420 4094 2514 4145 καὶ
2544 4091 2930 4160 σπαταλώσης,
2967 4091 2999 4160 ἡ
3031 4089 3180 4158 ψυχὴ
3231 4089 3331 4158 τὴν
3365 4086 3683 4154 μέλλουσαν

2099 4182 2360 4252 ἀναμένει
2416 4181 2712 4240 ἀπώλειαν,
2770 4179 2996 4247 οὐδεμία
3055 4179 3228 4247 ταύτῃ
3286 4175 3518 4241 ὠφέλεια
3576 4176 3686 4228 καὶ

2102 4273 2346 4341 σωτηρία
2375 4272 2662 4340 γενήσεται
2689 4287 2702 4300 ο
2735 4269 2808 4339 μὴ
2840 4271 2948 4339 γὰρ
2978 4268 3278 4338 χρημάτων
3307 4267 3452 4319 ἐστὶν
3477 4265 3687 4317 ἀνταλ-

2099 4363 2366 4428 λάξασθαι
2396 4362 2494 4431 τὴν
2519 4363 2815 4432 σωτηρίαν.
2846 4363 2910 4416 El
2933 4363 3040 4432 γὰρ
3070 4358 3134 4431 ἦν
3169 4358 3348 4424 τοῦτο,
3379 4359 3405 4411 ὁ
3465 4358 3681 4427 κερδή-

423 4451 781 4515 cruciaretur,
811 4459 866 4503 et
925 4449 1187 4503 liberatus
1238 4447 1448 4505 fuisset.
1514 4451 1619 4505 Sed
1663 4466 1766 4505 non
1817 4450 1995 4505 licebit

2107 4473 2207 4518 σας
2261 4454 2354 4506 τὸν
2388 4454 2612 4523 κόσμον,
2645 4453 2742 4524 τὴν
2781 4455 2838 4506 δὲ
2887 4453 3065 4523 ψυχὴν
3123 4452 3432 4524 ἀπωλέσας,
3466 4450 3684 4502 ἔδωκεν

423 4552 564 4602 tum.
594 4542 752 4598 talem
799 4543 1279 4597 commutationem
1327 4544 1456 4597 dare
1507 4557 1607 4612 pro
1656 4543 1858 4606 anima,
1902 4543 1997 4597 sed

420 4647 623 4692 acterna
676 4636 780 4690 erit
823 4649 980 4704 ptena
1019 4645 1073 4690 et
1129 4645 1409 4705 perpetua.
1463 4634 1653 4705 Neque
1709 4635 1854 4690 enim
1893 4637 1997 4691 etsi

420 4728 546 4797 quis
582 4743 676 4780 rex
723 4727 875 4780 orhis
923 4735 1189 4780 terrarum
1225 4727 1317 4792 sit,
1356 4728 1710 4795 omniumque
1751 4725 1866 4792 ejus
1905 4742 1999 4796 pe-

421 4819 707 4872 cuniarum
765 4817 1042 4882 dominus,
1088 4819 1288 4886 poterit
1339 4833 1500 4871 unam
1553 4817 1823 4872 redimere
1878 4819 1998 4871 ani-

422 4927 585 4973 mam,
619 4911 744 4965 licet
783 4925 976 4966 omnes
1011 4912 1159 4964 orbis
1195 4911 1452 4976 pecunias
1497 4911 1658 4978 pretii
1708 4910 1826 4964 loco
1860 4910 1988 4965 alie-

424 5013 541 5069 rat;
572 5018 750 5072 neque
787 5003 968 5056 omnis
1014 5003 1195 5055 mundi
1251 5003 1433 5066 luxus,
1471 5011 1523 5056 et
1575 5003 1828 5071 splendor
1875 5004 1991 5058 exi-

421 5110 586 5164 guum
653 5094 870 5160 aliquod
925 5091 1170 5146 solatium
1205 5093 1397 5147 animas
1441 5095 1641 5163 poterit
1697 5094 1981 5159 adhibere,

422 5198 542 5237 cum
580 5190 841 5236 aeternum
888 5181 1247 5249 torquebitur.

423 5277 520 5329 καὶ
546 5275 938 5345 λαμπροφορία
997 5272 1204 5345 μικράν
1248 5291 1370 5327 τινα
1435 5277 1764 5347 παραψυχὴν
1845 5279 1938 5330 καὶ
2006 5279 2364 5350 παραμυθίαν
2427 5278 2718 5343 δυνήσεται
2770 5279 3214 5348 ἀπεργάσασθαι,
3276 5277 3402 5331 ὅταν
3433 5273 3697 5338 αἰωνῖως
3772 5338 3785 5346 δ

420 5371 741 5440 κολάζηται.

495 5465 651 5520 Nunc
680 5480 810 5519 vero
842 5465 929 5518 dat
959 5467 1118 5520 homo
1143 5466 1540 5535 paenitentiam.
1569 5467 1988 5531 confessionem,

422 5557 713 5628 Iucrymas,
765 5559 1014 5626 gemitus,
1066 5561 1490 5626 cleemosyuam,
1545 5567 1596 5611 et
1653 5573 1811 5610 omne
1869 5556 1994 5609 reli—

422 5662 586 5712 quum
641 5651 831 5705 salutis
875 5652 1133 5718 pretium.
1165 5650 1390 5703 Dolosus
1419 5665 1549 5702 vero
1598 5647 1772 5702 hostis
1809 5656 1994 5701 noster

423 5736 672 5790 diabolus
727 5756 944 5810 semper
1010 5741 1208 5810 decipit
1270 5756 1366 5793 nos
1421 5742 1546 5796 vita:
1603 5741 1991 5809 voluptatibus,

424 5838 742 5902 tempusque
826 5835 1081 5904 paulatim
1161 5833 1610 5906 pmcrastiuaudo
1674 5832 1989 5886 sumtramr.

2096 4547 2164 4600 ἂν
2195 4547 2456 4618 χρήματα
2488 4519 2545 4597 έν
2600 4548 2665 4614 τῇ
2699 4519 2866 4612 ⁷φλογὶ
2904 4519 3360 4612 -τηγανιζόμενοςῖ
3401 4543 3494 4594 καὶ
3520 4541 3681 4609 ὴθω-

2096 4639 2234 4705 ώθη,
2263 4640 2358 4691 καὶ
2393 4638 2755 4707 ἐλευθερώθη.
2812 4635 2954 4689 Ἀλλ’
3007 4634 3106 4686 οὐκ
3162 4634 3274 4686 ἔστι
3321 4634 3444 4686 τότε
3493 4633 3687 4685 τοιοῦ-

2095 4749 2185 4784 τον
2202 4731 2556 4800 ἀντάλλαγμα
2580 4729 2762 4782 δοῦναι
2790 4729 2885 4796 τῆς
2905 4727 3105 4795 ψυχῆς,
3135 4725 3271 4778 ἀλλά
3294 4726 3487 4778 altovid
3519 4727 3630 4776 ἐστ’
3648 4745 3688 4777 ν

2095 4825 2127 4893 ἡ
2160 4823 2382 4886 κόλασις
2443 4824 2539 4875 καὶ
2570 4821 2947 4888 ἀτελεύτητος.
2978 4818 3115 4871 Οὐδὲ
3151 4817 3261 4887 γὰρ
3288 4818 3384 4870 ἐὰν
3411 4816 3691 4884 βασιλεὺς

2094 4915 2195 4982 τῆς
2215 4911 2545 4980 οἰκουμένης
2581 4910 2800 4978 ὑπάρχῃ
2832 4925 2938 4973 τις,
2991 4907 3087 4960 καὶ
3139 4906 3358 4958 πάντων
3412 4906 3518 4958 τῶν
3572 4905 3688 4957 ἐπὶ

2095 5003 2199 5070 γῆς
2249 5003 2547 5074 χρημάτων
2598 5000 2829 5072 κυριεύῃ
2882 5001 2978 5054 καὶ
3037 5001 3314 5070 δεσπόζῃ,
3378 4999 3691 5064 δυνήσεται

2095 5094 2193 5162 τὴν
2224 5093 2418 5146 ἑαυτοῦ
2449 5092 2718 5162 ἀγοράσαι
2758 5091 2959 5161 ψυχὴν,
2996 5092 3102 5144 κᾶν
3139 5093 3314 5147 πάντα
3343 5092 3411 5142 τὰ
3461 5090 3556 5157 τῆς
3592 5091 3697 5140 οἰ-

2100 5187 2372 5255 κουμένης
2403 5184 2499 5252 δῷ.
2533 5183 2672 5237 Ἀλλ’
2696 5183 2818 5235 οὐδὲ
2852 5185 2885 5251 ἠ
2911 5182 3059 5251 ἐντῷ
3086 5183 3275 5250 κόσμῳ
3306 5182 3454 5233 πάσα
3485 5183 3694 5250 τρυφὴ

2161 5464 2274 5517 Νῦν
2315 5462 2372 5515 δὲ
2417 5461 2631 5514 δίδωσιν
2680 5461 2708 5512 ὁ
2758 5461 3044 5532 ἄνθρωπος
3118 5459 3428 5530 μετάνοιαν,
3479 5457 3702 5525 ἐξαγό-

2094 5574 2299 5629 ρευσιν,
2342 5555 2578 5619 δάκρυα,
2620 5557 2982 5622 στεηααγμοῦς,
3011 5551 3402 5621 ἐλεημοσύνην,
3431 5551 3527 5600 καὶ⁹
3561 5553 3700 5604 πᾶ.-

2095 5665 2192 5698 σαν
2223 5645 2392 5714 ἄλλην
2435 5643 2536 5713 τὴν
2573 5643 2674 5711 τῆς
2720 5642 2992 5712 σωτηρίας
3018 5642 3157 5693 ὀδόν.
3199 5640 3258 5691 '0
3292 5639 3347 5690 δὲ
3373 5635 3545 5697 δόλιος
3583 5636 3708 5706 Ex-

2095 5736 2220 5806 θρὺς
2251 5735 2409 5804 ἡμῶν
2442 5737 2534 5786 καὶ
2591 5733 2833 5794 διάὀολος
2888 5732 2974 5784 ἀεί
3036 5747 3166 5784 ποτε
3213 5727 3463 5796 ἐξαπατᾷ
3518 5727 3705 5795 ἡμᾶς

2093 5831 2210 5891 ταῖς
2243 5828 2334 5880 τοῦ
2375 5827 2490 5898 βίου
2526 5828 2760 5896 ἡδοναῖς,
2798 5824 2892 5878 καὶ
2951 5823 3288 5878 ύποκλέπτει
3333 5821 3454 5883 ταῖς
3523 5821 3706 5876 κατὰ
