  <div class='ocr_page' id='page_1' title='image "/cluster/home/n/w/nwhite01/storage/ocr_20150623/150/hvd.32044073498826/144.png"; bbox 0 0 3948 6200; ppageno 0'>
   <div class='ocr_carea' id='block_1_1' title="bbox 292 292 2324 361">
    <p class='ocr_par' dir='ltr' id='par_1_1' title="bbox 292 292 2324 361">
     <span class='ocr_line' id='line_1_1' title="bbox 292 292 2324 361; baseline -0.003 -1"><span class='ocrx_word' id='word_1_1' title='bbox 292 298 385 361; x_wconf 71' lang='grc'><strong>277</strong></span> <span class='ocrx_word' id='word_1_2' title='bbox 1446 292 1731 355; x_wconf 82' lang='lat' dir='ltr'><strong>ORATIO</strong></span> <span class='ocrx_word' id='word_1_3' title='bbox 1767 292 1852 353; x_wconf 89' lang='lat' dir='ltr'><strong>IN</strong></span> <span class='ocrx_word' id='word_1_4' title='bbox 1894 293 1958 355; x_wconf 91' lang='lat' dir='ltr'><strong>S.</strong></span> <span class='ocrx_word' id='word_1_5' title='bbox 2000 292 2324 353; x_wconf 83' lang='lat' dir='ltr'><strong>CRUCEM.</strong></span> 
     </span>
    </p>
   </div>
   <div class='ocr_carea' id='block_1_2' title="bbox 3400 285 3509 351">
    <p class='ocr_par' dir='ltr' id='par_1_2' title="bbox 3400 285 3509 351">
     <span class='ocr_line' id='line_1_2' title="bbox 3400 285 3509 351; baseline 0.055 -7"><span class='ocrx_word' id='word_1_6' title='bbox 3400 285 3509 351; x_wconf 71' lang='lat'><strong>278</strong></span> 
     </span>
    </p>
   </div>
   <div class='ocr_carea' id='block_1_3' title="bbox 296 403 1843 482">
    <p class='ocr_par' dir='ltr' id='par_1_3' title="bbox 296 406 1835 482">
     <span class='ocr_line' id='line_1_3' title="bbox 296 406 1835 482; baseline 0 -20"><span class='ocrx_word' id='word_1_7' title='bbox 296 410 470 480; x_wconf 73' lang='grc' dir='ltr'>μικρδν</span> <span class='ocrx_word' id='word_1_8' title='bbox 496 406 841 476; x_wconf 76' lang='grc' dir='ltr'><strong>ὑποθέσεσιν,</strong></span> <span class='ocrx_word' id='word_1_9' title='bbox 865 408 1041 479; x_wconf 72' lang='grc' dir='ltr'>Ἐμοὶ,</span> <span class='ocrx_word' id='word_1_10' title='bbox 1089 409 1286 478; x_wconf 83' lang='grc' dir='ltr'>λέγων,</span> <span class='ocrx_word' id='word_1_11' title='bbox 1319 411 1408 474; x_wconf 76' lang='grc' dir='ltr'>δὸς</span> <span class='ocrx_word' id='word_1_12' title='bbox 1442 411 1540 481; x_wconf 79' lang='grc' dir='ltr'>τὴν</span> <span class='ocrx_word' id='word_1_13' title='bbox 1572 414 1835 482; x_wconf 82' lang='grc' dir='ltr'><strong>σήμερον,</strong></span> 
     </span>
    </p>
   </div>
   <div class='ocr_carea' id='block_1_4' title="bbox 1950 403 3507 482">
    <p class='ocr_par' dir='ltr' id='par_1_4' title="bbox 1950 403 3507 479">
     <span class='ocr_line' id='line_1_4' title="bbox 1950 403 3507 479; baseline -0.004 -15"><span class='ocrx_word' id='word_1_14' title='bbox 1950 410 2094 474; x_wconf 79' lang='lat' dir='ltr'><strong>Mihi,</strong></span> <span class='ocrx_word' id='word_1_15' title='bbox 2127 410 2326 479; x_wconf 84' lang='lat' dir='ltr'><strong>inquit,</strong></span> <span class='ocrx_word' id='word_1_16' title='bbox 2355 408 2495 463; x_wconf 89' lang='lat' dir='ltr'><strong>diem</strong></span> <span class='ocrx_word' id='word_1_17' title='bbox 2526 408 2591 461; x_wconf 93' lang='lat' dir='ltr'><strong>da</strong></span> <span class='ocrx_word' id='word_1_18' title='bbox 2641 407 2983 472; x_wconf 83' lang='lat' dir='ltr'><strong>hodiernum,</strong></span> <span class='ocrx_word' id='word_1_19' title='bbox 3019 404 3129 458; x_wconf 91' lang='lat' dir='ltr'><strong>Deo</strong></span> <span class='ocrx_word' id='word_1_20' title='bbox 3168 403 3464 458; x_wconf 85' lang='lat' dir='ltr'><strong>crastinum</strong></span> <span class='ocrx_word' id='word_1_21' title='bbox 3492 422 3507 464; x_wconf 83' lang='lat'><strong>;</strong></span> 
     </span>
    </p>
   </div>
   <div class='ocr_carea' id='block_1_5' title="bbox 291 499 1830 572">
    <p class='ocr_par' dir='ltr' id='par_1_5' title="bbox 291 499 1830 572">
     <span class='ocr_line' id='line_1_5' title="bbox 291 499 1830 572; baseline 0 -18"><span class='ocrx_word' id='word_1_22' title='bbox 291 501 395 569; x_wconf 86' lang='grc' dir='ltr'><strong>Θεῷ</strong></span> <span class='ocrx_word' id='word_1_23' title='bbox 421 499 473 552; x_wconf 84' lang='grc' dir='ltr'>δὲ</span> <span class='ocrx_word' id='word_1_24' title='bbox 506 499 601 569; x_wconf 78' lang='grc' dir='ltr'>τὴν</span> <span class='ocrx_word' id='word_1_25' title='bbox 635 499 853 569; x_wconf 67' lang='grc' dir='ltr'>αὔριον*</span> <span class='ocrx_word' id='word_1_26' title='bbox 891 502 1015 570; x_wconf 78' lang='grc' dir='ltr'>ἐμοὶ</span> <span class='ocrx_word' id='word_1_27' title='bbox 1044 502 1103 553; x_wconf 85' lang='grc' dir='ltr'><strong>τὸ</strong></span> <span class='ocrx_word' id='word_1_28' title='bbox 1129 503 1308 571; x_wconf 80' lang='grc' dir='ltr'>παρὸν</span> <span class='ocrx_word' id='word_1_29' title='bbox 1337 503 1446 569; x_wconf 79' lang='grc' dir='ltr'>δὸς,</span> <span class='ocrx_word' id='word_1_30' title='bbox 1498 503 1619 572; x_wconf 82' lang='grc' dir='ltr'>Θεῷ</span> <span class='ocrx_word' id='word_1_31' title='bbox 1666 503 1723 555; x_wconf 79' lang='grc' dir='ltr'>δὲ</span> <span class='ocrx_word' id='word_1_32' title='bbox 1770 501 1830 555; x_wconf 86' lang='grc' dir='ltr'><strong>τὸ</strong></span> 
     </span>
    </p>
   </div>
   <div class='ocr_carea' id='block_1_6' title="bbox 294 591 1831 664">
    <p class='ocr_par' dir='ltr' id='par_1_6' title="bbox 294 591 1831 664">
     <span class='ocr_line' id='line_1_6' title="bbox 294 591 1831 664; baseline 0.003 -21"><span class='ocrx_word' id='word_1_33' title='bbox 294 593 493 661; x_wconf 82' lang='grc' dir='ltr'>μέλλον·</span> <span class='ocrx_word' id='word_1_34' title='bbox 532 592 616 643; x_wconf 83' lang='grc' dir='ltr'><strong>ῐνα</strong></span> <span class='ocrx_word' id='word_1_35' title='bbox 666 591 809 644; x_wconf 75' lang='grc' dir='ltr'>οὕτω</span> <span class='ocrx_word' id='word_1_36' title='bbox 842 592 1214 661; x_wconf 82' lang='grc' dir='ltr'><strong>βραδυνόντων</strong></span> <span class='ocrx_word' id='word_1_37' title='bbox 1266 594 1425 663; x_wconf 82' lang='grc' dir='ltr'>ἡμῶν</span> <span class='ocrx_word' id='word_1_38' title='bbox 1475 595 1609 664; x_wconf 83' lang='grc' dir='ltr'>πρὸς</span> <span class='ocrx_word' id='word_1_39' title='bbox 1667 595 1831 663; x_wconf 84' lang='grc' dir='ltr'>μετά-</span> 
     </span>
    </p>
   </div>
   <div class='ocr_carea' id='block_1_7' title="bbox 289 687 1830 760">
    <p class='ocr_par' dir='ltr' id='par_1_7' title="bbox 289 687 1830 760">
     <span class='ocr_line' id='line_1_7' title="bbox 289 687 1830 760; baseline -0.003 -17"><span class='ocrx_word' id='word_1_40' title='bbox 289 706 417 743; x_wconf 85' lang='grc' dir='ltr'>νοιαν</span> <span class='ocrx_word' id='word_1_41' title='bbox 451 689 540 738; x_wconf 76' lang='grc' dir='ltr'>καὶ</span> <span class='ocrx_word' id='word_1_42' title='bbox 579 687 887 755; x_wconf 84' lang='grc' dir='ltr'>διόρθωσιν,</span> <span class='ocrx_word' id='word_1_43' title='bbox 956 688 1201 740; x_wconf 81' lang='grc' dir='ltr'>ἐπελθὼν</span> <span class='ocrx_word' id='word_1_44' title='bbox 1245 688 1546 760; x_wconf 78' lang='grc' dir='ltr'>ἀφαρπάσῃ</span> <span class='ocrx_word' id='word_1_45' title='bbox 1579 690 1605 740; x_wconf 90' lang='lat'><strong>6</strong></span> <span class='ocrx_word' id='word_1_46' title='bbox 1662 687 1830 740; x_wconf 80' lang='grc' dir='ltr'>θάνα-</span> 
     </span>
    </p>
   </div>
   <div class='ocr_carea' id='block_1_8' title="bbox 290 775 1835 847">
    <p class='ocr_par' dir='ltr' id='par_1_8' title="bbox 290 775 1835 847">
     <span class='ocr_line' id='line_1_8' title="bbox 290 775 1835 847; baseline 0.001 -18"><span class='ocrx_word' id='word_1_47' title='bbox 290 794 387 841; x_wconf 89' lang='grc' dir='ltr'>τος,</span> <span class='ocrx_word' id='word_1_48' title='bbox 420 776 489 846; x_wconf 83' lang='grc' dir='ltr'>μὴ</span> <span class='ocrx_word' id='word_1_49' title='bbox 518 775 682 839; x_wconf 75' lang='grc' dir='ltr'>ὅντως</span> <span class='ocrx_word' id='word_1_50' title='bbox 742 776 1134 845; x_wconf 86' lang='grc' dir='ltr'>λυτρουμένου,</span> <span class='ocrx_word' id='word_1_51' title='bbox 1182 777 1320 847; x_wconf 77' lang='grc' dir='ltr'>μηδὲ</span> <span class='ocrx_word' id='word_1_52' title='bbox 1374 777 1665 840; x_wconf 75' lang='grc' dir='ltr'>σώζοντος.</span> <span class='ocrx_word' id='word_1_53' title='bbox 1702 778 1835 832; x_wconf 70' lang='grc' dir='ltr'><strong>Ἀν-</strong></span> 
     </span>
    </p>
   </div>
   <div class='ocr_carea' id='block_1_9' title="bbox 287 864 1836 937">
    <p class='ocr_par' dir='ltr' id='par_1_9' title="bbox 287 864 1836 937">
     <span class='ocr_line' id='line_1_9' title="bbox 287 864 1836 937; baseline 0.002 -19"><span class='ocrx_word' id='word_1_54' title='bbox 287 869 475 937; x_wconf 78' lang='grc' dir='ltr'>θρωπος</span> <span class='ocrx_word' id='word_1_55' title='bbox 499 867 596 934; x_wconf 77' lang='grc' dir='ltr'><strong>μὲν</strong></span> <span class='ocrx_word' id='word_1_56' title='bbox 629 864 723 919; x_wconf 76' lang='grc' dir='ltr'><strong>οὖν</strong></span> <span class='ocrx_word' id='word_1_57' title='bbox 751 867 851 919; x_wconf 84' lang='grc' dir='ltr'>οὐκ</span> <span class='ocrx_word' id='word_1_58' title='bbox 879 867 991 937; x_wconf 75' lang='grc' dir='ltr'>ἔχει</span> <span class='ocrx_word' id='word_1_59' title='bbox 1020 884 1074 919; x_wconf 90' lang='grc' dir='ltr'><strong>τι</strong></span> <span class='ocrx_word' id='word_1_60' title='bbox 1102 866 1287 920; x_wconf 81' lang='grc' dir='ltr'>δοῦναι</span> <span class='ocrx_word' id='word_1_61' title='bbox 1337 868 1693 937; x_wconf 80' lang='grc' dir='ltr'><strong>ἀντάλλαγμα</strong></span> <span class='ocrx_word' id='word_1_62' title='bbox 1735 869 1836 937; x_wconf 77' lang='grc' dir='ltr'><strong>τῆς</strong></span> 
     </span>
    </p>
   </div>
   <div class='ocr_carea' id='block_1_10' title="bbox 286 958 1834 1030">
    <p class='ocr_par' dir='ltr' id='par_1_10' title="bbox 286 958 1834 1030">
     <span class='ocr_line' id='line_1_10' title="bbox 286 958 1834 1030; baseline 0.003 -20"><span class='ocrx_word' id='word_1_63' title='bbox 286 958 443 1028; x_wconf 72' lang='grc' dir='ltr'>ψυχῆς</span> <span class='ocrx_word' id='word_1_64' title='bbox 466 958 651 1012; x_wconf 82' lang='grc' dir='ltr'>αὐτοῦ’</span> <span class='ocrx_word' id='word_1_65' title='bbox 680 962 706 1011; x_wconf 87' lang='grc' dir='ltr'><strong>ὁ</strong></span> <span class='ocrx_word' id='word_1_66' title='bbox 729 959 785 1010; x_wconf 84' lang='grc' dir='ltr'>δὲ</span> <span class='ocrx_word' id='word_1_67' title='bbox 818 958 950 1021; x_wconf 74' lang='grc' dir='ltr'>Θεὸς</span> <span class='ocrx_word' id='word_1_68' title='bbox 982 962 1083 1029; x_wconf 86' lang='grc' dir='ltr'>τῆς</span> <span class='ocrx_word' id='word_1_69' title='bbox 1105 960 1263 1030; x_wconf 83' lang='grc' dir='ltr'>ήμῶν</span> <span class='ocrx_word' id='word_1_70' title='bbox 1312 960 1588 1030; x_wconf 73' lang='grc' dir='ltr'><strong>σωτηρίας</strong></span> <span class='ocrx_word' id='word_1_71' title='bbox 1648 962 1834 1014; x_wconf 73' lang='grc' dir='ltr'>ἕνεκεν</span> 
     </span>
    </p>
   </div>
   <div class='ocr_carea' id='block_1_11' title="bbox 284 1046 1833 1120">
    <p class='ocr_par' dir='ltr' id='par_1_11' title="bbox 284 1046 1833 1120">
     <span class='ocr_line' id='line_1_11' title="bbox 284 1046 1833 1120; baseline 0.003 -18"><span class='ocrx_word' id='word_1_72' title='bbox 284 1050 485 1103; x_wconf 76' lang='grc' dir='ltr'>δέδωκεν</span> <span class='ocrx_word' id='word_1_73' title='bbox 510 1051 870 1118; x_wconf 75' lang='grc' dir='ltr'>ἀντάλλαγμα</span> <span class='ocrx_word' id='word_1_74' title='bbox 903 1050 964 1103; x_wconf 83' lang='grc' dir='ltr'>τὸ</span> <span class='ocrx_word' id='word_1_75' title='bbox 984 1052 1166 1119; x_wconf 87' lang='grc' dir='ltr'>τίμιον</span> <span class='ocrx_word' id='word_1_76' title='bbox 1195 1046 1336 1120; x_wconf 70' lang='grc' dir='ltr'>αἷμα</span> <span class='ocrx_word' id='word_1_77' title='bbox 1360 1050 1454 1105; x_wconf 85' lang='grc' dir='ltr'><strong>τοῦ</strong></span> <span class='ocrx_word' id='word_1_78' title='bbox 1484 1051 1613 1105; x_wconf 77' lang='grc' dir='ltr'>Υἱοῦ</span> <span class='ocrx_word' id='word_1_79' title='bbox 1644 1050 1833 1106; x_wconf 81' lang='grc' dir='ltr'>αὑτοῦ.</span> 
     </span>
    </p>
   </div>
   <div class='ocr_carea' id='block_1_12' title="bbox 284 1123 1837 1214">
    <p class='ocr_par' dir='ltr' id='par_1_12' title="bbox 284 1123 1837 1214">
     <span class='ocr_line' id='line_1_12' title="bbox 284 1123 1837 1214; baseline 0.002 -22"><span class='ocrx_word' id='word_1_80' title='bbox 284 1142 361 1192; x_wconf 78' lang='grc' dir='ltr'><strong>Διὸ</strong></span> <span class='ocrx_word' id='word_1_81' title='bbox 396 1141 717 1207; x_wconf 73' lang='grc' dir='ltr'><strong>παρακαλῶ,</strong></span> <span class='ocrx_word' id='word_1_82' title='bbox 746 1144 816 1195; x_wconf 75' lang='grc' dir='ltr'>τὰ</span> <span class='ocrx_word' id='word_1_83' title='bbox 852 1144 1015 1196; x_wconf 69' lang='grc' dir='ltr'>λοιπὰ</span> <span class='ocrx_word' id='word_1_84' title='bbox 1054 1146 1233 1198; x_wconf 85' lang='grc' dir='ltr'>πάντα</span> <span class='ocrx_word' id='word_1_85' title='bbox 1286 1144 1545 1211; x_wconf 82' lang='grc' dir='ltr'>ἁφεντες,</span> <span class='ocrx_word' id='word_1_86' title='bbox 1580 1123 1682 1206; x_wconf 42' lang='grc' dir='ltr'>ἐἰς</span> <span class='ocrx_word' id='word_1_87' title='bbox 1738 1142 1837 1214; x_wconf 79' lang='grc' dir='ltr'><strong>τὴν</strong></span> 
     </span>
    </p>
   </div>
   <div class='ocr_carea' id='block_1_13' title="bbox 281 1232 1839 1306">
    <p class='ocr_par' dir='ltr' id='par_1_13' title="bbox 281 1232 1839 1306">
     <span class='ocr_line' id='line_1_13' title="bbox 281 1232 1839 1306; baseline 0.004 -23"><span class='ocrx_word' id='word_1_88' title='bbox 281 1232 434 1300; x_wconf 62' lang='grc' dir='ltr'>ψυχὴν</span> <span class='ocrx_word' id='word_1_89' title='bbox 466 1232 688 1286; x_wconf 68' lang='grc' dir='ltr'>ἃπασαν</span> <span class='ocrx_word' id='word_1_90' title='bbox 718 1234 820 1301; x_wconf 77' lang='grc' dir='ltr'>τὴν</span> <span class='ocrx_word' id='word_1_91' title='bbox 846 1235 1083 1305; x_wconf 79' lang='grc' dir='ltr'>σπουδὴν</span> <span class='ocrx_word' id='word_1_92' title='bbox 1109 1236 1522 1306; x_wconf 83' lang='grc' dir='ltr'>ἀναλίσκωμεν.</span> <span class='ocrx_word' id='word_1_93' title='bbox 1550 1236 1672 1288; x_wconf 86' lang='grc' dir='ltr'><strong>Τῶν</strong></span> <span class='ocrx_word' id='word_1_94' title='bbox 1727 1235 1839 1306; x_wconf 81' lang='grc' dir='ltr'>γὰρ</span> 
     </span>
    </p>
   </div>
   <div class='ocr_carea' id='block_1_14' title="bbox 276 1327 1839 1400">
    <p class='ocr_par' dir='ltr' id='par_1_14' title="bbox 276 1327 1839 1400">
     <span class='ocr_line' id='line_1_14' title="bbox 276 1327 1839 1400; baseline 0.004 -25"><span class='ocrx_word' id='word_1_95' title='bbox 276 1327 332 1375; x_wconf 66' lang='grc' dir='ltr'>ἐν</span> <span class='ocrx_word' id='word_1_96' title='bbox 359 1328 479 1395; x_wconf 72' lang='grc' dir='ltr'>ἡμῖν</span> <span class='ocrx_word' id='word_1_97' title='bbox 518 1327 739 1379; x_wconf 81' lang='grc' dir='ltr'>πάντων</span> <span class='ocrx_word' id='word_1_98' title='bbox 782 1327 1119 1398; x_wconf 82' lang='grc' dir='ltr'>κυριώτερον</span> <span class='ocrx_word' id='word_1_99' title='bbox 1148 1331 1180 1400; x_wconf 82' lang='grc' dir='ltr'>ή</span> <span class='ocrx_word' id='word_1_100' title='bbox 1206 1329 1353 1400; x_wconf 74' lang='grc' dir='ltr'><strong>ψυχή</strong></span> <span class='ocrx_word' id='word_1_101' title='bbox 1392 1331 1565 1383; x_wconf 77' lang='grc' dir='ltr'>ἐστιν.</span> <span class='ocrx_word' id='word_1_102' title='bbox 1607 1331 1705 1390; x_wconf 86' lang='grc' dir='ltr'>Ὃς</span> <span class='ocrx_word' id='word_1_103' title='bbox 1730 1331 1839 1399; x_wconf 84' lang='grc' dir='ltr'>γὰρ</span> 
     </span>
    </p>
   </div>
   <div class='ocr_carea' id='block_1_15' title="bbox 282 1413 1840 1490">
    <p class='ocr_par' dir='ltr' id='par_1_15' title="bbox 282 1413 1840 1490">
     <span class='ocr_line' id='line_1_15' title="bbox 282 1413 1840 1490; baseline 0.006 -25"><span class='ocrx_word' id='word_1_104' title='bbox 282 1416 362 1466; x_wconf 67' lang='grc' dir='ltr'>ἐὰν</span> <span class='ocrx_word' id='word_1_105' title='bbox 408 1413 753 1489; x_wconf 75' lang='grc' dir='ltr'>ἀπαισχυνθῇ</span> <span class='ocrx_word' id='word_1_106' title='bbox 791 1435 879 1486; x_wconf 87' lang='grc' dir='ltr'><strong>με,</strong></span> <span class='ocrx_word' id='word_1_107' title='bbox 915 1419 1072 1487; x_wconf 80' lang='grc' dir='ltr'>φησὶ,</span> <span class='ocrx_word' id='word_1_108' title='bbox 1101 1419 1196 1472; x_wconf 63' lang='grc' dir='ltr'><strong>καὶ¹</strong></span> <span class='ocrx_word' id='word_1_109' title='bbox 1230 1421 1357 1483; x_wconf 85' lang='grc' dir='ltr'>τοὺς</span> <span class='ocrx_word' id='word_1_110' title='bbox 1419 1422 1589 1490; x_wconf 75' lang='grc' dir='ltr'>ἐμοὺς</span> <span class='ocrx_word' id='word_1_111' title='bbox 1643 1421 1840 1488; x_wconf 86' lang='grc' dir='ltr'>λόγους</span> 
     </span>
    </p>
   </div>
   <div class='ocr_carea' id='block_1_16' title="bbox 282 1506 1842 1581">
    <p class='ocr_par' dir='ltr' id='par_1_16' title="bbox 282 1506 1842 1581">
     <span class='ocr_line' id='line_1_16' title="bbox 282 1506 1842 1581; baseline 0.007 -26"><span class='ocrx_word' id='word_1_112' title='bbox 282 1506 330 1555; x_wconf 82' lang='grc' dir='ltr'>ὲν</span> <span class='ocrx_word' id='word_1_113' title='bbox 349 1508 502 1577; x_wconf 68' lang='grc' dir='ltr'>γενεᾷ</span> <span class='ocrx_word' id='word_1_114' title='bbox 526 1507 700 1577; x_wconf 86' lang='grc' dir='ltr'>ταύτῃ</span> <span class='ocrx_word' id='word_1_115' title='bbox 727 1512 791 1577; x_wconf 75' lang='grc' dir='ltr'>τῇ</span> <span class='ocrx_word' id='word_1_116' title='bbox 827 1509 1103 1578; x_wconf 81' lang='grc' dir='ltr'>μοιχαλίδι</span> <span class='ocrx_word' id='word_1_117' title='bbox 1156 1511 1252 1563; x_wconf 76' lang='grc' dir='ltr'><strong>καὶ</strong></span> <span class='ocrx_word' id='word_1_118' title='bbox 1299 1512 1608 1581; x_wconf 66' lang='grc' dir='ltr'>ἁμαρτωλῷ</span> <span class='ocrx_word' id='word_1_119' title='bbox 1630 1527 1645 1542; x_wconf 84' lang='lat'><strong><em>°</em></strong></span> <span class='ocrx_word' id='word_1_120' title='bbox 1691 1513 1784 1566; x_wconf 76' lang='grc' dir='ltr'><strong>καὶ</strong></span> <span class='ocrx_word' id='word_1_121' title='bbox 1813 1515 1842 1567; x_wconf 91' lang='lat'><strong>6</strong></span> 
     </span>
    </p>
   </div>
   <div class='ocr_carea' id='block_1_17' title="bbox 281 1596 1843 1673">
    <p class='ocr_par' dir='ltr' id='par_1_17' title="bbox 281 1596 1843 1673">
     <span class='ocr_line' id='line_1_17' title="bbox 281 1596 1843 1673; baseline 0.006 -25"><span class='ocrx_word' id='word_1_122' title='bbox 281 1596 391 1658; x_wconf 73' lang='grc' dir='ltr'><strong>Υἱὸς</strong></span> <span class='ocrx_word' id='word_1_123' title='bbox 442 1597 541 1651; x_wconf 87' lang='grc' dir='ltr'><strong>τοῦ</strong></span> <span class='ocrx_word' id='word_1_124' title='bbox 586 1600 878 1668; x_wconf 81' lang='grc' dir='ltr'>ἀνθρώπου</span> <span class='ocrx_word' id='word_1_125' title='bbox 928 1603 1428 1673; x_wconf 80' lang='grc' dir='ltr'>ἐπαισχυνθήσεται</span> <span class='ocrx_word' id='word_1_126' title='bbox 1482 1603 1669 1669; x_wconf 80' lang='grc' dir='ltr'>αὑτὸν,</span> <span class='ocrx_word' id='word_1_127' title='bbox 1713 1605 1843 1657; x_wconf 82' lang='grc' dir='ltr'>ὅταν</span> 
     </span>
    </p>
   </div>
   <div class='ocr_carea' id='block_1_18' title="bbox 280 1689 1842 1765">
    <p class='ocr_par' dir='ltr' id='par_1_18' title="bbox 280 1689 1842 1765">
     <span class='ocr_line' id='line_1_18' title="bbox 280 1689 1842 1765; baseline 0.006 -26"><span class='ocrx_word' id='word_1_128' title='bbox 280 1689 393 1759; x_wconf 74' lang='grc' dir='ltr'>ἔλθῃ</span> <span class='ocrx_word' id='word_1_129' title='bbox 420 1691 477 1740; x_wconf 82' lang='grc' dir='ltr'>ὲν</span> <span class='ocrx_word' id='word_1_130' title='bbox 514 1691 578 1759; x_wconf 78' lang='grc' dir='ltr'>τῇ</span> <span class='ocrx_word' id='word_1_131' title='bbox 613 1690 741 1761; x_wconf 80' lang='grc' dir='ltr'>δόξῃ</span> <span class='ocrx_word' id='word_1_132' title='bbox 775 1692 868 1744; x_wconf 88' lang='grc' dir='ltr'><strong>τοῦ</strong></span> <span class='ocrx_word' id='word_1_133' title='bbox 897 1694 1112 1764; x_wconf 75' lang='grc' dir='ltr'>Πατρδς</span> <span class='ocrx_word' id='word_1_134' title='bbox 1147 1695 1312 1747; x_wconf 85' lang='grc' dir='ltr'>αὑτοῦ</span> <span class='ocrx_word' id='word_1_135' title='bbox 1350 1695 1488 1764; x_wconf 84' lang='grc' dir='ltr'><strong>μετά</strong></span> <span class='ocrx_word' id='word_1_136' title='bbox 1529 1695 1638 1748; x_wconf 88' lang='grc' dir='ltr'>τῶν</span> <span class='ocrx_word' id='word_1_137' title='bbox 1675 1697 1842 1765; x_wconf 82' lang='grc' dir='ltr'>ἀγγέ-</span> 
     </span>
    </p>
   </div>
   <div class='ocr_carea' id='block_1_19' title="bbox 279 1773 1846 1849">
    <p class='ocr_par' dir='ltr' id='par_1_19' title="bbox 279 1773 1846 1849">
     <span class='ocr_line' id='line_1_19' title="bbox 279 1773 1846 1849; baseline 0.008 -26"><span class='ocrx_word' id='word_1_138' title='bbox 279 1773 369 1824; x_wconf 91' lang='grc' dir='ltr'><strong>λων</strong></span> <span class='ocrx_word' id='word_1_139' title='bbox 394 1775 503 1828; x_wconf 84' lang='grc' dir='ltr'><strong>τῶν</strong></span> <span class='ocrx_word' id='word_1_140' title='bbox 537 1777 731 1842; x_wconf 83' lang='grc' dir='ltr'>ἁγίων.</span> <span class='ocrx_word' id='word_1_141' title='bbox 774 1779 847 1830; x_wconf 75' lang='grc' dir='ltr'><strong>Οὐ</strong></span> <span class='ocrx_word' id='word_1_142' title='bbox 896 1780 1057 1849; x_wconf 86' lang='grc' dir='ltr'>μόνον</span> <span class='ocrx_word' id='word_1_143' title='bbox 1088 1783 1230 1834; x_wconf 79' lang='grc' dir='ltr'>κατὰ</span> <span class='ocrx_word' id='word_1_144' title='bbox 1267 1784 1507 1837; x_wconf 83' lang='grc' dir='ltr'>διάνοιαν</span> <span class='ocrx_word' id='word_1_145' title='bbox 1572 1786 1846 1838; x_wconf 78' lang='grc' dir='ltr'>πιστεύειν</span> 
     </span>
    </p>
   </div>
   <div class='ocr_carea' id='block_1_20' title="bbox 276 1863 1843 1947">
    <p class='ocr_par' dir='ltr' id='par_1_20' title="bbox 276 1863 1843 1947">
     <span class='ocr_line' id='line_1_20' title="bbox 276 1863 1843 1947; baseline 0.011 -35"><span class='ocrx_word' id='word_1_146' title='bbox 276 1863 571 1931; x_wconf 54' lang='grc' dir='ltr'>ὀφείλομεν,</span> <span class='ocrx_word' id='word_1_147' title='bbox 598 1866 735 1919; x_wconf 79' lang='grc' dir='ltr'>ἀλλὰ</span> <span class='ocrx_word' id='word_1_148' title='bbox 764 1872 860 1923; x_wconf 76' lang='grc' dir='ltr'>καὶ</span> <span class='ocrx_word' id='word_1_149' title='bbox 889 1870 986 1937; x_wconf 73' lang='grc' dir='ltr'>τὴν</span> <span class='ocrx_word' id='word_1_150' title='bbox 1018 1872 1106 1924; x_wconf 81' lang='grc' dir='ltr'><strong>διὰ</strong></span> <span class='ocrx_word' id='word_1_151' title='bbox 1161 1873 1434 1942; x_wconf 86' lang='grc' dir='ltr'>στόματος</span> <span class='ocrx_word' id='word_1_152' title='bbox 1459 1876 1843 1947; x_wconf 83' lang='grc' dir='ltr'>ἀπαιτούμεθα</span> 
     </span>
    </p>
   </div>
   <div class='ocr_carea' id='block_1_21' title="bbox 277 1953 1838 2036">
    <p class='ocr_par' dir='ltr' id='par_1_21' title="bbox 277 1953 1838 2036">
     <span class='ocr_line' id='line_1_21' title="bbox 277 1953 1838 2036; baseline 0.012 -33"><span class='ocrx_word' id='word_1_153' title='bbox 277 1953 556 2020; x_wconf 74' lang='grc' dir='ltr'>ὁμολογίαν</span> <span class='ocrx_word' id='word_1_154' title='bbox 577 1972 590 1984; x_wconf 80' lang='grc' dir='ltr'><strong>ο</strong></span> <span class='ocrx_word' id='word_1_155' title='bbox 620 1958 809 2027; x_wconf 78' lang='grc' dir='ltr'>ἐπειδὴ</span> <span class='ocrx_word' id='word_1_156' title='bbox 842 1959 951 2029; x_wconf 85' lang='grc' dir='ltr'>γὰρ</span> <span class='ocrx_word' id='word_1_157' title='bbox 1004 1960 1227 2025; x_wconf 82' lang='grc' dir='ltr'>διπλοῦς</span> <span class='ocrx_word' id='word_1_158' title='bbox 1261 1964 1409 2015; x_wconf 78' lang='grc' dir='ltr'>ἐστιν</span> <span class='ocrx_word' id='word_1_159' title='bbox 1465 1967 1506 2019; x_wconf 83' lang='grc' dir='ltr'>ὁ,</span> <span class='ocrx_word' id='word_1_160' title='bbox 1530 1966 1838 2036; x_wconf 78' lang='grc' dir='ltr'>ἄνθρωπος,</span> 
     </span>
    </p>
   </div>
   <div class='ocr_carea' id='block_1_22' title="bbox 275 2040 1838 2128">
    <p class='ocr_par' dir='ltr' id='par_1_22' title="bbox 275 2040 1838 2128">
     <span class='ocr_line' id='line_1_22' title="bbox 275 2040 1838 2128; baseline 0.01 -37"><span class='ocrx_word' id='word_1_161' title='bbox 275 2040 481 2104; x_wconf 78' lang='grc' dir='ltr'>διπλοῦς</span> <span class='ocrx_word' id='word_1_162' title='bbox 510 2046 747 2101; x_wconf 72' lang='grc' dir='ltr'>ἐστικαὶ</span> <span class='ocrx_word' id='word_1_163' title='bbox 774 2049 802 2099; x_wconf 93' lang='lat'><strong>6</strong></span> <span class='ocrx_word' id='word_1_164' title='bbox 832 2049 1124 2118; x_wconf 74' lang='grc' dir='ltr'>ἁγιασμὸς.</span> <span class='ocrx_word' id='word_1_165' title='bbox 1152 2051 1471 2120; x_wconf 78' lang='grc' dir='ltr'>Ἀγιάξεται</span> <span class='ocrx_word' id='word_1_166' title='bbox 1495 2053 1658 2123; x_wconf 76' lang='grc' dir='ltr'>γὰρὴ</span> <span class='ocrx_word' id='word_1_167' title='bbox 1688 2054 1838 2128; x_wconf 79' lang='grc' dir='ltr'>ψυχὴ</span> 
     </span>
    </p>
   </div>
   <div class='ocr_carea' id='block_1_23' title="bbox 276 2132 1834 2215">
    <p class='ocr_par' dir='ltr' id='par_1_23' title="bbox 276 2132 1834 2215">
     <span class='ocr_line' id='line_1_23' title="bbox 276 2132 1834 2215; baseline 0.012 -32"><span class='ocrx_word' id='word_1_168' title='bbox 276 2132 348 2185; x_wconf 72' lang='grc' dir='ltr'>διὰ</span> <span class='ocrx_word' id='word_1_169' title='bbox 377 2134 472 2202; x_wconf 80' lang='grc' dir='ltr'>τῆς</span> <span class='ocrx_word' id='word_1_170' title='bbox 515 2138 809 2205; x_wconf 74' lang='grc' dir='ltr'>ὁμολογίας</span> <span class='ocrx_word' id='word_1_171' title='bbox 831 2158 843 2171; x_wconf 76' lang='grc'><strong><em>⁸</em></strong></span> <span class='ocrx_word' id='word_1_172' title='bbox 875 2141 1059 2205; x_wconf 85' lang='grc' dir='ltr'>καθὼς</span> <span class='ocrx_word' id='word_1_173' title='bbox 1090 2143 1184 2197; x_wconf 76' lang='grc' dir='ltr'>καὶ</span> <span class='ocrx_word' id='word_1_174' title='bbox 1205 2146 1232 2196; x_wconf 93' lang='lat'><strong>6</strong></span> <span class='ocrx_word' id='word_1_175' title='bbox 1284 2145 1608 2209; x_wconf 87' lang='grc' dir='ltr'>Ἀπόστολος</span> <span class='ocrx_word' id='word_1_176' title='bbox 1641 2147 1788 2215; x_wconf 73' lang='grc' dir='ltr'>λέγει</span> <span class='ocrx_word' id='word_1_177' title='bbox 1817 2164 1834 2180; x_wconf 78' lang='lat'><strong><em>‘</em></strong></span> 
     </span>
    </p>
   </div>
   <div class='ocr_carea' id='block_1_24' title="bbox 276 2230 1844 2306">
    <p class='ocr_par' dir='ltr' id='par_1_24' title="bbox 276 2230 1844 2306">
     <span class='ocr_line' id='line_1_24' title="bbox 276 2230 1844 2306; baseline 0.01 -27"><span class='ocrx_word' id='word_1_178' title='bbox 276 2230 479 2296; x_wconf 73' lang='grc' dir='ltr'>Καρδίᾳ</span> <span class='ocrx_word' id='word_1_179' title='bbox 509 2232 627 2299; x_wconf 81' lang='grc' dir='ltr'><strong>μὲν</strong></span> <span class='ocrx_word' id='word_1_180' title='bbox 656 2234 765 2301; x_wconf 68' lang='grc' dir='ltr'>γὰρ</span> <span class='ocrx_word' id='word_1_181' title='bbox 789 2237 1131 2289; x_wconf 78' lang='grc' dir='ltr'>πιστεύεται</span> <span class='ocrx_word' id='word_1_182' title='bbox 1158 2239 1245 2301; x_wconf 73' lang='grc' dir='ltr'>εἰς</span> <span class='ocrx_word' id='word_1_183' title='bbox 1264 2236 1686 2306; x_wconf 80' lang='grc' dir='ltr'>δικαιοσύνην⁹</span> <span class='ocrx_word' id='word_1_184' title='bbox 1706 2242 1844 2294; x_wconf 85' lang='grc' dir='ltr'>στό-</span> 
     </span>
    </p>
   </div>
   <div class='ocr_carea' id='block_1_25' title="bbox 275 2319 1841 2391">
    <p class='ocr_par' dir='ltr' id='par_1_25' title="bbox 275 2319 1841 2391">
     <span class='ocr_line' id='line_1_25' title="bbox 275 2319 1841 2391; baseline 0.011 -26"><span class='ocrx_word' id='word_1_185' title='bbox 275 2333 391 2381; x_wconf 79' lang='grc' dir='ltr'>ματι</span> <span class='ocrx_word' id='word_1_186' title='bbox 421 2319 495 2371; x_wconf 80' lang='grc' dir='ltr'>δὲ</span> <span class='ocrx_word' id='word_1_187' title='bbox 524 2322 901 2390; x_wconf 74' lang='grc' dir='ltr'>ὁμολογεῖται</span> <span class='ocrx_word' id='word_1_188' title='bbox 931 2326 1019 2388; x_wconf 79' lang='grc' dir='ltr'>εις</span> <span class='ocrx_word' id='word_1_189' title='bbox 1064 2328 1390 2391; x_wconf 74' lang='grc' dir='ltr'>σωτηρίαν.</span> <span class='ocrx_word' id='word_1_190' title='bbox 1450 2328 1518 2381; x_wconf 80' lang='grc' dir='ltr'><strong>Ὅ</strong></span> <span class='ocrx_word' id='word_1_191' title='bbox 1564 2331 1620 2382; x_wconf 79' lang='grc' dir='ltr'>δὲ</span> <span class='ocrx_word' id='word_1_192' title='bbox 1680 2333 1841 2383; x_wconf 82' lang='grc' dir='ltr'>ἐπαι-</span> 
     </span>
    </p>
   </div>
   <div class='ocr_carea' id='block_1_26' title="bbox 277 2408 1845 2489">
    <p class='ocr_par' dir='ltr' id='par_1_26' title="bbox 277 2408 1845 2489">
     <span class='ocr_line' id='line_1_26' title="bbox 277 2408 1845 2489; baseline 0.011 -34"><span class='ocrx_word' id='word_1_193' title='bbox 277 2408 594 2474; x_wconf 65' lang='grc' dir='ltr'>σχυνόμενος</span> <span class='ocrx_word' id='word_1_194' title='bbox 634 2411 730 2461; x_wconf 75' lang='grc' dir='ltr'>καὶ</span> <span class='ocrx_word' id='word_1_195' title='bbox 758 2414 1156 2482; x_wconf 82' lang='grc' dir='ltr'>ἐντρεπόμενος</span> <span class='ocrx_word' id='word_1_196' title='bbox 1191 2416 1268 2483; x_wconf 83' lang='grc' dir='ltr'>τῷ</span> <span class='ocrx_word' id='word_1_197' title='bbox 1315 2418 1724 2489; x_wconf 84' lang='grc' dir='ltr'>ὲσταυρωμένῳ</span> <span class='ocrx_word' id='word_1_198' title='bbox 1756 2440 1845 2472; x_wconf 86' lang='grc' dir='ltr'>πι-</span> 
     </span>
    </p>
   </div>
   <div class='ocr_carea' id='block_1_27' title="bbox 276 2498 1840 2577">
    <p class='ocr_par' dir='ltr' id='par_1_27' title="bbox 276 2498 1840 2577">
     <span class='ocr_line' id='line_1_27' title="bbox 276 2498 1840 2577; baseline 0.013 -31"><span class='ocrx_word' id='word_1_199' title='bbox 276 2498 489 2551; x_wconf 84' lang='grc' dir='ltr'>στεῦσαι</span> <span class='ocrx_word' id='word_1_200' title='bbox 547 2501 793 2570; x_wconf 71' lang='grc' dir='ltr'>Χριστῷ,</span> <span class='ocrx_word' id='word_1_201' title='bbox 862 2506 956 2556; x_wconf 74' lang='grc' dir='ltr'><strong>καὶ</strong></span> <span class='ocrx_word' id='word_1_202' title='bbox 1023 2507 1362 2577; x_wconf 82' lang='grc' dir='ltr'>ὁμολογῆσαι</span> <span class='ocrx_word' id='word_1_203' title='bbox 1418 2510 1551 2563; x_wconf 81' lang='grc' dir='ltr'>Θεὸν</span> <span class='ocrx_word' id='word_1_204' title='bbox 1605 2513 1840 2567; x_wconf 86' lang='grc' dir='ltr'>ἑαυτοῦ·</span> 
     </span>
    </p>
   </div>
   <div class='ocr_carea' id='block_1_28' title="bbox 276 2588 1842 2669">
    <p class='ocr_par' dir='ltr' id='par_1_28' title="bbox 276 2588 1842 2669">
     <span class='ocr_line' id='line_1_28' title="bbox 276 2588 1842 2669; baseline 0.013 -30"><span class='ocrx_word' id='word_1_205' title='bbox 276 2588 731 2660; x_wconf 68' lang='grc' dir='ltr'>ἐπαισχυνόμενος</span> <span class='ocrx_word' id='word_1_206' title='bbox 782 2594 838 2647; x_wconf 86' lang='grc' dir='ltr'><strong>δὲ</strong></span> <span class='ocrx_word' id='word_1_207' title='bbox 872 2597 1111 2660; x_wconf 78' lang='grc' dir='ltr'>καὶτοὺς</span> <span class='ocrx_word' id='word_1_208' title='bbox 1142 2599 1306 2653; x_wconf 76' lang='grc' dir='ltr'>αὑτοῦ</span> <span class='ocrx_word' id='word_1_209' title='bbox 1366 2601 1557 2669; x_wconf 85' lang='grc' dir='ltr'>λόγους</span> <span class='ocrx_word' id='word_1_210' title='bbox 1598 2605 1724 2667; x_wconf 84' lang='grc' dir='ltr'>τοὺς</span> <span class='ocrx_word' id='word_1_211' title='bbox 1784 2608 1842 2661; x_wconf 87' lang='grc' dir='ltr'>ὲν</span> 
     </span>
    </p>
   </div>
   <div class='ocr_carea' id='block_1_29' title="bbox 276 2680 1842 2768">
    <p class='ocr_par' dir='ltr' id='par_1_29' title="bbox 276 2680 1842 2768">
     <span class='ocr_line' id='line_1_29' title="bbox 276 2680 1842 2768; baseline 0.015 -37"><span class='ocrx_word' id='word_1_212' title='bbox 276 2680 337 2747; x_wconf 83' lang='grc' dir='ltr'>τῷ</span> <span class='ocrx_word' id='word_1_213' title='bbox 397 2684 538 2754; x_wconf 81' lang='grc' dir='ltr'>ἁγίῳ</span> <span class='ocrx_word' id='word_1_214' title='bbox 577 2687 916 2757; x_wconf 79' lang='grc' dir='ltr'>Εὑαγγελίῳ,</span> <span class='ocrx_word' id='word_1_215' title='bbox 974 2690 1165 2745; x_wconf 83' lang='grc' dir='ltr'>τοῦτον</span> <span class='ocrx_word' id='word_1_216' title='bbox 1197 2694 1292 2747; x_wconf 80' lang='grc' dir='ltr'><strong>καὶ</strong></span> <span class='ocrx_word' id='word_1_217' title='bbox 1342 2698 1370 2749; x_wconf 89' lang='lat'><strong>6</strong></span> <span class='ocrx_word' id='word_1_218' title='bbox 1418 2698 1625 2768; x_wconf 86' lang='grc' dir='ltr'>Κύριος</span> <span class='ocrx_word' id='word_1_219' title='bbox 1681 2702 1842 2754; x_wconf 79' lang='grc' dir='ltr'>ἐπαι-</span> 
     </span>
    </p>
   </div>
   <div class='ocr_carea' id='block_1_30' title="bbox 1936 494 3506 571">
    <p class='ocr_par' dir='ltr' id='par_1_30' title="bbox 1936 494 3506 571">
     <span class='ocr_line' id='line_1_30' title="bbox 1936 494 3506 571; baseline -0.004 -15"><span class='ocrx_word' id='word_1_220' title='bbox 1936 504 2069 558; x_wconf 88' lang='lat' dir='ltr'><strong>tnihi</strong></span> <span class='ocrx_word' id='word_1_221' title='bbox 2122 512 2330 570; x_wconf 91' lang='lat' dir='ltr'><strong>tempus</strong></span> <span class='ocrx_word' id='word_1_222' title='bbox 2378 516 2654 571; x_wconf 69' lang='lat' dir='ltr'><strong>praesens,</strong></span> <span class='ocrx_word' id='word_1_223' title='bbox 2688 500 2819 562; x_wconf 89' lang='lat' dir='ltr'><strong>Deo,</strong></span> <span class='ocrx_word' id='word_1_224' title='bbox 2858 500 3137 556; x_wconf 89' lang='lat' dir='ltr'><strong>futurum;</strong></span> <span class='ocrx_word' id='word_1_225' title='bbox 3171 502 3227 547; x_wconf 93' lang='lat' dir='ltr'><strong>ut</strong></span> <span class='ocrx_word' id='word_1_226' title='bbox 3276 494 3350 548; x_wconf 87' lang='lat' dir='ltr'><strong>ita</strong></span> <span class='ocrx_word' id='word_1_227' title='bbox 3403 506 3506 549; x_wconf 91' lang='lat' dir='ltr'><strong>tar-</strong></span> 
     </span>
    </p>
   </div>
   <div class='ocr_carea' id='block_1_31' title="bbox 1936 592 3510 663">
    <p class='ocr_par' dir='ltr' id='par_1_31' title="bbox 1936 592 3510 663">
     <span class='ocr_line' id='line_1_31' title="bbox 1936 592 3510 663; baseline -0.006 -13"><span class='ocrx_word' id='word_1_228' title='bbox 1936 596 2129 650; x_wconf 90' lang='lat' dir='ltr'><strong>dantes</strong></span> <span class='ocrx_word' id='word_1_229' title='bbox 2175 595 2243 650; x_wconf 90' lang='lat' dir='ltr'><strong>ad</strong></span> <span class='ocrx_word' id='word_1_230' title='bbox 2287 597 2683 663; x_wconf 57' lang='lat' dir='ltr'><strong>paenitentiam,</strong></span> <span class='ocrx_word' id='word_1_231' title='bbox 2721 603 2776 647; x_wconf 91' lang='lat' dir='ltr'><strong>et</strong></span> <span class='ocrx_word' id='word_1_232' title='bbox 2814 592 3277 652; x_wconf 87' lang='lat' dir='ltr'><strong>emendationem,</strong></span> <span class='ocrx_word' id='word_1_233' title='bbox 3323 606 3510 659; x_wconf 87' lang='lat' dir='ltr'><strong>super-</strong></span> 
     </span>
    </p>
   </div>
   <div class='ocr_carea' id='block_1_32' title="bbox 1935 682 3514 755">
    <p class='ocr_par' dir='ltr' id='par_1_32' title="bbox 1935 682 3514 755">
     <span class='ocr_line' id='line_1_32' title="bbox 1935 682 3514 755; baseline -0.004 -15"><span class='ocrx_word' id='word_1_234' title='bbox 1935 689 2160 742; x_wconf 87' lang='lat' dir='ltr'><strong>veniens</strong></span> <span class='ocrx_word' id='word_1_235' title='bbox 2198 687 2432 755; x_wconf 91' lang='lat' dir='ltr'><strong>abripiat</strong></span> <span class='ocrx_word' id='word_1_236' title='bbox 2474 702 2642 749; x_wconf 85' lang='lat' dir='ltr'><strong>mors,</strong></span> <span class='ocrx_word' id='word_1_237' title='bbox 2681 686 2902 754; x_wconf 81' lang='lat' dir='ltr'><strong>quando</strong></span> <span class='ocrx_word' id='word_1_238' title='bbox 2935 700 3040 737; x_wconf 94' lang='lat' dir='ltr'><strong>non</strong></span> <span class='ocrx_word' id='word_1_239' title='bbox 3094 694 3198 748; x_wconf 87' lang='lat' dir='ltr'><strong>est,</strong></span> <span class='ocrx_word' id='word_1_240' title='bbox 3234 684 3326 752; x_wconf 86' lang='lat' dir='ltr'><strong>qui</strong></span> <span class='ocrx_word' id='word_1_241' title='bbox 3375 682 3514 735; x_wconf 82' lang='lat' dir='ltr'><strong>redi-</strong></span> 
     </span>
    </p>
   </div>
   <div class='ocr_carea' id='block_1_33' title="bbox 1938 776 3516 849">
    <p class='ocr_par' dir='ltr' id='par_1_33' title="bbox 1938 776 3516 849">
     <span class='ocr_line' id='line_1_33' title="bbox 1938 776 3516 849; baseline -0.003 -16"><span class='ocrx_word' id='word_1_242' title='bbox 1938 789 2075 846; x_wconf 97' lang='lat' dir='ltr'><strong>mat,</strong></span> <span class='ocrx_word' id='word_1_243' title='bbox 2128 795 2304 849; x_wconf 89' lang='lat' dir='ltr'><strong>neque</strong></span> <span class='ocrx_word' id='word_1_244' title='bbox 2353 778 2446 847; x_wconf 86' lang='lat' dir='ltr'><strong>qui</strong></span> <span class='ocrx_word' id='word_1_245' title='bbox 2494 780 2700 832; x_wconf 85' lang='lat' dir='ltr'><strong>salvum</strong></span> <span class='ocrx_word' id='word_1_246' title='bbox 2752 777 2937 831; x_wconf 87' lang='lat' dir='ltr'><strong>faciat.</strong></span> <span class='ocrx_word' id='word_1_247' title='bbox 2984 776 3153 830; x_wconf 83' lang='lat' dir='ltr'><strong>Homo</strong></span> <span class='ocrx_word' id='word_1_248' title='bbox 3204 777 3368 845; x_wconf 83' lang='lat' dir='ltr'><strong>igitur</strong></span> <span class='ocrx_word' id='word_1_249' title='bbox 3413 792 3516 829; x_wconf 91' lang='lat' dir='ltr'><strong>non</strong></span> 
     </span>
    </p>
   </div>
   <div class='ocr_carea' id='block_1_34' title="bbox 1938 870 3516 943">
    <p class='ocr_par' dir='ltr' id='par_1_34' title="bbox 1938 870 3516 943">
     <span class='ocr_line' id='line_1_34' title="bbox 1938 870 3516 943; baseline -0.002 -19"><span class='ocrx_word' id='word_1_250' title='bbox 1938 882 2117 943; x_wconf 87' lang='lat' dir='ltr'><strong>potest</strong></span> <span class='ocrx_word' id='word_1_251' title='bbox 2173 873 2303 925; x_wconf 88' lang='lat' dir='ltr'><strong>dare</strong></span> <span class='ocrx_word' id='word_1_252' title='bbox 2370 872 2606 939; x_wconf 81' lang='lat' dir='ltr'><strong>aliquam</strong></span> <span class='ocrx_word' id='word_1_253' title='bbox 2661 872 3142 925; x_wconf 82' lang='lat' dir='ltr'><strong>commutationem</strong></span> <span class='ocrx_word' id='word_1_254' title='bbox 3190 885 3288 939; x_wconf 91' lang='lat' dir='ltr'><strong>pro</strong></span> <span class='ocrx_word' id='word_1_255' title='bbox 3338 870 3516 921; x_wconf 87' lang='lat' dir='ltr'><strong>anima</strong></span> 
     </span>
    </p>
   </div>
   <div class='ocr_carea' id='block_1_35' title="bbox 1940 961 3516 1029">
    <p class='ocr_par' dir='ltr' id='par_1_35' title="bbox 1940 961 3516 1029">
     <span class='ocr_line' id='line_1_35' title="bbox 1940 961 3516 1029; baseline -0.002 -14"><span class='ocrx_word' id='word_1_256' title='bbox 1940 977 2034 1015; x_wconf 87' lang='lat' dir='ltr'><strong>sua</strong></span> <span class='ocrx_word' id='word_1_257' title='bbox 2064 980 2079 1027; x_wconf 89' lang='lat'><strong>;</strong></span> <span class='ocrx_word' id='word_1_258' title='bbox 2116 961 2255 1015; x_wconf 90' lang='lat' dir='ltr'><strong>Deus</strong></span> <span class='ocrx_word' id='word_1_259' title='bbox 2293 976 2422 1015; x_wconf 87' lang='lat' dir='ltr'><strong>vero</strong></span> <span class='ocrx_word' id='word_1_260' title='bbox 2457 977 2553 1029; x_wconf 90' lang='lat' dir='ltr'><strong>pro</strong></span> <span class='ocrx_word' id='word_1_261' title='bbox 2585 973 2767 1015; x_wconf 90' lang='lat' dir='ltr'><strong>nostra</strong></span> <span class='ocrx_word' id='word_1_262' title='bbox 2814 963 2991 1015; x_wconf 90' lang='lat' dir='ltr'><strong>salute</strong></span> <span class='ocrx_word' id='word_1_263' title='bbox 3027 962 3173 1014; x_wconf 83' lang='lat' dir='ltr'><strong>dedit</strong></span> <span class='ocrx_word' id='word_1_264' title='bbox 3210 970 3516 1015; x_wconf 86' lang='lat' dir='ltr'><strong>commuta-</strong></span> 
     </span>
    </p>
   </div>
   <div class='ocr_carea' id='block_1_36' title="bbox 1941 1053 3517 1124">
    <p class='ocr_par' dir='ltr' id='par_1_36' title="bbox 1941 1053 3517 1124">
     <span class='ocr_line' id='line_1_36' title="bbox 1941 1053 3517 1124; baseline -0.002 -16"><span class='ocrx_word' id='word_1_265' title='bbox 1941 1056 2169 1117; x_wconf 90' lang='lat' dir='ltr'><strong>tionem,</strong></span> <span class='ocrx_word' id='word_1_266' title='bbox 2205 1056 2502 1124; x_wconf 90' lang='lat' dir='ltr'><strong>pretiosum</strong></span> <span class='ocrx_word' id='word_1_267' title='bbox 2532 1053 2850 1121; x_wconf 81' lang='lat' dir='ltr'><strong>sanguinem</strong></span> <span class='ocrx_word' id='word_1_268' title='bbox 2885 1053 3003 1106; x_wconf 87' lang='lat' dir='ltr'><strong>Filii</strong></span> <span class='ocrx_word' id='word_1_269' title='bbox 3038 1053 3145 1107; x_wconf 89' lang='lat' dir='ltr'><strong>sui.</strong></span> <span class='ocrx_word' id='word_1_270' title='bbox 3183 1054 3364 1118; x_wconf 82' lang='lat' dir='ltr'><strong>Quare</strong></span> <span class='ocrx_word' id='word_1_271' title='bbox 3388 1054 3517 1106; x_wconf 84' lang='lat' dir='ltr'><strong>hor-</strong></span> 
     </span>
    </p>
   </div>
   <div class='ocr_carea' id='block_1_37' title="bbox 1944 1144 3518 1210">
    <p class='ocr_par' dir='ltr' id='par_1_37' title="bbox 1944 1144 3518 1210">
     <span class='ocr_line' id='line_1_37' title="bbox 1944 1144 3518 1210; baseline -0.001 -9"><span class='ocrx_word' id='word_1_272' title='bbox 1944 1154 2052 1210; x_wconf 87' lang='lat' dir='ltr'><strong>tor,</strong></span> <span class='ocrx_word' id='word_1_273' title='bbox 2092 1156 2150 1201; x_wconf 91' lang='lat' dir='ltr'><strong>ut</strong></span> <span class='ocrx_word' id='word_1_274' title='bbox 2182 1148 2435 1201; x_wconf 85' lang='lat' dir='ltr'><strong>omnibus</strong></span> <span class='ocrx_word' id='word_1_275' title='bbox 2482 1146 2696 1199; x_wconf 62' lang='lat' dir='ltr'><strong>caeteris</strong></span> <span class='ocrx_word' id='word_1_276' title='bbox 2744 1144 2926 1198; x_wconf 86' lang='lat' dir='ltr'><strong>missis</strong></span> <span class='ocrx_word' id='word_1_277' title='bbox 2969 1146 3020 1198; x_wconf 92' lang='lat' dir='ltr'><strong>in</strong></span> <span class='ocrx_word' id='word_1_278' title='bbox 3075 1147 3313 1199; x_wconf 90' lang='lat' dir='ltr'><strong>animam</strong></span> <span class='ocrx_word' id='word_1_279' title='bbox 3356 1162 3518 1199; x_wconf 84' lang='lat' dir='ltr'><strong>omne</strong></span> 
     </span>
    </p>
   </div>
   <div class='ocr_carea' id='block_1_38' title="bbox 1941 1238 3515 1306">
    <p class='ocr_par' dir='ltr' id='par_1_38' title="bbox 1941 1238 3515 1306">
     <span class='ocr_line' id='line_1_38' title="bbox 1941 1238 3515 1306; baseline -0.001 -14"><span class='ocrx_word' id='word_1_280' title='bbox 1941 1240 2175 1292; x_wconf 88' lang='lat' dir='ltr'><strong>studium</strong></span> <span class='ocrx_word' id='word_1_281' title='bbox 2208 1239 2574 1293; x_wconf 83' lang='lat' dir='ltr'><strong>eonleramus.</strong></span> <span class='ocrx_word' id='word_1_282' title='bbox 2609 1238 2750 1291; x_wconf 85' lang='lat' dir='ltr'><strong>Nihil</strong></span> <span class='ocrx_word' id='word_1_283' title='bbox 2792 1240 2935 1291; x_wconf 87' lang='lat' dir='ltr'><strong>enim</strong></span> <span class='ocrx_word' id='word_1_284' title='bbox 2974 1239 3025 1290; x_wconf 90' lang='lat' dir='ltr'><strong>in</strong></span> <span class='ocrx_word' id='word_1_285' title='bbox 3064 1238 3223 1291; x_wconf 83' lang='lat' dir='ltr'><strong>nobis</strong></span> <span class='ocrx_word' id='word_1_286' title='bbox 3251 1246 3515 1306; x_wconf 76' lang='lat' dir='ltr'><strong>praestan-</strong></span> 
     </span>
    </p>
   </div>
   <div class='ocr_carea' id='block_1_39' title="bbox 1942 1329 3515 1398">
    <p class='ocr_par' dir='ltr' id='par_1_39' title="bbox 1942 1329 3515 1398">
     <span class='ocr_line' id='line_1_39' title="bbox 1942 1329 3515 1398; baseline -0.001 -14"><span class='ocrx_word' id='word_1_287' title='bbox 1942 1332 2049 1384; x_wconf 89' lang='lat' dir='ltr'><strong>tius</strong></span> <span class='ocrx_word' id='word_1_288' title='bbox 2078 1330 2278 1383; x_wconf 88' lang='lat' dir='ltr'><strong>anima.</strong></span> <span class='ocrx_word' id='word_1_289' title='bbox 2308 1329 2408 1394; x_wconf 86' lang='lat' dir='ltr'><strong>Qui</strong></span> <span class='ocrx_word' id='word_1_290' title='bbox 2445 1329 2588 1384; x_wconf 89' lang='lat' dir='ltr'><strong>enim</strong></span> <span class='ocrx_word' id='word_1_291' title='bbox 2634 1344 2720 1382; x_wconf 92' lang='lat' dir='ltr'><strong>me</strong></span> <span class='ocrx_word' id='word_1_292' title='bbox 2745 1329 3043 1392; x_wconf 74' lang='lat' dir='ltr'><strong>erubuerit,</strong></span> <span class='ocrx_word' id='word_1_293' title='bbox 3074 1329 3269 1398; x_wconf 87' lang='lat' dir='ltr'><strong>inquit,</strong></span> <span class='ocrx_word' id='word_1_294' title='bbox 3301 1339 3354 1384; x_wconf 87' lang='lat' dir='ltr'><strong>et</strong></span> <span class='ocrx_word' id='word_1_295' title='bbox 3401 1344 3515 1383; x_wconf 83' lang='lat' dir='ltr'><strong>ser-</strong></span> 
     </span>
    </p>
   </div>
   <div class='ocr_carea' id='block_1_40' title="bbox 1945 1420 3493 1490">
    <p class='ocr_par' dir='ltr' id='par_1_40' title="bbox 1945 1420 3493 1490">
     <span class='ocr_line' id='line_1_40' title="bbox 1945 1420 3493 1490; baseline 0.001 -17"><span class='ocrx_word' id='word_1_296' title='bbox 1945 1436 2132 1475; x_wconf 80' lang='lat' dir='ltr'><strong>mones</strong></span> <span class='ocrx_word' id='word_1_297' title='bbox 2159 1436 2307 1475; x_wconf 90' lang='lat' dir='ltr'><strong>meos</strong></span> <span class='ocrx_word' id='word_1_298' title='bbox 2337 1422 2388 1474; x_wconf 92' lang='lat' dir='ltr'><strong>in</strong></span> <span class='ocrx_word' id='word_1_299' title='bbox 2425 1421 2775 1490; x_wconf 76' lang='lat' dir='ltr'><strong>generatione</strong></span> <span class='ocrx_word' id='word_1_300' title='bbox 2816 1420 2920 1473; x_wconf 89' lang='lat' dir='ltr'><strong>ista</strong></span> <span class='ocrx_word' id='word_1_301' title='bbox 2950 1420 3194 1476; x_wconf 88' lang='lat' dir='ltr'><strong>adultera</strong></span> <span class='ocrx_word' id='word_1_302' title='bbox 3228 1431 3282 1475; x_wconf 90' lang='lat' dir='ltr'><strong>et</strong></span> <span class='ocrx_word' id='word_1_303' title='bbox 3329 1436 3493 1489; x_wconf 85' lang='lat' dir='ltr'><strong>pecca</strong></span> 
     </span>
    </p>
   </div>
   <div class='ocr_carea' id='block_1_41' title="bbox 1943 1511 3517 1575">
    <p class='ocr_par' dir='ltr' id='par_1_41' title="bbox 1943 1511 3517 1575">
     <span class='ocr_line' id='line_1_41' title="bbox 1943 1511 3517 1575; baseline -0.002 -8"><span class='ocrx_word' id='word_1_304' title='bbox 1943 1514 2102 1575; x_wconf 87' lang='lat' dir='ltr'><strong>trice,</strong></span> <span class='ocrx_word' id='word_1_305' title='bbox 2132 1520 2185 1567; x_wconf 87' lang='lat' dir='ltr'><strong>et</strong></span> <span class='ocrx_word' id='word_1_306' title='bbox 2209 1511 2378 1565; x_wconf 85' lang='lat' dir='ltr'><strong>Filius</strong></span> <span class='ocrx_word' id='word_1_307' title='bbox 2402 1512 2639 1566; x_wconf 91' lang='lat' dir='ltr'><strong>hominis</strong></span> <span class='ocrx_word' id='word_1_308' title='bbox 2672 1513 2957 1566; x_wconf 83' lang='lat' dir='ltr'><strong>erubescet</strong></span> <span class='ocrx_word' id='word_1_309' title='bbox 2979 1526 3125 1575; x_wconf 89' lang='lat' dir='ltr'><strong>eum,</strong></span> <span class='ocrx_word' id='word_1_310' title='bbox 3156 1527 3280 1566; x_wconf 90' lang='lat' dir='ltr'><strong>eum</strong></span> <span class='ocrx_word' id='word_1_311' title='bbox 3309 1513 3517 1566; x_wconf 86' lang='lat' dir='ltr'><strong>venerit</strong></span> 
     </span>
    </p>
   </div>
   <div class='ocr_carea' id='block_1_42' title="bbox 1946 1601 3518 1673">
    <p class='ocr_par' dir='ltr' id='par_1_42' title="bbox 1946 1601 3518 1673">
     <span class='ocr_line' id='line_1_42' title="bbox 1946 1601 3518 1673; baseline 0 -15"><span class='ocrx_word' id='word_1_312' title='bbox 1946 1605 1997 1659; x_wconf 90' lang='lat' dir='ltr'><strong>in</strong></span> <span class='ocrx_word' id='word_1_313' title='bbox 2030 1604 2199 1673; x_wconf 74' lang='lat' dir='ltr'><strong>gloria</strong></span> <span class='ocrx_word' id='word_1_314' title='bbox 2239 1603 2414 1659; x_wconf 82' lang='lat' dir='ltr'><strong>Patris</strong></span> <span class='ocrx_word' id='word_1_315' title='bbox 2451 1603 2533 1657; x_wconf 88' lang='lat' dir='ltr'><strong>sui</strong></span> <span class='ocrx_word' id='word_1_316' title='bbox 2576 1618 2695 1657; x_wconf 91' lang='lat' dir='ltr'><strong>cum</strong></span> <span class='ocrx_word' id='word_1_317' title='bbox 2733 1602 2942 1672; x_wconf 80' lang='lat' dir='ltr'><strong>angelis</strong></span> <span class='ocrx_word' id='word_1_318' title='bbox 2989 1604 3217 1658; x_wconf 87' lang='lat' dir='ltr'><strong>sanctis.</strong></span> <span class='ocrx_word' id='word_1_319' title='bbox 3261 1601 3377 1658; x_wconf 91' lang='lat' dir='ltr'><strong>Non</strong></span> <span class='ocrx_word' id='word_1_320' title='bbox 3431 1619 3518 1658; x_wconf 89' lang='lat' dir='ltr'><strong>so-</strong></span> 
     </span>
    </p>
   </div>
   <div class='ocr_carea' id='block_1_43' title="bbox 1949 1693 3519 1764">
    <p class='ocr_par' dir='ltr' id='par_1_43' title="bbox 1949 1693 3519 1764">
     <span class='ocr_line' id='line_1_43' title="bbox 1949 1693 3519 1764; baseline -0.001 -18"><span class='ocrx_word' id='word_1_321' title='bbox 1949 1694 2058 1748; x_wconf 89' lang='lat' dir='ltr'><strong>lum</strong></span> <span class='ocrx_word' id='word_1_322' title='bbox 2096 1694 2235 1763; x_wconf 85' lang='lat' dir='ltr'><strong>apud</strong></span> <span class='ocrx_word' id='word_1_323' title='bbox 2265 1696 2508 1747; x_wconf 86' lang='lat' dir='ltr'><strong>animum</strong></span> <span class='ocrx_word' id='word_1_324' title='bbox 2539 1694 2761 1747; x_wconf 85' lang='lat' dir='ltr'><strong>credere</strong></span> <span class='ocrx_word' id='word_1_325' title='bbox 2790 1693 3071 1757; x_wconf 87' lang='lat' dir='ltr'><strong>debemus,</strong></span> <span class='ocrx_word' id='word_1_326' title='bbox 3106 1695 3199 1749; x_wconf 86' lang='lat' dir='ltr'><strong>sed</strong></span> <span class='ocrx_word' id='word_1_327' title='bbox 3239 1695 3351 1748; x_wconf 90' lang='lat' dir='ltr'><strong>oris</strong></span> <span class='ocrx_word' id='word_1_328' title='bbox 3380 1711 3519 1764; x_wconf 83' lang='lat' dir='ltr'><strong>quo-</strong></span> 
     </span>
    </p>
   </div>
   <div class='ocr_carea' id='block_1_44' title="bbox 1950 1783 3518 1853">
    <p class='ocr_par' dir='ltr' id='par_1_44' title="bbox 1950 1783 3518 1853">
     <span class='ocr_line' id='line_1_44' title="bbox 1950 1783 3518 1853; baseline 0.001 -17"><span class='ocrx_word' id='word_1_329' title='bbox 1950 1798 2055 1851; x_wconf 89' lang='lat' dir='ltr'><strong>que</strong></span> <span class='ocrx_word' id='word_1_330' title='bbox 2088 1784 2361 1839; x_wconf 88' lang='lat' dir='ltr'><strong>confessio</strong></span> <span class='ocrx_word' id='word_1_331' title='bbox 2392 1800 2420 1837; x_wconf 91' lang='lat' dir='ltr'><strong>a</strong></span> <span class='ocrx_word' id='word_1_332' title='bbox 2454 1785 2609 1839; x_wconf 82' lang='lat' dir='ltr'><strong>nobis</strong></span> <span class='ocrx_word' id='word_1_333' title='bbox 2643 1784 2901 1853; x_wconf 84' lang='lat' dir='ltr'><strong>exigitur.</strong></span> <span class='ocrx_word' id='word_1_334' title='bbox 2935 1783 3201 1850; x_wconf 86' lang='lat' dir='ltr'><strong>Quoniam</strong></span> <span class='ocrx_word' id='word_1_335' title='bbox 3236 1787 3378 1838; x_wconf 88' lang='lat' dir='ltr'><strong>enim</strong></span> <span class='ocrx_word' id='word_1_336' title='bbox 3414 1786 3518 1839; x_wconf 91' lang='lat' dir='ltr'><strong>du-</strong></span> 
     </span>
    </p>
   </div>
   <div class='ocr_carea' id='block_1_45' title="bbox 1945 1875 3517 1944">
    <p class='ocr_par' dir='ltr' id='par_1_45' title="bbox 1945 1875 3517 1944">
     <span class='ocr_line' id='line_1_45' title="bbox 1945 1875 3517 1944; baseline 0.002 -16"><span class='ocrx_word' id='word_1_337' title='bbox 1945 1875 2065 1944; x_wconf 81' lang='lat' dir='ltr'><strong>plex</strong></span> <span class='ocrx_word' id='word_1_338' title='bbox 2096 1885 2178 1929; x_wconf 90' lang='lat' dir='ltr'><strong>est</strong></span> <span class='ocrx_word' id='word_1_339' title='bbox 2210 1876 2391 1940; x_wconf 88' lang='lat' dir='ltr'><strong>homo,</strong></span> <span class='ocrx_word' id='word_1_340' title='bbox 2423 1876 2619 1944; x_wconf 78' lang='lat' dir='ltr'><strong>duplex</strong></span> <span class='ocrx_word' id='word_1_341' title='bbox 2655 1885 2741 1930; x_wconf 92' lang='lat' dir='ltr'><strong>est</strong></span> <span class='ocrx_word' id='word_1_342' title='bbox 2770 1885 2823 1929; x_wconf 88' lang='lat' dir='ltr'><strong>et</strong></span> <span class='ocrx_word' id='word_1_343' title='bbox 2852 1877 3227 1931; x_wconf 85' lang='lat' dir='ltr'><strong>sanctitieatio.</strong></span> <span class='ocrx_word' id='word_1_344' title='bbox 3260 1876 3517 1931; x_wconf 84' lang='lat' dir='ltr'><strong>Sanctiti-</strong></span> 
     </span>
    </p>
   </div>
   <div class='ocr_carea' id='block_1_46' title="bbox 1942 1968 3515 2040">
    <p class='ocr_par' dir='ltr' id='par_1_46' title="bbox 1942 1968 3515 2040">
     <span class='ocr_line' id='line_1_46' title="bbox 1942 1968 3515 2040; baseline 0.001 -18"><span class='ocrx_word' id='word_1_345' title='bbox 1942 1979 2099 2023; x_wconf 88' lang='lat' dir='ltr'><strong>catur</strong></span> <span class='ocrx_word' id='word_1_346' title='bbox 2122 1971 2267 2023; x_wconf 88' lang='lat' dir='ltr'><strong>enim</strong></span> <span class='ocrx_word' id='word_1_347' title='bbox 2291 1972 2467 2023; x_wconf 86' lang='lat' dir='ltr'><strong>anima</strong></span> <span class='ocrx_word' id='word_1_348' title='bbox 2494 1986 2587 2038; x_wconf 88' lang='lat' dir='ltr'><strong>per</strong></span> <span class='ocrx_word' id='word_1_349' title='bbox 2611 1968 3036 2033; x_wconf 82' lang='lat' dir='ltr'><strong>confessionem,</strong></span> <span class='ocrx_word' id='word_1_350' title='bbox 3060 1972 3515 2040; x_wconf 85' lang='lat' dir='ltr'><strong>quemadmodum</strong></span> 
     </span>
    </p>
   </div>
   <div class='ocr_carea' id='block_1_47' title="bbox 1939 2062 3516 2136">
    <p class='ocr_par' dir='ltr' id='par_1_47' title="bbox 1939 2062 3516 2136">
     <span class='ocr_line' id='line_1_47' title="bbox 1939 2062 3516 2136; baseline 0.001 -20"><span class='ocrx_word' id='word_1_351' title='bbox 1939 2062 2103 2116; x_wconf 83' lang='lat' dir='ltr'><strong>etiam</strong></span> <span class='ocrx_word' id='word_1_352' title='bbox 2139 2062 2428 2130; x_wconf 81' lang='lat' dir='ltr'><strong>Apostolus</strong></span> <span class='ocrx_word' id='word_1_353' title='bbox 2466 2062 2596 2115; x_wconf 90' lang='lat' dir='ltr'><strong>dicit</strong></span> <span class='ocrx_word' id='word_1_354' title='bbox 2624 2080 2637 2115; x_wconf 84' lang='lat'><strong>:</strong></span> <span class='ocrx_word' id='word_1_355' title='bbox 2671 2062 2842 2117; x_wconf 80' lang='lat' dir='ltr'><strong>Corde</strong></span> <span class='ocrx_word' id='word_1_356' title='bbox 2874 2065 3010 2116; x_wconf 84' lang='lat' dir='ltr'><strong>enim</strong></span> <span class='ocrx_word' id='word_1_357' title='bbox 3053 2066 3289 2118; x_wconf 82' lang='lat' dir='ltr'><strong>creditur</strong></span> <span class='ocrx_word' id='word_1_358' title='bbox 3320 2066 3389 2118; x_wconf 76' lang='grc' dir='ltr'><strong>(κ’</strong></span> <span class='ocrx_word' id='word_1_359' title='bbox 3420 2068 3516 2136; x_wconf 82' lang='lat' dir='ltr'><strong>ju-</strong></span> 
     </span>
    </p>
   </div>
   <div class='ocr_carea' id='block_1_48' title="bbox 1938 2153 3516 2225">
    <p class='ocr_par' dir='ltr' id='par_1_48' title="bbox 1938 2153 3516 2225">
     <span class='ocr_line' id='line_1_48' title="bbox 1938 2153 3516 2225; baseline 0.004 -19"><span class='ocrx_word' id='word_1_360' title='bbox 1938 2154 2163 2217; x_wconf 79' lang='lat' dir='ltr'><strong>stitiam,</strong></span> <span class='ocrx_word' id='word_1_361' title='bbox 2206 2168 2294 2206; x_wconf 80' lang='lat' dir='ltr'><strong>ore</strong></span> <span class='ocrx_word' id='word_1_362' title='bbox 2330 2164 2502 2205; x_wconf 78' lang='lat' dir='ltr'><strong>autem</strong></span> <span class='ocrx_word' id='word_1_363' title='bbox 2557 2153 2618 2219; x_wconf 80' lang='lat' dir='ltr'><strong>ﬁt</strong></span> <span class='ocrx_word' id='word_1_364' title='bbox 2661 2155 2919 2225; x_wconf 77' lang='lat' dir='ltr'><strong>confessio</strong></span> <span class='ocrx_word' id='word_1_365' title='bbox 2965 2157 3035 2208; x_wconf 81' lang='lat' dir='ltr'><strong>ad</strong></span> <span class='ocrx_word' id='word_1_366' title='bbox 3074 2158 3293 2209; x_wconf 74' lang='lat' dir='ltr'><strong>salutent</strong></span> <span class='ocrx_word' id='word_1_367' title='bbox 3320 2160 3383 2212; x_wconf 85' lang='grc'><strong>¹⁰.</strong></span> <span class='ocrx_word' id='word_1_368' title='bbox 3414 2159 3516 2223; x_wconf 86' lang='lat' dir='ltr'><strong>Qui</strong></span> 
     </span>
    </p>
   </div>
   <div class='ocr_carea' id='block_1_49' title="bbox 1944 2248 3518 2305">
    <p class='ocr_par' dir='ltr' id='par_1_49' title="bbox 1944 2248 3518 2305">
     <span class='ocr_line' id='line_1_49' title="bbox 1944 2248 3518 2305; baseline 0.003 -7"><span class='ocrx_word' id='word_1_369' title='bbox 1944 2257 2121 2298; x_wconf 85' lang='lat' dir='ltr'><strong>autem</strong></span> <span class='ocrx_word' id='word_1_370' title='bbox 2175 2248 2447 2298; x_wconf 80' lang='lat' dir='ltr'><strong>erubescit</strong></span> <span class='ocrx_word' id='word_1_371' title='bbox 2488 2256 2542 2300; x_wconf 90' lang='lat' dir='ltr'><strong>et</strong></span> <span class='ocrx_word' id='word_1_372' title='bbox 2585 2250 2982 2300; x_wconf 79' lang='lat' dir='ltr'><strong>verecumlalur</strong></span> <span class='ocrx_word' id='word_1_373' title='bbox 3028 2252 3250 2303; x_wconf 85' lang='lat' dir='ltr'><strong>credere</strong></span> <span class='ocrx_word' id='word_1_374' title='bbox 3301 2251 3518 2305; x_wconf 81' lang='lat' dir='ltr'><strong>Christo</strong></span> 
     </span>
    </p>
   </div>
   <div class='ocr_carea' id='block_1_50' title="bbox 1944 2335 3517 2408">
    <p class='ocr_par' dir='ltr' id='par_1_50' title="bbox 1944 2335 3517 2408">
     <span class='ocr_line' id='line_1_50' title="bbox 1944 2335 3517 2408; baseline 0.003 -19"><span class='ocrx_word' id='word_1_375' title='bbox 1944 2337 2221 2398; x_wconf 71' lang='lat' dir='ltr'><strong>crucifixo,</strong></span> <span class='ocrx_word' id='word_1_376' title='bbox 2249 2346 2303 2388; x_wconf 87' lang='lat' dir='ltr'><strong>et</strong></span> <span class='ocrx_word' id='word_1_377' title='bbox 2352 2335 2519 2389; x_wconf 87' lang='lat' dir='ltr'><strong>Deum</strong></span> <span class='ocrx_word' id='word_1_378' title='bbox 2558 2353 2716 2391; x_wconf 86' lang='lat' dir='ltr'><strong>suum</strong></span> <span class='ocrx_word' id='word_1_379' title='bbox 2750 2341 2998 2395; x_wconf 74' lang='lat' dir='ltr'><strong>confiteri</strong></span> <span class='ocrx_word' id='word_1_380' title='bbox 3023 2359 3038 2408; x_wconf 89' lang='lat'><strong>;</strong></span> <span class='ocrx_word' id='word_1_381' title='bbox 3066 2343 3342 2395; x_wconf 72' lang='lat' dir='ltr'><strong>erubescit</strong></span> <span class='ocrx_word' id='word_1_382' title='bbox 3392 2343 3517 2395; x_wconf 85' lang='lat' dir='ltr'><strong>item</strong></span> 
     </span>
    </p>
   </div>
   <div class='ocr_carea' id='block_1_51' title="bbox 1945 2430 3521 2502">
    <p class='ocr_par' dir='ltr' id='par_1_51' title="bbox 1945 2430 3521 2502">
     <span class='ocr_line' id='line_1_51' title="bbox 1945 2430 3521 2502; baseline 0.004 -20"><span class='ocrx_word' id='word_1_383' title='bbox 1945 2444 2227 2482; x_wconf 86' lang='lat' dir='ltr'><strong>sermones</strong></span> <span class='ocrx_word' id='word_1_384' title='bbox 2261 2430 2377 2499; x_wconf 81' lang='lat' dir='ltr'><strong>ejus</strong></span> <span class='ocrx_word' id='word_1_385' title='bbox 2430 2430 2484 2483; x_wconf 88' lang='lat' dir='ltr'><strong>in</strong></span> <span class='ocrx_word' id='word_1_386' title='bbox 2530 2442 2718 2485; x_wconf 86' lang='lat' dir='ltr'><strong>sancto</strong></span> <span class='ocrx_word' id='word_1_387' title='bbox 2750 2433 3066 2502; x_wconf 79' lang='lat' dir='ltr'><strong>Evangelia:</strong></span> <span class='ocrx_word' id='word_1_388' title='bbox 3095 2451 3216 2487; x_wconf 90' lang='lat' dir='ltr'><strong>eum</strong></span> <span class='ocrx_word' id='word_1_389' title='bbox 3265 2433 3521 2488; x_wconf 87' lang='lat' dir='ltr'><strong>Dominus</strong></span> 
     </span>
    </p>
   </div>
   <div class='ocr_carea' id='block_1_52' title="bbox 1944 2524 3520 2598">
    <p class='ocr_par' dir='ltr' id='par_1_52' title="bbox 1944 2524 3520 2598">
     <span class='ocr_line' id='line_1_52' title="bbox 1944 2524 3520 2598; baseline 0.006 -27"><span class='ocrx_word' id='word_1_390' title='bbox 1944 2536 2162 2589; x_wconf 89' lang='lat' dir='ltr'><strong>quoque</strong></span> <span class='ocrx_word' id='word_1_391' title='bbox 2205 2524 2525 2589; x_wconf 78' lang='lat' dir='ltr'><strong>erubescet,</strong></span> <span class='ocrx_word' id='word_1_392' title='bbox 2551 2535 2603 2578; x_wconf 91' lang='lat' dir='ltr'><strong>et</strong></span> <span class='ocrx_word' id='word_1_393' title='bbox 2638 2541 2851 2579; x_wconf 87' lang='lat' dir='ltr'><strong>servum</strong></span> <span class='ocrx_word' id='word_1_394' title='bbox 2887 2541 2946 2579; x_wconf 88' lang='lat' dir='ltr'><strong>se</strong></span> <span class='ocrx_word' id='word_1_395' title='bbox 2985 2527 3263 2597; x_wconf 82' lang='lat' dir='ltr'><strong>indignum</strong></span> <span class='ocrx_word' id='word_1_396' title='bbox 3309 2529 3520 2598; x_wconf 79' lang='lat' dir='ltr'><strong>judica-</strong></span> 
     </span>
    </p>
   </div>
   <div class='ocr_carea' id='block_1_53' title="bbox 1952 2614 3521 2685">
    <p class='ocr_par' dir='ltr' id='par_1_53' title="bbox 1952 2614 3521 2685">
     <span class='ocr_line' id='line_1_53' title="bbox 1952 2614 3521 2685; baseline 0.004 -17"><span class='ocrx_word' id='word_1_397' title='bbox 1952 2614 2046 2675; x_wconf 83' lang='lat' dir='ltr'><strong>bit,</strong></span> <span class='ocrx_word' id='word_1_398' title='bbox 2084 2630 2201 2667; x_wconf 89' lang='lat' dir='ltr'><strong>cum</strong></span> <span class='ocrx_word' id='word_1_399' title='bbox 2235 2616 2445 2669; x_wconf 86' lang='lat' dir='ltr'><strong>venerit</strong></span> <span class='ocrx_word' id='word_1_400' title='bbox 2475 2619 2525 2669; x_wconf 90' lang='lat' dir='ltr'><strong>in</strong></span> <span class='ocrx_word' id='word_1_401' title='bbox 2562 2620 2801 2671; x_wconf 85' lang='lat' dir='ltr'><strong>secundo</strong></span> <span class='ocrx_word' id='word_1_402' title='bbox 2830 2619 3059 2671; x_wconf 85' lang='lat' dir='ltr'><strong>adventu</strong></span> <span class='ocrx_word' id='word_1_403' title='bbox 3090 2634 3213 2685; x_wconf 79' lang='lat' dir='ltr'><strong>suo.</strong></span> <span class='ocrx_word' id='word_1_404' title='bbox 3245 2621 3294 2672; x_wconf 92' lang='lat' dir='ltr'><strong>in</strong></span> <span class='ocrx_word' id='word_1_405' title='bbox 3325 2622 3521 2674; x_wconf 87' lang='lat' dir='ltr'><strong>virtute</strong></span> 
     </span>
    </p>
   </div>
   <div class='ocr_carea' id='block_1_54' title="bbox 1952 2706 3271 2779">
    <p class='ocr_par' dir='ltr' id='par_1_54' title="bbox 1952 2706 3271 2779">
     <span class='ocr_line' id='line_1_54' title="bbox 1952 2706 3271 2779; baseline 0.005 -22"><span class='ocrx_word' id='word_1_406' title='bbox 1952 2715 2004 2757; x_wconf 92' lang='lat' dir='ltr'><strong>et</strong></span> <span class='ocrx_word' id='word_1_407' title='bbox 2039 2706 2208 2771; x_wconf 76' lang='lat' dir='ltr'><strong>gloria</strong></span> <span class='ocrx_word' id='word_1_408' title='bbox 2240 2723 2458 2774; x_wconf 81' lang='lat' dir='ltr'><strong>magna,</strong></span> <span class='ocrx_word' id='word_1_409' title='bbox 2498 2725 2617 2762; x_wconf 92' lang='lat' dir='ltr'><strong>cum</strong></span> <span class='ocrx_word' id='word_1_410' title='bbox 2645 2711 2903 2763; x_wconf 78' lang='lat' dir='ltr'><strong>satellitio</strong></span> <span class='ocrx_word' id='word_1_411' title='bbox 2934 2712 3271 2779; x_wconf 82' lang='lat' dir='ltr'><strong>angelorum.</strong></span> 
     </span>
    </p>
   </div>
   <div class='ocr_carea' id='block_1_55' title="bbox 278 2777 3521 2876">
    <p class='ocr_par' dir='ltr' id='par_1_55' title="bbox 278 2777 3521 2876">
     <span class='ocr_line' id='line_1_55' title="bbox 278 2777 3521 2876; baseline 0.01 -49"><span class='ocrx_word' id='word_1_412' title='bbox 278 2777 649 2876; x_wconf 63' lang='grc' dir='ltr'>σχννθησεται,</span> <span class='ocrx_word' id='word_1_413' title='bbox 678 2782 901 2847; x_wconf 79' lang='grc' dir='ltr'>ἀνάξιον</span> <span class='ocrx_word' id='word_1_414' title='bbox 950 2785 1138 2841; x_wconf 77' lang='grc' dir='ltr'>δοῦλον</span> <span class='ocrx_word' id='word_1_415' title='bbox 1191 2791 1398 2860; x_wconf 85' lang='grc' dir='ltr'>κρίνων</span> <span class='ocrx_word' id='word_1_416' title='bbox 1438 2794 1657 2861; x_wconf 78' lang='grc' dir='ltr'>ἑαυτοῦ,</span> <span class='ocrx_word' id='word_1_417' title='bbox 1714 2797 1844 2849; x_wconf 84' lang='grc' dir='ltr'>ὅταν</span> <span class='ocrx_word' id='word_1_418' title='bbox 1880 2798 2009 2870; x_wconf 76' lang='grc' dir='ltr'>ἔλθῃ</span> <span class='ocrx_word' id='word_1_419' title='bbox 2042 2801 2100 2853; x_wconf 79' lang='grc' dir='ltr'><strong>ἐν</strong></span> <span class='ocrx_word' id='word_1_420' title='bbox 2138 2804 2203 2872; x_wconf 81' lang='grc' dir='ltr'>τῇ</span> <span class='ocrx_word' id='word_1_421' title='bbox 2240 2802 2471 2874; x_wconf 78' lang='grc' dir='ltr'>δευτέρᾳ</span> <span class='ocrx_word' id='word_1_422' title='bbox 2532 2804 2697 2859; x_wconf 83' lang='grc' dir='ltr'>αὐτοῦ</span> <span class='ocrx_word' id='word_1_423' title='bbox 2769 2777 3067 2876; x_wconf 72' lang='grc' dir='ltr'>παρουσία,</span> <span class='ocrx_word' id='word_1_424' title='bbox 3156 2808 3214 2857; x_wconf 80' lang='grc' dir='ltr'>ὲν</span> <span class='ocrx_word' id='word_1_425' title='bbox 3292 2806 3521 2872; x_wconf 80' lang='grc' dir='ltr'>δυνάμει</span> 
     </span>
    </p>
   </div>
   <div class='ocr_carea' id='block_1_56' title="bbox 275 2873 1939 2957">
    <p class='ocr_par' dir='ltr' id='par_1_56' title="bbox 275 2873 1939 2957">
     <span class='ocr_line' id='line_1_56' title="bbox 275 2873 1939 2957; baseline 0.014 -35"><span class='ocrx_word' id='word_1_426' title='bbox 275 2873 352 2923; x_wconf 80' lang='grc' dir='ltr'>καὶ</span> <span class='ocrx_word' id='word_1_427' title='bbox 389 2874 514 2943; x_wconf 79' lang='grc' dir='ltr'>δόξῃ</span> <span class='ocrx_word' id='word_1_428' title='bbox 555 2875 724 2945; x_wconf 81' lang='grc' dir='ltr'>πολλῇ</span> <span class='ocrx_word' id='word_1_429' title='bbox 769 2877 909 2944; x_wconf 72' lang='grc' dir='ltr'>μετὰ</span> <span class='ocrx_word' id='word_1_430' title='bbox 976 2882 1075 2949; x_wconf 82' lang='grc' dir='ltr'>τῆς</span> <span class='ocrx_word' id='word_1_431' title='bbox 1144 2882 1477 2955; x_wconf 79' lang='grc' dir='ltr'>δορυφορίας</span> <span class='ocrx_word' id='word_1_432' title='bbox 1501 2886 1609 2939; x_wconf 84' lang='grc' dir='ltr'><strong>τῶν</strong></span> <span class='ocrx_word' id='word_1_433' title='bbox 1670 2889 1939 2957; x_wconf 83' lang='grc' dir='ltr'>ἀγγέλων.</span> 
     </span>
    </p>
   </div>
   <div class='ocr_carea' id='block_1_57' title="bbox 345 2970 1843 3062">
    <p class='ocr_par' dir='ltr' id='par_1_57' title="bbox 345 2970 1837 3055">
     <span class='ocr_line' id='line_1_57' title="bbox 345 2970 1837 3055; baseline 0.013 -35"><span class='ocrx_word' id='word_1_434' title='bbox 345 2970 519 3040; x_wconf 80' lang='grc' dir='ltr'>Ἀμὴν</span> <span class='ocrx_word' id='word_1_435' title='bbox 544 2972 691 3040; x_wconf 84' lang='grc' dir='ltr'>λέγω</span> <span class='ocrx_word' id='word_1_436' title='bbox 713 2974 863 3042; x_wconf 85' lang='grc' dir='ltr'>ὑμῖν,</span> <span class='ocrx_word' id='word_1_437' title='bbox 894 2975 975 3027; x_wconf 85' lang='grc' dir='ltr'>ὃτι</span> <span class='ocrx_word' id='word_1_438' title='bbox 1022 2978 1130 3029; x_wconf 68' lang='lat' dir='ltr'><strong>eis!</strong></span> <span class='ocrx_word' id='word_1_439' title='bbox 1165 2996 1309 3043; x_wconf 91' lang='grc' dir='ltr'>τινες</span> <span class='ocrx_word' id='word_1_440' title='bbox 1375 2982 1484 3035; x_wconf 85' lang='grc' dir='ltr'><strong>τῶν</strong></span> <span class='ocrx_word' id='word_1_441' title='bbox 1514 2976 1617 3037; x_wconf 85' lang='grc' dir='ltr'>ὧδε</span> <span class='ocrx_word' id='word_1_442' title='bbox 1670 2986 1837 3055; x_wconf 81' lang='grc' dir='ltr'>ἑστη-</span> 
     </span>
    </p>
   </div>
   <div class='ocr_carea' id='block_1_58' title="bbox 1950 2970 3515 3062">
    <p class='ocr_par' dir='ltr' id='par_1_58' title="bbox 2024 2990 3515 3062">
     <span class='ocr_line' id='line_1_58' title="bbox 2024 2990 3515 3062; baseline 0.003 -20"><span class='ocrx_word' id='word_1_443' title='bbox 2024 2990 2191 3045; x_wconf 82' lang='lat' dir='ltr'><strong>Atnen</strong></span> <span class='ocrx_word' id='word_1_444' title='bbox 2240 2992 2359 3047; x_wconf 87' lang='lat' dir='ltr'><strong>dico</strong></span> <span class='ocrx_word' id='word_1_445' title='bbox 2398 2993 2569 3057; x_wconf 80' lang='lat' dir='ltr'><strong>vobis,</strong></span> <span class='ocrx_word' id='word_1_446' title='bbox 2599 3003 2725 3047; x_wconf 87' lang='lat' dir='ltr'><strong>sunt</strong></span> <span class='ocrx_word' id='word_1_447' title='bbox 2755 2994 2971 3062; x_wconf 83' lang='lat' dir='ltr'><strong>quidam</strong></span> <span class='ocrx_word' id='word_1_448' title='bbox 3003 2993 3070 3047; x_wconf 87' lang='lat' dir='ltr'><strong>de</strong></span> <span class='ocrx_word' id='word_1_449' title='bbox 3104 2992 3193 3048; x_wconf 82' lang='lat' dir='ltr'><strong>hic</strong></span> <span class='ocrx_word' id='word_1_450' title='bbox 3223 2993 3515 3057; x_wconf 86' lang='lat' dir='ltr'><strong>stantibus,</strong></span> 
     </span>
    </p>
   </div>
   <div class='ocr_carea' id='block_1_59' title="bbox 276 3063 1844 3143">
    <p class='ocr_par' dir='ltr' id='par_1_59' title="bbox 276 3063 1844 3143">
     <span class='ocr_line' id='line_1_59' title="bbox 276 3063 1844 3143; baseline 0.014 -30"><span class='ocrx_word' id='word_1_451' title='bbox 276 3063 461 3128; x_wconf 73' lang='grc' dir='ltr'>κότων,</span> <span class='ocrx_word' id='word_1_452' title='bbox 496 3065 697 3129; x_wconf 80' lang='grc' dir='ltr'>οἵτινες</span> <span class='ocrx_word' id='word_1_453' title='bbox 730 3068 790 3119; x_wconf 77' lang='grc' dir='ltr'><strong>οὐ</strong></span> <span class='ocrx_word' id='word_1_454' title='bbox 846 3070 922 3138; x_wconf 83' lang='grc' dir='ltr'>μὴ</span> <span class='ocrx_word' id='word_1_455' title='bbox 988 3069 1275 3135; x_wconf 83' lang='grc' dir='ltr'>γεύσονται</span> <span class='ocrx_word' id='word_1_456' title='bbox 1316 3072 1571 3143; x_wconf 78' lang='grc' dir='ltr'>θανάτου,</span> <span class='ocrx_word' id='word_1_457' title='bbox 1632 3079 1735 3140; x_wconf 77' lang='grc' dir='ltr'>ἕως</span> <span class='ocrx_word' id='word_1_458' title='bbox 1777 3082 1844 3135; x_wconf 84' lang='grc' dir='ltr'>ἂν</span> 
     </span>
    </p>
   </div>
   <div class='ocr_carea' id='block_1_60' title="bbox 278 3152 1845 3233">
    <p class='ocr_par' dir='ltr' id='par_1_60' title="bbox 278 3152 1845 3233">
     <span class='ocr_line' id='line_1_60' title="bbox 278 3152 1845 3233; baseline 0.013 -29"><span class='ocrx_word' id='word_1_459' title='bbox 278 3152 416 3206; x_wconf 79' lang='grc' dir='ltr'>ἴδωσι</span> <span class='ocrx_word' id='word_1_460' title='bbox 465 3155 561 3225; x_wconf 81' lang='grc' dir='ltr'>τὴν</span> <span class='ocrx_word' id='word_1_461' title='bbox 607 3155 889 3225; x_wconf 86' lang='grc' dir='ltr'>βασιλείαν</span> <span class='ocrx_word' id='word_1_462' title='bbox 920 3159 1013 3212; x_wconf 84' lang='grc' dir='ltr'><strong>τοῦ</strong></span> <span class='ocrx_word' id='word_1_463' title='bbox 1052 3161 1190 3215; x_wconf 83' lang='grc' dir='ltr'>Θεοῦ</span> <span class='ocrx_word' id='word_1_464' title='bbox 1238 3163 1563 3233; x_wconf 80' lang='grc' dir='ltr'>ἐληλυθυῖαν</span> <span class='ocrx_word' id='word_1_465' title='bbox 1594 3171 1652 3222; x_wconf 80' lang='grc' dir='ltr'>ἐν</span> <span class='ocrx_word' id='word_1_466' title='bbox 1682 3170 1845 3224; x_wconf 81' lang='grc' dir='ltr'>δυνά-</span> 
     </span>
    </p>
   </div>
   <div class='ocr_carea' id='block_1_61' title="bbox 282 3246 1847 3330">
    <p class='ocr_par' dir='ltr' id='par_1_61' title="bbox 282 3246 1847 3330">
     <span class='ocr_line' id='line_1_61' title="bbox 282 3246 1847 3330; baseline 0.013 -36"><span class='ocrx_word' id='word_1_467' title='bbox 282 3261 380 3312; x_wconf 82' lang='grc' dir='ltr'>μει,</span> <span class='ocrx_word' id='word_1_468' title='bbox 416 3246 517 3297; x_wconf 80' lang='grc' dir='ltr'><strong>Τὸν</strong></span> <span class='ocrx_word' id='word_1_469' title='bbox 548 3248 757 3317; x_wconf 78' lang='grc' dir='ltr'>Πέτρον</span> <span class='ocrx_word' id='word_1_470' title='bbox 795 3251 888 3301; x_wconf 75' lang='grc' dir='ltr'><strong>καὶ</strong></span> <span class='ocrx_word' id='word_1_471' title='bbox 948 3250 1207 3305; x_wconf 83' lang='grc' dir='ltr'>Ἰάκωόον</span> <span class='ocrx_word' id='word_1_472' title='bbox 1267 3259 1364 3311; x_wconf 74' lang='grc' dir='ltr'>καὶ</span> <span class='ocrx_word' id='word_1_473' title='bbox 1407 3257 1658 3328; x_wconf 82' lang='grc' dir='ltr'>Ἰωάννην</span> <span class='ocrx_word' id='word_1_474' title='bbox 1699 3261 1847 3330; x_wconf 83' lang='grc' dir='ltr'>λέγει</span> 
     </span>
    </p>
   </div>
   <div class='ocr_carea' id='block_1_62' title="bbox 280 3334 1848 3420">
    <p class='ocr_par' dir='ltr' id='par_1_62' title="bbox 280 3334 1848 3420">
     <span class='ocr_line' id='line_1_62' title="bbox 280 3334 1848 3420; baseline 0.013 -34"><span class='ocrx_word' id='word_1_475' title='bbox 280 3334 461 3397; x_wconf 75' lang='grc' dir='ltr'>οὕτως.</span> <span class='ocrx_word' id='word_1_476' title='bbox 513 3340 589 3390; x_wconf 79' lang='lat' dir='ltr'><em>O6</em></span> <span class='ocrx_word' id='word_1_477' title='bbox 620 3340 701 3409; x_wconf 83' lang='grc' dir='ltr'>μὴ</span> <span class='ocrx_word' id='word_1_478' title='bbox 739 3340 1126 3408; x_wconf 80' lang='grc' dir='ltr'>ἀποθανοῦσιν,</span> <span class='ocrx_word' id='word_1_479' title='bbox 1160 3346 1321 3415; x_wconf 82' lang='grc' dir='ltr'>ἄχρις</span> <span class='ocrx_word' id='word_1_480' title='bbox 1353 3349 1419 3400; x_wconf 85' lang='grc' dir='ltr'><strong>ἂν</strong></span> <span class='ocrx_word' id='word_1_481' title='bbox 1470 3349 1630 3415; x_wconf 80' lang='grc' dir='ltr'>δείξω</span> <span class='ocrx_word' id='word_1_482' title='bbox 1664 3353 1848 3420; x_wconf 81' lang='grc' dir='ltr'>αὐτοῖς</span> 
     </span>
    </p>
   </div>
   <div class='ocr_carea' id='block_1_63' title="bbox 283 3426 1849 3516">
    <p class='ocr_par' dir='ltr' id='par_1_63' title="bbox 283 3426 1849 3516">
     <span class='ocr_line' id='line_1_63' title="bbox 283 3426 1849 3516; baseline 0.015 -39"><span class='ocrx_word' id='word_1_483' title='bbox 283 3426 333 3478; x_wconf 76' lang='grc' dir='ltr'>ἐν</span> <span class='ocrx_word' id='word_1_484' title='bbox 366 3430 429 3496; x_wconf 79' lang='grc' dir='ltr'>τῇ</span> <span class='ocrx_word' id='word_1_485' title='bbox 457 3432 881 3501; x_wconf 77' lang='grc' dir='ltr'>μεταμορφώσει</span> <span class='ocrx_word' id='word_1_486' title='bbox 912 3436 1052 3503; x_wconf 81' lang='grc' dir='ltr'>μετὰ</span> <span class='ocrx_word' id='word_1_487' title='bbox 1088 3439 1247 3501; x_wconf 89' lang='grc' dir='ltr'>ποίας</span> <span class='ocrx_word' id='word_1_488' title='bbox 1273 3439 1427 3509; x_wconf 84' lang='grc' dir='ltr'>δόξης</span> <span class='ocrx_word' id='word_1_489' title='bbox 1456 3442 1632 3511; x_wconf 87' lang='grc' dir='ltr'>μέλλω</span> <span class='ocrx_word' id='word_1_490' title='bbox 1673 3464 1849 3516; x_wconf 89' lang='grc' dir='ltr'>παρα-</span> 
     </span>
    </p>
   </div>
   <div class='ocr_carea' id='block_1_64' title="bbox 284 3522 1849 3609">
    <p class='ocr_par' dir='ltr' id='par_1_64' title="bbox 284 3522 1849 3609">
     <span class='ocr_line' id='line_1_64' title="bbox 284 3522 1849 3609; baseline 0.013 -38"><span class='ocrx_word' id='word_1_491' title='bbox 284 3522 523 3587; x_wconf 78' lang='grc' dir='ltr'>γενέσθαι</span> <span class='ocrx_word' id='word_1_492' title='bbox 560 3526 620 3575; x_wconf 83' lang='grc' dir='ltr'>ὲν</span> <span class='ocrx_word' id='word_1_493' title='bbox 645 3527 709 3594; x_wconf 85' lang='grc' dir='ltr'>τῇ</span> <span class='ocrx_word' id='word_1_494' title='bbox 736 3526 965 3598; x_wconf 78' lang='grc' dir='ltr'>δευτέρᾳ</span> <span class='ocrx_word' id='word_1_495' title='bbox 994 3531 1286 3601; x_wconf 77' lang='grc' dir='ltr'>παρουσίᾳ.</span> <span class='ocrx_word' id='word_1_496' title='bbox 1333 3532 1397 3584; x_wconf 85' lang='grc' dir='ltr'><strong>Ἠ</strong></span> <span class='ocrx_word' id='word_1_497' title='bbox 1427 3535 1538 3605; x_wconf 75' lang='grc' dir='ltr'><strong>γὰρ</strong></span> <span class='ocrx_word' id='word_1_498' title='bbox 1572 3541 1849 3609; x_wconf 82' lang='grc' dir='ltr'>μεταμόρ-</span> 
     </span>
    </p>
   </div>
   <div class='ocr_carea' id='block_1_65' title="bbox 283 3616 1847 3699">
    <p class='ocr_par' dir='ltr' id='par_1_65' title="bbox 283 3616 1847 3699">
     <span class='ocr_line' id='line_1_65' title="bbox 283 3616 1847 3699; baseline 0.013 -35"><span class='ocrx_word' id='word_1_499' title='bbox 283 3629 443 3678; x_wconf 75' lang='grc' dir='ltr'>φωσις</span> <span class='ocrx_word' id='word_1_500' title='bbox 492 3616 585 3668; x_wconf 85' lang='grc' dir='ltr'><strong>τοῦ</strong></span> <span class='ocrx_word' id='word_1_501' title='bbox 638 3618 877 3687; x_wconf 82' lang='grc' dir='ltr'>Χριστοῦ</span> <span class='ocrx_word' id='word_1_502' title='bbox 928 3624 1265 3693; x_wconf 84' lang='grc' dir='ltr'>προμήνυμα</span> <span class='ocrx_word' id='word_1_503' title='bbox 1310 3620 1378 3696; x_wconf 83' lang='grc' dir='ltr'>ἦν</span> <span class='ocrx_word' id='word_1_504' title='bbox 1419 3631 1519 3697; x_wconf 82' lang='grc' dir='ltr'><strong>τῆς</strong></span> <span class='ocrx_word' id='word_1_505' title='bbox 1583 3630 1847 3699; x_wconf 80' lang='grc' dir='ltr'>δευτέρας</span> 
     </span>
    </p>
   </div>
   <div class='ocr_carea' id='block_1_66' title="bbox 285 3704 1847 3787">
    <p class='ocr_par' dir='ltr' id='par_1_66' title="bbox 285 3704 1847 3787">
     <span class='ocr_line' id='line_1_66' title="bbox 285 3704 1847 3787; baseline 0.014 -34"><span class='ocrx_word' id='word_1_506' title='bbox 285 3704 436 3756; x_wconf 70' lang='grc' dir='ltr'>αὑτοῦ</span> <span class='ocrx_word' id='word_1_507' title='bbox 488 3708 815 3778; x_wconf 82' lang='grc' dir='ltr'>παρουσίας.</span> <span class='ocrx_word' id='word_1_508' title='bbox 857 3712 954 3762; x_wconf 87' lang='grc' dir='ltr'>Ὃν</span> <span class='ocrx_word' id='word_1_509' title='bbox 999 3715 1107 3780; x_wconf 73' lang='grc' dir='ltr'>γὰρ</span> <span class='ocrx_word' id='word_1_510' title='bbox 1147 3716 1349 3785; x_wconf 85' lang='grc' dir='ltr'>τρόπον</span> <span class='ocrx_word' id='word_1_511' title='bbox 1376 3716 1589 3787; x_wconf 74' lang='grc' dir='ltr'>ἔλαμψε</span> <span class='ocrx_word' id='word_1_512' title='bbox 1613 3722 1734 3773; x_wconf 87' lang='grc' dir='ltr'>τότε</span> <span class='ocrx_word' id='word_1_513' title='bbox 1788 3723 1847 3775; x_wconf 84' lang='grc' dir='ltr'><strong>τὸ</strong></span> 
     </span>
    </p>
   </div>
   <div class='ocr_carea' id='block_1_67' title="bbox 287 3797 1845 3882">
    <p class='ocr_par' dir='ltr' id='par_1_67' title="bbox 287 3797 1845 3882">
     <span class='ocr_line' id='line_1_67' title="bbox 287 3797 1845 3882; baseline 0.012 -35"><span class='ocrx_word' id='word_1_514' title='bbox 287 3797 563 3862; x_wconf 80' lang='grc' dir='ltr'>πρόσωπον</span> <span class='ocrx_word' id='word_1_515' title='bbox 595 3799 691 3853; x_wconf 87' lang='grc' dir='ltr'><strong>τοῦ</strong></span> <span class='ocrx_word' id='word_1_516' title='bbox 720 3801 972 3871; x_wconf 74' lang='grc' dir='ltr'>Σωτῆρος</span> <span class='ocrx_word' id='word_1_517' title='bbox 1015 3804 1171 3873; x_wconf 72' lang='grc' dir='ltr'>ἡμῶν</span> <span class='ocrx_word' id='word_1_518' title='bbox 1195 3808 1288 3858; x_wconf 75' lang='grc' dir='ltr'>καὶ</span> <span class='ocrx_word' id='word_1_519' title='bbox 1312 3807 1448 3860; x_wconf 88' lang='grc' dir='ltr'>Θεοῦ</span> <span class='ocrx_word' id='word_1_520' title='bbox 1498 3810 1573 3873; x_wconf 84' lang='grc' dir='ltr'>ὼς</span> <span class='ocrx_word' id='word_1_521' title='bbox 1612 3811 1639 3862; x_wconf 91' lang='lat'><strong>6</strong></span> <span class='ocrx_word' id='word_1_522' title='bbox 1675 3812 1845 3882; x_wconf 78' lang='grc' dir='ltr'>ἥλιος,</span> 
     </span>
    </p>
   </div>
   <div class='ocr_carea' id='block_1_68' title="bbox 287 3890 1848 3970">
    <p class='ocr_par' dir='ltr' id='par_1_68' title="bbox 287 3890 1848 3970">
     <span class='ocr_line' id='line_1_68' title="bbox 287 3890 1848 3970; baseline 0.013 -33"><span class='ocrx_word' id='word_1_523' title='bbox 287 3890 344 3939; x_wconf 69' lang='grc' dir='ltr'><strong>τὰ</strong></span> <span class='ocrx_word' id='word_1_524' title='bbox 378 3891 429 3943; x_wconf 80' lang='grc' dir='ltr'>δὲ</span> <span class='ocrx_word' id='word_1_525' title='bbox 470 3893 660 3957; x_wconf 78' lang='grc' dir='ltr'>ἱμάτια</span> <span class='ocrx_word' id='word_1_526' title='bbox 691 3894 858 3945; x_wconf 83' lang='grc' dir='ltr'>αὑτοῦ</span> <span class='ocrx_word' id='word_1_527' title='bbox 896 3897 1145 3963; x_wconf 79' lang='grc' dir='ltr'>ἐγένοντο</span> <span class='ocrx_word' id='word_1_528' title='bbox 1172 3897 1340 3951; x_wconf 81' lang='grc' dir='ltr'>λευκὰ</span> <span class='ocrx_word' id='word_1_529' title='bbox 1384 3900 1461 3962; x_wconf 83' lang='grc' dir='ltr'>ὡς</span> <span class='ocrx_word' id='word_1_530' title='bbox 1488 3901 1548 3954; x_wconf 82' lang='grc' dir='ltr'><strong>τὸ</strong></span> <span class='ocrx_word' id='word_1_531' title='bbox 1571 3903 1686 3970; x_wconf 76' lang='grc' dir='ltr'>φῶς</span> <span class='ocrx_word' id='word_1_532' title='bbox 1713 3919 1727 3934; x_wconf 77' lang='grc'><strong><em>⁸</em></strong></span> <span class='ocrx_word' id='word_1_533' title='bbox 1756 3905 1848 3957; x_wconf 81' lang='grc' dir='ltr'><strong>τὸν</strong></span> 
     </span>
    </p>
   </div>
   <div class='ocr_carea' id='block_1_69' title="bbox 290 3982 1847 4066">
    <p class='ocr_par' dir='ltr' id='par_1_69' title="bbox 290 3982 1847 4066">
     <span class='ocr_line' id='line_1_69' title="bbox 290 3982 1847 4066; baseline 0.012 -34"><span class='ocrx_word' id='word_1_534' title='bbox 290 3982 435 4034; x_wconf 65' lang='grc' dir='ltr'>αὐτον</span> <span class='ocrx_word' id='word_1_535' title='bbox 448 3984 511 4056; x_wconf 85' lang='grc' dir='ltr'>δὴ</span> <span class='ocrx_word' id='word_1_536' title='bbox 537 3986 740 4054; x_wconf 87' lang='grc' dir='ltr'>τρόπον</span> <span class='ocrx_word' id='word_1_537' title='bbox 753 3986 1031 4040; x_wconf 74' lang='grc' dir='ltr'>ἐλεύσεται</span> <span class='ocrx_word' id='word_1_538' title='bbox 1058 3988 1168 4042; x_wconf 84' lang='grc' dir='ltr'><strong>ἀπὸ</strong></span> <span class='ocrx_word' id='word_1_539' title='bbox 1189 3991 1420 4058; x_wconf 83' lang='grc' dir='ltr'>οὐρανοῦ</span> <span class='ocrx_word' id='word_1_540' title='bbox 1445 3992 1573 4046; x_wconf 76' lang='grc' dir='ltr'>ὡσεὶ</span> <span class='ocrx_word' id='word_1_541' title='bbox 1591 3997 1847 4066; x_wconf 81' lang='grc' dir='ltr'>ἀστραπὴ</span> 
     </span>
    </p>
   </div>
   <div class='ocr_carea' id='block_1_70' title="bbox 295 4074 1845 4156">
    <p class='ocr_par' dir='ltr' id='par_1_70' title="bbox 295 4074 1845 4156">
     <span class='ocr_line' id='line_1_70' title="bbox 295 4074 1845 4156; baseline 0.012 -33"><span class='ocrx_word' id='word_1_542' title='bbox 295 4074 704 4147; x_wconf 71' lang='grc' dir='ltr'>ἐνδυνάμεικαὶ</span> <span class='ocrx_word' id='word_1_543' title='bbox 761 4081 893 4151; x_wconf 78' lang='grc' dir='ltr'>δόξῃ</span> <span class='ocrx_word' id='word_1_544' title='bbox 938 4081 1107 4151; x_wconf 81' lang='grc' dir='ltr'>πολλῇ</span> <span class='ocrx_word' id='word_1_545' title='bbox 1173 4085 1357 4153; x_wconf 85' lang='grc' dir='ltr'>κρῖναι</span> <span class='ocrx_word' id='word_1_546' title='bbox 1410 4086 1477 4138; x_wconf 76' lang='grc' dir='ltr'>τὰ</span> <span class='ocrx_word' id='word_1_547' title='bbox 1532 4087 1845 4156; x_wconf 87' lang='grc' dir='ltr'>σύμπαντα.</span> 
     </span>
    </p>
   </div>
   <div class='ocr_carea' id='block_1_71' title="bbox 300 4167 1852 4245">
    <p class='ocr_par' dir='ltr' id='par_1_71' title="bbox 300 4167 1852 4245">
     <span class='ocr_line' id='line_1_71' title="bbox 300 4167 1852 4245; baseline 0.007 -25"><span class='ocrx_word' id='word_1_548' title='bbox 300 4167 390 4223; x_wconf 76' lang='grc' dir='ltr'><strong>Καὶ</strong></span> <span class='ocrx_word' id='word_1_549' title='bbox 417 4171 605 4242; x_wconf 81' lang='grc' dir='ltr'>ὥσπερ</span> <span class='ocrx_word' id='word_1_550' title='bbox 659 4173 897 4241; x_wconf 83' lang='grc' dir='ltr'>συνῆσαν</span> <span class='ocrx_word' id='word_1_551' title='bbox 950 4174 1101 4244; x_wconf 80' lang='grc' dir='ltr'>αὐτῷ</span> <span class='ocrx_word' id='word_1_552' title='bbox 1158 4175 1383 4245; x_wconf 84' lang='grc' dir='ltr'>Πέτρος,</span> <span class='ocrx_word' id='word_1_553' title='bbox 1429 4177 1708 4244; x_wconf 70' lang='grc' dir='ltr'>Ἰάκωϐος,</span> <span class='ocrx_word' id='word_1_554' title='bbox 1757 4180 1852 4232; x_wconf 71' lang='grc' dir='ltr'><strong>καὶ</strong></span> 
     </span>
    </p>
   </div>
   <div class='ocr_carea' id='block_1_72' title="bbox 307 4260 1847 4337">
    <p class='ocr_par' dir='ltr' id='par_1_72' title="bbox 307 4260 1847 4337">
     <span class='ocr_line' id='line_1_72' title="bbox 307 4260 1847 4337; baseline 0.006 -24"><span class='ocrx_word' id='word_1_555' title='bbox 307 4260 535 4329; x_wconf 74' lang='grc' dir='ltr'>Ἰωάννης</span> <span class='ocrx_word' id='word_1_556' title='bbox 567 4267 625 4316; x_wconf 79' lang='grc' dir='ltr'>ὲν</span> <span class='ocrx_word' id='word_1_557' title='bbox 678 4266 755 4331; x_wconf 83' lang='grc' dir='ltr'><strong>τῷ</strong></span> <span class='ocrx_word' id='word_1_558' title='bbox 805 4266 921 4334; x_wconf 78' lang='grc' dir='ltr'>ὄρει</span> <span class='ocrx_word' id='word_1_559' title='bbox 983 4266 1060 4335; x_wconf 81' lang='grc' dir='ltr'>τῷ</span> <span class='ocrx_word' id='word_1_560' title='bbox 1116 4266 1286 4337; x_wconf 74' lang='grc' dir='ltr'>ἁγίῳ·</span> <span class='ocrx_word' id='word_1_561' title='bbox 1336 4268 1479 4321; x_wconf 76' lang='grc' dir='ltr'>οὕτω</span> <span class='ocrx_word' id='word_1_562' title='bbox 1533 4272 1847 4323; x_wconf 82' lang='grc' dir='ltr'>συνέσονται</span> 
     </span>
    </p>
   </div>
   <div class='ocr_carea' id='block_1_73' title="bbox 1948 3083 3514 3154">
    <p class='ocr_par' dir='ltr' id='par_1_73' title="bbox 1948 3083 3514 3154">
     <span class='ocr_line' id='line_1_73' title="bbox 1948 3083 3514 3154; baseline 0 -20"><span class='ocrx_word' id='word_1_563' title='bbox 1948 3083 2038 3150; x_wconf 89' lang='lat' dir='ltr'><strong>qui</strong></span> <span class='ocrx_word' id='word_1_564' title='bbox 2085 3098 2185 3135; x_wconf 88' lang='lat' dir='ltr'><strong>non</strong></span> <span class='ocrx_word' id='word_1_565' title='bbox 2227 3087 2520 3149; x_wconf 73' lang='lat' dir='ltr'><strong>gustabunt</strong></span> <span class='ocrx_word' id='word_1_566' title='bbox 2554 3094 2803 3149; x_wconf 89' lang='lat' dir='ltr'><strong>mortem,</strong></span> <span class='ocrx_word' id='word_1_567' title='bbox 2841 3085 3015 3138; x_wconf 90' lang='lat' dir='ltr'><strong>donec</strong></span> <span class='ocrx_word' id='word_1_568' title='bbox 3040 3085 3257 3138; x_wconf 86' lang='lat' dir='ltr'><strong>videant</strong></span> <span class='ocrx_word' id='word_1_569' title='bbox 3293 3100 3514 3154; x_wconf 75' lang='lat' dir='ltr'><strong>regnum</strong></span> 
     </span>
    </p>
   </div>
   <div class='ocr_carea' id='block_1_74' title="bbox 1948 3173 3519 3240">
    <p class='ocr_par' dir='ltr' id='par_1_74' title="bbox 1948 3173 3519 3240">
     <span class='ocr_line' id='line_1_74' title="bbox 1948 3173 3519 3240; baseline -0.001 -13"><span class='ocrx_word' id='word_1_570' title='bbox 1948 3175 2038 3227; x_wconf 74' lang='lat' dir='ltr'><strong>Dei</strong></span> <span class='ocrx_word' id='word_1_571' title='bbox 2088 3174 2311 3227; x_wconf 85' lang='lat' dir='ltr'><strong>veniens</strong></span> <span class='ocrx_word' id='word_1_572' title='bbox 2365 3174 2417 3226; x_wconf 93' lang='lat' dir='ltr'><strong>in</strong></span> <span class='ocrx_word' id='word_1_573' title='bbox 2473 3176 2693 3228; x_wconf 89' lang='lat' dir='ltr'><strong>virtute.</strong></span> <span class='ocrx_word' id='word_1_574' title='bbox 2756 3173 2997 3240; x_wconf 87' lang='lat' dir='ltr'><strong>Petrum,</strong></span> <span class='ocrx_word' id='word_1_575' title='bbox 3025 3185 3079 3229; x_wconf 91' lang='lat' dir='ltr'><strong>et</strong></span> <span class='ocrx_word' id='word_1_576' title='bbox 3124 3174 3405 3233; x_wconf 67' lang='lat' dir='ltr'><strong>Jacohuut,</strong></span> <span class='ocrx_word' id='word_1_577' title='bbox 3463 3182 3519 3227; x_wconf 88' lang='lat' dir='ltr'><strong>et</strong></span> 
     </span>
    </p>
   </div>
   <div class='ocr_carea' id='block_1_75' title="bbox 1946 3264 3524 3320">
    <p class='ocr_par' dir='ltr' id='par_1_75' title="bbox 1946 3264 3524 3320">
     <span class='ocr_line' id='line_1_75' title="bbox 1946 3264 3524 3320; baseline 0.001 -3"><span class='ocrx_word' id='word_1_578' title='bbox 1946 3265 2210 3318; x_wconf 83' lang='lat' dir='ltr'><strong>Joannem</strong></span> <span class='ocrx_word' id='word_1_579' title='bbox 2240 3265 2388 3320; x_wconf 86' lang='lat' dir='ltr'><strong>dicit.</strong></span> <span class='ocrx_word' id='word_1_580' title='bbox 2434 3265 2550 3319; x_wconf 86' lang='lat' dir='ltr'><strong>Non</strong></span> <span class='ocrx_word' id='word_1_581' title='bbox 2597 3264 2897 3319; x_wconf 88' lang='lat' dir='ltr'><strong>morientur</strong></span> <span class='ocrx_word' id='word_1_582' title='bbox 2933 3268 3101 3318; x_wconf 88' lang='lat' dir='ltr'><strong>donec</strong></span> <span class='ocrx_word' id='word_1_583' title='bbox 3133 3267 3420 3320; x_wconf 67' lang='lat' dir='ltr'><strong>omendero</strong></span> <span class='ocrx_word' id='word_1_584' title='bbox 3443 3265 3524 3318; x_wconf 78' lang='lat' dir='ltr'><strong>eis</strong></span> 
     </span>
    </p>
   </div>
   <div class='ocr_carea' id='block_1_76' title="bbox 1951 3358 3521 3428">
    <p class='ocr_par' dir='ltr' id='par_1_76' title="bbox 1951 3358 3521 3428">
     <span class='ocr_line' id='line_1_76' title="bbox 1951 3358 3521 3428; baseline -0.003 -17"><span class='ocrx_word' id='word_1_585' title='bbox 1951 3359 2003 3411; x_wconf 91' lang='lat' dir='ltr'><strong>in</strong></span> <span class='ocrx_word' id='word_1_586' title='bbox 2046 3358 2546 3428; x_wconf 81' lang='lat' dir='ltr'><strong>transfiguratione,</strong></span> <span class='ocrx_word' id='word_1_587' title='bbox 2595 3367 2797 3427; x_wconf 89' lang='lat' dir='ltr'><strong>quanta</strong></span> <span class='ocrx_word' id='word_1_588' title='bbox 2823 3373 2943 3411; x_wconf 89' lang='lat' dir='ltr'><strong>cum</strong></span> <span class='ocrx_word' id='word_1_589' title='bbox 2984 3358 3154 3426; x_wconf 81' lang='lat' dir='ltr'><strong>gloria</strong></span> <span class='ocrx_word' id='word_1_590' title='bbox 3191 3358 3292 3410; x_wconf 86' lang='lat' dir='ltr'><strong>sint</strong></span> <span class='ocrx_word' id='word_1_591' title='bbox 3328 3367 3521 3410; x_wconf 79' lang='lat' dir='ltr'><strong>ventu-</strong></span> 
     </span>
    </p>
   </div>
   <div class='ocr_carea' id='block_1_77' title="bbox 1951 3450 3520 3520">
    <p class='ocr_par' dir='ltr' id='par_1_77' title="bbox 1951 3450 3520 3520">
     <span class='ocr_line' id='line_1_77' title="bbox 1951 3450 3520 3520; baseline -0.001 -18"><span class='ocrx_word' id='word_1_592' title='bbox 1951 3466 2041 3503; x_wconf 89' lang='lat' dir='ltr'><strong>rus</strong></span> <span class='ocrx_word' id='word_1_593' title='bbox 2072 3451 2124 3504; x_wconf 93' lang='lat' dir='ltr'><strong>in</strong></span> <span class='ocrx_word' id='word_1_594' title='bbox 2153 3451 2390 3505; x_wconf 83' lang='lat' dir='ltr'><strong>secundo</strong></span> <span class='ocrx_word' id='word_1_595' title='bbox 2411 3452 2669 3505; x_wconf 88' lang='lat' dir='ltr'><strong>adventu.</strong></span> <span class='ocrx_word' id='word_1_596' title='bbox 2697 3450 3126 3520; x_wconf 75' lang='lat' dir='ltr'><strong>Transfiguratio</strong></span> <span class='ocrx_word' id='word_1_597' title='bbox 3150 3450 3295 3502; x_wconf 90' lang='lat' dir='ltr'><strong>enim</strong></span> <span class='ocrx_word' id='word_1_598' title='bbox 3317 3450 3520 3502; x_wconf 83' lang='lat' dir='ltr'><strong>Clu-isti</strong></span> 
     </span>
    </p>
   </div>
   <div class='ocr_carea' id='block_1_78' title="bbox 1948 3541 3520 3610">
    <p class='ocr_par' dir='ltr' id='par_1_78' title="bbox 1948 3541 3520 3610">
     <span class='ocr_line' id='line_1_78' title="bbox 1948 3541 3520 3610; baseline -0.003 -16"><span class='ocrx_word' id='word_1_599' title='bbox 1948 3543 2247 3610; x_wconf 64' lang='lat' dir='ltr'><strong>praenuntia</strong></span> <span class='ocrx_word' id='word_1_600' title='bbox 2284 3550 2403 3596; x_wconf 89' lang='lat' dir='ltr'><strong>erat</strong></span> <span class='ocrx_word' id='word_1_601' title='bbox 2433 3543 2653 3597; x_wconf 85' lang='lat' dir='ltr'><strong>secundi</strong></span> <span class='ocrx_word' id='word_1_602' title='bbox 2680 3544 2949 3597; x_wconf 78' lang='lat' dir='ltr'><strong>adventus</strong></span> <span class='ocrx_word' id='word_1_603' title='bbox 2986 3543 3122 3609; x_wconf 85' lang='lat' dir='ltr'><strong>ejus.</strong></span> <span class='ocrx_word' id='word_1_604' title='bbox 3158 3541 3520 3607; x_wconf 78' lang='lat' dir='ltr'><strong>Quemmlmn-</strong></span> 
     </span>
    </p>
   </div>
   <div class='ocr_carea' id='block_1_79' title="bbox 1949 3633 3524 3704">
    <p class='ocr_par' dir='ltr' id='par_1_79' title="bbox 1949 3633 3524 3704">
     <span class='ocr_line' id='line_1_79' title="bbox 1949 3633 3524 3704; baseline 0.003 -20"><span class='ocrx_word' id='word_1_605' title='bbox 1949 3635 2077 3687; x_wconf 90' lang='lat' dir='ltr'><strong>dum</strong></span> <span class='ocrx_word' id='word_1_606' title='bbox 2110 3636 2254 3689; x_wconf 91' lang='lat' dir='ltr'><strong>enim</strong></span> <span class='ocrx_word' id='word_1_607' title='bbox 2288 3646 2398 3689; x_wconf 92' lang='lat' dir='ltr'><strong>tum</strong></span> <span class='ocrx_word' id='word_1_608' title='bbox 2433 3636 2708 3704; x_wconf 89' lang='lat' dir='ltr'><strong>splenduit</strong></span> <span class='ocrx_word' id='word_1_609' title='bbox 2737 3634 2907 3689; x_wconf 85' lang='lat' dir='ltr'><strong>facies</strong></span> <span class='ocrx_word' id='word_1_610' title='bbox 2941 3633 3237 3688; x_wconf 84' lang='lat' dir='ltr'><strong>Salvatoris</strong></span> <span class='ocrx_word' id='word_1_611' title='bbox 3271 3634 3436 3691; x_wconf 67' lang='lat' dir='ltr'><strong>nostri</strong></span> <span class='ocrx_word' id='word_1_612' title='bbox 3470 3650 3524 3690; x_wconf 84' lang='lat' dir='ltr'><strong>et</strong></span> 
     </span>
    </p>
   </div>
   <div class='ocr_carea' id='block_1_80' title="bbox 1953 3723 3529 3796">
    <p class='ocr_par' dir='ltr' id='par_1_80' title="bbox 1953 3723 3529 3796">
     <span class='ocr_line' id='line_1_80' title="bbox 1953 3723 3529 3796; baseline 0.002 -21"><span class='ocrx_word' id='word_1_613' title='bbox 1953 3723 2070 3786; x_wconf 86' lang='lat' dir='ltr'><strong>Dei,</strong></span> <span class='ocrx_word' id='word_1_614' title='bbox 2095 3735 2351 3795; x_wconf 86' lang='lat' dir='ltr'><strong>tanquam</strong></span> <span class='ocrx_word' id='word_1_615' title='bbox 2380 3727 2482 3790; x_wconf 86' lang='lat' dir='ltr'><strong>sol,</strong></span> <span class='ocrx_word' id='word_1_616' title='bbox 2513 3726 2835 3780; x_wconf 87' lang='lat' dir='ltr'><strong>vestimenta</strong></span> <span class='ocrx_word' id='word_1_617' title='bbox 2865 3735 3047 3779; x_wconf 80' lang='lat' dir='ltr'><strong>autem</strong></span> <span class='ocrx_word' id='word_1_618' title='bbox 3080 3725 3196 3796; x_wconf 74' lang='lat' dir='ltr'><strong>ejus</strong></span> <span class='ocrx_word' id='word_1_619' title='bbox 3234 3729 3372 3780; x_wconf 83' lang='lat' dir='ltr'><strong>facta</strong></span> <span class='ocrx_word' id='word_1_620' title='bbox 3402 3739 3529 3780; x_wconf 88' lang='lat' dir='ltr'><strong>sunt</strong></span> 
     </span>
    </p>
   </div>
   <div class='ocr_carea' id='block_1_81' title="bbox 1951 3817 3525 3888">
    <p class='ocr_par' dir='ltr' id='par_1_81' title="bbox 1951 3817 3525 3888">
     <span class='ocr_line' id='line_1_81' title="bbox 1951 3817 3525 3888; baseline 0.001 -19"><span class='ocrx_word' id='word_1_621' title='bbox 1951 3817 2068 3869; x_wconf 74' lang='lat' dir='ltr'><strong>alba</strong></span> <span class='ocrx_word' id='word_1_622' title='bbox 2097 3818 2238 3870; x_wconf 88' lang='lat' dir='ltr'><strong>sicut</strong></span> <span class='ocrx_word' id='word_1_623' title='bbox 2270 3817 2388 3879; x_wconf 81' lang='lat' dir='ltr'><strong>nix,</strong></span> <span class='ocrx_word' id='word_1_624' title='bbox 2437 3818 2509 3872; x_wconf 87' lang='lat' dir='ltr'><strong>ita</strong></span> <span class='ocrx_word' id='word_1_625' title='bbox 2545 3818 2729 3872; x_wconf 88' lang='lat' dir='ltr'><strong>veniet</strong></span> <span class='ocrx_word' id='word_1_626' title='bbox 2762 3818 2828 3874; x_wconf 87' lang='lat' dir='ltr'><strong>de</strong></span> <span class='ocrx_word' id='word_1_627' title='bbox 2862 3820 3000 3873; x_wconf 66' lang='lat' dir='ltr'><strong>caelo</strong></span> <span class='ocrx_word' id='word_1_628' title='bbox 3037 3829 3291 3888; x_wconf 87' lang='lat' dir='ltr'><strong>tanquam</strong></span> <span class='ocrx_word' id='word_1_629' title='bbox 3326 3818 3525 3886; x_wconf 73' lang='lat' dir='ltr'><strong>fulgur,</strong></span> 
     </span>
    </p>
   </div>
   <div class='ocr_carea' id='block_1_82' title="bbox 1953 3909 3527 3981">
    <p class='ocr_par' dir='ltr' id='par_1_82' title="bbox 1953 3909 3527 3981">
     <span class='ocr_line' id='line_1_82' title="bbox 1953 3909 3527 3981; baseline 0 -20"><span class='ocrx_word' id='word_1_630' title='bbox 1953 3909 2005 3961; x_wconf 87' lang='lat' dir='ltr'><strong>in</strong></span> <span class='ocrx_word' id='word_1_631' title='bbox 2043 3911 2240 3962; x_wconf 86' lang='lat' dir='ltr'><strong>virtute</strong></span> <span class='ocrx_word' id='word_1_632' title='bbox 2284 3918 2338 3963; x_wconf 87' lang='lat' dir='ltr'><strong>et</strong></span> <span class='ocrx_word' id='word_1_633' title='bbox 2379 3909 2546 3978; x_wconf 80' lang='lat' dir='ltr'><strong>gloria</strong></span> <span class='ocrx_word' id='word_1_634' title='bbox 2584 3925 2805 3981; x_wconf 82' lang='lat' dir='ltr'><strong>magna,</strong></span> <span class='ocrx_word' id='word_1_635' title='bbox 2835 3910 3085 3979; x_wconf 88' lang='lat' dir='ltr'><strong>judicare</strong></span> <span class='ocrx_word' id='word_1_636' title='bbox 3126 3912 3330 3965; x_wconf 91' lang='lat' dir='ltr'><strong>omnia.</strong></span> <span class='ocrx_word' id='word_1_637' title='bbox 3367 3909 3433 3962; x_wconf 88' lang='lat' dir='ltr'><strong>Et</strong></span> <span class='ocrx_word' id='word_1_638' title='bbox 3468 3918 3527 3961; x_wconf 89' lang='lat' dir='ltr'><strong>ut</strong></span> 
     </span>
    </p>
   </div>
   <div class='ocr_carea' id='block_1_83' title="bbox 1952 3999 3524 4068">
    <p class='ocr_par' dir='ltr' id='par_1_83' title="bbox 1952 3999 3524 4068">
     <span class='ocr_line' id='line_1_83' title="bbox 1952 3999 3524 4068; baseline 0 -14"><span class='ocrx_word' id='word_1_639' title='bbox 1952 4016 2073 4054; x_wconf 90' lang='lat' dir='ltr'><strong>cum</strong></span> <span class='ocrx_word' id='word_1_640' title='bbox 2107 4015 2171 4054; x_wconf 86' lang='lat' dir='ltr'><strong>eo</strong></span> <span class='ocrx_word' id='word_1_641' title='bbox 2204 3999 2422 4055; x_wconf 85' lang='lat' dir='ltr'><strong>fuerunt</strong></span> <span class='ocrx_word' id='word_1_642' title='bbox 2468 4003 2684 4067; x_wconf 85' lang='lat' dir='ltr'><strong>Petrus,</strong></span> <span class='ocrx_word' id='word_1_643' title='bbox 2722 4012 2777 4058; x_wconf 91' lang='lat' dir='ltr'><strong>et</strong></span> <span class='ocrx_word' id='word_1_644' title='bbox 2824 4001 3080 4068; x_wconf 88' lang='lat' dir='ltr'><strong>Jacobus,</strong></span> <span class='ocrx_word' id='word_1_645' title='bbox 3115 4011 3169 4058; x_wconf 89' lang='lat' dir='ltr'><strong>et</strong></span> <span class='ocrx_word' id='word_1_646' title='bbox 3196 4001 3436 4057; x_wconf 81' lang='lat' dir='ltr'><strong>Joannes</strong></span> <span class='ocrx_word' id='word_1_647' title='bbox 3473 4003 3524 4055; x_wconf 87' lang='lat' dir='ltr'><strong>in</strong></span> 
     </span>
    </p>
   </div>
   <div class='ocr_carea' id='block_1_84' title="bbox 1954 4095 3532 4158">
    <p class='ocr_par' dir='ltr' id='par_1_84' title="bbox 1954 4095 3532 4158">
     <span class='ocr_line' id='line_1_84' title="bbox 1954 4095 3532 4158; baseline 0.003 -16"><span class='ocrx_word' id='word_1_648' title='bbox 1954 4098 2139 4144; x_wconf 79' lang='lat' dir='ltr'><strong>monte</strong></span> <span class='ocrx_word' id='word_1_649' title='bbox 2190 4101 2402 4153; x_wconf 89' lang='lat' dir='ltr'><strong>sancto.</strong></span> <span class='ocrx_word' id='word_1_650' title='bbox 2437 4095 2505 4147; x_wconf 91' lang='lat' dir='ltr'><strong>ita</strong></span> <span class='ocrx_word' id='word_1_651' title='bbox 2556 4109 2679 4148; x_wconf 90' lang='lat' dir='ltr'><strong>cum</strong></span> <span class='ocrx_word' id='word_1_652' title='bbox 2720 4109 2785 4148; x_wconf 89' lang='lat' dir='ltr'><strong>eo</strong></span> <span class='ocrx_word' id='word_1_653' title='bbox 2841 4103 3003 4150; x_wconf 88' lang='lat' dir='ltr'><strong>erunt</strong></span> <span class='ocrx_word' id='word_1_654' title='bbox 3029 4109 3218 4150; x_wconf 89' lang='lat' dir='ltr'><strong>omnes</strong></span> <span class='ocrx_word' id='word_1_655' title='bbox 3251 4096 3445 4158; x_wconf 88' lang='lat' dir='ltr'><strong>sancti,</strong></span> <span class='ocrx_word' id='word_1_656' title='bbox 3475 4104 3532 4148; x_wconf 85' lang='lat' dir='ltr'><strong>et</strong></span> 
     </span>
    </p>
   </div>
   <div class='ocr_carea' id='block_1_85' title="bbox 1948 4178 3529 4253">
    <p class='ocr_par' dir='ltr' id='par_1_85' title="bbox 1948 4178 3529 4253">
     <span class='ocr_line' id='line_1_85' title="bbox 1948 4178 3529 4253; baseline 0.003 -24"><span class='ocrx_word' id='word_1_657' title='bbox 1948 4178 2097 4245; x_wconf 86' lang='lat' dir='ltr'><strong>justi,</strong></span> <span class='ocrx_word' id='word_1_658' title='bbox 2136 4189 2190 4233; x_wconf 89' lang='lat' dir='ltr'><strong>et</strong></span> <span class='ocrx_word' id='word_1_659' title='bbox 2226 4180 2409 4247; x_wconf 84' lang='lat' dir='ltr'><strong>electi,</strong></span> <span class='ocrx_word' id='word_1_660' title='bbox 2441 4181 2781 4250; x_wconf 89' lang='lat' dir='ltr'><strong>perfruentes</strong></span> <span class='ocrx_word' id='word_1_661' title='bbox 2816 4184 3000 4237; x_wconf 89' lang='lat' dir='ltr'><strong>divino</strong></span> <span class='ocrx_word' id='word_1_662' title='bbox 3042 4184 3159 4253; x_wconf 86' lang='lat' dir='ltr'><strong>ejus</strong></span> <span class='ocrx_word' id='word_1_663' title='bbox 3192 4194 3435 4253; x_wconf 81' lang='lat' dir='ltr'><strong>aspectu,</strong></span> <span class='ocrx_word' id='word_1_664' title='bbox 3472 4190 3529 4234; x_wconf 70' lang='lat' dir='ltr'><strong>et</strong></span> 
     </span>
    </p>
   </div>
   <div class='ocr_carea' id='block_1_86' title="bbox 1956 4274 3525 4347">
    <p class='ocr_par' dir='ltr' id='par_1_86' title="bbox 1956 4274 3525 4347">
     <span class='ocr_line' id='line_1_86' title="bbox 1956 4274 3525 4347; baseline 0.001 -23"><span class='ocrx_word' id='word_1_665' title='bbox 1956 4274 2307 4330; x_wconf 78' lang='lat' dir='ltr'><strong>inenarrabili</strong></span> <span class='ocrx_word' id='word_1_666' title='bbox 2360 4287 2525 4346; x_wconf 88' lang='lat' dir='ltr'><strong>atque</strong></span> <span class='ocrx_word' id='word_1_667' title='bbox 2594 4275 2854 4332; x_wconf 74' lang='lat' dir='ltr'><strong>ineffabili</strong></span> <span class='ocrx_word' id='word_1_668' title='bbox 2912 4277 3107 4347; x_wconf 80' lang='lat' dir='ltr'><strong>gaudio</strong></span> <span class='ocrx_word' id='word_1_669' title='bbox 3167 4284 3221 4332; x_wconf 84' lang='lat' dir='ltr'><strong>et</strong></span> <span class='ocrx_word' id='word_1_670' title='bbox 3285 4274 3525 4331; x_wconf 82' lang='lat' dir='ltr'><strong>exsulta-</strong></span> 
     </span>
    </p>
   </div>
   <div class='ocr_carea' id='block_1_87' title="bbox 296 4353 1843 4427">
    <p class='ocr_par' dir='ltr' id='par_1_87' title="bbox 296 4353 1843 4427">
     <span class='ocr_line' id='line_1_87' title="bbox 296 4353 1843 4427; baseline 0.007 -24"><span class='ocrx_word' id='word_1_671' title='bbox 296 4353 420 4423; x_wconf 78' lang='grc' dir='ltr'>αὐτῷ</span> <span class='ocrx_word' id='word_1_672' title='bbox 438 4356 637 4418; x_wconf 85' lang='grc' dir='ltr'>πάντες</span> <span class='ocrx_word' id='word_1_673' title='bbox 660 4358 708 4408; x_wconf 84' lang='lat' dir='ltr'><strong>oi</strong></span> <span class='ocrx_word' id='word_1_674' title='bbox 730 4354 897 4423; x_wconf 73' lang='grc' dir='ltr'>ἅγιοι,</span> <span class='ocrx_word' id='word_1_675' title='bbox 923 4360 1020 4412; x_wconf 74' lang='grc' dir='ltr'><strong>καὶ</strong></span> <span class='ocrx_word' id='word_1_676' title='bbox 1048 4358 1338 4425; x_wconf 78' lang='grc' dir='ltr'>οίδίκαιοι,</span> <span class='ocrx_word' id='word_1_677' title='bbox 1366 4362 1460 4413; x_wconf 80' lang='grc' dir='ltr'>καὶ</span> <span class='ocrx_word' id='word_1_678' title='bbox 1489 4360 1538 4412; x_wconf 77' lang='lat' dir='ltr'><strong>oi</strong></span> <span class='ocrx_word' id='word_1_679' title='bbox 1570 4361 1843 4427; x_wconf 76' lang='grc' dir='ltr'>ἐκλεκτοὶ,</span> 
     </span>
    </p>
   </div>
   <div class='ocr_carea' id='block_1_88' title="bbox 1950 4353 2119 4427">
    <p class='ocr_par' dir='ltr' id='par_1_88' title="bbox 1955 4368 2119 4418">
     <span class='ocr_line' id='line_1_88' title="bbox 1955 4368 2119 4418; baseline 0.012 -2"><span class='ocrx_word' id='word_1_680' title='bbox 1955 4368 2119 4418; x_wconf 87' lang='lat' dir='ltr'><strong>tione.</strong></span> 
     </span>
    </p>
   </div>
   <div class='ocr_carea' id='block_1_89' title="bbox 296 4449 2200 4529">
    <p class='ocr_par' dir='ltr' id='par_1_89' title="bbox 296 4449 2200 4529">
     <span class='ocr_line' id='line_1_89' title="bbox 296 4449 2200 4529; baseline 0.008 -32"><span class='ocrx_word' id='word_1_681' title='bbox 296 4449 633 4512; x_wconf 77' lang='grc' dir='ltr'>ἀπολαύοντες</span> <span class='ocrx_word' id='word_1_682' title='bbox 702 4452 805 4520; x_wconf 78' lang='grc' dir='ltr'>τῆς</span> <span class='ocrx_word' id='word_1_683' title='bbox 873 4451 1038 4503; x_wconf 84' lang='grc' dir='ltr'>αὑτοῦ</span> <span class='ocrx_word' id='word_1_684' title='bbox 1112 4451 1427 4522; x_wconf 70' lang='grc' dir='ltr'>θεοφανίας,</span> <span class='ocrx_word' id='word_1_685' title='bbox 1482 4457 1577 4509; x_wconf 76' lang='grc' dir='ltr'><strong>καὶ</strong></span> <span class='ocrx_word' id='word_1_686' title='bbox 1630 4455 1730 4525; x_wconf 82' lang='grc' dir='ltr'>τῆς</span> <span class='ocrx_word' id='word_1_687' title='bbox 1782 4457 2200 4529; x_wconf 73' lang='grc' dir='ltr'>άνεκδιηγήτου,</span> 
     </span>
    </p>
   </div>
   <div class='ocr_carea' id='block_1_90' title="bbox 299 4556 432 4604">
    <p class='ocr_par' dir='ltr' id='par_1_90' title="bbox 299 4556 432 4604">
     <span class='ocr_line' id='line_1_90' title="bbox 299 4556 432 4604; baseline 0.03 -14"><span class='ocrx_word' id='word_1_688' title='bbox 299 4556 432 4604; x_wconf 80' lang='grc' dir='ltr'>σεως.</span> 
     </span>
    </p>
   </div>
   <div class='ocr_carea' id='block_1_91' title="bbox 352 4634 1846 4710">
    <p class='ocr_par' dir='ltr' id='par_1_91' title="bbox 352 4634 1846 4710">
     <span class='ocr_line' id='line_1_91' title="bbox 352 4634 1846 4710; baseline 0.004 -24"><span class='ocrx_word' id='word_1_689' title='bbox 352 4635 527 4687; x_wconf 85' lang='grc' dir='ltr'>Ταῦτα</span> <span class='ocrx_word' id='word_1_690' title='bbox 555 4634 743 4687; x_wconf 76' lang='grc' dir='ltr'>τοίνυν</span> <span class='ocrx_word' id='word_1_691' title='bbox 775 4636 1001 4701; x_wconf 73' lang='grc' dir='ltr'>εἰδότες,</span> <span class='ocrx_word' id='word_1_692' title='bbox 1033 4638 1332 4707; x_wconf 75' lang='grc' dir='ltr'>ἀγαπητοὶ,</span> <span class='ocrx_word' id='word_1_693' title='bbox 1388 4639 1846 4710; x_wconf 80' lang='grc' dir='ltr'>ἀπαρνησὼμεθα</span> 
     </span>
    </p>
   </div>
   <div class='ocr_carea' id='block_1_92' title="bbox 300 4726 1845 4799">
    <p class='ocr_par' dir='ltr' id='par_1_92' title="bbox 300 4726 1845 4799">
     <span class='ocr_line' id='line_1_92' title="bbox 300 4726 1845 4799; baseline 0.004 -24"><span class='ocrx_word' id='word_1_694' title='bbox 300 4726 376 4777; x_wconf 80' lang='grc' dir='ltr'><strong>καὶ</strong></span> <span class='ocrx_word' id='word_1_695' title='bbox 395 4728 545 4796; x_wconf 77' lang='grc' dir='ltr'>ἡμεῖς</span> <span class='ocrx_word' id='word_1_696' title='bbox 603 4727 836 4789; x_wconf 78' lang='grc' dir='ltr'>ἑαυτοὺς</span> <span class='ocrx_word' id='word_1_697' title='bbox 897 4727 983 4781; x_wconf 84' lang='grc' dir='ltr'>διὰ</span> <span class='ocrx_word' id='word_1_698' title='bbox 1029 4729 1118 4781; x_wconf 82' lang='grc' dir='ltr'><strong>τὸν</strong></span> <span class='ocrx_word' id='word_1_699' title='bbox 1178 4729 1404 4799; x_wconf 74' lang='grc' dir='ltr'>Κύριονσ</span> <span class='ocrx_word' id='word_1_700' title='bbox 1468 4729 1636 4798; x_wconf 79' lang='grc' dir='ltr'>μηδὲν</span> <span class='ocrx_word' id='word_1_701' title='bbox 1680 4729 1845 4782; x_wconf 80' lang='grc' dir='ltr'>αὐτοῦ</span> 
     </span>
    </p>
   </div>
   <div class='ocr_carea' id='block_1_93' title="bbox 297 4818 1845 4889">
    <p class='ocr_par' dir='ltr' id='par_1_93' title="bbox 297 4818 1845 4889">
     <span class='ocr_line' id='line_1_93' title="bbox 297 4818 1845 4889; baseline 0.003 -23"><span class='ocrx_word' id='word_1_702' title='bbox 297 4820 672 4887; x_wconf 83' lang='grc' dir='ltr'>προτιμότερον</span> <span class='ocrx_word' id='word_1_703' title='bbox 702 4819 1059 4888; x_wconf 79' lang='grc' dir='ltr'>ἡγησώμεθα,</span> <span class='ocrx_word' id='word_1_704' title='bbox 1086 4819 1161 4888; x_wconf 86' lang='grc' dir='ltr'>μὴ</span> <span class='ocrx_word' id='word_1_705' title='bbox 1200 4819 1449 4884; x_wconf 84' lang='grc' dir='ltr'>πλοῦτον,</span> <span class='ocrx_word' id='word_1_706' title='bbox 1507 4818 1583 4889; x_wconf 83' lang='grc' dir='ltr'>μὴ</span> <span class='ocrx_word' id='word_1_707' title='bbox 1610 4820 1845 4888; x_wconf 84' lang='grc' dir='ltr'>τρυφὴν,</span> 
     </span>
    </p>
   </div>
   <div class='ocr_carea' id='block_1_94' title="bbox 303 4908 1847 4979">
    <p class='ocr_par' dir='ltr' id='par_1_94' title="bbox 303 4908 1847 4979">
     <span class='ocr_line' id='line_1_94' title="bbox 303 4908 1847 4979; baseline 0.002 -19"><span class='ocrx_word' id='word_1_708' title='bbox 303 4911 363 4975; x_wconf 79' lang='grc' dir='ltr'>μὴ</span> <span class='ocrx_word' id='word_1_709' title='bbox 421 4909 601 4975; x_wconf 75' lang='grc' dir='ltr'>δόξαν,</span> <span class='ocrx_word' id='word_1_710' title='bbox 643 4910 719 4979; x_wconf 77' lang='grc' dir='ltr'>μὴ</span> <span class='ocrx_word' id='word_1_711' title='bbox 769 4908 1093 4977; x_wconf 83' lang='grc' dir='ltr'>σωματικὴν</span> <span class='ocrx_word' id='word_1_712' title='bbox 1148 4910 1364 4978; x_wconf 81' lang='grc' dir='ltr'>ἡδονὴν,</span> <span class='ocrx_word' id='word_1_713' title='bbox 1424 4909 1500 4979; x_wconf 87' lang='grc' dir='ltr'><strong>μὴ</strong></span> <span class='ocrx_word' id='word_1_714' title='bbox 1541 4910 1711 4979; x_wconf 78' lang='grc' dir='ltr'>αὐτὴν</span> <span class='ocrx_word' id='word_1_715' title='bbox 1747 4910 1847 4979; x_wconf 85' lang='grc' dir='ltr'>τὴν</span> 
     </span>
    </p>
   </div>
   <div class='ocr_carea' id='block_1_95' title="bbox 301 4998 1849 5071">
    <p class='ocr_par' dir='ltr' id='par_1_95' title="bbox 301 4998 1849 5071">
     <span class='ocr_line' id='line_1_95' title="bbox 301 4998 1849 5071; baseline 0.003 -20"><span class='ocrx_word' id='word_1_716' title='bbox 301 4998 444 5068; x_wconf 80' lang='grc' dir='ltr'>ζωὴν,</span> <span class='ocrx_word' id='word_1_717' title='bbox 477 5001 613 5054; x_wconf 78' lang='grc' dir='ltr'>ἀλλὰ</span> <span class='ocrx_word' id='word_1_718' title='bbox 645 5002 738 5054; x_wconf 76' lang='grc' dir='ltr'>καὶ</span> <span class='ocrx_word' id='word_1_719' title='bbox 781 5001 987 5070; x_wconf 82' lang='grc' dir='ltr'>ταύτης</span> <span class='ocrx_word' id='word_1_720' title='bbox 1018 5003 1565 5071; x_wconf 80' lang='grc' dir='ltr'>καταφρωνήσωμεν,</span> <span class='ocrx_word' id='word_1_721' title='bbox 1589 5004 1684 5055; x_wconf 79' lang='grc' dir='ltr'><strong>καὶ</strong></span> <span class='ocrx_word' id='word_1_722' title='bbox 1718 5004 1849 5056; x_wconf 65' lang='grc' dir='ltr'><strong>ἀκοε</strong></span> 
     </span>
    </p>
   </div>
   <div class='ocr_carea' id='block_1_96' title="bbox 302 5088 1849 5163">
    <p class='ocr_par' dir='ltr' id='par_1_96' title="bbox 302 5088 1849 5163">
     <span class='ocr_line' id='line_1_96' title="bbox 302 5088 1849 5163; baseline 0.005 -24"><span class='ocrx_word' id='word_1_723' title='bbox 302 5088 638 5161; x_wconf 76' lang='grc' dir='ltr'>λονθήσωμεν</span> <span class='ocrx_word' id='word_1_724' title='bbox 690 5091 769 5162; x_wconf 82' lang='grc' dir='ltr'>τῷ</span> <span class='ocrx_word' id='word_1_725' title='bbox 799 5091 1021 5163; x_wconf 81' lang='grc' dir='ltr'>Χριστῷ</span> <span class='ocrx_word' id='word_1_726' title='bbox 1050 5091 1128 5163; x_wconf 80' lang='grc' dir='ltr'><strong>τῷ</strong></span> <span class='ocrx_word' id='word_1_727' title='bbox 1176 5093 1425 5163; x_wconf 78' lang='grc' dir='ltr'>ἡμετέρῳ</span> <span class='ocrx_word' id='word_1_728' title='bbox 1453 5093 1723 5163; x_wconf 87' lang='grc' dir='ltr'>Δεσπότῃ,</span> <span class='ocrx_word' id='word_1_729' title='bbox 1757 5095 1849 5147; x_wconf 86' lang='grc' dir='ltr'><strong>τὸν</strong></span> 
     </span>
    </p>
   </div>
   <div class='ocr_carea' id='block_1_97' title="bbox 304 5186 1850 5259">
    <p class='ocr_par' dir='ltr' id='par_1_97' title="bbox 304 5186 1850 5259">
     <span class='ocr_line' id='line_1_97' title="bbox 304 5186 1850 5259; baseline 0.004 -24"><span class='ocrx_word' id='word_1_730' title='bbox 304 5186 469 5240; x_wconf 71' lang='grc' dir='ltr'>τούτου</span> <span class='ocrx_word' id='word_1_731' title='bbox 507 5191 742 5259; x_wconf 66' lang='grc' dir='ltr'>σταυρὸν</span> <span class='ocrx_word' id='word_1_732' title='bbox 776 5190 865 5241; x_wconf 79' lang='grc' dir='ltr'><strong>ἐπ’</strong></span> <span class='ocrx_word' id='word_1_733' title='bbox 902 5188 1065 5257; x_wconf 65' lang='grc' dir='ltr'>ὤμων</span> <span class='ocrx_word' id='word_1_734' title='bbox 1090 5188 1345 5258; x_wconf 81' lang='grc' dir='ltr'>ἄραντες,</span> <span class='ocrx_word' id='word_1_735' title='bbox 1375 5189 1471 5241; x_wconf 71' lang='grc' dir='ltr'><strong>καὶ</strong></span> <span class='ocrx_word' id='word_1_736' title='bbox 1510 5186 1577 5239; x_wconf 73' lang='grc' dir='ltr'><strong>τὰ</strong></span> <span class='ocrx_word' id='word_1_737' title='bbox 1611 5188 1850 5259; x_wconf 74' lang='grc' dir='ltr'>σαρκικὰ</span> 
     </span>
    </p>
   </div>
   <div class='ocr_carea' id='block_1_98' title="bbox 305 5278 1851 5350">
    <p class='ocr_par' dir='ltr' id='par_1_98' title="bbox 305 5278 1851 5350">
     <span class='ocr_line' id='line_1_98' title="bbox 305 5278 1851 5350; baseline 0.003 -24"><span class='ocrx_word' id='word_1_738' title='bbox 305 5280 650 5350; x_wconf 76' lang='grc' dir='ltr'>νεκρώσωμεν</span> <span class='ocrx_word' id='word_1_739' title='bbox 678 5281 958 5349; x_wconf 83' lang='grc' dir='ltr'>κινήματα</span> <span class='ocrx_word' id='word_1_740' title='bbox 995 5283 1090 5335; x_wconf 76' lang='grc' dir='ltr'><strong>καὶ</strong></span> <span class='ocrx_word' id='word_1_741' title='bbox 1138 5281 1493 5348; x_wconf 80' lang='grc' dir='ltr'>φρονήματα,</span> <span class='ocrx_word' id='word_1_742' title='bbox 1524 5279 1602 5349; x_wconf 82' lang='grc' dir='ltr'><strong>τῷ</strong></span> <span class='ocrx_word' id='word_1_743' title='bbox 1635 5278 1851 5347; x_wconf 85' lang='grc' dir='ltr'>θανάτῳ</span> 
     </span>
    </p>
   </div>
   <div class='ocr_carea' id='block_1_99' title="bbox 307 5368 1849 5443">
    <p class='ocr_par' dir='ltr' id='par_1_99' title="bbox 307 5368 1849 5443">
     <span class='ocr_line' id='line_1_99' title="bbox 307 5368 1849 5443; baseline 0.003 -25"><span class='ocrx_word' id='word_1_744' title='bbox 307 5368 448 5422; x_wconf 76' lang='grc' dir='ltr'>αὑτοῦ</span> <span class='ocrx_word' id='word_1_745' title='bbox 480 5373 1076 5442; x_wconf 78' lang='grc' dir='ltr'>συμμορφούμενοι,ὡς</span> <span class='ocrx_word' id='word_1_746' title='bbox 1106 5375 1172 5426; x_wconf 85' lang='grc' dir='ltr'><strong>ἂν</strong></span> <span class='ocrx_word' id='word_1_747' title='bbox 1190 5374 1508 5443; x_wconf 75' lang='grc' dir='ltr'>δυνηθῶμεν</span> <span class='ocrx_word' id='word_1_748' title='bbox 1536 5373 1631 5424; x_wconf 71' lang='grc' dir='ltr'>καὶ</span> <span class='ocrx_word' id='word_1_749' title='bbox 1663 5373 1849 5441; x_wconf 70' lang='grc' dir='ltr'>ἡμεῖς,</span> 
     </span>
    </p>
   </div>
   <div class='ocr_carea' id='block_1_100' title="bbox 311 5462 1855 5532">
    <p class='ocr_par' dir='ltr' id='par_1_100' title="bbox 311 5462 1855 5532">
     <span class='ocr_line' id='line_1_100' title="bbox 311 5462 1855 5532; baseline 0.003 -24"><span class='ocrx_word' id='word_1_750' title='bbox 311 5462 434 5512; x_wconf 75' lang='grc' dir='ltr'>κατὰ</span> <span class='ocrx_word' id='word_1_751' title='bbox 456 5464 541 5515; x_wconf 79' lang='grc' dir='ltr'>τὸν</span> <span class='ocrx_word' id='word_1_752' title='bbox 577 5466 720 5516; x_wconf 80' lang='grc' dir='ltr'>θεῖον</span> <span class='ocrx_word' id='word_1_753' title='bbox 760 5464 995 5529; x_wconf 82' lang='grc' dir='ltr'>Παῦλον,</span> <span class='ocrx_word' id='word_1_754' title='bbox 1021 5467 1194 5518; x_wconf 75' lang='grc' dir='ltr'>εἰπεῖν</span> <span class='ocrx_word' id='word_1_755' title='bbox 1216 5482 1229 5496; x_wconf 81' lang='grc'><strong><em>⁸</em></strong></span> <span class='ocrx_word' id='word_1_756' title='bbox 1264 5464 1466 5532; x_wconf 80' lang='grc' dir='ltr'>Ζῶμεν</span> <span class='ocrx_word' id='word_1_757' title='bbox 1523 5464 1592 5517; x_wconf 76' lang='grc' dir='ltr'>δὲ</span> <span class='ocrx_word' id='word_1_758' title='bbox 1654 5462 1855 5515; x_wconf 81' lang='grc' dir='ltr'>οὐκέτι</span> 
     </span>
    </p>
   </div>
   <div class='ocr_carea' id='block_1_101' title="bbox 311 5552 1856 5630">
    <p class='ocr_par' dir='ltr' id='par_1_101' title="bbox 311 5552 1856 5630">
     <span class='ocr_line' id='line_1_101' title="bbox 311 5552 1856 5630; baseline -0.006 -13"><span class='ocrx_word' id='word_1_759' title='bbox 311 5552 479 5623; x_wconf 60' lang='grc' dir='ltr'><strong>1ἴμεῖς,</strong></span> <span class='ocrx_word' id='word_1_760' title='bbox 502 5556 569 5624; x_wconf 70' lang='grc' dir='ltr'>ζῇ</span> <span class='ocrx_word' id='word_1_761' title='bbox 594 5556 663 5609; x_wconf 79' lang='grc' dir='ltr'>δὲ</span> <span class='ocrx_word' id='word_1_762' title='bbox 692 5560 724 5611; x_wconf 83' lang='grc' dir='ltr'><em>ὀ</em></span> <span class='ocrx_word' id='word_1_763' title='bbox 751 5557 1009 5627; x_wconf 80' lang='grc' dir='ltr'>Χριστὸς</span> <span class='ocrx_word' id='word_1_764' title='bbox 1037 5559 1107 5613; x_wconf 82' lang='grc' dir='ltr'>ἑν</span> <span class='ocrx_word' id='word_1_765' title='bbox 1134 5557 1301 5630; x_wconf 74' lang='grc' dir='ltr'>ἡμῖν.</span> <span class='ocrx_word' id='word_1_766' title='bbox 1331 5558 1435 5612; x_wconf 79' lang='grc' dir='ltr'>Καί</span> <span class='ocrx_word' id='word_1_767' title='bbox 1456 5574 1468 5589; x_wconf 82' lang='grc'><em>’</em></span> <span class='ocrx_word' id='word_1_768' title='bbox 1501 5557 1594 5625; x_wconf 74' lang='grc' dir='ltr'><strong>Μὴ</strong></span> <span class='ocrx_word' id='word_1_769' title='bbox 1627 5555 1856 5625; x_wconf 79' lang='grc' dir='ltr'>γένοιτο</span> 
     </span>
    </p>
   </div>
   <div class='ocr_carea' id='block_1_102' title="bbox 375 5733 806 5801">
    <p class='ocr_par' dir='ltr' id='par_1_102' title="bbox 375 5733 806 5801">
     <span class='ocr_line' id='line_1_102' title="bbox 375 5733 806 5801; baseline 0.014 -15"><span class='ocrx_word' id='word_1_770' title='bbox 375 5733 414 5765; x_wconf 76' lang='grc'><strong>⁸⁸</strong></span> <span class='ocrx_word' id='word_1_771' title='bbox 448 5733 597 5791; x_wconf 76' lang='lat' dir='ltr'><strong>Rom.</strong></span> <span class='ocrx_word' id='word_1_772' title='bbox 636 5750 690 5801; x_wconf 72' lang='grc' dir='ltr'>ι,</span> <span class='ocrx_word' id='word_1_773' title='bbox 726 5735 806 5792; x_wconf 78' lang='grc'><strong>10.</strong></span> 
     </span>
    </p>
   </div>
   <div class='ocr_carea' id='block_1_103' title="bbox 2294 4462 3535 4534">
    <p class='ocr_par' dir='ltr' id='par_1_103' title="bbox 2294 4462 3535 4534">
     <span class='ocr_line' id='line_1_103' title="bbox 2294 4462 3535 4534; baseline 0.002 -20"><span class='ocrx_word' id='word_1_774' title='bbox 2294 4462 2390 4515; x_wconf 80' lang='grc' dir='ltr'>καὶ</span> <span class='ocrx_word' id='word_1_775' title='bbox 2437 4462 2821 4534; x_wconf 83' lang='grc' dir='ltr'>ἀνεκφράστου</span> <span class='ocrx_word' id='word_1_776' title='bbox 2872 4464 3049 4534; x_wconf 82' lang='grc' dir='ltr'>χαρᾶς</span> <span class='ocrx_word' id='word_1_777' title='bbox 3103 4464 3199 4517; x_wconf 75' lang='grc' dir='ltr'>καὶ</span> <span class='ocrx_word' id='word_1_778' title='bbox 3273 4463 3535 4531; x_wconf 82' lang='grc' dir='ltr'>ἀγαλλιά-</span> 
     </span>
    </p>
   </div>
   <div class='ocr_carea' id='block_1_104' title="bbox 2032 4638 3531 4709">
    <p class='ocr_par' dir='ltr' id='par_1_104' title="bbox 2032 4638 3531 4709">
     <span class='ocr_line' id='line_1_104' title="bbox 2032 4638 3531 4709; baseline 0.001 -16"><span class='ocrx_word' id='word_1_779' title='bbox 2032 4641 2155 4694; x_wconf 72' lang='grc' dir='ltr'>ΙΙειιο</span> <span class='ocrx_word' id='word_1_780' title='bbox 2180 4654 2308 4709; x_wconf 75' lang='lat' dir='ltr'><strong>ergo</strong></span> <span class='ocrx_word' id='word_1_781' title='bbox 2336 4640 2589 4702; x_wconf 84' lang='lat' dir='ltr'><strong>scientes,</strong></span> <span class='ocrx_word' id='word_1_782' title='bbox 2623 4638 2953 4703; x_wconf 87' lang='lat' dir='ltr'><strong>charissimi,</strong></span> <span class='ocrx_word' id='word_1_783' title='bbox 2979 4640 3307 4707; x_wconf 75' lang='lat' dir='ltr'><strong>abnegemus</strong></span> <span class='ocrx_word' id='word_1_784' title='bbox 3328 4651 3375 4694; x_wconf 90' lang='lat' dir='ltr'><strong>et</strong></span> <span class='ocrx_word' id='word_1_785' title='bbox 3404 4656 3531 4695; x_wconf 52' lang='lat' dir='ltr'><strong>nos.</strong></span> 
     </span>
    </p>
   </div>
   <div class='ocr_carea' id='block_1_105' title="bbox 1957 4729 3531 4800">
    <p class='ocr_par' dir='ltr' id='par_1_105' title="bbox 1957 4729 3531 4800">
     <span class='ocr_line' id='line_1_105' title="bbox 1957 4729 3531 4800; baseline -0.003 -16"><span class='ocrx_word' id='word_1_786' title='bbox 1957 4733 2216 4800; x_wconf 87' lang='lat' dir='ltr'><strong>tnetipsos</strong></span> <span class='ocrx_word' id='word_1_787' title='bbox 2267 4739 2489 4800; x_wconf 83' lang='lat' dir='ltr'><strong>propter</strong></span> <span class='ocrx_word' id='word_1_788' title='bbox 2525 4731 2843 4795; x_wconf 86' lang='lat' dir='ltr'><strong>Dominum;</strong></span> <span class='ocrx_word' id='word_1_789' title='bbox 2879 4729 3012 4783; x_wconf 89' lang='lat' dir='ltr'><strong>nihil</strong></span> <span class='ocrx_word' id='word_1_790' title='bbox 3052 4745 3117 4782; x_wconf 88' lang='lat' dir='ltr'><strong>eo</strong></span> <span class='ocrx_word' id='word_1_791' title='bbox 3153 4731 3331 4798; x_wconf 78' lang='lat' dir='ltr'><strong>potius</strong></span> <span class='ocrx_word' id='word_1_792' title='bbox 3360 4732 3531 4785; x_wconf 79' lang='lat' dir='ltr'><strong>duca-</strong></span> 
     </span>
    </p>
   </div>
   <div class='ocr_carea' id='block_1_106' title="bbox 1957 4820 3530 4888">
    <p class='ocr_par' dir='ltr' id='par_1_106' title="bbox 1957 4820 3530 4888">
     <span class='ocr_line' id='line_1_106' title="bbox 1957 4820 3530 4888; baseline -0.001 -13"><span class='ocrx_word' id='word_1_793' title='bbox 1957 4837 2099 4885; x_wconf 86' lang='lat' dir='ltr'><strong>mus,</strong></span> <span class='ocrx_word' id='word_1_794' title='bbox 2134 4837 2240 4877; x_wconf 88' lang='lat' dir='ltr'><strong>non</strong></span> <span class='ocrx_word' id='word_1_795' title='bbox 2266 4838 2420 4888; x_wconf 86' lang='lat' dir='ltr'><strong>opes,</strong></span> <span class='ocrx_word' id='word_1_796' title='bbox 2458 4835 2561 4874; x_wconf 92' lang='lat' dir='ltr'><strong>non</strong></span> <span class='ocrx_word' id='word_1_797' title='bbox 2596 4820 2805 4883; x_wconf 75' lang='lat' dir='ltr'><strong>luxum,</strong></span> <span class='ocrx_word' id='word_1_798' title='bbox 2839 4833 2945 4873; x_wconf 88' lang='lat' dir='ltr'><strong>non</strong></span> <span class='ocrx_word' id='word_1_799' title='bbox 2980 4820 3227 4887; x_wconf 75' lang='lat' dir='ltr'><strong>gloriam,</strong></span> <span class='ocrx_word' id='word_1_800' title='bbox 3264 4839 3368 4876; x_wconf 87' lang='lat' dir='ltr'><strong>non</strong></span> <span class='ocrx_word' id='word_1_801' title='bbox 3407 4839 3530 4876; x_wconf 87' lang='lat' dir='ltr'><strong>cor-</strong></span> 
     </span>
    </p>
   </div>
   <div class='ocr_carea' id='block_1_107' title="bbox 1958 4912 3532 4981">
    <p class='ocr_par' dir='ltr' id='par_1_107' title="bbox 1958 4912 3532 4981">
     <span class='ocr_line' id='line_1_107' title="bbox 1958 4912 3532 4981; baseline 0.004 -18"><span class='ocrx_word' id='word_1_802' title='bbox 1958 4912 2194 4981; x_wconf 82' lang='lat' dir='ltr'><strong>poralem</strong></span> <span class='ocrx_word' id='word_1_803' title='bbox 2235 4913 2587 4979; x_wconf 75' lang='lat' dir='ltr'><strong>voluptatem,</strong></span> <span class='ocrx_word' id='word_1_804' title='bbox 2619 4927 2723 4965; x_wconf 88' lang='lat' dir='ltr'><strong>non</strong></span> <span class='ocrx_word' id='word_1_805' title='bbox 2758 4913 2926 4979; x_wconf 88' lang='lat' dir='ltr'><strong>ipsam</strong></span> <span class='ocrx_word' id='word_1_806' title='bbox 2962 4912 3164 4977; x_wconf 77' lang='lat' dir='ltr'><strong>vitam;</strong></span> <span class='ocrx_word' id='word_1_807' title='bbox 3197 4914 3292 4968; x_wconf 86' lang='lat' dir='ltr'><strong>sed</strong></span> <span class='ocrx_word' id='word_1_808' title='bbox 3318 4916 3532 4970; x_wconf 85' lang='lat' dir='ltr'><strong>nehuic</strong></span> 
     </span>
    </p>
   </div>
   <div class='ocr_carea' id='block_1_108' title="bbox 1958 5003 3524 5073">
    <p class='ocr_par' dir='ltr' id='par_1_108' title="bbox 1958 5003 3524 5073">
     <span class='ocr_line' id='line_1_108' title="bbox 1958 5003 3524 5073; baseline 0.001 -18"><span class='ocrx_word' id='word_1_809' title='bbox 1958 5006 2172 5070; x_wconf 74' lang='lat' dir='ltr'><strong>quidem</strong></span> <span class='ocrx_word' id='word_1_810' title='bbox 2201 5017 2490 5071; x_wconf 90' lang='lat' dir='ltr'><strong>parcamus</strong></span> <span class='ocrx_word' id='word_1_811' title='bbox 2516 5010 2735 5070; x_wconf 90' lang='lat' dir='ltr'><strong>propter</strong></span> <span class='ocrx_word' id='word_1_812' title='bbox 2763 5003 2973 5069; x_wconf 81' lang='lat' dir='ltr'><strong>ipsum;</strong></span> <span class='ocrx_word' id='word_1_813' title='bbox 3002 5017 3294 5073; x_wconf 84' lang='lat' dir='ltr'><strong>sequamur</strong></span> <span class='ocrx_word' id='word_1_814' title='bbox 3342 5005 3524 5058; x_wconf 64' lang='lat' dir='ltr'><strong>Domi«</strong></span> 
     </span>
    </p>
   </div>
   <div class='ocr_carea' id='block_1_109' title="bbox 1963 5092 3533 5159">
    <p class='ocr_par' dir='ltr' id='par_1_109' title="bbox 1963 5092 3533 5159">
     <span class='ocr_line' id='line_1_109' title="bbox 1963 5092 3533 5159; baseline -0.001 -11"><span class='ocrx_word' id='word_1_815' title='bbox 1963 5112 2088 5148; x_wconf 91' lang='lat' dir='ltr'><strong>num</strong></span> <span class='ocrx_word' id='word_1_816' title='bbox 2116 5103 2383 5155; x_wconf 72' lang='lat' dir='ltr'><strong>nostrunt,</strong></span> <span class='ocrx_word' id='word_1_817' title='bbox 2414 5107 2574 5146; x_wconf 90' lang='lat' dir='ltr'><strong>cruce</strong></span> <span class='ocrx_word' id='word_1_818' title='bbox 2604 5092 2720 5159; x_wconf 81' lang='lat' dir='ltr'><strong>ejus</strong></span> <span class='ocrx_word' id='word_1_819' title='bbox 2744 5092 2797 5145; x_wconf 90' lang='lat' dir='ltr'><strong>in</strong></span> <span class='ocrx_word' id='word_1_820' title='bbox 2840 5093 3093 5148; x_wconf 90' lang='lat' dir='ltr'><strong>humeros</strong></span> <span class='ocrx_word' id='word_1_821' title='bbox 3124 5095 3355 5159; x_wconf 86' lang='lat' dir='ltr'><strong>sublata,</strong></span> <span class='ocrx_word' id='word_1_822' title='bbox 3392 5110 3533 5148; x_wconf 86' lang='lat' dir='ltr'><strong>cor-</strong></span> 
     </span>
    </p>
   </div>
   <div class='ocr_carea' id='block_1_110' title="bbox 1963 5184 3533 5252">
    <p class='ocr_par' dir='ltr' id='par_1_110' title="bbox 1963 5184 3533 5252">
     <span class='ocr_line' id='line_1_110' title="bbox 1963 5184 3533 5252; baseline -0.001 -14"><span class='ocrx_word' id='word_1_823' title='bbox 1963 5188 2176 5250; x_wconf 77' lang='lat' dir='ltr'><strong>pnt&#39;ales</strong></span> <span class='ocrx_word' id='word_1_824' title='bbox 2206 5194 2386 5240; x_wconf 90' lang='lat' dir='ltr'><strong>motus</strong></span> <span class='ocrx_word' id='word_1_825' title='bbox 2423 5199 2727 5252; x_wconf 87' lang='lat' dir='ltr'><strong>sensusque</strong></span> <span class='ocrx_word' id='word_1_826' title='bbox 2764 5186 3175 5250; x_wconf 87' lang='lat' dir='ltr'><strong>mortificantes,</strong></span> <span class='ocrx_word' id='word_1_827' title='bbox 3207 5184 3533 5249; x_wconf 76' lang='lat' dir='ltr'><strong>configurati</strong></span> 
     </span>
    </p>
   </div>
   <div class='ocr_carea' id='block_1_111' title="bbox 1967 5274 3530 5346">
    <p class='ocr_par' dir='ltr' id='par_1_111' title="bbox 1967 5274 3530 5346">
     <span class='ocr_line' id='line_1_111' title="bbox 1967 5274 3530 5346; baseline -0.004 -16"><span class='ocrx_word' id='word_1_828' title='bbox 1967 5279 2123 5330; x_wconf 83' lang='lat' dir='ltr'><strong>morti</strong></span> <span class='ocrx_word' id='word_1_829' title='bbox 2157 5277 2294 5346; x_wconf 80' lang='lat' dir='ltr'><strong>ejus,</strong></span> <span class='ocrx_word' id='word_1_830' title='bbox 2338 5285 2396 5331; x_wconf 89' lang='lat' dir='ltr'><strong>ut</strong></span> <span class='ocrx_word' id='word_1_831' title='bbox 2442 5277 2709 5345; x_wconf 87' lang='lat' dir='ltr'><strong>possimus</strong></span> <span class='ocrx_word' id='word_1_832' title='bbox 2741 5285 2797 5330; x_wconf 87' lang='lat' dir='ltr'><strong>et</strong></span> <span class='ocrx_word' id='word_1_833' title='bbox 2848 5293 2944 5331; x_wconf 92' lang='lat' dir='ltr'><strong>nos</strong></span> <span class='ocrx_word' id='word_1_834' title='bbox 2987 5293 3106 5331; x_wconf 91' lang='lat' dir='ltr'><strong>cum</strong></span> <span class='ocrx_word' id='word_1_835' title='bbox 3144 5277 3204 5329; x_wconf 87' lang='grc' dir='ltr'><strong>Ι).</strong></span> <span class='ocrx_word' id='word_1_836' title='bbox 3248 5275 3413 5331; x_wconf 86' lang='lat' dir='ltr'><strong>Paulo</strong></span> <span class='ocrx_word' id='word_1_837' title='bbox 3443 5274 3530 5327; x_wconf 89' lang='lat' dir='ltr'><strong>di-</strong></span> 
     </span>
    </p>
   </div>
   <div class='ocr_carea' id='block_1_112' title="bbox 1960 5367 3529 5437">
    <p class='ocr_par' dir='ltr' id='par_1_112' title="bbox 1960 5367 3529 5437">
     <span class='ocr_line' id='line_1_112' title="bbox 1960 5367 3529 5437; baseline -0.001 -15"><span class='ocrx_word' id='word_1_838' title='bbox 1960 5385 2083 5422; x_wconf 81' lang='lat' dir='ltr'><strong>cere</strong></span> <span class='ocrx_word' id='word_1_839' title='bbox 2134 5386 2147 5420; x_wconf 91' lang='lat'><strong>:</strong></span> <span class='ocrx_word' id='word_1_840' title='bbox 2214 5368 2445 5422; x_wconf 83' lang='lat' dir='ltr'><strong>Vivimus</strong></span> <span class='ocrx_word' id='word_1_841' title='bbox 2497 5384 2600 5420; x_wconf 86' lang='lat' dir='ltr'><strong>non</strong></span> <span class='ocrx_word' id='word_1_842' title='bbox 2639 5368 2755 5437; x_wconf 83' lang='lat' dir='ltr'><strong>jam</strong></span> <span class='ocrx_word' id='word_1_843' title='bbox 2787 5386 2905 5433; x_wconf 75' lang='lat' dir='ltr'><strong>nos,</strong></span> <span class='ocrx_word' id='word_1_844' title='bbox 2951 5370 3077 5423; x_wconf 78' lang='lat' dir='ltr'><strong>vivit</strong></span> <span class='ocrx_word' id='word_1_845' title='bbox 3130 5385 3245 5422; x_wconf 73' lang='lat' dir='ltr'><strong>vero</strong></span> <span class='ocrx_word' id='word_1_846' title='bbox 3298 5370 3347 5419; x_wconf 85' lang='lat' dir='ltr'><strong>in</strong></span> <span class='ocrx_word' id='word_1_847' title='bbox 3382 5367 3529 5420; x_wconf 80' lang='lat' dir='ltr'><strong>nobis</strong></span> 
     </span>
    </p>
   </div>
   <div class='ocr_carea' id='block_1_113' title="bbox 1962 5458 3529 5529">
    <p class='ocr_par' dir='ltr' id='par_1_113' title="bbox 1962 5458 3529 5529">
     <span class='ocr_line' id='line_1_113' title="bbox 1962 5458 3529 5529; baseline -0.001 -15"><span class='ocrx_word' id='word_1_848' title='bbox 1962 5458 2251 5522; x_wconf 73' lang='lat' dir='ltr'><strong>Christus;</strong></span> <span class='ocrx_word' id='word_1_849' title='bbox 2288 5469 2342 5515; x_wconf 91' lang='lat' dir='ltr'><strong>et</strong></span> <span class='ocrx_word' id='word_1_850' title='bbox 2375 5475 2390 5515; x_wconf 88' lang='lat'><strong>:</strong></span> <span class='ocrx_word' id='word_1_851' title='bbox 2432 5459 2601 5514; x_wconf 82' lang='lat' dir='ltr'><strong>Nobis</strong></span> <span class='ocrx_word' id='word_1_852' title='bbox 2630 5473 2809 5514; x_wconf 82' lang='lat' dir='ltr'><strong>autent</strong></span> <span class='ocrx_word' id='word_1_853' title='bbox 2861 5461 2997 5514; x_wconf 72' lang='lat' dir='ltr'><strong>absit</strong></span> <span class='ocrx_word' id='word_1_854' title='bbox 3035 5462 3088 5513; x_wconf 86' lang='lat' dir='ltr'><strong>in</strong></span> <span class='ocrx_word' id='word_1_855' title='bbox 3135 5460 3243 5513; x_wconf 80' lang='lat' dir='ltr'><strong>alio</strong></span> <span class='ocrx_word' id='word_1_856' title='bbox 3278 5459 3529 5529; x_wconf 78' lang='lat' dir='ltr'><strong>gloriari,</strong></span> 
     </span>
    </p>
   </div>
   <div class='ocr_carea' id='block_1_114' title="bbox 1963 5550 3529 5620">
    <p class='ocr_par' dir='ltr' id='par_1_114' title="bbox 1963 5550 3529 5620">
     <span class='ocr_line' id='line_1_114' title="bbox 1963 5550 3529 5620; baseline -0.002 -11"><span class='ocrx_word' id='word_1_857' title='bbox 1963 5558 2064 5610; x_wconf 70' lang='lat' dir='ltr'><strong>nisi</strong></span> <span class='ocrx_word' id='word_1_858' title='bbox 2096 5557 2147 5609; x_wconf 83' lang='lat' dir='ltr'><strong>in</strong></span> <span class='ocrx_word' id='word_1_859' title='bbox 2175 5569 2327 5609; x_wconf 84' lang='lat' dir='ltr'><strong>cruce</strong></span> <span class='ocrx_word' id='word_1_860' title='bbox 2362 5552 2594 5609; x_wconf 87' lang='lat' dir='ltr'><strong>Domini.</strong></span> <span class='ocrx_word' id='word_1_861' title='bbox 2626 5553 2819 5609; x_wconf 88' lang='lat' dir='ltr'><strong>Omnia</strong></span> <span class='ocrx_word' id='word_1_862' title='bbox 2844 5552 2960 5620; x_wconf 84' lang='lat' dir='ltr'><strong>ejus</strong></span> <span class='ocrx_word' id='word_1_863' title='bbox 2992 5551 3242 5607; x_wconf 82' lang='lat' dir='ltr'><strong>mandata</strong></span> <span class='ocrx_word' id='word_1_864' title='bbox 3274 5550 3529 5608; x_wconf 81' lang='lat' dir='ltr'><strong>alacriter</strong></span> 
     </span>
    </p>
   </div>
  </div>
