3948 6200
379 260 450 322 9'7
1279 273 1797 344 THEOPHANES
1835 279 2245 346 EPISCOPUS
2281 285 2654 348 NlCAiNUS.
3498 282 3609 348 280

384 380 750 455 perﬁciamus.
804 382 1076 442 Habemus
1125 387 1270 441 enim
1325 397 1380 442 et
1428 403 1528 443 nos
1585 390 1943 458 persecutore:

2058 397 2203 464 ἡμῖν
2243 396 2605 467 καυχᾶσθαι,
2651 399 2705 449 ει
2732 395 2834 465 μὴ’
2855 394 2926 448 ἐν
2951 393 3031 460 τῷ
3053 393 3294 463 σταυρῷ
3348 397 3453 450 τοῦ
3484 393 3606 451 Ku-

376 495 556 542 aeros,
583 479 887 536 invisibiles
913 490 966 536 et
992 480 1254 546 visibiles,
1294 480 1543 537 inimicos
1565 494 1621 540 et
1643 485 1932 556 liostes,qn

2052 489 2205 555 ρίου.
2239 487 2426 542 Πάντα
2486 486 2780 555 προθύμως
2835 485 2904 541 τὰ
2956 484 3149 539 τούτου
3203 486 3611 556 προστάγματα

383 585 488 625 nos
517 575 738 624 turbant
767 571 1029 639 quotidie,
1063 571 1377 636 molestam,
1399 575 1698 644 exagitant,
1720 585 1774 630 ct
1802 593 1942 634 man-

2052 577 2449 648 ἐκτελέσωμεν.
2506 577 2742 646 Ἔχομεν
2771 577 2879 647 γὰρ
2902 575 2995 631 καὶ
3040 578 3204 645 ἡμεῖς
3254 574 3490 640 atoma;
3521 593 3611 629 πι-

375 659 501 713 data
539 661 868 729 impetiaqne
897 660 1101 714 Christi
1134 663 1421 730 prohibent
1448 669 1692 736 CXSequi.
1720 669 1795 725 Ne
1823 685 1934 739 crgt

2059 669 2237 738 lepob;,
2292 669 2421 733 τοὺς
2479 669 2746 739 ἁορᾶτους
2797 671 2891 722 καὶ
2937 669 3188 740 ὁρατοὺς,
3248 669 3475 738 ἐχθροὺς
3525 670 3618 722 καὶ

377 751 767 816 cll'eminemnr,
806 754 1054 813 obsecro,
1092 769 1267 823 neque
1296 757 1738 826 languescamus,
1771 776 1936 830 neque

2059 763 2365 829 πολεμίους,
2407 760 2781 831 Θορυσοῦντας
2829 762 2980 831 ἡμᾶς
3037 761 3159 814 καθ’
3197 761 3462 829 ἑκάστην,
3523 763 3618 812 καὶ

379 843 638 897 cedamus
677 845 1151 902 colluctationibus
1188 849 1326 918 ejns,
1369 854 1460 906 sed
1489 869 1747 922 generose
1778 867 1831 909 et
1872 857 1938 907 vi-

2060 853 2357 914 λυποῦντας
2392 853 2489 906 καὶ
2514 853 2973 924 ἐκταράττοντας,
3003 854 3095 906 καὶ
3116 851 3212 912 τὰς
3243 851 3466 914 ἐντολὰς
3519 853 3619 906 xa‘t

378 935 464 987 rili
494 949 615 987 cum
647 938 826 990 animo
878 938 1196 994 resistamus
1226 943 1325 1005 eis,
1369 953 1530 1013 atque
1574 947 1937 1016 accingamur,

2060 944 2112 997 τὰ
2135 946 2539 1014 προστάγματα
2569 946 2664 998 τοῦ
2714 945 2950 1014 Χριστοῦ
3011 945 3317 1007 κωλύοντας
3351 944 3619 1012 διαπράτ-

377 1035 434 1076 ιιι
478 1035 532 1077 et
577 1037 833 1078 :cternam
883 1028 1109 1095 gloriam
1161 1048 1579 1101 consequamur,
1631 1036 1684 1089 in
1733 1038 1936 1092 Christt

2060 1039 2386 1109 εεσθαι.,Μὴ
2448 1039 2544 1092 οὖν
2602 1038 3050 1108 μαλακισθῶμεν,
3096 1037 3426 1108 παρακαλῶ,
3483 1039 3619 1107 μηδὲ

375 1113 500 1168 Jesn
550 1114 778 1172 Domino
828 1131 1036 1185 nostro,
1085 1124 1170 1176 cui
1209 1123 1378 1192 gloria
1427 1136 1480 1179 et
1551 1127 1834 1195 imperium
1896 1128 1930 1182 it

2058 1129 2420 1197 χαυνωθῶμεν
2449 1129 2544 1181 καὶ
2563 1128 2804 1197 ὲνδῶμεν
2837 1129 2951 1191 τοῖς
2967 1129 3174 1181 τούτων
3214 1127 3617 1197 παλαίσμασιν,

371 1207 562 1260 saecula
617 1211 962 1266 saeculorum.
998 1215 1193 1269 Amen.

2061 1218 2184 1274 me
2206 1222 2472 1289 γενναίως
2508 1222 2647 1290 μετὰ
2690 1220 2944 1291 ἀνδρικοῦ
2979 1222 3074 1275 τοῦ
3133 1224 3487 1293 φρονήματος
3523 1225 3620 1276 ἀν-

366 1305 874 1376 τιπαραταξὼμεθα
905 1309 1040 1380 πρὸς
1068 1311 1285 1376 αὐτοὺς,
1348 1314 1444 1368 καὶ
1516 1313 1948 1385 ἀποδυσώμεθα,
2007 1316 2096 1368 ἵνα
2156 1316 2254 1369 καὶ
2310 1319 2407 1388 τῆς
2463 1317 2826 1387 ἀτελευτήτου
2897 1315 3144 1381 εὐκλείας
3241 1315 3616 1386 ὲπιτύχωμεν,

366 1402 428 1455 ὲν
481 1403 701 1475 Χριστῷ
768 1405 948 1475 Ἰησοῦ
999 1405 1077 1475 τῷ
1138 1409 1328 1478 Κυρίῳ
1378 1411 1582 1480 ἡμῶνο
1635 1403 1760 1482 ᾦ,ἡ
1808 1411 1939 1477 δόξα
2015 1414 2113 1465 καὶ
2179 1414 2240 1466 τὸ
2321 1413 2545 1484 κράτος,
2599 1415 2680 1478 εἰς
2735 1414 2862 1478 τοὺς
2930 1413 3130 1477 αἰῶνας
3203 1414 3313 1467 τῶν
3382 1414 3615 1468 αἰώνων.

381 1493 437 1547 ’Δ
449 1499 578 1565 μὴν.

618 1725 3606 1754 W

390 1719 570 1772 ,ΞΕ
593 1719 3606 1754 ,,........-...-..-....-..........,....-.-....,-..........-..,

1555 1933 1729 1977 ANNO
1771 1934 2004 1977 DOMINI
2039 1930 2433 1983 ,MCCCXLVIII.

1088 2137 2888 2348 THEOPHANES

944 2518 1616 2636 NICZENUS
1754 2511 3022 2637 ARCHIEPISCOPUS.

1313 2967 1883 3060 MONITUM
1967 2964 2650 3061 EDITORUM.

453 3181 876 3260 'l‘heOphanes
926 3181 1037 3247 Ill.
1069 3182 1412 3261 apisc0pns
1451 3182 1770 3253 Nicmnus,
1810 3181 1977 3242 circa
2009 3198 2114 3242 an.
2153 3179 2322 3254 1357,
2356 3182 2469 3243 diu
2521 3187 2671 3260 post
2698 3187 2998 3242 exortum
3029 3180 3307 3242 schisma
3362 3177 3609 3253 ﬂoruit,

378 3283 452 3339 ut
486 3276 650 3338 bene
677 3275 857 3337 docet
896 3276 961 3336 P.
997 3276 1311 3354 Lequien,
1351 3277 1573 3339 Oriens
1606 3278 1987 3351 Christian.,
2029 3284 2077 3338 t.
2110 3278 2160 3348 1,
2199 3296 2257 3355 ρ.
2293 3275 2434 3350 652,
2465 3293 2592 3339 non
2629 3286 2841 3338 autem
2874 3277 3112 3339 saeculo
3145 3277 3306 3347 Vill,
3343 3283 3411 3337 nt
3461 3292 3612 3350 pro-

381 3372 530 3433 bare
563 3380 826 3432 conatus
859 3379 954 3431 est
994 3373 1068 3432 D.
1105 3374 1458 3434 Consalvos
1512 3376 1721 3434 Ponce
1759 3373 1839 3434 de
1897 3373 2092 3446 Leon,
2126 3372 2238 3452 qui
2278 3373 2522 3450 primus
2593 3389 2788 3450 Opera
2829 3371 3143 3434 nonnulla
3201 3371 3613 3450 TlieOpbanis

375 3463 641 3540 Nicmni,
702 3484 782 3528 an
807 3466 998 3539 ‘1590,
1041 3469 1282 3540 Romae,
1316 3470 1423 3531 Gr.
1463 3471 1597 3532 Lat.
1623 3469 1846 3540 edidit,
1880 3475 1942 3530 et
1976 3467 2344 3530 testimonia
2372 3475 2659 3529 veterum
2697 3483 2824 3528 non
2863 3484 3062 3544 pauca
3108 3465 3403 3543 conjecit,
3468 3485 3614 3544 quas

373 3565 449 3624 ad
483 3563 966 3642 'l‘lieOphanem,
1001 3566 1122 3625 sub
1152 3564 1538 3642 imperatore
1567 3565 1929 3643 TheOpbilo
1956 3566 2159 3645 impio
2192 3565 2602 3639 iconoclasta,
2625 3562 3052 3626 fortissimum
3085 3568 3449 3640 martyrem,
3481 3578 3608 3623 non

373 3661 450 3721 ad
498 3660 956 3738 'l‘heOphanem
998 3660 1357 3734 Nicaenum,
1393 3661 1728 3723 referenda
1754 3667 1928 3724 sunt.

456 3759 692 3818 Auctor
725 3757 952 3817 barum
985 3757 1405 3834 epistolarum
1440 3759 1678 3838 passim
1741 3758 2031 3820 insinuat
2093 3756 2365 3818 Nicaeam
2432 3755 2509 3818 ab
2561 3755 2939 3817 infidelibus
2999 3773 3144 3818 esse
3203 3763 3606 3832 occupatam,

375 3856 536 3916 adeo
583 3864 649 3914 ut
693 3854 912 3915 sedem
945 3870 1128 3914 suam
1164 3855 1340 3916 adire
1381 3871 1511 3916 non
1546 3854 1776 3934 possit,
1806 3863 1915 3915 aut
1966 3855 2071 3916 vix
2141 3853 2364 3931 possit.
2421 3851 2856 3930 Conqueritur
2910 3867 2988 3913 eo
3033 3854 3208 3930 quod
3261 3867 3415 3912 oves
3475 3865 3611 3911 sum

375 3968 571 4029 supra
606 3951 868 4012 modum
923 3959 1261 4025 vexentur,
1297 3960 1355 4013 et
1391 3968 1498 4013 eas
1551 3951 1866 4023 hortatur,
1908 3950 2157 4029 prolato
2186 3949 2332 4009 Jobi
2389 3948 2711 4026 exemplo.
2750 3947 2826 4008 ad
2860 3946 3223 4008 tolerandas
3281 3963 3428 4008 cum
3497 3961 3609 4021 pa-_

385 4047 608 4108 tientia
639 4047 828 4107 etiam
862 4047 1172 4108 maximas
1206 4047 1683 4109 tribulationes.
1739 4047 1992 4107 Alicubi
2059 4045 2295 4108 refellit
2345 4046 2641 4107 hasresim
2678 4044 3125 4106 Palamitarum
3149 4089 3166 4118 ,
3193 4062 3339 4124 qum
3375 4044 3612 4105 saeculo

387 4141 536 4204 XIV
570 4141 821 4204 tandem
855 4149 1077 4203 exorta
1107 4150 1223 4204 est.
1253 4144 1399 4204 Haec
1436 4151 1649 4204 autem
1687 4142 1900 4202 omnia
1928 4140 2319 4218 respondent
2356 4141 2522 4200 aetati
2550 4155 2740 4216 quam
2772 4139 3146 4218 TheOphani
3179 4139 3609 4216 assignamus,

376 4237 488 4297 sed
522 4237 818 4315 opinioni
854 4236 1155 4298 Consalvi
1192 4239 1402 4300 Ponce
1435 4239 1514 4300 de
1544 4240 1715 4300 Leon
1745 4255 1823 4299 ex
1853 4237 2125 4298 adverso
2154 4245 2595 4314 Opponuntur.

456 4331 870 4409 TheOphanis
903 4332 1232 4394 scribendi
1272 4335 1434 4396 ratio
1466 4341 1565 4396 est
1593 4335 1870 4414 simplex
1907 4341 1967 4394 et
1997 4331 2289 4405 humilis,
2331 4332 2451 4392 etsi
2488 4332 2661 4392 omni
2704 4330 3040 4392 nobilitate
3071 4346 3201 4393 non
3239 4335 3470 4392 careat.

457 4429 528 4488 ln
567 4428 775 4505 prima
807 4428 1080 4508 epistola
1113 4432 1583 4509 promotionem
1612 4447 1792 4507 suam
1824 4429 2005 4508 gregi
2037 4445 2159 4490 suo
2188 4427 2551 4491 annontiat.
2585 4436 2644 4486 et
2679 4426 2830 4505 quia
2884 4443 3039 4505 grex
3075 4425 3184 4486 ille
3218 4429 3513 4488 versatur
3546 4425 3612 4485 in

385 4523 542 4584 urbe
576 4525 822 4602 captiva
853 4533 914 4586 et
947 4541 1279 4603 oppressa,
1317 4528 1392 4587 ad
1433 4544 1625 4605 quam
1656 4527 1957 4588 accedere
1989 4528 2238 4606 nequit,
2290 4527 2657 4604 patientiam
2691 4536 2752 4587 et
2794 4525 3233 4588 fortitudinem
3285 4526 3481 4587 animi
3541 4525 3612 4587 in

385 4620 853 4684 tentationibus
889 4622 1208 4700 ‘prt’ecipue
1244 4627 1672 4684 commendat.
1709 4623 1956 4685 Deinde
1995 4622 2276 4684 ostendit
2309 4621 2641 4683 haereticos
2675 4620 2904 4682 sedulo
2934 4619 3282 4699 fugiendos
3322 4637 3490 4690 esse,
3548 4629 3614 4681 et

386 4717 720 4778 Palamitas
760 4718 1016 4780 refellit.
1059 4719 1350 4780 Secunda
1380 4718 1654 4794 epistola
1685 4720 1818 4780 fere
1856 4719 1923 4780 in
1961 4718 2188 4781 eodem
2246 4725 2625 4794 argumento
2680 4711 3048 4778 evolvendo
3112 4723 3236 4775 tota
3292 4723 3612 4787 versatur.

386 4811 608 4872 Eidem
640 4813 884 4874 accedit
919 4814 1264 4891 gratiarum
1297 4813 1488 4886 actio,
1523 4828 1600 4873 eo
1628 4813 1802 4890 quod
1839 4813 2144 4876 liberatus
2174 4813 2370 4874 fuerit
2396 4829 2428 4874 a
2463 4820 2637 4890 peste
2671 4820 2731 4872 et
2759 4829 2794 4872 a
2827 4820 3051 4873 morte.
3088 4811 3302 4872 Tertia
3337 4811 3614 4889 epistola

381 4911 780 4984 exponendae
812 4925 1006 4970 sacrae
1035 4910 1342 4971 doctrinm
1369 4917 1430 4968 et
1459 4909 1975 4971 commendanda:
2010 4909 2374 4988 disciplinm
2403 4908 2850 4970 ecclesiasticae
2898 4908 3029 4970 fere
3062 4909 3306 4986 integra
3338 4906 3609 4968 adhibe-

379 5013 506 5064 tur.
540 5007 776 5066 Auctor
806 5005 1170 5066 sacerdotes
1206 5005 1325 5065 sibi
1364 5004 1686 5083 subjectos
1714 5005 2076 5085 alloquens,
2113 5006 2192 5068 de
2225 5005 2661 5067 incarnatione
2696 5005 2976 5080 Domini,
3009 5006 3086 5066 de
3119 5003 3612 5081 regeneratione

381 5100 666 5160 ﬁdelium
700 5109 760 5161 et
787 5101 865 5161 de
897 5098 1139 5160 divinis
1170 5100 1586 5161 sacramentis
1623 5101 1884 5178 copiose
1915 5101 2200 5162 disserit.
2259 5101 2506 5162 Deinde
2537 5109 2914 5180 potestatem
2950 5098 3354 5180 spiritualem
3402 5116 3617 5161 sacer-

381 5196 603 5256 (lotum
640 5196 1092 5274 pulcherrimis
1121 5196 1333 5259 verbis
1365 5198 1790 5268 commendat,
1833 5197 2578 5258 transnbstanliationem
2629 5197 2942 5273 agnoscit,
2976 5213 3048 5258 ac
3102 5196 3180 5256 de
3217 5195 3344 5256 vita
3398 5211 3615 5256 sacer-

384 5293 607 5362 dotali,
641 5293 796 5372 quid
831 5292 1079 5354 scilicet
1112 5292 1429 5355 sacerdoti
1469 5293 1864 5364 faciendum,
1903 5293 2062 5370 quid
2098 5292 2480 5372 fugiendum
2505 5291 2610 5362 sit,
2649 5293 2900 5370 prolixe
2939 5298 3209 5353 enarrat.

463 5390 676 5450 Editio
712 5387 844 5448 haec
870 5375 1157 5450 Romana
1192 5387 1354 5450 adeo
1382 5405 1518 5449 rara
1564 5397 1682 5462 est,
1718 5395 1786 5450 ut
1825 5387 2289 5468 bibliographis
2325 5387 2456 5449 fere
2490 5387 2796 5448 omnibus
2849 5388 3178 5467 incognita
3211 5387 3298 5448 sit
3338 5385 3434 5449 vel
3479 5400 3616 5448 non

384 5488 542 5550 visa.

460 5584 694 5646 Praeter
728 5594 851 5647 tres
881 5585 1187 5664 epistolas
1227 5589 1288 5646 et
1320 5584 1675 5646 orationem
1715 5583 1817 5646 hic
1850 5585 2220 5663 impressas,
2266 5593 2513 5646 exstant
2556 5585 2843 5663 ejusdem
2887 5583 3295 5664 Tlieotthanis
3330 5585 3392 5646 in.
3423 5582 3610 5645 codd.

383 5693 576 5738 11155.:
