3930 6204
222 324 313 384 ΞΜ
1625 346 2051 411 PRtEFATIO.
3344 359 3381 420 9
3400 366 3451 425 ⁸2

292 440 527 551 contra
554 441 981 551 Judaos-liliri
1026 450 1109 511 Vl
1176 451 1488 531 (Parisiis
1527 466 1589 520 et
1620 460 1933 539 Oxonii).
1992 464 2268 528 Allatius
2333 467 2406 529 de
2462 468 2699 546 synodo
2757 470 3096 547 Photiana,
3168 490 3225 550 p.
3304 476 3444 551 ὅθι,

218 533 422 594 laudat
461 537 871 614 Theophanis
904 543 1139 605 librum
1175 557 1468 611 octavqu
1508 564 1731 614 contra
1751 533 2029 619 Judieos.
2494 533 2522 546 ν
2680 602 2683 605 ν

286 631 371 739 136
401 631 632 739 lumine
665 636 828 713 quod
861 641 1290 739 apostolorum
1322 647 1533 707 oculos
1561 653 1947 728 perstrinxit
1978 654 2047 715 in
2077 667 2283 717 monte
2316 657 2335 735 (
2368 657 2665 739 'l‘habor)
2701 659 2848 723 libri
2879 660 2957 725 V.

290 729 527 788 Contra
570 732 852 804 Latinos,
888 736 1032 796 libri
1062 739 1169 799 IlI.

287 825 372 883 De
418 827 753 902 Trinitate,
792 830 954 893 liber
974 834 1022 893 Ι.

288 922 376 978 De
404 922 481 982 Β.
537 925 790 1000 Virgine
822 934 879 987 et
919 930 1381 1008 incarnatione,
1424 936 1585 999 liber
1613 940 1664 1000 Ι.

290 1018 575 1091 Quatuor
608 1020 833 1083 ultima
862 1035 1198 1088 servantur
1232 1030 1296 1089 iu
1331 1033 1664 1097 codicibus
1699 1037 2092 1102 Bodleianis.

830 1172 838 1180 ’
1137 1179 1203 1233 12
1235 1180 1383 1251 Sept.
1424 1184 1586 1240 1861.

2771 1307 2946 1369 J.-B.
2993 1310 3079 1372 M.

238 1513 3419 1569 —————_______________.___________________

1099 1704 2296 1891 THEOPHAN
2306 1715 2501 1892 IS

545 2169 549 2172 .
667 2047 2121 2217 ARCHIEPISCOPI
2271 2068 2399 2218 N
2405 2069 2907 2229 IC/EN
2914 2078 2983 2227 Ι

957 2346 1284 2480 QUAS
1408 2351 2073 2468 EXSTANT
2206 2357 2668 2475 OPERA

779 2564 988 2629 NUNC
1026 2567 1343 2630 PRIMUM
1382 2571 1493 2631 EX
1524 2572 2055 2637 BIBLIOTHECA
2090 2577 2498 2642 VATICANA
2546 2583 2834 2645 GRIECE

465 2686 516 2747 ’ἵ
552 2686 845 2751 LATINE
873 2689 1143 2767 EDITA,
1191 2692 1265 2753 D.
1306 2692 1725 2758 CONSALVO
1774 2698 2029 2762 PONCE
2078 2703 2185 2763 DE
2236 2705 2451 2766 LEON
2498 2706 3022 2787 INTERPRETE,
3067 2715 3206 2789 QUI

1150 2824 1763 2890 ANNOTATIONES
1822 2831 2080 2892 ΕΤΙΑΜ
2124 2833 2458 2894 ADDIDIT

586 2943 689 3005 ET
718 2945 1014 3009 VAIUAS
1050 2947 1493 3012 LECTIONES
1536 2952 1650 3013 EX
1693 2954 2087 3016 ALTERIUS
2137 2956 2450 3020 CODICIS
2486 2956 3028 3027 COLLATIONE.

1234 3124 1313 3173 Ea:
1333 3121 1562 3187 facultate
1592 3130 1640 3177 et
1669 3125 2048 3190 appprobatione
2078 3129 2416 3192 Superiorum.

1003 3426 1188 3490 Roma,
1221 3430 1348 3493 apud
1428 3432 1743 3486 Franciscum
1819 3436 2320 3501 Zannettum.,1590,
2389 3438 2592 3491 in-i2.

1221 3747 1691 3799 ILLUSTBISSIMO
1746 3757 1826 3801 ΕΤ
1865 3753 2419 3802 REVERENDISSIMO

890 3873 954 3917 D.
1000 3873 1244 3919 DOMINO
1288 3876 1479 3920 BERN.
1520 3880 1602 3920 DE
1647 3880 1877 3940 ROIAS,
1928 3882 2222 3926 EPISCOPO
2271 3881 2766 3927 POMPELONENSI

1279 4006 1340 4050 D.
1377 4006 1731 4054 CONSALVUS
1771 4010 1972 4056 PONCE
2000 4012 2079 4055 DE
2109 4009 2272 4056 ΜΞοΝ

1655 4128 1711 4173 S.
1755 4129 1815 4174 P.
1862 4133 1927 4176 D.

278 4452 527 4516 Quantum
556 4471 646 4522 ego
670 4456 883 4510 debeam
914 4454 1253 4524 pientissima!
1287 4460 1556 4511 memoria:
1604 4455 1970 4524 ChristOpltori
2008 4454 2071 4509 de
2099 4456 2259 4526 Rojas
2291 4462 2664 4530 archiepiscOpi
2703 4460 3027 4527 llispalensis
3050 4465 3293 4517 avunculi
3315 4467 3416 4532 tui,

226 4545 309 4589 tute
337 4543 554 4593 omnium
584 4543 777 4609 optime
810 4543 967 4605 nosti,
1000 4541 1270 4596 Bernarde
1324 4544 1565 4611 pontifex
1589 4544 1978 4610 illustrissime;
2027 4557 2076 4599 et
2106 4564 2197 4614 ego
2226 4551 2431 4617 quidem
2465 4554 2564 4605 nisi
2607 4568 2686 4604 me
2710 4552 2865 4621 plane
2903 4553 3176 4621 indignum
3203 4555 3416 4622 fecerim

233 4623 303 4675 hac
332 4629 448 4690 iure,
471 4645 733 4694 nunquam
802 4629 1077 4697 difﬁtebor.
1115 4629 1246 4684 Cum
1292 4632 1425 4683 enim
1476 4631 1799 4694 adolescens,
1832 4631 1936 4684 imo
1963 4635 2048 4687 vix
2077 4638 2285 4703 quidem
2319 4641 2561 4707 pueritiae
2596 4640 2789 4693 limites
2839 4656 3100 4708 egressus,
3132 4645 3416 4697 canonicus

232 4708 369 4772 [actus
394 4730 549 4766 essem
581 4715 819 4780 ejusdem
860 4715 1117 4779 ecclesite,
1149 4733 1307 4769 senex
1351 4717 1581 4785 optimus
1622 4716 1690 4769 ad
1722 4716 1834 4784 ejus
1864 4722 2294 4785 gubernationem
2333 4738 2656 4795 assumptus,
2697 4728 2803 4778 dici
2826 4743 2927 4779 non
2955 4738 3144 4793 potest,
3185 4746 3289 4798 qua
3334 4731 3415 4782 in-

234 4794 474 4863 dulgentia,
503 4818 605 4867 qua
638 4804 834 4872 gratia,
862 4821 963 4872 quo
995 4788 1205 4872 favore;
1226 4815 1435 4858 cetatem
1493 4822 1663 4858 meam
1702 4805 1908 4873 foverit,
1945 4812 2232 4870 ornaverit,
2286 4815 2589 4878 protexerit.
2622 4813 2746 4865 1am
2777 4824 2868 4865 tua
2901 4815 2952 4865 in
2980 4832 3058 4867 me
3084 4818 3292 4879 merita,
3328 4831 3415 4885 qui

240 4896 281 4929 eo
308 4885 402 4946 ipso
431 4896 655 4952 tempore
682 4889 1099 4943 ecclesiasticam
1130 4908 1235 4944 rem
1282 4909 1375 4957 pro
1427 4891 1686 4944 avunculo
1718 4896 1990 4948 tractabas
2032 4896 2293 4963 (doctrina
2323 4916 2501 4966 nunpe
2528 4918 2762 4967 regebas,
2812 4903 3045 4955 moribus
3077 4903 3410 4965 itlustrabas,

238 4972 421 5033 (templo
445 4978 831 5045 componebas),
872 4979 1077 5047 majora
1111 4980 1345 5047 profecto
1367 4987 1510 5042 sunt,
1547 4995 1703 5047 quam
1744 4987 1801 5032 ut
1828 4983 1966 5035 brevi
2000 4985 2245 5048 epistolio
2277 4987 2643 5040 circumscribi
2678 4996 2770 5040 aut
2805 4988 3053 5047 debeant,
3082 5003 3172 5040 aut
3192 4992 3412 5055 possint.

242 5049 359 5108 Nunc
379 5076 482 5113 tero
514 5080 632 5116 cum
679 5066 890 5118 diutina
922 5069 1019 5118 hac
1048 5069 1473 5136 peregrinatione
1520 5084 1659 5130 mea,
1711 5085 1812 5120 non
1841 5086 1872 5121 a
1908 5081 2011 5121 tua:
2050 5069 2205 5123 istius
2262 5072 2629 5126 benevolentiae
2668 5076 2991 5141 possessione
3026 5076 3211 5142 dejici,
3256 5091 3413 5141 quam

241 5141 333 5193 mihi
368 5162 650 5213 perpetuam
687 5153 969 5218 pollicetur
1011 5155 1317 5209 humanitas
1348 5168 1463 5219 tua,
1492 5156 1584 5209 sed
1615 5157 1844 5209 muneris
1874 5157 1973 5208 mei
2007 5167 2185 5223 partes
2210 5159 2508 5223 intermitti,
2538 5171 2586 5214 et
2611 5164 2765 5227 quasi
2797 5165 3129 5232 languescere
3151 5163 3410 5221 timerem,

241 5227 366 5283 risum
394 5239 587 5302 quidem
614 5251 714 5299 est,
747 5241 802 5293 id
833 5243 970 5307 quod
1000 5244 1217 5305 privatis
1262 5247 1329 5295 att
1362 5253 1410 5297 te
1460 5244 1648 5297 litteris
1682 5243 1986 5312 plerumque
2012 5244 2173 5311 facio,
2211 5246 2422 5315 publica
2452 5258 2785 5303 monumento
2822 5251 3031 5303 testari.
3069 5252 3409 5303 Accesserant

238 5314 289 5363 0d
317 5322 406 5374 lnrc
426 5334 656 5393 quadam
690 5329 821 5389 alia,
858 5345 972 5397 quae
1006 5346 1103 5395 me,
1151 5330 1289 5399 quod
1338 5332 1433 5384 diu
1468 5333 1596 5384 mihi
1661 5332 1930 5400 pollicitus
1994 5331 2221 5400 fueram,
2283 5338 2379 5388 hoc
2446 5338 2674 5390 maxime
2707 5348 2937 5407 tempore
2980 5347 3037 5390 ut
3078 5345 3406 5404 prazstarem,

237 5394 523 5465 in'l’ﬂlcrunt.
554 5412 813 5475 Primum,
860 5394 986 5468 anni
1022 5433 1146 5471 nove
1179 5420 1424 5470 vertentis
1458 5420 1711 5476 encwnia.
1746 5419 1839 5471 sub
1865 5434 1982 5484 qua:
2006 5430 2149 5473 vetus
2179 5420 2330 5474 habet
2379 5425 2725 5487 consuetudo,
2762 5436 2818 5476 ut
2866 5424 3066 5491 aliquid
3108 5431 3408 5474 strenarum

241 5492 407 5546 hmine
431 5501 665 5560 patronis
707 5503 1043 5556 missitemus.
1080 5503 1282 5558 Deinde
1316 5520 1490 5556 rerum
1524 5505 1627 5557 ista
1651 5506 1705 5557 in
1734 5516 1826 5558 tua
1856 5506 2064 5559 dioecesi
2086 5508 2326 5576 difﬁcilis
2360 5512 2610 5564 conditio.
2648 5514 2786 5564 Nam
2815 5512 2910 5564 etsi
2941 5511 3033 5561 Dei
3062 5508 3404 5575 benignitate,

232 5580 271 5619 et
298 5581 409 5646 regis
438 5588 595 5639 nostri
624 5603 797 5657 regum
828 5590 1058 5643 omnium
1083 5600 1136 5643 ut
1172 5592 1390 5645 maximi
1439 5602 1485 5644 et
1513 5593 1874 5658 potentissimi,
1924 5593 1998 5645 ita
2042 5596 2229 5662 optimi
2283 5606 2331 5649 et
2392 5596 2773 5664 religiosissimi
2832 5605 3079 5662 perpetua
3130 5595 3403 5664 vigilantia

234 5666 430 5723 “turma
462 5676 721 5741 Hispania
749 5676 811 5728 ab
846 5679 1109 5732 Izareseon
1140 5683 1498 5734 carcinomate
1531 5683 1876 5748 undequaque
1917 5679 1983 5733 sit
2014 5680 2216 5747 libera;
2252 5693 2308 5735 tu
2341 5693 2513 5736 tamen
2549 5700 2662 5735 eam
2694 5684 2908 5735 sortitus
2940 5698 2991 5733 es
3019 5682 3399 5745 Iuereditatem,

228 5752 350 5811 “ius
369 5758 485 5823 ﬁnes
512 5779 540 5816 a
568 5764 860 5817 vicinorum
884 5764 1112 5822 hostium
1141 5768 1535 5825 incursionibus
1558 5770 1668 5825 dies
1702 5778 1748 5825 et
1782 5780 1953 5824 noctes
1991 5773 2147 5840 tueri,
2177 5788 2443 5841 nunquam
2475 5787 2714 5826 securum
2741 5786 2873 5836 esse,
2900 5787 3165 5840 nunquam
3191 5775 3397 5827 nictars
