  <div class='ocr_page' id='page_1' title='image "/cluster/home/n/w/nwhite01/storage/ocr_20150623/150/hvd.32044073498826/147.png"; bbox 0 0 3948 6200; ppageno 0'>
   <div class='ocr_carea' id='block_1_1' title="bbox 502 311 3730 381">
    <p class='ocr_par' dir='ltr' id='par_1_1' title="bbox 502 311 3730 381">
     <span class='ocr_line' id='line_1_1' title="bbox 502 311 3730 381; baseline -0.001 -1"><span class='ocrx_word' id='word_1_1' title='bbox 502 318 610 381; x_wconf 72' lang='grc'><strong><em>2⁸33</em></strong></span> <span class='ocrx_word' id='word_1_2' title='bbox 1424 313 1940 374; x_wconf 75' lang='lat' dir='ltr'><strong><em>THEOPl-IANES</em></strong></span> <span class='ocrx_word' id='word_1_3' title='bbox 1982 311 2400 374; x_wconf 81' lang='lat' dir='ltr'><strong><em>EPISCOPUS</em></strong></span> <span class='ocrx_word' id='word_1_4' title='bbox 2441 312 2823 376; x_wconf 73' lang='lat' dir='ltr'><strong><em>NIC:ENUS.</em></strong></span> <span class='ocrx_word' id='word_1_5' title='bbox 3632 311 3730 376; x_wconf 56' lang='grc' dir='ltr'>ΞΗ</span> 
     </span>
    </p>
   </div>
   <div class='ocr_carea' id='block_1_2' title="bbox 504 421 3745 495">
    <p class='ocr_par' dir='ltr' id='par_1_2' title="bbox 504 421 3745 495">
     <span class='ocr_line' id='line_1_2' title="bbox 504 421 3745 495; baseline -0.002 -13"><span class='ocrx_word' id='word_1_6' title='bbox 504 445 776 482; x_wconf 83' lang='lat' dir='ltr'><strong><em>necessum</em></strong></span> <span class='ocrx_word' id='word_1_7' title='bbox 808 429 962 494; x_wconf 80' lang='lat' dir='ltr'><strong><em>plane</em></strong></span> <span class='ocrx_word' id='word_1_8' title='bbox 993 427 1088 482; x_wconf 92' lang='lat' dir='ltr'><strong><em>tibi</em></strong></span> <span class='ocrx_word' id='word_1_9' title='bbox 1114 426 1297 495; x_wconf 85' lang='lat' dir='ltr'><strong><em>fuerit.</em></strong></span> <span class='ocrx_word' id='word_1_10' title='bbox 1326 425 1594 478; x_wconf 75' lang='lat' dir='ltr'><strong><em>Habemus</em></strong></span> <span class='ocrx_word' id='word_1_11' title='bbox 1628 425 1782 478; x_wconf 81' lang='lat' dir='ltr'><strong><em>isthic</em></strong></span> <span class='ocrx_word' id='word_1_12' title='bbox 1828 425 1999 475; x_wconf 91' lang='lat' dir='ltr'><strong><em>ardua</em></strong></span> <span class='ocrx_word' id='word_1_13' title='bbox 2034 423 2430 491; x_wconf 81' lang='lat' dir='ltr'><strong><em>Pyrenneorum</em></strong></span> <span class='ocrx_word' id='word_1_14' title='bbox 2454 423 2608 492; x_wconf 89' lang='lat' dir='ltr'><strong><em>juga,</em></strong></span> <span class='ocrx_word' id='word_1_15' title='bbox 2643 422 2798 490; x_wconf 89' lang='lat' dir='ltr'><strong><em>quasi</em></strong></span> <span class='ocrx_word' id='word_1_16' title='bbox 2844 422 3089 491; x_wconf 62' lang='lat' dir='ltr'><strong><em>quadam</em></strong></span> <span class='ocrx_word' id='word_1_17' title='bbox 3123 421 3274 475; x_wconf 82' lang='lat' dir='ltr'><strong><em>ovilis</em></strong></span> <span class='ocrx_word' id='word_1_18' title='bbox 3308 422 3405 480; x_wconf 85' lang='lat' dir='ltr'><strong><em>tui.</em></strong></span> <span class='ocrx_word' id='word_1_19' title='bbox 3438 421 3541 476; x_wconf 90' lang='lat' dir='ltr'><strong><em>imo</em></strong></span> <span class='ocrx_word' id='word_1_20' title='bbox 3563 423 3745 491; x_wconf 63' lang='grc' dir='ltr'><strong><em>Πειρη.</em></strong></span> 
     </span>
    </p>
   </div>
   <div class='ocr_carea' id='block_1_3' title="bbox 504 510 3742 581">
    <p class='ocr_par' dir='ltr' id='par_1_3' title="bbox 504 510 3742 581">
     <span class='ocr_line' id='line_1_3' title="bbox 504 510 3742 581; baseline -0.002 -11"><span class='ocrx_word' id='word_1_21' title='bbox 504 518 610 570; x_wconf 77' lang='lat' dir='ltr'><strong><em>nice</em></strong></span> <span class='ocrx_word' id='word_1_22' title='bbox 641 517 823 581; x_wconf 89' lang='lat' dir='ltr'><strong><em>totius,</em></strong></span> <span class='ocrx_word' id='word_1_23' title='bbox 857 518 1098 569; x_wconf 83' lang='lat' dir='ltr'><strong><em>adversus</em></strong></span> <span class='ocrx_word' id='word_1_24' title='bbox 1125 513 1487 566; x_wconf 76' lang='lat' dir='ltr'><strong><em>htrreticorum</em></strong></span> <span class='ocrx_word' id='word_1_25' title='bbox 1521 511 1930 565; x_wconf 73' lang='lat' dir='ltr'><strong><em>Navarrazorum</em></strong></span> <span class='ocrx_word' id='word_1_26' title='bbox 2005 512 2201 564; x_wconf 83' lang='lat' dir='ltr'><strong><em>rabiem</em></strong></span> <span class='ocrx_word' id='word_1_27' title='bbox 2236 512 2584 564; x_wconf 87' lang='lat' dir='ltr'><strong><em>munimenta.</em></strong></span> <span class='ocrx_word' id='word_1_28' title='bbox 2627 512 2694 563; x_wconf 82' lang='lat' dir='ltr'><strong><em>At</em></strong></span> <span class='ocrx_word' id='word_1_29' title='bbox 2737 511 2989 580; x_wconf 83' lang='lat' dir='ltr'><strong><em>majorem</em></strong></span> <span class='ocrx_word' id='word_1_30' title='bbox 3047 511 3192 564; x_wconf 88' lang='lat' dir='ltr'><strong><em>nobis</em></strong></span> <span class='ocrx_word' id='word_1_31' title='bbox 3233 510 3488 577; x_wconf 80' lang='lat' dir='ltr'><strong><em>fiduciam</em></strong></span> <span class='ocrx_word' id='word_1_32' title='bbox 3539 522 3742 578; x_wconf 79' lang='lat' dir='ltr'><strong><em>prcestat</em></strong></span> 
     </span>
    </p>
   </div>
   <div class='ocr_carea' id='block_1_4' title="bbox 506 599 3742 670">
    <p class='ocr_par' dir='ltr' id='par_1_4' title="bbox 506 599 3742 670">
     <span class='ocr_line' id='line_1_4' title="bbox 506 599 3742 670; baseline -0.003 -11"><span class='ocrx_word' id='word_1_33' title='bbox 506 617 601 659; x_wconf 86' lang='lat' dir='ltr'><strong><em>tua</em></strong></span> <span class='ocrx_word' id='word_1_34' title='bbox 637 608 826 662; x_wconf 85' lang='lat' dir='ltr'><strong><em>virtus.</em></strong></span> <span class='ocrx_word' id='word_1_35' title='bbox 849 615 940 656; x_wconf 89' lang='lat' dir='ltr'><strong><em>tua</em></strong></span> <span class='ocrx_word' id='word_1_36' title='bbox 979 604 1215 656; x_wconf 90' lang='lat' dir='ltr'><strong><em>solertia.</em></strong></span> <span class='ocrx_word' id='word_1_37' title='bbox 1255 600 1408 654; x_wconf 80' lang='lat' dir='ltr'><strong><em>[Iane</em></strong></span> <span class='ocrx_word' id='word_1_38' title='bbox 1435 603 1510 670; x_wconf 91' lang='lat' dir='ltr'><strong><em>(ut</em></strong></span> <span class='ocrx_word' id='word_1_39' title='bbox 1536 600 1703 653; x_wconf 78' lang='lat' dir='ltr'><strong><em>solent</em></strong></span> <span class='ocrx_word' id='word_1_40' title='bbox 1733 601 1986 653; x_wconf 72' lang='lat' dir='ltr'><strong><em>industrii</em></strong></span> <span class='ocrx_word' id='word_1_41' title='bbox 2019 600 2196 667; x_wconf 87' lang='lat' dir='ltr'><strong><em>duces)</em></strong></span> <span class='ocrx_word' id='word_1_42' title='bbox 2225 600 2458 652; x_wconf 91' lang='lat' dir='ltr'><strong><em>omnium</em></strong></span> <span class='ocrx_word' id='word_1_43' title='bbox 2505 599 2951 666; x_wconf 87' lang='lat' dir='ltr'><strong><em>periculosissimo</em></strong></span> <span class='ocrx_word' id='word_1_44' title='bbox 2975 601 3029 650; x_wconf 87' lang='lat' dir='ltr'><strong><em>in</em></strong></span> <span class='ocrx_word' id='word_1_45' title='bbox 3058 599 3172 650; x_wconf 88' lang='lat' dir='ltr'><strong><em>acie</em></strong></span> <span class='ocrx_word' id='word_1_46' title='bbox 3205 599 3317 650; x_wconf 90' lang='lat' dir='ltr'><strong><em>loco</em></strong></span> <span class='ocrx_word' id='word_1_47' title='bbox 3353 599 3432 650; x_wconf 92' lang='lat' dir='ltr'><strong><em>uti</em></strong></span> <span class='ocrx_word' id='word_1_48' title='bbox 3476 599 3742 665; x_wconf 87' lang='lat' dir='ltr'><strong><em>probatio-</em></strong></span> 
     </span>
    </p>
   </div>
   <div class='ocr_carea' id='block_1_5' title="bbox 503 688 3745 759">
    <p class='ocr_par' dir='ltr' id='par_1_5' title="bbox 503 688 3745 759">
     <span class='ocr_line' id='line_1_5' title="bbox 503 688 3745 759; baseline -0.002 -11"><span class='ocrx_word' id='word_1_49' title='bbox 503 711 635 757; x_wconf 82' lang='lat' dir='ltr'><strong><em>rem,</em></strong></span> <span class='ocrx_word' id='word_1_50' title='bbox 677 695 996 747; x_wconf 72' lang='lat' dir='ltr'><strong><em>constituere</em></strong></span> <span class='ocrx_word' id='word_1_51' title='bbox 1025 693 1250 744; x_wconf 86' lang='lat' dir='ltr'><strong><em>decrevit</em></strong></span> <span class='ocrx_word' id='word_1_52' title='bbox 1285 691 1508 744; x_wconf 79' lang='lat' dir='ltr'><strong><em>caelestis</em></strong></span> <span class='ocrx_word' id='word_1_53' title='bbox 1531 691 1618 743; x_wconf 90' lang='lat' dir='ltr'><strong><em>ille</em></strong></span> <span class='ocrx_word' id='word_1_54' title='bbox 1647 701 1976 759; x_wconf 82' lang='lat' dir='ltr'><strong><em>tete-musque</em></strong></span> <span class='ocrx_word' id='word_1_55' title='bbox 2011 705 2185 742; x_wconf 87' lang='lat' dir='ltr'><strong><em>rerum</em></strong></span> <span class='ocrx_word' id='word_1_56' title='bbox 2211 689 2569 742; x_wconf 89' lang='lat' dir='ltr'><strong><em>humanarum</em></strong></span> <span class='ocrx_word' id='word_1_57' title='bbox 2608 690 2922 756; x_wconf 73' lang='lat' dir='ltr'><strong><em>imperator.</em></strong></span> <span class='ocrx_word' id='word_1_58' title='bbox 2958 688 3072 757; x_wconf 86' lang='lat' dir='ltr'><strong><em>Ego</em></strong></span> <span class='ocrx_word' id='word_1_59' title='bbox 3096 689 3262 758; x_wconf 90' lang='lat' dir='ltr'><strong><em>igitur</em></strong></span> <span class='ocrx_word' id='word_1_60' title='bbox 3291 689 3345 741; x_wconf 90' lang='lat' dir='ltr'><strong><em>in</em></strong></span> <span class='ocrx_word' id='word_1_61' title='bbox 3387 690 3518 742; x_wconf 87' lang='lat' dir='ltr'><strong><em>meis</em></strong></span> <span class='ocrx_word' id='word_1_62' title='bbox 3543 690 3745 745; x_wconf 86' lang='lat' dir='ltr'><strong><em>thesau-</em></strong></span> 
     </span>
    </p>
   </div>
   <div class='ocr_carea' id='block_1_6' title="bbox 504 773 3742 848">
    <p class='ocr_par' dir='ltr' id='par_1_6' title="bbox 504 773 3742 848">
     <span class='ocr_line' id='line_1_6' title="bbox 504 773 3742 848; baseline -0.002 -14"><span class='ocrx_word' id='word_1_63' title='bbox 504 784 596 838; x_wconf 91' lang='lat' dir='ltr'><strong><em>ris.</em></strong></span> <span class='ocrx_word' id='word_1_64' title='bbox 628 783 683 833; x_wconf 92' lang='lat' dir='ltr'><strong><em>id</em></strong></span> <span class='ocrx_word' id='word_1_65' title='bbox 738 791 810 834; x_wconf 90' lang='lat' dir='ltr'><strong><em>est</em></strong></span> <span class='ocrx_word' id='word_1_66' title='bbox 858 781 1079 847; x_wconf 81' lang='lat' dir='ltr'><strong><em>pauperi</em></strong></span> <span class='ocrx_word' id='word_1_67' title='bbox 1106 779 1442 840; x_wconf 77' lang='lat' dir='ltr'><strong><em>bibliotheca,</em></strong></span> <span class='ocrx_word' id='word_1_68' title='bbox 1480 781 1798 848; x_wconf 85' lang='lat' dir='ltr'><strong><em>scriptorum</em></strong></span> <span class='ocrx_word' id='word_1_69' title='bbox 1839 796 1901 831; x_wconf 90' lang='lat' dir='ltr'><strong><em>ac</em></strong></span> <span class='ocrx_word' id='word_1_70' title='bbox 1941 775 2366 830; x_wconf 79' lang='lat' dir='ltr'><strong><em>lucubrationum</em></strong></span> <span class='ocrx_word' id='word_1_71' title='bbox 2402 774 2600 827; x_wconf 89' lang='lat' dir='ltr'><strong><em>levibus</em></strong></span> <span class='ocrx_word' id='word_1_72' title='bbox 2627 773 2936 836; x_wconf 74' lang='lat' dir='ltr'><strong><em>sarcinulis,</em></strong></span> <span class='ocrx_word' id='word_1_73' title='bbox 2976 775 3111 826; x_wconf 84' lang='lat' dir='ltr'><strong><em>nihil</em></strong></span> <span class='ocrx_word' id='word_1_74' title='bbox 3154 774 3312 826; x_wconf 90' lang='lat' dir='ltr'><strong><em>habui</em></strong></span> <span class='ocrx_word' id='word_1_75' title='bbox 3349 775 3448 827; x_wconf 87' lang='lat' dir='ltr'><strong><em>hoc</em></strong></span> <span class='ocrx_word' id='word_1_76' title='bbox 3503 786 3742 842; x_wconf 88' lang='lat' dir='ltr'><strong><em>tempore,</em></strong></span> 
     </span>
    </p>
   </div>
   <div class='ocr_carea' id='block_1_7' title="bbox 501 862 3749 936">
    <p class='ocr_par' dir='ltr' id='par_1_7' title="bbox 501 862 3749 936">
     <span class='ocr_line' id='line_1_7' title="bbox 501 862 3749 936; baseline -0.001 -16"><span class='ocrx_word' id='word_1_77' title='bbox 501 869 597 921; x_wconf 86' lang='lat' dir='ltr'><strong><em>hoc</em></strong></span> <span class='ocrx_word' id='word_1_78' title='bbox 625 869 836 936; x_wconf 87' lang='lat' dir='ltr'><strong><em>inquam</em></strong></span> <span class='ocrx_word' id='word_1_79' title='bbox 873 868 1061 919; x_wconf 88' lang='lat' dir='ltr'><strong><em>misero</em></strong></span> <span class='ocrx_word' id='word_1_80' title='bbox 1094 878 1142 919; x_wconf 89' lang='lat' dir='ltr'><strong><em>et</em></strong></span> <span class='ocrx_word' id='word_1_81' title='bbox 1170 877 1399 919; x_wconf 73' lang='lat' dir='ltr'><strong><em>extremo</em></strong></span> <span class='ocrx_word' id='word_1_82' title='bbox 1439 875 1690 933; x_wconf 87' lang='lat' dir='ltr'><strong><em>tempore,</em></strong></span> <span class='ocrx_word' id='word_1_83' title='bbox 1738 881 1838 932; x_wconf 90' lang='lat' dir='ltr'><strong><em>quo</em></strong></span> <span class='ocrx_word' id='word_1_84' title='bbox 1868 865 2189 916; x_wconf 81' lang='lat' dir='ltr'><strong><em>commodius</em></strong></span> <span class='ocrx_word' id='word_1_85' title='bbox 2233 878 2436 929; x_wconf 82' lang='lat' dir='ltr'><strong><em>possem</em></strong></span> <span class='ocrx_word' id='word_1_86' title='bbox 2478 862 2730 915; x_wconf 86' lang='lat' dir='ltr'><strong><em>adversus</em></strong></span> <span class='ocrx_word' id='word_1_87' title='bbox 2780 863 3258 927; x_wconf 88' lang='lat' dir='ltr'><strong><em>importunissimos</em></strong></span> <span class='ocrx_word' id='word_1_88' title='bbox 3308 864 3480 917; x_wconf 87' lang='lat' dir='ltr'><strong><em>hostes</em></strong></span> <span class='ocrx_word' id='word_1_89' title='bbox 3548 882 3749 918; x_wconf 86' lang='lat' dir='ltr'><strong><em>armen-</em></strong></span> 
     </span>
    </p>
   </div>
   <div class='ocr_carea' id='block_1_8' title="bbox 505 948 3746 1022">
    <p class='ocr_par' dir='ltr' id='par_1_8' title="bbox 505 948 3746 1022">
     <span class='ocr_line' id='line_1_8' title="bbox 505 948 3746 1022; baseline -0.001 -17"><span class='ocrx_word' id='word_1_90' title='bbox 505 955 700 1006; x_wconf 77' lang='lat' dir='ltr'><strong><em>tariuin</em></strong></span> <span class='ocrx_word' id='word_1_91' title='bbox 745 963 893 1004; x_wconf 89' lang='lat' dir='ltr'><strong><em>tuum</em></strong></span> <span class='ocrx_word' id='word_1_92' title='bbox 921 956 1181 1005; x_wconf 78' lang='lat' dir='ltr'><strong><em>instruere</em></strong></span> <span class='ocrx_word' id='word_1_93' title='bbox 1207 969 1363 1022; x_wconf 88' lang='lat' dir='ltr'><strong><em>quam</em></strong></span> <span class='ocrx_word' id='word_1_94' title='bbox 1394 954 1734 1021; x_wconf 79' lang='lat' dir='ltr'><strong><em>pientissimis</em></strong></span> <span class='ocrx_word' id='word_1_95' title='bbox 1770 952 2099 1020; x_wconf 82' lang='lat' dir='ltr'><strong><em>Theophanis</em></strong></span> <span class='ocrx_word' id='word_1_96' title='bbox 2133 953 2278 1004; x_wconf 90' lang='lat' dir='ltr'><strong><em>urbis</em></strong></span> <span class='ocrx_word' id='word_1_97' title='bbox 2308 948 2507 1004; x_wconf 65' lang='lat' dir='ltr'><strong><em>Nicaea:</em></strong></span> <span class='ocrx_word' id='word_1_98' title='bbox 2534 948 2774 1016; x_wconf 70' lang='lat' dir='ltr'><strong><em>praesulis</em></strong></span> <span class='ocrx_word' id='word_1_99' title='bbox 2807 949 3038 1017; x_wconf 80' lang='lat' dir='ltr'><strong><em>scriptis.</em></strong></span> <span class='ocrx_word' id='word_1_100' title='bbox 3078 949 3278 1003; x_wconf 87' lang='lat' dir='ltr'><strong><em>Docent</em></strong></span> <span class='ocrx_word' id='word_1_101' title='bbox 3305 951 3511 1017; x_wconf 83' lang='lat' dir='ltr'><strong><em>quidem</em></strong></span> <span class='ocrx_word' id='word_1_102' title='bbox 3551 951 3642 1004; x_wconf 82' lang='lat' dir='ltr'><strong><em>illa</em></strong></span> <span class='ocrx_word' id='word_1_103' title='bbox 3674 952 3746 1019; x_wconf 86' lang='lat' dir='ltr'><strong><em>(ut</em></strong></span> 
     </span>
    </p>
   </div>
   <div class='ocr_carea' id='block_1_9' title="bbox 506 1037 3748 1109">
    <p class='ocr_par' dir='ltr' id='par_1_9' title="bbox 506 1037 3748 1109">
     <span class='ocr_line' id='line_1_9' title="bbox 506 1037 3748 1109; baseline -0.001 -17"><span class='ocrx_word' id='word_1_104' title='bbox 506 1050 560 1092; x_wconf 87' lang='lat' dir='ltr'><strong><em>tu</em></strong></span> <span class='ocrx_word' id='word_1_105' title='bbox 595 1039 814 1109; x_wconf 82' lang='lat' dir='ltr'><strong><em>videbis)</em></strong></span> <span class='ocrx_word' id='word_1_106' title='bbox 852 1039 1123 1092; x_wconf 78' lang='lat' dir='ltr'><strong><em>Nictenum</em></strong></span> <span class='ocrx_word' id='word_1_107' title='bbox 1159 1040 1430 1108; x_wconf 82' lang='lat' dir='ltr'><strong><em>populum,</em></strong></span> <span class='ocrx_word' id='word_1_108' title='bbox 1465 1049 1666 1108; x_wconf 87' lang='lat' dir='ltr'><strong><em>quanta</em></strong></span> <span class='ocrx_word' id='word_1_109' title='bbox 1696 1039 1762 1091; x_wconf 85' lang='lat' dir='ltr'><strong><em>sit</em></strong></span> <span class='ocrx_word' id='word_1_110' title='bbox 1795 1039 2076 1091; x_wconf 66' lang='lat' dir='ltr'><strong><em>sacrari/atii</em></strong></span> <span class='ocrx_word' id='word_1_111' title='bbox 2107 1054 2137 1090; x_wconf 90' lang='lat' dir='ltr'><strong><em>a</em></strong></span> <span class='ocrx_word' id='word_1_112' title='bbox 2172 1037 2274 1090; x_wconf 89' lang='lat' dir='ltr'><strong><em>Deo</em></strong></span> <span class='ocrx_word' id='word_1_113' title='bbox 2303 1037 2535 1089; x_wconf 86' lang='lat' dir='ltr'><strong><em>instituti</em></strong></span> <span class='ocrx_word' id='word_1_114' title='bbox 2567 1037 2827 1102; x_wconf 85' lang='lat' dir='ltr'><strong><em>dignitas,</em></strong></span> <span class='ocrx_word' id='word_1_115' title='bbox 2862 1051 2980 1104; x_wconf 74' lang='lat' dir='ltr'><strong><em>qua:</em></strong></span> <span class='ocrx_word' id='word_1_116' title='bbox 3015 1037 3363 1099; x_wconf 77' lang='lat' dir='ltr'><strong><em>excellentia;</em></strong></span> <span class='ocrx_word' id='word_1_117' title='bbox 3399 1037 3625 1104; x_wconf 88' lang='lat' dir='ltr'><strong><em>probant</em></strong></span> <span class='ocrx_word' id='word_1_118' title='bbox 3667 1056 3748 1092; x_wconf 69' lang='lat' dir='ltr'><strong><em>sa.</em></strong></span> 
     </span>
    </p>
   </div>
   <div class='ocr_carea' id='block_1_10' title="bbox 503 1124 3747 1195">
    <p class='ocr_par' dir='ltr' id='par_1_10' title="bbox 503 1124 3747 1195">
     <span class='ocr_line' id='line_1_10' title="bbox 503 1124 3747 1195; baseline -0.001 -15"><span class='ocrx_word' id='word_1_119' title='bbox 503 1129 581 1180; x_wconf 90' lang='lat' dir='ltr'><strong><em>cri</em></strong></span> <span class='ocrx_word' id='word_1_120' title='bbox 616 1129 816 1181; x_wconf 82' lang='lat' dir='ltr'><strong><em>ordinis</em></strong></span> <span class='ocrx_word' id='word_1_121' title='bbox 845 1127 1138 1195; x_wconf 86' lang='lat' dir='ltr'><strong><em>functiones</em></strong></span> <span class='ocrx_word' id='word_1_122' title='bbox 1171 1143 1323 1192; x_wconf 86' lang='lat' dir='ltr'><strong><em>penes</em></strong></span> <span class='ocrx_word' id='word_1_123' title='bbox 1356 1143 1442 1178; x_wconf 90' lang='lat' dir='ltr'><strong><em>eos</em></strong></span> <span class='ocrx_word' id='word_1_124' title='bbox 1474 1144 1601 1184; x_wconf 86' lang='lat' dir='ltr'><strong><em>esse.</em></strong></span> <span class='ocrx_word' id='word_1_125' title='bbox 1644 1127 1733 1194; x_wconf 86' lang='lat' dir='ltr'><strong><em>qui</em></strong></span> <span class='ocrx_word' id='word_1_126' title='bbox 1765 1126 1959 1179; x_wconf 81' lang='lat' dir='ltr'><strong><em>divinis</em></strong></span> <span class='ocrx_word' id='word_1_127' title='bbox 2006 1125 2402 1179; x_wconf 85' lang='lat' dir='ltr'><strong><em>charactertbus</em></strong></span> <span class='ocrx_word' id='word_1_128' title='bbox 2435 1125 2675 1191; x_wconf 87' lang='lat' dir='ltr'><strong><em>insigniti</em></strong></span> <span class='ocrx_word' id='word_1_129' title='bbox 2707 1133 2868 1186; x_wconf 88' lang='lat' dir='ltr'><strong><em>sunt;</em></strong></span> <span class='ocrx_word' id='word_1_130' title='bbox 2908 1124 3272 1177; x_wconf 86' lang='lat' dir='ltr'><strong><em>demonstrant</em></strong></span> <span class='ocrx_word' id='word_1_131' title='bbox 3303 1141 3406 1193; x_wconf 88' lang='lat' dir='ltr'><strong><em>qua</em></strong></span> <span class='ocrx_word' id='word_1_132' title='bbox 3438 1127 3747 1188; x_wconf 72' lang='lat' dir='ltr'><strong><em>innocentia,</em></strong></span> 
     </span>
    </p>
   </div>
   <div class='ocr_carea' id='block_1_11' title="bbox 500 1210 3751 1280">
    <p class='ocr_par' dir='ltr' id='par_1_11' title="bbox 500 1210 3751 1280">
     <span class='ocr_line' id='line_1_11' title="bbox 500 1210 3751 1280; baseline -0 -15"><span class='ocrx_word' id='word_1_133' title='bbox 500 1217 749 1280; x_wconf 75' lang='lat' dir='ltr'><strong><em>puritate,</em></strong></span> <span class='ocrx_word' id='word_1_134' title='bbox 787 1216 1143 1268; x_wconf 79' lang='lat' dir='ltr'><strong><em>sanctimonia</em></strong></span> <span class='ocrx_word' id='word_1_135' title='bbox 1173 1231 1283 1267; x_wconf 87' lang='lat' dir='ltr'><strong><em>esse</em></strong></span> <span class='ocrx_word' id='word_1_136' title='bbox 1310 1231 1396 1267; x_wconf 85' lang='lat' dir='ltr'><strong><em>eos</em></strong></span> <span class='ocrx_word' id='word_1_137' title='bbox 1432 1223 1688 1276; x_wconf 88' lang='lat' dir='ltr'><strong><em>oporteat,</em></strong></span> <span class='ocrx_word' id='word_1_138' title='bbox 1717 1213 1805 1280; x_wconf 86' lang='lat' dir='ltr'><strong><em>qui</em></strong></span> <span class='ocrx_word' id='word_1_139' title='bbox 1829 1213 1897 1265; x_wconf 92' lang='lat' dir='ltr'><strong><em>ad</em></strong></span> <span class='ocrx_word' id='word_1_140' title='bbox 1923 1229 2183 1277; x_wconf 70' lang='lat' dir='ltr'><strong><em>suprema:</em></strong></span> <span class='ocrx_word' id='word_1_141' title='bbox 2215 1212 2374 1280; x_wconf 84' lang='lat' dir='ltr'><strong><em>hujus</em></strong></span> <span class='ocrx_word' id='word_1_142' title='bbox 2401 1213 2678 1280; x_wconf 78' lang='lat' dir='ltr'><strong><em>dignitatis</em></strong></span> <span class='ocrx_word' id='word_1_143' title='bbox 2723 1212 2922 1277; x_wconf 91' lang='lat' dir='ltr'><strong><em>apicem</em></strong></span> <span class='ocrx_word' id='word_1_144' title='bbox 2958 1212 3262 1264; x_wconf 77' lang='lat' dir='ltr'><strong><em>evehuntur.</em></strong></span> <span class='ocrx_word' id='word_1_145' title='bbox 3297 1210 3401 1264; x_wconf 83' lang='lat' dir='ltr'><strong><em>Isti</em></strong></span> <span class='ocrx_word' id='word_1_146' title='bbox 3441 1223 3625 1266; x_wconf 88' lang='lat' dir='ltr'><strong><em>contra</em></strong></span> <span class='ocrx_word' id='word_1_147' title='bbox 3665 1231 3751 1266; x_wconf 71' lang='lat' dir='ltr'><strong><em>sa-</em></strong></span> 
     </span>
    </p>
   </div>
   <div class='ocr_carea' id='block_1_12' title="bbox 500 1298 3749 1370">
    <p class='ocr_par' dir='ltr' id='par_1_12' title="bbox 500 1298 3749 1370">
     <span class='ocr_line' id='line_1_12' title="bbox 500 1298 3749 1370; baseline -0 -16"><span class='ocrx_word' id='word_1_148' title='bbox 500 1314 772 1355; x_wconf 87' lang='lat' dir='ltr'><strong><em>cramenta</em></strong></span> <span class='ocrx_word' id='word_1_149' title='bbox 805 1304 1049 1363; x_wconf 84' lang='lat' dir='ltr'><strong><em>irrident,</em></strong></span> <span class='ocrx_word' id='word_1_150' title='bbox 1082 1303 1305 1370; x_wconf 85' lang='lat' dir='ltr'><strong><em>profano</em></strong></span> <span class='ocrx_word' id='word_1_151' title='bbox 1335 1302 1522 1369; x_wconf 76' lang='lat' dir='ltr'><strong><em>populo</em></strong></span> <span class='ocrx_word' id='word_1_152' title='bbox 1578 1317 1756 1354; x_wconf 85' lang='lat' dir='ltr'><strong><em>eorum</em></strong></span> <span class='ocrx_word' id='word_1_153' title='bbox 1790 1311 2098 1368; x_wconf 62' lang='lat' dir='ltr'><strong><em>potestatem</em></strong></span> <span class='ocrx_word' id='word_1_154' title='bbox 2163 1303 2443 1362; x_wconf 88' lang='lat' dir='ltr'><strong><em>tribuunt;</em></strong></span> <span class='ocrx_word' id='word_1_155' title='bbox 2480 1310 2822 1352; x_wconf 89' lang='lat' dir='ltr'><strong><em>sacramenta</em></strong></span> <span class='ocrx_word' id='word_1_156' title='bbox 2879 1311 2926 1352; x_wconf 87' lang='lat' dir='ltr'><strong><em>et</em></strong></span> <span class='ocrx_word' id='word_1_157' title='bbox 2975 1315 3005 1350; x_wconf 90' lang='lat' dir='ltr'><strong><em>a</em></strong></span> <span class='ocrx_word' id='word_1_158' title='bbox 3058 1298 3164 1352; x_wconf 89' lang='lat' dir='ltr'><strong><em>Deo</em></strong></span> <span class='ocrx_word' id='word_1_159' title='bbox 3203 1300 3458 1352; x_wconf 89' lang='lat' dir='ltr'><strong><em>traditam</em></strong></span> <span class='ocrx_word' id='word_1_160' title='bbox 3495 1302 3749 1365; x_wconf 69' lang='grc' dir='ltr'><strong><em>εὐταξίαν</em></strong></span> 
     </span>
    </p>
   </div>
   <div class='ocr_carea' id='block_1_13' title="bbox 501 1385 3750 1458">
    <p class='ocr_par' dir='ltr' id='par_1_13' title="bbox 501 1385 3750 1458">
     <span class='ocr_line' id='line_1_13' title="bbox 501 1385 3750 1458; baseline 0 -18"><span class='ocrx_word' id='word_1_161' title='bbox 501 1390 851 1456; x_wconf 87' lang='lat' dir='ltr'><strong><em>confundunt.</em></strong></span> <span class='ocrx_word' id='word_1_162' title='bbox 887 1389 965 1441; x_wconf 90' lang='lat' dir='ltr'><strong><em>Eo</em></strong></span> <span class='ocrx_word' id='word_1_163' title='bbox 996 1391 1114 1458; x_wconf 88' lang='lat' dir='ltr'><strong><em>quis</em></strong></span> <span class='ocrx_word' id='word_1_164' title='bbox 1147 1391 1292 1458; x_wconf 90' lang='lat' dir='ltr'><strong><em>apud</em></strong></span> <span class='ocrx_word' id='word_1_165' title='bbox 1327 1405 1413 1441; x_wconf 87' lang='lat' dir='ltr'><strong><em>eos</em></strong></span> <span class='ocrx_word' id='word_1_166' title='bbox 1437 1390 1796 1457; x_wconf 82' lang='lat' dir='ltr'><strong><em>prtestantior,</em></strong></span> <span class='ocrx_word' id='word_1_167' title='bbox 1825 1405 1925 1456; x_wconf 91' lang='lat' dir='ltr'><strong><em>quo</em></strong></span> <span class='ocrx_word' id='word_1_168' title='bbox 1960 1390 2238 1456; x_wconf 78' lang='lat' dir='ltr'><strong><em>impurior.</em></strong></span> <span class='ocrx_word' id='word_1_169' title='bbox 2275 1387 2638 1454; x_wconf 81' lang='lat' dir='ltr'><strong><em>Theophanem</em></strong></span> <span class='ocrx_word' id='word_1_170' title='bbox 2666 1386 2864 1440; x_wconf 78' lang='lat' dir='ltr'><strong><em>videbis</em></strong></span> <span class='ocrx_word' id='word_1_171' title='bbox 2902 1387 2970 1438; x_wconf 91' lang='lat' dir='ltr'><strong><em>ad</em></strong></span> <span class='ocrx_word' id='word_1_172' title='bbox 2992 1385 3348 1439; x_wconf 81' lang='lat' dir='ltr'><strong><em>Christianam</em></strong></span> <span class='ocrx_word' id='word_1_173' title='bbox 3388 1392 3750 1455; x_wconf 87' lang='lat' dir='ltr'><strong><em>constantiam,</em></strong></span> 
     </span>
    </p>
   </div>
   <div class='ocr_carea' id='block_1_14' title="bbox 502 1472 3753 1545">
    <p class='ocr_par' dir='ltr' id='par_1_14' title="bbox 502 1472 3753 1545">
     <span class='ocr_line' id='line_1_14' title="bbox 502 1472 3753 1545; baseline 0 -17"><span class='ocrx_word' id='word_1_174' title='bbox 502 1475 1063 1545; x_wconf 84' lang='lat' dir='ltr'><strong><em>longanimitalemque</em></strong></span> <span class='ocrx_word' id='word_1_175' title='bbox 1118 1477 1172 1529; x_wconf 88' lang='lat' dir='ltr'><strong><em>in</em></strong></span> <span class='ocrx_word' id='word_1_176' title='bbox 1205 1475 1481 1530; x_wconf 86' lang='lat' dir='ltr'><strong><em>laboribus</em></strong></span> <span class='ocrx_word' id='word_1_177' title='bbox 1545 1491 1606 1528; x_wconf 86' lang='lat' dir='ltr'><strong><em>ac</em></strong></span> <span class='ocrx_word' id='word_1_178' title='bbox 1659 1474 2041 1528; x_wconf 88' lang='lat' dir='ltr'><strong><em>teutationibus</em></strong></span> <span class='ocrx_word' id='word_1_179' title='bbox 2083 1475 2395 1539; x_wconf 89' lang='lat' dir='ltr'><strong><em>habendam,</em></strong></span> <span class='ocrx_word' id='word_1_180' title='bbox 2457 1474 2706 1541; x_wconf 88' lang='lat' dir='ltr'><strong><em>populum</em></strong></span> <span class='ocrx_word' id='word_1_181' title='bbox 2739 1489 2895 1526; x_wconf 84' lang='lat' dir='ltr'><strong><em>suum</em></strong></span> <span class='ocrx_word' id='word_1_182' title='bbox 2927 1472 3577 1539; x_wconf 87' lang='lat' dir='ltr'><strong><em>adhortantem;contra,</em></strong></span> <span class='ocrx_word' id='word_1_183' title='bbox 3630 1477 3753 1530; x_wconf 88' lang='lat' dir='ltr'><strong><em>istos</em></strong></span> 
     </span>
    </p>
   </div>
   <div class='ocr_carea' id='block_1_15' title="bbox 505 1559 3754 1632">
    <p class='ocr_par' dir='ltr' id='par_1_15' title="bbox 505 1559 3754 1632">
     <span class='ocr_line' id='line_1_15' title="bbox 505 1559 3754 1632; baseline -0.001 -15"><span class='ocrx_word' id='word_1_184' title='bbox 505 1565 855 1631; x_wconf 88' lang='lat' dir='ltr'><strong><em>blasphemos,</em></strong></span> <span class='ocrx_word' id='word_1_185' title='bbox 895 1563 1189 1627; x_wconf 76' lang='lat' dir='ltr'><strong><em>instabiles,</em></strong></span> <span class='ocrx_word' id='word_1_186' title='bbox 1223 1563 1393 1630; x_wconf 89' lang='lat' dir='ltr'><strong><em>fontes</em></strong></span> <span class='ocrx_word' id='word_1_187' title='bbox 1452 1565 1565 1618; x_wconf 88' lang='lat' dir='ltr'><strong><em>sine</em></strong></span> <span class='ocrx_word' id='word_1_188' title='bbox 1615 1579 1775 1632; x_wconf 90' lang='lat' dir='ltr'><strong><em>aqua,</em></strong></span> <span class='ocrx_word' id='word_1_189' title='bbox 1814 1562 2030 1616; x_wconf 89' lang='lat' dir='ltr'><strong><em>nebulas</em></strong></span> <span class='ocrx_word' id='word_1_190' title='bbox 2087 1563 2385 1615; x_wconf 81' lang='lat' dir='ltr'><strong><em>turbinibus</em></strong></span> <span class='ocrx_word' id='word_1_191' title='bbox 2421 1561 2743 1629; x_wconf 72' lang='lat' dir='ltr'><strong><em>exagitatas.</em></strong></span> <span class='ocrx_word' id='word_1_192' title='bbox 2780 1559 3143 1626; x_wconf 83' lang='lat' dir='ltr'><strong><em>Theophanem</em></strong></span> <span class='ocrx_word' id='word_1_193' title='bbox 3195 1561 3332 1630; x_wconf 86' lang='lat' dir='ltr'><strong><em>leges</em></strong></span> <span class='ocrx_word' id='word_1_194' title='bbox 3361 1561 3430 1613; x_wconf 87' lang='lat' dir='ltr'><strong><em>ad</em></strong></span> <span class='ocrx_word' id='word_1_195' title='bbox 3463 1563 3754 1629; x_wconf 86' lang='lat' dir='ltr'><strong><em>gratiarum</em></strong></span> 
     </span>
    </p>
   </div>
   <div class='ocr_carea' id='block_1_16' title="bbox 501 1650 3755 1720">
    <p class='ocr_par' dir='ltr' id='par_1_16' title="bbox 501 1650 3755 1720">
     <span class='ocr_line' id='line_1_16' title="bbox 501 1650 3755 1720; baseline 0 -16"><span class='ocrx_word' id='word_1_196' title='bbox 501 1655 782 1714; x_wconf 82' lang='lat' dir='ltr'><strong><em>actionem,</em></strong></span> <span class='ocrx_word' id='word_1_197' title='bbox 831 1652 892 1705; x_wconf 89' lang='lat' dir='ltr'><strong><em>ob</em></strong></span> <span class='ocrx_word' id='word_1_198' title='bbox 915 1655 1076 1720; x_wconf 78' lang='lat' dir='ltr'><strong><em>pestis</em></strong></span> <span class='ocrx_word' id='word_1_199' title='bbox 1108 1654 1474 1711; x_wconf 88' lang='lat' dir='ltr'><strong><em>cessationem,</em></strong></span> <span class='ocrx_word' id='word_1_200' title='bbox 1515 1652 1623 1704; x_wconf 90' lang='lat' dir='ltr'><strong><em>Deo</em></strong></span> <span class='ocrx_word' id='word_1_201' title='bbox 1659 1652 1910 1704; x_wconf 87' lang='lat' dir='ltr'><strong><em>bonorum</em></strong></span> <span class='ocrx_word' id='word_1_202' title='bbox 1944 1652 2182 1704; x_wconf 88' lang='lat' dir='ltr'><strong><em>omnium</em></strong></span> <span class='ocrx_word' id='word_1_203' title='bbox 2224 1654 2431 1706; x_wconf 86' lang='lat' dir='ltr'><strong><em>auctori</em></strong></span> <span class='ocrx_word' id='word_1_204' title='bbox 2463 1651 2808 1712; x_wconf 88' lang='lat' dir='ltr'><strong><em>reddendam,</em></strong></span> <span class='ocrx_word' id='word_1_205' title='bbox 2838 1650 3039 1718; x_wconf 89' lang='lat' dir='ltr'><strong><em>plebem</em></strong></span> <span class='ocrx_word' id='word_1_206' title='bbox 3064 1666 3217 1704; x_wconf 89' lang='lat' dir='ltr'><strong><em>suam</em></strong></span> <span class='ocrx_word' id='word_1_207' title='bbox 3246 1652 3549 1705; x_wconf 75' lang='lat' dir='ltr'><strong><em>invitantem</em></strong></span> <span class='ocrx_word' id='word_1_208' title='bbox 3577 1669 3597 1715; x_wconf 90' lang='lat'><em>;</em></span> <span class='ocrx_word' id='word_1_209' title='bbox 3636 1661 3755 1706; x_wconf 82' lang='lat' dir='ltr'><strong><em>sunt</em></strong></span> 
     </span>
    </p>
   </div>
   <div class='ocr_carea' id='block_1_17' title="bbox 506 1738 3755 1809">
    <p class='ocr_par' dir='ltr' id='par_1_17' title="bbox 506 1738 3755 1809">
     <span class='ocr_line' id='line_1_17' title="bbox 506 1738 3755 1809; baseline 0 -16"><span class='ocrx_word' id='word_1_210' title='bbox 506 1749 552 1793; x_wconf 90' lang='lat' dir='ltr'><strong><em>et</em></strong></span> <span class='ocrx_word' id='word_1_211' title='bbox 586 1741 721 1792; x_wconf 81' lang='lat' dir='ltr'><strong><em>inter</em></strong></span> <span class='ocrx_word' id='word_1_212' title='bbox 753 1741 884 1793; x_wconf 90' lang='lat' dir='ltr'><strong><em>istos</em></strong></span> <span class='ocrx_word' id='word_1_213' title='bbox 919 1745 1097 1807; x_wconf 91' lang='lat' dir='ltr'><strong><em>(atque</em></strong></span> <span class='ocrx_word' id='word_1_214' title='bbox 1127 1757 1155 1792; x_wconf 94' lang='lat' dir='ltr'><strong><em>o</em></strong></span> <span class='ocrx_word' id='word_1_215' title='bbox 1183 1741 1385 1793; x_wconf 85' lang='lat' dir='ltr'><strong><em>utinam</em></strong></span> <span class='ocrx_word' id='word_1_216' title='bbox 1406 1755 1506 1792; x_wconf 90' lang='lat' dir='ltr'><strong><em>non</em></strong></span> <span class='ocrx_word' id='word_1_217' title='bbox 1537 1755 1718 1792; x_wconf 89' lang='lat' dir='ltr'><strong><em>eorum</em></strong></span> <span class='ocrx_word' id='word_1_218' title='bbox 1747 1754 1872 1805; x_wconf 87' lang='lat' dir='ltr'><strong><em>pars</em></strong></span> <span class='ocrx_word' id='word_1_219' title='bbox 1901 1739 2092 1808; x_wconf 88' lang='lat' dir='ltr'><strong><em>major,</em></strong></span> <span class='ocrx_word' id='word_1_220' title='bbox 2123 1750 2172 1790; x_wconf 89' lang='lat' dir='ltr'><strong><em>el</em></strong></span> <span class='ocrx_word' id='word_1_221' title='bbox 2214 1741 2357 1792; x_wconf 85' lang='lat' dir='ltr'><strong><em>labes</em></strong></span> <span class='ocrx_word' id='word_1_222' title='bbox 2389 1741 2517 1797; x_wconf 72' lang='lat' dir='ltr'><strong><em>hac.</em></strong></span> <span class='ocrx_word' id='word_1_223' title='bbox 2556 1757 2585 1794; x_wconf 90' lang='grc' dir='ltr'><strong><em>ο</em></strong></span> <span class='ocrx_word' id='word_1_224' title='bbox 2617 1742 2867 1792; x_wconf 88' lang='lat' dir='ltr'><strong><em>miserum</em></strong></span> <span class='ocrx_word' id='word_1_225' title='bbox 2893 1755 3082 1802; x_wconf 66' lang='lat' dir='ltr'><strong><em>a&#39;vum,</em></strong></span> <span class='ocrx_word' id='word_1_226' title='bbox 3112 1738 3250 1804; x_wconf 90' lang='lat' dir='ltr'><strong><em>apud</em></strong></span> <span class='ocrx_word' id='word_1_227' title='bbox 3305 1755 3389 1792; x_wconf 85' lang='lat' dir='ltr'><strong><em>eos</em></strong></span> <span class='ocrx_word' id='word_1_228' title='bbox 3413 1741 3646 1808; x_wconf 89' lang='lat' dir='ltr'><strong><em>tantum)</em></strong></span> <span class='ocrx_word' id='word_1_229' title='bbox 3673 1743 3755 1809; x_wconf 85' lang='lat' dir='ltr'><strong><em>qui</em></strong></span> 
     </span>
    </p>
   </div>
   <div class='ocr_carea' id='block_1_18' title="bbox 503 1824 3759 1897">
    <p class='ocr_par' dir='ltr' id='par_1_18' title="bbox 503 1824 3759 1897">
     <span class='ocr_line' id='line_1_18' title="bbox 503 1824 3759 1897; baseline 0 -19"><span class='ocrx_word' id='word_1_230' title='bbox 503 1842 667 1878; x_wconf 90' lang='lat' dir='ltr'><strong><em>unum</em></strong></span> <span class='ocrx_word' id='word_1_231' title='bbox 712 1824 911 1879; x_wconf 84' lang='lat' dir='ltr'><strong><em>Fatum</em></strong></span> <span class='ocrx_word' id='word_1_232' title='bbox 955 1825 1360 1896; x_wconf 81' lang='lat' dir='ltr'><strong><em>Fortunamque</em></strong></span> <span class='ocrx_word' id='word_1_233' title='bbox 1395 1828 1648 1889; x_wconf 87' lang='lat' dir='ltr'><strong><em>adorant,</em></strong></span> <span class='ocrx_word' id='word_1_234' title='bbox 1690 1827 1755 1879; x_wconf 87' lang='lat' dir='ltr'><strong><em>iis</em></strong></span> <span class='ocrx_word' id='word_1_235' title='bbox 1790 1827 1967 1891; x_wconf 86' lang='lat' dir='ltr'><strong><em>litant,</em></strong></span> <span class='ocrx_word' id='word_1_236' title='bbox 2006 1828 2069 1878; x_wconf 90' lang='lat' dir='ltr'><strong><em>ab</em></strong></span> <span class='ocrx_word' id='word_1_237' title='bbox 2118 1828 2186 1880; x_wconf 90' lang='lat' dir='ltr'><strong><em>iis</em></strong></span> <span class='ocrx_word' id='word_1_238' title='bbox 2245 1827 2548 1896; x_wconf 83' lang='lat' dir='ltr'><strong><em>felicitatem</em></strong></span> <span class='ocrx_word' id='word_1_239' title='bbox 2583 1836 2679 1880; x_wconf 90' lang='lat' dir='ltr'><strong><em>aut</em></strong></span> <span class='ocrx_word' id='word_1_240' title='bbox 2729 1827 3105 1894; x_wconf 88' lang='lat' dir='ltr'><strong><em>infortunium,</em></strong></span> <span class='ocrx_word' id='word_1_241' title='bbox 3147 1825 3339 1878; x_wconf 87' lang='lat' dir='ltr'><strong><em>belluis</em></strong></span> <span class='ocrx_word' id='word_1_242' title='bbox 3393 1828 3607 1897; x_wconf 86' lang='lat' dir='ltr'><strong><em>quidem</em></strong></span> <span class='ocrx_word' id='word_1_243' title='bbox 3639 1829 3759 1895; x_wconf 90' lang='lat' dir='ltr'><strong><em>ipsis</em></strong></span> 
     </span>
    </p>
   </div>
   <div class='ocr_carea' id='block_1_19' title="bbox 503 1913 3760 1981">
    <p class='ocr_par' dir='ltr' id='par_1_19' title="bbox 503 1913 3760 1981">
     <span class='ocr_line' id='line_1_19' title="bbox 503 1913 3760 1981; baseline -0 -15"><span class='ocrx_word' id='word_1_244' title='bbox 503 1915 843 1981; x_wconf 83' lang='lat' dir='ltr'><strong><em>stupidiores,</em></strong></span> <span class='ocrx_word' id='word_1_245' title='bbox 881 1915 1101 1979; x_wconf 85' lang='lat' dir='ltr'><strong><em>pendere</em></strong></span> <span class='ocrx_word' id='word_1_246' title='bbox 1130 1916 1487 1968; x_wconf 89' lang='lat' dir='ltr'><strong><em>arbitrantur.</em></strong></span> <span class='ocrx_word' id='word_1_247' title='bbox 1525 1913 1893 1980; x_wconf 86' lang='lat' dir='ltr'><strong><em>Theophanem</em></strong></span> <span class='ocrx_word' id='word_1_248' title='bbox 1928 1915 2114 1968; x_wconf 86' lang='lat' dir='ltr'><strong><em>audies</em></strong></span> <span class='ocrx_word' id='word_1_249' title='bbox 2149 1915 2502 1968; x_wconf 88' lang='lat' dir='ltr'><strong><em>humanarum</em></strong></span> <span class='ocrx_word' id='word_1_250' title='bbox 2538 1931 2712 1967; x_wconf 91' lang='lat' dir='ltr'><strong><em>rerum</em></strong></span> <span class='ocrx_word' id='word_1_251' title='bbox 2747 1914 3034 1974; x_wconf 85' lang='lat' dir='ltr'><strong><em>levitatem,</em></strong></span> <span class='ocrx_word' id='word_1_252' title='bbox 3091 1914 3376 1977; x_wconf 77' lang='lat' dir='ltr'><strong><em>miseriam,</em></strong></span> <span class='ocrx_word' id='word_1_253' title='bbox 3410 1915 3760 1966; x_wconf 88' lang='lat' dir='ltr'><strong><em>caducitatem</em></strong></span> 
     </span>
    </p>
   </div>
   <div class='ocr_carea' id='block_1_20' title="bbox 503 2000 3762 2071">
    <p class='ocr_par' dir='ltr' id='par_1_20' title="bbox 503 2000 3762 2071">
     <span class='ocr_line' id='line_1_20' title="bbox 503 2000 3762 2071; baseline -0.001 -16"><span class='ocrx_word' id='word_1_254' title='bbox 503 2013 928 2071; x_wconf 69' lang='lat' dir='ltr'><strong><em>exat/gerentem,</em></strong></span> <span class='ocrx_word' id='word_1_255' title='bbox 953 2003 1454 2070; x_wconf 87' lang='lat' dir='ltr'><strong><em>persuadentemque</em></strong></span> <span class='ocrx_word' id='word_1_256' title='bbox 1486 2004 1616 2068; x_wconf 84' lang='lat' dir='ltr'><strong><em>suis,</em></strong></span> <span class='ocrx_word' id='word_1_257' title='bbox 1651 2009 1706 2054; x_wconf 90' lang='lat' dir='ltr'><strong><em>ut</em></strong></span> <span class='ocrx_word' id='word_1_258' title='bbox 1736 2003 1800 2054; x_wconf 88' lang='lat' dir='ltr'><strong><em>ab</em></strong></span> <span class='ocrx_word' id='word_1_259' title='bbox 1830 2003 1896 2056; x_wconf 89' lang='lat' dir='ltr'><strong><em>iis</em></strong></span> <span class='ocrx_word' id='word_1_260' title='bbox 1929 2003 1998 2054; x_wconf 90' lang='lat' dir='ltr'><strong><em>ad</em></strong></span> <span class='ocrx_word' id='word_1_261' title='bbox 2054 2004 2186 2055; x_wconf 90' lang='lat' dir='ltr'><strong><em>bona</em></strong></span> <span class='ocrx_word' id='word_1_262' title='bbox 2220 2002 2413 2065; x_wconf 87' lang='lat' dir='ltr'><strong><em>solida,</em></strong></span> <span class='ocrx_word' id='word_1_263' title='bbox 2464 2002 2638 2063; x_wconf 89' lang='lat' dir='ltr'><strong><em>beata,</em></strong></span> <span class='ocrx_word' id='word_1_264' title='bbox 2700 2012 2896 2053; x_wconf 73' lang='lat' dir='ltr'><strong><em>a&#39;terna</em></strong></span> <span class='ocrx_word' id='word_1_265' title='bbox 2940 2001 3144 2053; x_wconf 85' lang='lat' dir='ltr'><strong><em>animos</em></strong></span> <span class='ocrx_word' id='word_1_266' title='bbox 3173 2001 3516 2070; x_wconf 77' lang='lat' dir='ltr'><strong><em>transferant.</em></strong></span> <span class='ocrx_word' id='word_1_267' title='bbox 3552 2000 3657 2054; x_wconf 89' lang='lat' dir='ltr'><strong><em>Isti</em></strong></span> <span class='ocrx_word' id='word_1_268' title='bbox 3702 2017 3762 2054; x_wconf 73' lang='lat' dir='ltr'><strong><em>es:</em></strong></span> 
     </span>
    </p>
   </div>
   <div class='ocr_carea' id='block_1_21' title="bbox 503 2088 3762 2158">
    <p class='ocr_par' dir='ltr' id='par_1_21' title="bbox 503 2088 3762 2158">
     <span class='ocr_line' id='line_1_21' title="bbox 503 2088 3762 2158; baseline -0 -18"><span class='ocrx_word' id='word_1_269' title='bbox 503 2089 764 2142; x_wconf 86' lang='lat' dir='ltr'><strong><em>diametro</em></strong></span> <span class='ocrx_word' id='word_1_270' title='bbox 791 2101 1000 2144; x_wconf 88' lang='lat' dir='ltr'><strong><em>terrena</em></strong></span> <span class='ocrx_word' id='word_1_271' title='bbox 1040 2091 1276 2156; x_wconf 85' lang='lat' dir='ltr'><strong><em>sapiunt,</em></strong></span> <span class='ocrx_word' id='word_1_272' title='bbox 1313 2091 1510 2157; x_wconf 88' lang='lat' dir='ltr'><strong><em>seipsos</em></strong></span> <span class='ocrx_word' id='word_1_273' title='bbox 1537 2101 1741 2152; x_wconf 90' lang='lat' dir='ltr'><strong><em>amant,</em></strong></span> <span class='ocrx_word' id='word_1_274' title='bbox 1779 2100 1892 2154; x_wconf 86' lang='lat' dir='ltr'><strong><em>post</em></strong></span> <span class='ocrx_word' id='word_1_275' title='bbox 1914 2106 2128 2142; x_wconf 90' lang='lat' dir='ltr'><strong><em>carnem</em></strong></span> <span class='ocrx_word' id='word_1_276' title='bbox 2151 2090 2204 2142; x_wconf 89' lang='lat' dir='ltr'><strong><em>in</em></strong></span> <span class='ocrx_word' id='word_1_277' title='bbox 2263 2090 2613 2143; x_wconf 62' lang='lat' dir='ltr'><strong><em>immunditiis:</em></strong></span> <span class='ocrx_word' id='word_1_278' title='bbox 2641 2089 3064 2157; x_wconf 87' lang='lat' dir='ltr'><strong><em>concupiscentia</em></strong></span> <span class='ocrx_word' id='word_1_279' title='bbox 3097 2088 3397 2149; x_wconf 87' lang='lat' dir='ltr'><strong><em>ambulant,</em></strong></span> <span class='ocrx_word' id='word_1_280' title='bbox 3429 2089 3762 2158; x_wconf 82' lang='lat' dir='ltr'><strong><em>voluptatum</em></strong></span> 
     </span>
    </p>
   </div>
   <div class='ocr_carea' id='block_1_22' title="bbox 505 2176 3763 2248">
    <p class='ocr_par' dir='ltr' id='par_1_22' title="bbox 505 2176 3763 2248">
     <span class='ocr_line' id='line_1_22' title="bbox 505 2176 3763 2248; baseline -0.002 -18"><span class='ocrx_word' id='word_1_281' title='bbox 505 2193 686 2246; x_wconf 89' lang='lat' dir='ltr'><strong><em>nempe</em></strong></span> <span class='ocrx_word' id='word_1_282' title='bbox 715 2180 1184 2245; x_wconf 78' lang='lat' dir='ltr'><strong><em>amatOres,magis</em></strong></span> <span class='ocrx_word' id='word_1_283' title='bbox 1215 2195 1374 2248; x_wconf 89' lang='lat' dir='ltr'><strong><em>quam</em></strong></span> <span class='ocrx_word' id='word_1_284' title='bbox 1404 2177 1523 2232; x_wconf 89' lang='lat' dir='ltr'><strong><em>Dei.</em></strong></span> <span class='ocrx_word' id='word_1_285' title='bbox 1557 2178 1891 2244; x_wconf 86' lang='lat' dir='ltr'><strong><em>Theophanes</em></strong></span> <span class='ocrx_word' id='word_1_286' title='bbox 1922 2194 2027 2230; x_wconf 87' lang='lat' dir='ltr'><strong><em>non</em></strong></span> <span class='ocrx_word' id='word_1_287' title='bbox 2053 2179 2204 2230; x_wconf 86' lang='lat' dir='ltr'><strong><em>modo</em></strong></span> <span class='ocrx_word' id='word_1_288' title='bbox 2240 2178 2607 2230; x_wconf 65' lang='lat' dir='ltr'><strong><em>hereticorum</em></strong></span> <span class='ocrx_word' id='word_1_289' title='bbox 2649 2178 2903 2229; x_wconf 90' lang='lat' dir='ltr'><strong><em>novitates</em></strong></span> <span class='ocrx_word' id='word_1_290' title='bbox 2935 2184 2984 2228; x_wconf 91' lang='lat' dir='ltr'><strong><em>et</em></strong></span> <span class='ocrx_word' id='word_1_291' title='bbox 3037 2191 3201 2237; x_wconf 74' lang='lat' dir='ltr'><strong><em>prava</em></strong></span> <span class='ocrx_word' id='word_1_292' title='bbox 3229 2179 3478 2245; x_wconf 87' lang='lat' dir='ltr'><strong><em>dogmata</em></strong></span> <span class='ocrx_word' id='word_1_293' title='bbox 3507 2176 3763 2245; x_wconf 84' lang='lat' dir='ltr'><strong><em>fugienda</em></strong></span> 
     </span>
    </p>
   </div>
   <div class='ocr_carea' id='block_1_23' title="bbox 505 2264 3765 2332">
    <p class='ocr_par' dir='ltr' id='par_1_23' title="bbox 505 2264 3765 2332">
     <span class='ocr_line' id='line_1_23' title="bbox 505 2264 3765 2332; baseline -0.001 -15"><span class='ocrx_word' id='word_1_294' title='bbox 505 2281 620 2317; x_wconf 86' lang='lat' dir='ltr'><strong><em>esse</em></strong></span> <span class='ocrx_word' id='word_1_295' title='bbox 662 2265 834 2325; x_wconf 83' lang='lat' dir='ltr'><strong><em>docet,</em></strong></span> <span class='ocrx_word' id='word_1_296' title='bbox 868 2267 959 2318; x_wconf 83' lang='lat' dir='ltr'><strong><em>sed</em></strong></span> <span class='ocrx_word' id='word_1_297' title='bbox 986 2277 1035 2319; x_wconf 91' lang='lat' dir='ltr'><strong><em>et</em></strong></span> <span class='ocrx_word' id='word_1_298' title='bbox 1066 2269 1386 2318; x_wconf 86' lang='lat' dir='ltr'><strong><em>consortium</em></strong></span> <span class='ocrx_word' id='word_1_299' title='bbox 1429 2277 1474 2317; x_wconf 90' lang='lat' dir='ltr'><strong><em>et</em></strong></span> <span class='ocrx_word' id='word_1_300' title='bbox 1529 2273 1910 2331; x_wconf 84' lang='lat' dir='ltr'><strong><em>conspectum;</em></strong></span> <span class='ocrx_word' id='word_1_301' title='bbox 1957 2275 2010 2317; x_wconf 92' lang='lat' dir='ltr'><strong><em>at</em></strong></span> <span class='ocrx_word' id='word_1_302' title='bbox 2045 2267 2131 2319; x_wconf 90' lang='lat' dir='ltr'><strong><em>isti</em></strong></span> <span class='ocrx_word' id='word_1_303' title='bbox 2161 2281 2292 2317; x_wconf 89' lang='lat' dir='ltr'><strong><em>nova</em></strong></span> <span class='ocrx_word' id='word_1_304' title='bbox 2323 2266 2575 2332; x_wconf 83' lang='lat' dir='ltr'><strong><em>ﬁgmenta</em></strong></span> <span class='ocrx_word' id='word_1_305' title='bbox 2634 2273 2684 2318; x_wconf 90' lang='lat' dir='ltr'><strong><em>et</em></strong></span> <span class='ocrx_word' id='word_1_306' title='bbox 2720 2264 3036 2332; x_wconf 90' lang='lat' dir='ltr'><strong><em>perditionis</em></strong></span> <span class='ocrx_word' id='word_1_307' title='bbox 3063 2272 3232 2316; x_wconf 86' lang='lat' dir='ltr'><strong><em>sectas</em></strong></span> <span class='ocrx_word' id='word_1_308' title='bbox 3258 2265 3494 2331; x_wconf 88' lang='lat' dir='ltr'><strong><em>quotidie</em></strong></span> <span class='ocrx_word' id='word_1_309' title='bbox 3525 2267 3765 2316; x_wconf 84' lang='lat' dir='ltr'><strong><em>introdu-</em></strong></span> 
     </span>
    </p>
   </div>
   <div class='ocr_carea' id='block_1_24' title="bbox 505 2351 3762 2422">
    <p class='ocr_par' dir='ltr' id='par_1_24' title="bbox 505 2351 3762 2422">
     <span class='ocr_line' id='line_1_24' title="bbox 505 2351 3762 2422; baseline -0.001 -17"><span class='ocrx_word' id='word_1_310' title='bbox 505 2363 650 2414; x_wconf 87' lang='lat' dir='ltr'><strong><em>cunt,</em></strong></span> <span class='ocrx_word' id='word_1_311' title='bbox 684 2353 852 2412; x_wconf 88' lang='lat' dir='ltr'><strong><em>solum</em></strong></span> <span class='ocrx_word' id='word_1_312' title='bbox 887 2356 964 2422; x_wconf 90' lang='lat' dir='ltr'><strong><em>(ut</em></strong></span> <span class='ocrx_word' id='word_1_313' title='bbox 991 2355 1160 2422; x_wconf 87' lang='lat' dir='ltr'><strong><em>inquit</em></strong></span> <span class='ocrx_word' id='word_1_314' title='bbox 1195 2356 1375 2406; x_wconf 89' lang='lat' dir='ltr'><strong><em>beatus</em></strong></span> <span class='ocrx_word' id='word_1_315' title='bbox 1406 2353 1602 2414; x_wconf 74' lang='lat' dir='ltr'><strong><em>ludas)</em></strong></span> <span class='ocrx_word' id='word_1_316' title='bbox 1643 2353 2036 2406; x_wconf 88' lang='lat' dir='ltr'><strong><em>Dominatorem</em></strong></span> <span class='ocrx_word' id='word_1_317' title='bbox 2091 2361 2140 2405; x_wconf 88' lang='lat' dir='ltr'><strong><em>et</em></strong></span> <span class='ocrx_word' id='word_1_318' title='bbox 2187 2351 2469 2405; x_wconf 87' lang='lat' dir='ltr'><strong><em>Dominum</em></strong></span> <span class='ocrx_word' id='word_1_319' title='bbox 2507 2362 2745 2404; x_wconf 87' lang='lat' dir='ltr'><strong><em>nostrum</em></strong></span> <span class='ocrx_word' id='word_1_320' title='bbox 2795 2351 2983 2404; x_wconf 84' lang='lat' dir='ltr'><strong><em>Jesum</em></strong></span> <span class='ocrx_word' id='word_1_321' title='bbox 3035 2351 3306 2406; x_wconf 73' lang='lat' dir='ltr'><strong><em>Christum</em></strong></span> <span class='ocrx_word' id='word_1_322' title='bbox 3355 2361 3628 2418; x_wconf 80' lang='lat' dir='ltr'><strong><em>negantes.</em></strong></span> <span class='ocrx_word' id='word_1_323' title='bbox 3671 2351 3762 2404; x_wconf 85' lang='lat' dir='ltr'><strong><em>His</em></strong></span> 
     </span>
    </p>
   </div>
   <div class='ocr_carea' id='block_1_25' title="bbox 503 2435 3773 2509">
    <p class='ocr_par' dir='ltr' id='par_1_25' title="bbox 503 2435 3773 2509">
     <span class='ocr_line' id='line_1_25' title="bbox 503 2435 3773 2509; baseline 0 -16"><span class='ocrx_word' id='word_1_324' title='bbox 503 2441 675 2509; x_wconf 80' lang='lat' dir='ltr'><strong><em>igitur</em></strong></span> <span class='ocrx_word' id='word_1_325' title='bbox 703 2451 780 2498; x_wconf 89' lang='lat' dir='ltr'><strong><em>tu.</em></strong></span> <span class='ocrx_word' id='word_1_326' title='bbox 817 2442 1003 2508; x_wconf 87' lang='lat' dir='ltr'><strong><em>hisque</em></strong></span> <span class='ocrx_word' id='word_1_327' title='bbox 1041 2440 1313 2493; x_wconf 85' lang='lat' dir='ltr'><strong><em>similibus</em></strong></span> <span class='ocrx_word' id='word_1_328' title='bbox 1365 2439 1734 2506; x_wconf 89' lang='lat' dir='ltr'><strong><em>spiritualibus</em></strong></span> <span class='ocrx_word' id='word_1_329' title='bbox 1794 2440 1915 2492; x_wconf 90' lang='lat' dir='ltr'><strong><em>telis</em></strong></span> <span class='ocrx_word' id='word_1_330' title='bbox 1950 2441 2096 2505; x_wconf 81' lang='lat' dir='ltr'><strong><em>(utet</em></strong></span> <span class='ocrx_word' id='word_1_331' title='bbox 2142 2442 2277 2493; x_wconf 79' lang='lat' dir='ltr'><strong><em>beati</em></strong></span> <span class='ocrx_word' id='word_1_332' title='bbox 2313 2440 2544 2508; x_wconf 82' lang='lat' dir='ltr'><strong><em>majores</em></strong></span> <span class='ocrx_word' id='word_1_333' title='bbox 2588 2441 2664 2492; x_wconf 91' lang='lat' dir='ltr'><strong><em>tui</em></strong></span> <span class='ocrx_word' id='word_1_334' title='bbox 2694 2440 3065 2499; x_wconf 57' lang='lat' dir='ltr'><strong><em>ecclesiarum,</em></strong></span> <span class='ocrx_word' id='word_1_335' title='bbox 3095 2443 3356 2508; x_wconf 84' lang='lat' dir='ltr'><strong><em>pastores)</em></strong></span> <span class='ocrx_word' id='word_1_336' title='bbox 3384 2441 3567 2492; x_wconf 90' lang='lat' dir='ltr'><strong><em>irritos</em></strong></span> <span class='ocrx_word' id='word_1_337' title='bbox 3602 2435 3773 2508; x_wconf 76' lang='lat' dir='ltr'><strong><em>facies</em></strong></span> 
     </span>
    </p>
   </div>
   <div class='ocr_carea' id='block_1_26' title="bbox 505 2524 3765 2597">
    <p class='ocr_par' dir='ltr' id='par_1_26' title="bbox 505 2524 3765 2597">
     <span class='ocr_line' id='line_1_26' title="bbox 505 2524 3765 2597; baseline -0 -17"><span class='ocrx_word' id='word_1_338' title='bbox 505 2529 856 2580; x_wconf 84' lang='lat' dir='ltr'><strong><em>adversarum</em></strong></span> <span class='ocrx_word' id='word_1_339' title='bbox 886 2529 1120 2594; x_wconf 89' lang='lat' dir='ltr'><strong><em>partium</em></strong></span> <span class='ocrx_word' id='word_1_340' title='bbox 1159 2539 1206 2580; x_wconf 92' lang='lat' dir='ltr'><strong><em>te</em></strong></span> <span class='ocrx_word' id='word_1_341' title='bbox 1240 2530 1438 2581; x_wconf 91' lang='lat' dir='ltr'><strong><em>circum</em></strong></span> <span class='ocrx_word' id='word_1_342' title='bbox 1500 2529 1732 2593; x_wconf 85' lang='lat' dir='ltr'><strong><em>ovileque</em></strong></span> <span class='ocrx_word' id='word_1_343' title='bbox 1785 2536 1930 2580; x_wconf 88' lang='lat' dir='ltr'><strong><em>tuum</em></strong></span> <span class='ocrx_word' id='word_1_344' title='bbox 1983 2529 2315 2597; x_wconf 81' lang='lat' dir='ltr'><strong><em>frementium</em></strong></span> <span class='ocrx_word' id='word_1_345' title='bbox 2354 2537 2510 2594; x_wconf 90' lang='lat' dir='ltr'><strong><em>atque</em></strong></span> <span class='ocrx_word' id='word_1_346' title='bbox 2545 2527 2871 2580; x_wconf 85' lang='lat' dir='ltr'><strong><em>ululantium</em></strong></span> <span class='ocrx_word' id='word_1_347' title='bbox 2908 2525 3156 2580; x_wconf 65' lang='lat' dir='ltr'><strong><em>insulzus.</em></strong></span> <span class='ocrx_word' id='word_1_348' title='bbox 3201 2524 3290 2579; x_wconf 90' lang='lat' dir='ltr'><strong><em>Sic</em></strong></span> <span class='ocrx_word' id='word_1_349' title='bbox 3315 2543 3440 2579; x_wconf 85' lang='lat' dir='ltr'><strong><em>vero</em></strong></span> <span class='ocrx_word' id='word_1_350' title='bbox 3468 2543 3552 2579; x_wconf 90' lang='lat' dir='ltr'><strong><em>eos</em></strong></span> <span class='ocrx_word' id='word_1_351' title='bbox 3578 2528 3765 2580; x_wconf 88' lang='lat' dir='ltr'><strong><em>irritos</em></strong></span> 
     </span>
    </p>
   </div>
   <div class='ocr_carea' id='block_1_27' title="bbox 507 2611 3767 2682">
    <p class='ocr_par' dir='ltr' id='par_1_27' title="bbox 507 2611 3767 2682">
     <span class='ocr_line' id='line_1_27' title="bbox 507 2611 3767 2682; baseline -0.001 -17"><span class='ocrx_word' id='word_1_352' title='bbox 507 2614 679 2682; x_wconf 83' lang='lat' dir='ltr'><strong><em>facere</em></strong></span> <span class='ocrx_word' id='word_1_353' title='bbox 708 2614 1004 2676; x_wconf 87' lang='lat' dir='ltr'><strong><em>conaberis,</em></strong></span> <span class='ocrx_word' id='word_1_354' title='bbox 1045 2625 1102 2667; x_wconf 90' lang='lat' dir='ltr'><strong><em>ut</em></strong></span> <span class='ocrx_word' id='word_1_355' title='bbox 1145 2616 1620 2681; x_wconf 79' lang='lat' dir='ltr'><strong><em>prtvsenlissimum</em></strong></span> <span class='ocrx_word' id='word_1_356' title='bbox 1677 2613 1932 2669; x_wconf 76' lang='lat' dir='ltr'><strong><em>Ecclesia:</em></strong></span> <span class='ocrx_word' id='word_1_357' title='bbox 1964 2616 2254 2682; x_wconf 88' lang='lat' dir='ltr'><strong><em>periculum</em></strong></span> <span class='ocrx_word' id='word_1_358' title='bbox 2282 2617 2482 2666; x_wconf 90' lang='lat' dir='ltr'><strong><em>instare</em></strong></span> <span class='ocrx_word' id='word_1_359' title='bbox 2525 2630 2832 2681; x_wconf 88' lang='lat' dir='ltr'><strong><em>cognoscas.</em></strong></span> <span class='ocrx_word' id='word_1_360' title='bbox 2877 2611 3018 2664; x_wconf 83' lang='lat' dir='ltr'><strong><em>Nunt</em></strong></span> <span class='ocrx_word' id='word_1_361' title='bbox 3057 2629 3173 2680; x_wconf 71' lang='lat' dir='ltr'><strong><em>qua</em></strong></span> <span class='ocrx_word' id='word_1_362' title='bbox 3203 2613 3267 2664; x_wconf 92' lang='lat' dir='ltr'><strong><em>ab</em></strong></span> <span class='ocrx_word' id='word_1_363' title='bbox 3314 2613 3536 2680; x_wconf 85' lang='lat' dir='ltr'><strong><em>infelicis</em></strong></span> <span class='ocrx_word' id='word_1_364' title='bbox 3571 2612 3767 2666; x_wconf 73' lang='lat' dir='ltr'><strong><em>Gallia:</em></strong></span> 
     </span>
    </p>
   </div>
   <div class='ocr_carea' id='block_1_28' title="bbox 505 2699 3769 2770">
    <p class='ocr_par' dir='ltr' id='par_1_28' title="bbox 505 2699 3769 2770">
     <span class='ocr_line' id='line_1_28' title="bbox 505 2699 3769 2770; baseline -0.002 -14"><span class='ocrx_word' id='word_1_365' title='bbox 505 2702 660 2756; x_wconf 89' lang='lat' dir='ltr'><strong><em>malis</em></strong></span> <span class='ocrx_word' id='word_1_366' title='bbox 692 2703 927 2756; x_wconf 88' lang='lat' dir='ltr'><strong><em>universo</em></strong></span> <span class='ocrx_word' id='word_1_367' title='bbox 960 2704 1072 2754; x_wconf 87' lang='lat' dir='ltr'><strong><em>orbi</em></strong></span> <span class='ocrx_word' id='word_1_368' title='bbox 1103 2702 1434 2770; x_wconf 86' lang='lat' dir='ltr'><strong><em>impendeant</em></strong></span> <span class='ocrx_word' id='word_1_369' title='bbox 1485 2701 1648 2764; x_wconf 87' lang='lat' dir='ltr'><strong><em>mala,</em></strong></span> <span class='ocrx_word' id='word_1_370' title='bbox 1685 2718 1834 2754; x_wconf 88' lang='lat' dir='ltr'><strong><em>nemo</em></strong></span> <span class='ocrx_word' id='word_1_371' title='bbox 1877 2714 1951 2755; x_wconf 88' lang='lat' dir='ltr'><strong><em>est</em></strong></span> <span class='ocrx_word' id='word_1_372' title='bbox 1983 2713 2130 2755; x_wconf 80' lang='lat' dir='ltr'><strong><em>tanta</em></strong></span> <span class='ocrx_word' id='word_1_373' title='bbox 2162 2705 2350 2756; x_wconf 89' lang='lat' dir='ltr'><strong><em>misere</em></strong></span> <span class='ocrx_word' id='word_1_374' title='bbox 2380 2712 2700 2762; x_wconf 67' lang='lat' dir='ltr'><strong><em>occa’catus,</em></strong></span> <span class='ocrx_word' id='word_1_375' title='bbox 2729 2701 2819 2770; x_wconf 88' lang='lat' dir='ltr'><strong><em>qui</em></strong></span> <span class='ocrx_word' id='word_1_376' title='bbox 2851 2717 2953 2753; x_wconf 91' lang='lat' dir='ltr'><strong><em>non</em></strong></span> <span class='ocrx_word' id='word_1_377' title='bbox 2985 2701 3176 2764; x_wconf 83' lang='lat' dir='ltr'><strong><em>videat,</em></strong></span> <span class='ocrx_word' id='word_1_378' title='bbox 3201 2704 3290 2767; x_wconf 83' lang='lat' dir='ltr'><strong><em>qui</em></strong></span> <span class='ocrx_word' id='word_1_379' title='bbox 3322 2717 3428 2753; x_wconf 87' lang='lat' dir='ltr'><strong><em>non</em></strong></span> <span class='ocrx_word' id='word_1_380' title='bbox 3447 2699 3654 2763; x_wconf 89' lang='lat' dir='ltr'><strong><em>doleat,</em></strong></span> <span class='ocrx_word' id='word_1_381' title='bbox 3682 2702 3769 2768; x_wconf 80' lang='lat' dir='ltr'><strong><em>qui</em></strong></span> 
     </span>
    </p>
   </div>
   <div class='ocr_carea' id='block_1_29' title="bbox 505 2786 3768 2856">
    <p class='ocr_par' dir='ltr' id='par_1_29' title="bbox 505 2786 3768 2856">
     <span class='ocr_line' id='line_1_29' title="bbox 505 2786 3768 2856; baseline 0 -17"><span class='ocrx_word' id='word_1_382' title='bbox 505 2805 609 2841; x_wconf 88' lang='lat' dir='ltr'><strong><em>non</em></strong></span> <span class='ocrx_word' id='word_1_383' title='bbox 641 2789 898 2854; x_wconf 89' lang='lat' dir='ltr'><strong><em>deploret.</em></strong></span> <span class='ocrx_word' id='word_1_384' title='bbox 931 2786 1129 2840; x_wconf 84' lang='lat' dir='ltr'><strong><em>Eorum</em></strong></span> <span class='ocrx_word' id='word_1_385' title='bbox 1180 2805 1300 2841; x_wconf 88' lang='lat' dir='ltr'><strong><em>vero</em></strong></span> <span class='ocrx_word' id='word_1_386' title='bbox 1365 2790 1677 2850; x_wconf 88' lang='lat' dir='ltr'><strong><em>remedium,</em></strong></span> <span class='ocrx_word' id='word_1_387' title='bbox 1718 2805 1834 2840; x_wconf 89' lang='lat' dir='ltr'><strong><em>cum</em></strong></span> <span class='ocrx_word' id='word_1_388' title='bbox 1897 2790 1950 2842; x_wconf 91' lang='lat' dir='ltr'><strong><em>in</em></strong></span> <span class='ocrx_word' id='word_1_389' title='bbox 2008 2789 2207 2843; x_wconf 61' lang='lat' dir='ltr'><strong><em>caelesti</em></strong></span> <span class='ocrx_word' id='word_1_390' title='bbox 2263 2806 2325 2842; x_wconf 90' lang='lat' dir='ltr'><strong><em>ac</em></strong></span> <span class='ocrx_word' id='word_1_391' title='bbox 2360 2789 2536 2842; x_wconf 88' lang='lat' dir='ltr'><strong><em>divina</em></strong></span> <span class='ocrx_word' id='word_1_392' title='bbox 2567 2789 2822 2856; x_wconf 68' lang='lat' dir='ltr'><strong><em>praesidio</em></strong></span> <span class='ocrx_word' id='word_1_393' title='bbox 2871 2787 3133 2853; x_wconf 68' lang='lat' dir='ltr'><strong><em>praecipue</em></strong></span> <span class='ocrx_word' id='word_1_394' title='bbox 3172 2789 3334 2840; x_wconf 90' lang='lat' dir='ltr'><strong><em>situm</em></strong></span> <span class='ocrx_word' id='word_1_395' title='bbox 3365 2788 3454 2850; x_wconf 88' lang='lat' dir='ltr'><strong><em>sit,</em></strong></span> <span class='ocrx_word' id='word_1_396' title='bbox 3485 2789 3536 2839; x_wconf 91' lang='lat' dir='ltr'><strong><em>in</em></strong></span> <span class='ocrx_word' id='word_1_397' title='bbox 3589 2801 3768 2840; x_wconf 80' lang='lat' dir='ltr'><strong><em>vestra</em></strong></span> 
     </span>
    </p>
   </div>
   <div class='ocr_carea' id='block_1_30' title="bbox 507 2872 3770 2944">
    <p class='ocr_par' dir='ltr' id='par_1_30' title="bbox 507 2872 3770 2944">
     <span class='ocr_line' id='line_1_30' title="bbox 507 2872 3770 2944; baseline -0 -18"><span class='ocrx_word' id='word_1_398' title='bbox 507 2887 704 2937; x_wconf 81' lang='lat' dir='ltr'><strong><em>tamen,</em></strong></span> <span class='ocrx_word' id='word_1_399' title='bbox 737 2876 923 2944; x_wconf 87' lang='lat' dir='ltr'><strong><em>quibus</em></strong></span> <span class='ocrx_word' id='word_1_400' title='bbox 955 2875 1140 2944; x_wconf 84' lang='lat' dir='ltr'><strong><em>populi</em></strong></span> <span class='ocrx_word' id='word_1_401' title='bbox 1169 2875 1466 2930; x_wconf 86' lang='lat' dir='ltr'><strong><em>Christiani</em></strong></span> <span class='ocrx_word' id='word_1_402' title='bbox 1497 2878 1647 2930; x_wconf 90' lang='lat' dir='ltr'><strong><em>salus</em></strong></span> <span class='ocrx_word' id='word_1_403' title='bbox 1684 2878 1968 2930; x_wconf 86' lang='lat' dir='ltr'><strong><em>commissa</em></strong></span> <span class='ocrx_word' id='word_1_404' title='bbox 1994 2889 2092 2940; x_wconf 88' lang='lat' dir='ltr'><strong><em>est,</em></strong></span> <span class='ocrx_word' id='word_1_405' title='bbox 2123 2877 2261 2930; x_wconf 91' lang='lat' dir='ltr'><strong><em>bona</em></strong></span> <span class='ocrx_word' id='word_1_406' title='bbox 2292 2891 2356 2928; x_wconf 76' lang='lat' dir='ltr'><strong><em>ex</em></strong></span> <span class='ocrx_word' id='word_1_407' title='bbox 2383 2883 2532 2935; x_wconf 86' lang='lat' dir='ltr'><strong><em>parte</em></strong></span> <span class='ocrx_word' id='word_1_408' title='bbox 2576 2874 2802 2939; x_wconf 89' lang='lat' dir='ltr'><strong><em>positum</em></strong></span> <span class='ocrx_word' id='word_1_409' title='bbox 2845 2889 2977 2937; x_wconf 90' lang='lat' dir='ltr'><strong><em>esse,</em></strong></span> <span class='ocrx_word' id='word_1_410' title='bbox 3009 2889 3208 2943; x_wconf 80' lang='lat' dir='ltr'><strong><em>quteso,</em></strong></span> <span class='ocrx_word' id='word_1_411' title='bbox 3241 2872 3599 2928; x_wconf 87' lang='lat' dir='ltr'><strong><em>arbitremini.</em></strong></span> <span class='ocrx_word' id='word_1_412' title='bbox 3641 2873 3770 2938; x_wconf 78' lang='lat' dir='ltr'><strong><em>Quis</em></strong></span> 
     </span>
    </p>
   </div>
   <div class='ocr_carea' id='block_1_31' title="bbox 503 2960 3773 3031">
    <p class='ocr_par' dir='ltr' id='par_1_31' title="bbox 503 2960 3773 3031">
     <span class='ocr_line' id='line_1_31' title="bbox 503 2960 3773 3031; baseline -0 -17"><span class='ocrx_word' id='word_1_413' title='bbox 503 2964 643 3015; x_wconf 91' lang='lat' dir='ltr'><strong><em>enim</em></strong></span> <span class='ocrx_word' id='word_1_414' title='bbox 674 2964 730 3017; x_wconf 92' lang='lat' dir='ltr'><strong><em>in</em></strong></span> <span class='ocrx_word' id='word_1_415' title='bbox 768 2965 959 3017; x_wconf 89' lang='lat' dir='ltr'><strong><em>divinis</em></strong></span> <span class='ocrx_word' id='word_1_416' title='bbox 995 2962 1235 3028; x_wconf 88' lang='lat' dir='ltr'><strong><em>Litteris,</em></strong></span> <span class='ocrx_word' id='word_1_417' title='bbox 1265 2965 1609 3018; x_wconf 87' lang='lat' dir='ltr'><strong><em>conciliorum</em></strong></span> <span class='ocrx_word' id='word_1_418' title='bbox 1641 2965 1892 3031; x_wconf 83' lang='lat' dir='ltr'><strong><em>decretis,</em></strong></span> <span class='ocrx_word' id='word_1_419' title='bbox 1927 2963 2153 3018; x_wconf 84' lang='lat' dir='ltr'><strong><em>Patrum</em></strong></span> <span class='ocrx_word' id='word_1_420' title='bbox 2203 2963 2441 3030; x_wconf 87' lang='lat' dir='ltr'><strong><em>scriptis,</em></strong></span> <span class='ocrx_word' id='word_1_421' title='bbox 2469 2962 2702 3031; x_wconf 64' lang='lat' dir='ltr'><strong><em>antiquis</em></strong></span> <span class='ocrx_word' id='word_1_422' title='bbox 2732 2962 2992 3021; x_wconf 82' lang='lat' dir='ltr'><strong><em>historiis,</em></strong></span> <span class='ocrx_word' id='word_1_423' title='bbox 3034 2960 3357 3031; x_wconf 89' lang='lat' dir='ltr'><strong><em>quotidianis</em></strong></span> <span class='ocrx_word' id='word_1_424' title='bbox 3397 2962 3773 3026; x_wconf 65' lang='lat' dir='ltr'><strong><em>experimentis</em></strong></span> 
     </span>
    </p>
   </div>
   <div class='ocr_carea' id='block_1_32' title="bbox 509 3028 3774 3122">
    <p class='ocr_par' dir='ltr' id='par_1_32' title="bbox 509 3028 3774 3122">
     <span class='ocr_line' id='line_1_32' title="bbox 509 3028 3774 3122; baseline 0 -20"><span class='ocrx_word' id='word_1_425' title='bbox 509 3061 619 3104; x_wconf 90' lang='lat' dir='ltr'><strong><em>tam</em></strong></span> <span class='ocrx_word' id='word_1_426' title='bbox 652 3052 986 3121; x_wconf 87' lang='lat' dir='ltr'><strong><em>peregrinus,</em></strong></span> <span class='ocrx_word' id='word_1_427' title='bbox 1017 3053 1107 3122; x_wconf 90' lang='lat' dir='ltr'><strong><em>qui</em></strong></span> <span class='ocrx_word' id='word_1_428' title='bbox 1139 3055 1360 3116; x_wconf 84' lang='lat' dir='ltr'><strong><em>nesciat,</em></strong></span> <span class='ocrx_word' id='word_1_429' title='bbox 1385 3046 1654 3105; x_wconf 80' lang='lat' dir='ltr'><strong><em>ministros</em></strong></span> <span class='ocrx_word' id='word_1_430' title='bbox 1687 3028 1985 3106; x_wconf 65' lang='lat' dir='ltr'><strong><em>Christiani</em></strong></span> <span class='ocrx_word' id='word_1_431' title='bbox 2021 3052 2290 3119; x_wconf 76' lang='lat' dir='ltr'><strong><em>Evangelii</em></strong></span> <span class='ocrx_word' id='word_1_432' title='bbox 2333 3051 2380 3103; x_wconf 92' lang='lat' dir='ltr'><strong><em>si</em></strong></span> <span class='ocrx_word' id='word_1_433' title='bbox 2413 3066 2593 3103; x_wconf 91' lang='lat' dir='ltr'><strong><em>eorum</em></strong></span> <span class='ocrx_word' id='word_1_434' title='bbox 2632 3051 2740 3102; x_wconf 92' lang='lat' dir='ltr'><strong><em>vita</em></strong></span> <span class='ocrx_word' id='word_1_435' title='bbox 2776 3049 2936 3118; x_wconf 87' lang='lat' dir='ltr'><strong><em>digna</em></strong></span> <span class='ocrx_word' id='word_1_436' title='bbox 2973 3051 3062 3111; x_wconf 80' lang='lat' dir='ltr'><strong><em>sit,</em></strong></span> <span class='ocrx_word' id='word_1_437' title='bbox 3095 3051 3337 3102; x_wconf 91' lang='lat' dir='ltr'><strong><em>doctrina</em></strong></span> <span class='ocrx_word' id='word_1_438' title='bbox 3367 3062 3659 3115; x_wconf 71' lang='lat' dir='ltr'><strong><em>priestans,</em></strong></span> <span class='ocrx_word' id='word_1_439' title='bbox 3692 3053 3774 3104; x_wconf 58' lang='lat' dir='ltr'><strong><em>inv</em></strong></span> 
     </span>
    </p>
   </div>
   <div class='ocr_carea' id='block_1_33' title="bbox 509 3134 3773 3210">
    <p class='ocr_par' dir='ltr' id='par_1_33' title="bbox 509 3134 3773 3210">
     <span class='ocr_line' id='line_1_33' title="bbox 509 3134 3773 3210; baseline -0.002 -16"><span class='ocrx_word' id='word_1_440' title='bbox 509 3143 751 3194; x_wconf 84' lang='lat' dir='ltr'><strong><em>nocentia</em></strong></span> <span class='ocrx_word' id='word_1_441' title='bbox 801 3142 1048 3209; x_wconf 87' lang='lat' dir='ltr'><strong><em>probata,</em></strong></span> <span class='ocrx_word' id='word_1_442' title='bbox 1097 3144 1356 3194; x_wconf 87' lang='lat' dir='ltr'><strong><em>sanctitas</em></strong></span> <span class='ocrx_word' id='word_1_443' title='bbox 1422 3151 1680 3209; x_wconf 85' lang='lat' dir='ltr'><strong><em>spectata.</em></strong></span> <span class='ocrx_word' id='word_1_444' title='bbox 1743 3140 1941 3195; x_wconf 86' lang='lat' dir='ltr'><strong><em>Christi</em></strong></span> <span class='ocrx_word' id='word_1_445' title='bbox 1992 3138 2184 3210; x_wconf 85' lang='lat' dir='ltr'><strong><em>populo</em></strong></span> <span class='ocrx_word' id='word_1_446' title='bbox 2240 3136 2528 3204; x_wconf 84' lang='lat' dir='ltr'><strong><em>plurimum</em></strong></span> <span class='ocrx_word' id='word_1_447' title='bbox 2582 3135 2942 3203; x_wconf 78' lang='lat' dir='ltr'><strong><em>profuturos?</em></strong></span> <span class='ocrx_word' id='word_1_448' title='bbox 2989 3134 3217 3195; x_wconf 86' lang='lat' dir='ltr'><strong><em>Contra,</em></strong></span> <span class='ocrx_word' id='word_1_449' title='bbox 3262 3135 3306 3188; x_wconf 90' lang='lat' dir='ltr'><strong><em>si</em></strong></span> <span class='ocrx_word' id='word_1_450' title='bbox 3338 3136 3427 3188; x_wconf 91' lang='lat' dir='ltr'><strong><em>isti</em></strong></span> <span class='ocrx_word' id='word_1_451' title='bbox 3459 3135 3643 3202; x_wconf 79' lang='lat' dir='ltr'><strong><em>ofﬁcio</em></strong></span> <span class='ocrx_word' id='word_1_452' title='bbox 3681 3152 3773 3189; x_wconf 90' lang='lat' dir='ltr'><strong><em>suo</em></strong></span> 
     </span>
    </p>
   </div>
   <div class='ocr_carea' id='block_1_34' title="bbox 507 3222 3779 3292">
    <p class='ocr_par' dir='ltr' id='par_1_34' title="bbox 507 3222 3779 3292">
     <span class='ocr_line' id='line_1_34' title="bbox 507 3222 3779 3292; baseline -0.001 -15"><span class='ocrx_word' id='word_1_453' title='bbox 507 3229 699 3285; x_wconf 82' lang='lat' dir='ltr'><strong><em>desint.</em></strong></span> <span class='ocrx_word' id='word_1_454' title='bbox 730 3230 964 3281; x_wconf 85' lang='lat' dir='ltr'><strong><em>muneris</em></strong></span> <span class='ocrx_word' id='word_1_455' title='bbox 999 3229 1083 3281; x_wconf 87' lang='lat' dir='ltr'><strong><em>sui</em></strong></span> <span class='ocrx_word' id='word_1_456' title='bbox 1113 3230 1525 3286; x_wconf 83' lang='lat' dir='ltr'><strong><em>obliviscantur.</em></strong></span> <span class='ocrx_word' id='word_1_457' title='bbox 1556 3231 1763 3282; x_wconf 90' lang='lat' dir='ltr'><strong><em>nullum</em></strong></span> <span class='ocrx_word' id='word_1_458' title='bbox 1789 3231 1842 3281; x_wconf 91' lang='lat' dir='ltr'><strong><em>in</em></strong></span> <span class='ocrx_word' id='word_1_459' title='bbox 1871 3229 1979 3282; x_wconf 89' lang='lat' dir='ltr'><strong><em>illis</em></strong></span> <span class='ocrx_word' id='word_1_460' title='bbox 2007 3228 2261 3280; x_wconf 72' lang='lat' dir='ltr'><strong><em>doctrinm</em></strong></span> <span class='ocrx_word' id='word_1_461' title='bbox 2288 3236 2334 3277; x_wconf 88' lang='lat' dir='ltr'><strong><em>et</em></strong></span> <span class='ocrx_word' id='word_1_462' title='bbox 2365 3225 2644 3292; x_wconf 84' lang='lat' dir='ltr'><strong><em>probitatis</em></strong></span> <span class='ocrx_word' id='word_1_463' title='bbox 2686 3223 2946 3287; x_wconf 80' lang='lat' dir='ltr'><strong><em>specimen</em></strong></span> <span class='ocrx_word' id='word_1_464' title='bbox 2975 3233 3252 3288; x_wconf 80' lang='lat' dir='ltr'><strong><em>appareat,</em></strong></span> <span class='ocrx_word' id='word_1_465' title='bbox 3282 3222 3637 3274; x_wconf 89' lang='lat' dir='ltr'><strong><em>edacissimas</em></strong></span> <span class='ocrx_word' id='word_1_466' title='bbox 3667 3239 3779 3276; x_wconf 86' lang='lat' dir='ltr'><strong><em>esse</em></strong></span> 
     </span>
    </p>
   </div>
   <div class='ocr_carea' id='block_1_35' title="bbox 507 3310 3778 3384">
    <p class='ocr_par' dir='ltr' id='par_1_35' title="bbox 507 3310 3778 3384">
     <span class='ocr_line' id='line_1_35' title="bbox 507 3310 3778 3384; baseline -0.002 -17"><span class='ocrx_word' id='word_1_467' title='bbox 507 3316 677 3368; x_wconf 79' lang='lat' dir='ltr'><strong><em>tineas</em></strong></span> <span class='ocrx_word' id='word_1_468' title='bbox 730 3326 780 3370; x_wconf 90' lang='lat' dir='ltr'><strong><em>et</em></strong></span> <span class='ocrx_word' id='word_1_469' title='bbox 820 3318 1135 3384; x_wconf 85' lang='lat' dir='ltr'><strong><em>ferrugines.</em></strong></span> <span class='ocrx_word' id='word_1_470' title='bbox 1178 3333 1293 3381; x_wconf 71' lang='lat' dir='ltr'><strong><em>qua:</em></strong></span> <span class='ocrx_word' id='word_1_471' title='bbox 1323 3317 1526 3369; x_wconf 90' lang='lat' dir='ltr'><strong><em>intimis</em></strong></span> <span class='ocrx_word' id='word_1_472' title='bbox 1553 3332 1728 3370; x_wconf 91' lang='lat' dir='ltr'><strong><em>rerum</em></strong></span> <span class='ocrx_word' id='word_1_473' title='bbox 1755 3316 2089 3384; x_wconf 90' lang='lat' dir='ltr'><strong><em>publicarum</em></strong></span> <span class='ocrx_word' id='word_1_474' title='bbox 2120 3312 2402 3366; x_wconf 85' lang='lat' dir='ltr'><strong><em>visceribus</em></strong></span> <span class='ocrx_word' id='word_1_475' title='bbox 2437 3313 2785 3371; x_wconf 79' lang='lat' dir='ltr'><strong><em>adhtvrenles,</em></strong></span> <span class='ocrx_word' id='word_1_476' title='bbox 2823 3310 2955 3362; x_wconf 90' lang='lat' dir='ltr'><strong><em>lente</em></strong></span> <span class='ocrx_word' id='word_1_477' title='bbox 2987 3311 3196 3379; x_wconf 86' lang='lat' dir='ltr'><strong><em>quidem</em></strong></span> <span class='ocrx_word' id='word_1_478' title='bbox 3228 3326 3290 3362; x_wconf 93' lang='lat' dir='ltr'><strong><em>ac</em></strong></span> <span class='ocrx_word' id='word_1_479' title='bbox 3337 3311 3452 3362; x_wconf 89' lang='lat' dir='ltr'><strong><em>sine</em></strong></span> <span class='ocrx_word' id='word_1_480' title='bbox 3477 3327 3778 3378; x_wconf 84' lang='lat' dir='ltr'><strong><em>murmure,</em></strong></span> 
     </span>
    </p>
   </div>
   <div class='ocr_carea' id='block_1_36' title="bbox 507 3397 3778 3471">
    <p class='ocr_par' dir='ltr' id='par_1_36' title="bbox 507 3397 3778 3471">
     <span class='ocr_line' id='line_1_36' title="bbox 507 3397 3778 3471; baseline -0.002 -16"><span class='ocrx_word' id='word_1_481' title='bbox 507 3405 598 3455; x_wconf 84' lang='lat' dir='ltr'><strong><em>sed</em></strong></span> <span class='ocrx_word' id='word_1_482' title='bbox 633 3405 842 3457; x_wconf 88' lang='lat' dir='ltr'><strong><em>tandem</em></strong></span> <span class='ocrx_word' id='word_1_483' title='bbox 902 3405 1262 3456; x_wconf 83' lang='lat' dir='ltr'><strong><em>inhumaniter</em></strong></span> <span class='ocrx_word' id='word_1_484' title='bbox 1297 3419 1386 3457; x_wconf 90' lang='lat' dir='ltr'><strong><em>eas</em></strong></span> <span class='ocrx_word' id='word_1_485' title='bbox 1429 3404 1714 3456; x_wconf 86' lang='lat' dir='ltr'><strong><em>cor-rodunt</em></strong></span> <span class='ocrx_word' id='word_1_486' title='bbox 1755 3419 1816 3456; x_wconf 89' lang='lat' dir='ltr'><strong><em>ac</em></strong></span> <span class='ocrx_word' id='word_1_487' title='bbox 1845 3405 2169 3471; x_wconf 86' lang='lat' dir='ltr'><strong><em>discerpunt.</em></strong></span> <span class='ocrx_word' id='word_1_488' title='bbox 2209 3400 2344 3454; x_wconf 89' lang='lat' dir='ltr'><strong><em>Sunt</em></strong></span> <span class='ocrx_word' id='word_1_489' title='bbox 2387 3399 2595 3469; x_wconf 89' lang='lat' dir='ltr'><strong><em>quidem</em></strong></span> <span class='ocrx_word' id='word_1_490' title='bbox 2631 3398 2712 3452; x_wconf 89' lang='lat' dir='ltr'><strong><em>illi</em></strong></span> <span class='ocrx_word' id='word_1_491' title='bbox 2758 3397 2972 3457; x_wconf 62' lang='lat' dir='ltr'><strong><em>moenia,</em></strong></span> <span class='ocrx_word' id='word_1_492' title='bbox 3022 3413 3084 3448; x_wconf 93' lang='lat' dir='ltr'><strong><em>ac</em></strong></span> <span class='ocrx_word' id='word_1_493' title='bbox 3147 3401 3550 3466; x_wconf 87' lang='lat' dir='ltr'><strong><em>propugnacula</em></strong></span> <span class='ocrx_word' id='word_1_494' title='bbox 3613 3398 3778 3465; x_wconf 81' lang='lat' dir='ltr'><strong><em>hujus</em></strong></span> 
     </span>
    </p>
   </div>
   <div class='ocr_carea' id='block_1_37' title="bbox 509 3484 3781 3560">
    <p class='ocr_par' dir='ltr' id='par_1_37' title="bbox 509 3484 3781 3560">
     <span class='ocr_line' id='line_1_37' title="bbox 509 3484 3781 3560; baseline -0.002 -19"><span class='ocrx_word' id='word_1_495' title='bbox 509 3503 861 3543; x_wconf 71' lang='lat' dir='ltr'><strong><em>sacrosancta!</em></strong></span> <span class='ocrx_word' id='word_1_496' title='bbox 885 3492 1134 3555; x_wconf 89' lang='lat' dir='ltr'><strong><em>civitatis,</em></strong></span> <span class='ocrx_word' id='word_1_497' title='bbox 1166 3493 1292 3558; x_wconf 80' lang='lat' dir='ltr'><strong><em>quid</em></strong></span> <span class='ocrx_word' id='word_1_498' title='bbox 1321 3492 1368 3545; x_wconf 87' lang='lat' dir='ltr'><strong><em>si</em></strong></span> <span class='ocrx_word' id='word_1_499' title='bbox 1405 3489 1724 3542; x_wconf 89' lang='lat' dir='ltr'><strong><em>collabentia</em></strong></span> <span class='ocrx_word' id='word_1_500' title='bbox 1776 3492 1972 3558; x_wconf 87' lang='lat' dir='ltr'><strong><em>fuerint</em></strong></span> <span class='ocrx_word' id='word_1_501' title='bbox 2003 3503 2051 3543; x_wconf 92' lang='lat' dir='ltr'><strong><em>et</em></strong></span> <span class='ocrx_word' id='word_1_502' title='bbox 2086 3490 2325 3560; x_wconf 61' lang='lat' dir='ltr'><strong><em>ruinoso,</em></strong></span> <span class='ocrx_word' id='word_1_503' title='bbox 2359 3497 2407 3538; x_wconf 91' lang='lat' dir='ltr'><strong><em>et</em></strong></span> <span class='ocrx_word' id='word_1_504' title='bbox 2440 3487 2493 3538; x_wconf 92' lang='lat' dir='ltr'><strong><em>in</em></strong></span> <span class='ocrx_word' id='word_1_505' title='bbox 2516 3488 2787 3552; x_wconf 90' lang='lat' dir='ltr'><strong><em>proprium</em></strong></span> <span class='ocrx_word' id='word_1_506' title='bbox 2819 3484 3152 3537; x_wconf 82' lang='lat' dir='ltr'><strong><em>commodum</em></strong></span> <span class='ocrx_word' id='word_1_507' title='bbox 3197 3497 3244 3536; x_wconf 88' lang='lat' dir='ltr'><strong><em>et</em></strong></span> <span class='ocrx_word' id='word_1_508' title='bbox 3280 3484 3567 3536; x_wconf 68' lang='lat' dir='ltr'><strong><em>utilitatem</em></strong></span> <span class='ocrx_word' id='word_1_509' title='bbox 3609 3486 3781 3536; x_wconf 88' lang='lat' dir='ltr'><strong><em>decli-</em></strong></span> 
     </span>
    </p>
   </div>
   <div class='ocr_carea' id='block_1_38' title="bbox 510 3570 3781 3647">
    <p class='ocr_par' dir='ltr' id='par_1_38' title="bbox 510 3570 3781 3647">
     <span class='ocr_line' id='line_1_38' title="bbox 510 3570 3781 3647; baseline -0.003 -18"><span class='ocrx_word' id='word_1_510' title='bbox 510 3577 594 3629; x_wconf 79' lang='lat' dir='ltr'><strong><em>via</em></strong></span> <span class='ocrx_word' id='word_1_511' title='bbox 619 3578 644 3630; x_wconf 70' lang='lat'><strong><em>.9</em></strong></span> <span class='ocrx_word' id='word_1_512' title='bbox 671 3576 841 3631; x_wconf 89' lang='lat' dir='ltr'><strong><em>Canes</em></strong></span> <span class='ocrx_word' id='word_1_513' title='bbox 885 3577 967 3630; x_wconf 90' lang='lat' dir='ltr'><strong><em>illi</em></strong></span> <span class='ocrx_word' id='word_1_514' title='bbox 1000 3580 1151 3631; x_wconf 89' lang='lat' dir='ltr'><strong><em>ovilis</em></strong></span> <span class='ocrx_word' id='word_1_515' title='bbox 1184 3579 1366 3647; x_wconf 87' lang='lat' dir='ltr'><strong><em>hujus,</em></strong></span> <span class='ocrx_word' id='word_1_516' title='bbox 1399 3579 1525 3647; x_wconf 90' lang='lat' dir='ltr'><strong><em>quid</em></strong></span> <span class='ocrx_word' id='word_1_517' title='bbox 1562 3581 1610 3630; x_wconf 90' lang='lat' dir='ltr'><strong><em>si</em></strong></span> <span class='ocrx_word' id='word_1_518' title='bbox 1633 3578 1976 3630; x_wconf 87' lang='lat' dir='ltr'><strong><em>somniculosi</em></strong></span> <span class='ocrx_word' id='word_1_519' title='bbox 1999 3587 2045 3629; x_wconf 88' lang='lat' dir='ltr'><strong><em>et</em></strong></span> <span class='ocrx_word' id='word_1_520' title='bbox 2076 3576 2230 3640; x_wconf 89' lang='lat' dir='ltr'><strong><em>muti,</em></strong></span> <span class='ocrx_word' id='word_1_521' title='bbox 2261 3577 2364 3626; x_wconf 89' lang='lat' dir='ltr'><strong><em>imo</em></strong></span> <span class='ocrx_word' id='word_1_522' title='bbox 2393 3575 2552 3642; x_wconf 82' lang='lat' dir='ltr'><strong><em>(quod</em></strong></span> <span class='ocrx_word' id='word_1_523' title='bbox 2583 3573 2890 3632; x_wconf 89' lang='lat' dir='ltr'><strong><em>dolendum)</em></strong></span> <span class='ocrx_word' id='word_1_524' title='bbox 2919 3570 3250 3638; x_wconf 84' lang='lat' dir='ltr'><strong><em>rapacissimi</em></strong></span> <span class='ocrx_word' id='word_1_525' title='bbox 3274 3571 3402 3636; x_wconf 88' lang='lat' dir='ltr'><strong><em>lupi,</em></strong></span> <span class='ocrx_word' id='word_1_526' title='bbox 3435 3570 3781 3635; x_wconf 86' lang='lat' dir='ltr'><strong><em>prapriarum</em></strong></span> 
     </span>
    </p>
   </div>
   <div class='ocr_carea' id='block_1_39' title="bbox 514 3657 3785 3735">
    <p class='ocr_par' dir='ltr' id='par_1_39' title="bbox 514 3657 3785 3735">
     <span class='ocr_line' id='line_1_39' title="bbox 514 3657 3785 3735; baseline -0.002 -18"><span class='ocrx_word' id='word_1_527' title='bbox 514 3665 691 3717; x_wconf 88' lang='lat' dir='ltr'><strong><em>ovium</em></strong></span> <span class='ocrx_word' id='word_1_528' title='bbox 719 3667 920 3720; x_wconf 72' lang='lat' dir='ltr'><strong><em>exuviis</em></strong></span> <span class='ocrx_word' id='word_1_529' title='bbox 949 3667 1176 3733; x_wconf 79' lang='lat' dir='ltr'><strong><em>efferati,</em></strong></span> <span class='ocrx_word' id='word_1_530' title='bbox 1215 3683 1395 3719; x_wconf 89' lang='lat' dir='ltr'><strong><em>earum</em></strong></span> <span class='ocrx_word' id='word_1_531' title='bbox 1429 3667 1686 3735; x_wconf 88' lang='lat' dir='ltr'><strong><em>sanguine</em></strong></span> <span class='ocrx_word' id='word_1_532' title='bbox 1723 3666 1882 3717; x_wconf 85' lang='lat' dir='ltr'><strong><em>rictus</em></strong></span> <span class='ocrx_word' id='word_1_533' title='bbox 1921 3674 1968 3716; x_wconf 88' lang='lat' dir='ltr'><strong><em>et</em></strong></span> <span class='ocrx_word' id='word_1_534' title='bbox 2001 3679 2194 3732; x_wconf 87' lang='lat' dir='ltr'><strong><em>ungues</em></strong></span> <span class='ocrx_word' id='word_1_535' title='bbox 2221 3661 2419 3728; x_wconf 84' lang='lat' dir='ltr'><strong><em>perfusi</em></strong></span> <span class='ocrx_word' id='word_1_536' title='bbox 2445 3660 2470 3712; x_wconf 86' lang='lat'><strong><em>?</em></strong></span> <span class='ocrx_word' id='word_1_537' title='bbox 2498 3658 2633 3714; x_wconf 87' lang='lat' dir='ltr'><strong><em>Sunt</em></strong></span> <span class='ocrx_word' id='word_1_538' title='bbox 2669 3661 2929 3711; x_wconf 66' lang='lat' dir='ltr'><strong><em>exercitus</em></strong></span> <span class='ocrx_word' id='word_1_539' title='bbox 2955 3658 3123 3709; x_wconf 86' lang='lat' dir='ltr'><strong><em>nostri</em></strong></span> <span class='ocrx_word' id='word_1_540' title='bbox 3147 3657 3480 3724; x_wconf 84' lang='lat' dir='ltr'><strong><em>antesignani</em></strong></span> <span class='ocrx_word' id='word_1_541' title='bbox 3513 3667 3557 3708; x_wconf 90' lang='lat' dir='ltr'><strong><em>et</em></strong></span> <span class='ocrx_word' id='word_1_542' title='bbox 3587 3658 3785 3723; x_wconf 86' lang='lat' dir='ltr'><strong><em>primi-</em></strong></span> 
     </span>
    </p>
   </div>
   <div class='ocr_carea' id='block_1_40' title="bbox 510 3743 3778 3822">
    <p class='ocr_par' dir='ltr' id='par_1_40' title="bbox 510 3743 3778 3822">
     <span class='ocr_line' id='line_1_40' title="bbox 510 3743 3778 3822; baseline -0.003 -18"><span class='ocrx_word' id='word_1_543' title='bbox 510 3753 608 3819; x_wconf 89' lang='lat' dir='ltr'><strong><em>pili</em></strong></span> <span class='ocrx_word' id='word_1_544' title='bbox 635 3767 653 3805; x_wconf 89' lang='lat'><em>:</em></span> <span class='ocrx_word' id='word_1_545' title='bbox 680 3755 806 3822; x_wconf 91' lang='lat' dir='ltr'><strong><em>quid</em></strong></span> <span class='ocrx_word' id='word_1_546' title='bbox 838 3755 885 3807; x_wconf 89' lang='lat' dir='ltr'><strong><em>si</em></strong></span> <span class='ocrx_word' id='word_1_547' title='bbox 924 3754 1324 3822; x_wconf 89' lang='lat' dir='ltr'><strong><em>transfugarum</em></strong></span> <span class='ocrx_word' id='word_1_548' title='bbox 1351 3762 1398 3805; x_wconf 81' lang='lat' dir='ltr'><strong><em>et</em></strong></span> <span class='ocrx_word' id='word_1_549' title='bbox 1434 3753 1838 3816; x_wconf 76' lang='lat' dir='ltr'><strong><em>exploratorum</em></strong></span> <span class='ocrx_word' id='word_1_550' title='bbox 1868 3751 2044 3820; x_wconf 90' lang='lat' dir='ltr'><strong><em>of/icio</em></strong></span> <span class='ocrx_word' id='word_1_551' title='bbox 2072 3749 2405 3817; x_wconf 82' lang='lat' dir='ltr'><strong><em>fungantur?</em></strong></span> <span class='ocrx_word' id='word_1_552' title='bbox 2459 3743 2808 3799; x_wconf 67' lang='lat' dir='ltr'><strong><em>Pra&#39;sentium</em></strong></span> <span class='ocrx_word' id='word_1_553' title='bbox 2848 3747 3109 3797; x_wconf 88' lang='lat' dir='ltr'><strong><em>malorum</em></strong></span> <span class='ocrx_word' id='word_1_554' title='bbox 3142 3744 3428 3807; x_wconf 88' lang='lat' dir='ltr'><strong><em>medicina,</em></strong></span> <span class='ocrx_word' id='word_1_555' title='bbox 3465 3743 3778 3810; x_wconf 79' lang='lat' dir='ltr'><strong><em>futurorum</em></strong></span> 
     </span>
    </p>
   </div>
   <div class='ocr_carea' id='block_1_41' title="bbox 513 3830 3783 3908">
    <p class='ocr_par' dir='ltr' id='par_1_41' title="bbox 513 3830 3783 3908">
     <span class='ocr_line' id='line_1_41' title="bbox 513 3830 3783 3908; baseline -0.001 -18"><span class='ocrx_word' id='word_1_556' title='bbox 513 3840 854 3904; x_wconf 73' lang='lat' dir='ltr'><strong><em>prteservatio</em></strong></span> <span class='ocrx_word' id='word_1_557' title='bbox 879 3857 994 3893; x_wconf 89' lang='lat' dir='ltr'><strong><em>esse</em></strong></span> <span class='ocrx_word' id='word_1_558' title='bbox 1021 3840 1193 3894; x_wconf 87' lang='lat' dir='ltr'><strong><em>solent</em></strong></span> <span class='ocrx_word' id='word_1_559' title='bbox 1215 3856 1232 3897; x_wconf 86' lang='grc'><strong><em>.·</em></strong></span> <span class='ocrx_word' id='word_1_560' title='bbox 1268 3857 1337 3892; x_wconf 90' lang='lat' dir='ltr'><strong><em>an</em></strong></span> <span class='ocrx_word' id='word_1_561' title='bbox 1391 3841 1555 3908; x_wconf 87' lang='lat' dir='ltr'><strong><em>igitur</em></strong></span> <span class='ocrx_word' id='word_1_562' title='bbox 1590 3856 1840 3892; x_wconf 60' lang='lat' dir='ltr'><strong><em>vtnerium</em></strong></span> <span class='ocrx_word' id='word_1_563' title='bbox 1878 3840 1991 3890; x_wconf 87' lang='lat' dir='ltr'><strong><em>loco</em></strong></span> <span class='ocrx_word' id='word_1_564' title='bbox 2024 3837 2252 3889; x_wconf 84' lang='lat' dir='ltr'><strong><em>antidoti</em></strong></span> <span class='ocrx_word' id='word_1_565' title='bbox 2283 3835 2432 3887; x_wconf 82' lang='lat' dir='ltr'><strong><em>nobis</em></strong></span> <span class='ocrx_word' id='word_1_566' title='bbox 2480 3835 2855 3904; x_wconf 86' lang='lat' dir='ltr'><strong><em>propinabunt,</em></strong></span> <span class='ocrx_word' id='word_1_567' title='bbox 2885 3843 3080 3899; x_wconf 81' lang='lat' dir='ltr'><strong><em>pestem</em></strong></span> <span class='ocrx_word' id='word_1_568' title='bbox 3111 3847 3172 3881; x_wconf 89' lang='lat' dir='ltr'><strong><em>ac</em></strong></span> <span class='ocrx_word' id='word_1_569' title='bbox 3208 3830 3341 3882; x_wconf 89' lang='lat' dir='ltr'><strong><em>luem</em></strong></span> <span class='ocrx_word' id='word_1_570' title='bbox 3372 3830 3513 3882; x_wconf 90' lang='lat' dir='ltr'><strong><em>intra</em></strong></span> <span class='ocrx_word' id='word_1_571' title='bbox 3563 3844 3783 3886; x_wconf 89' lang='lat' dir='ltr'><strong><em>nostros</em></strong></span> 
     </span>
    </p>
   </div>
   <div class='ocr_carea' id='block_1_42' title="bbox 513 3917 3785 3994">
    <p class='ocr_par' dir='ltr' id='par_1_42' title="bbox 513 3917 3785 3994">
     <span class='ocr_line' id='line_1_42' title="bbox 513 3917 3785 3994; baseline -0.003 -16"><span class='ocrx_word' id='word_1_572' title='bbox 513 3928 738 3994; x_wconf 87' lang='lat' dir='ltr'><strong><em>parietes</em></strong></span> <span class='ocrx_word' id='word_1_573' title='bbox 768 3929 1094 3984; x_wconf 69' lang='lat' dir='ltr'><strong><em>immitteret?</em></strong></span> <span class='ocrx_word' id='word_1_574' title='bbox 1116 3928 1389 3980; x_wconf 85' lang='lat' dir='ltr'><strong><em>Bonorum</em></strong></span> <span class='ocrx_word' id='word_1_575' title='bbox 1423 3929 1504 3979; x_wconf 90' lang='lat' dir='ltr'><strong><em>illi</em></strong></span> <span class='ocrx_word' id='word_1_576' title='bbox 1544 3945 1606 3980; x_wconf 91' lang='lat' dir='ltr'><strong><em>ac</em></strong></span> <span class='ocrx_word' id='word_1_577' title='bbox 1638 3926 2033 3981; x_wconf 86' lang='lat' dir='ltr'><strong><em>Catholicorum</em></strong></span> <span class='ocrx_word' id='word_1_578' title='bbox 2067 3924 2377 3994; x_wconf 85' lang='lat' dir='ltr'><strong><em>defensores,</em></strong></span> <span class='ocrx_word' id='word_1_579' title='bbox 2407 3922 2687 3987; x_wconf 84' lang='lat' dir='ltr'><strong><em>impiorum</em></strong></span> <span class='ocrx_word' id='word_1_580' title='bbox 2723 3930 2769 3972; x_wconf 89' lang='lat' dir='ltr'><strong><em>et</em></strong></span> <span class='ocrx_word' id='word_1_581' title='bbox 2809 3919 3131 3984; x_wconf 83' lang='lat' dir='ltr'><strong><em>perﬁdorum</em></strong></span> <span class='ocrx_word' id='word_1_582' title='bbox 3179 3917 3351 3970; x_wconf 85' lang='lat' dir='ltr'><strong><em>hostes</em></strong></span> <span class='ocrx_word' id='word_1_583' title='bbox 3388 3933 3496 3970; x_wconf 85' lang='lat' dir='ltr'><strong><em>esse</em></strong></span> <span class='ocrx_word' id='word_1_584' title='bbox 3532 3918 3730 3971; x_wconf 86' lang='lat' dir='ltr'><strong><em>debent</em></strong></span> <span class='ocrx_word' id='word_1_585' title='bbox 3763 3933 3785 3982; x_wconf 87' lang='lat'><strong><em>;</em></strong></span> 
     </span>
    </p>
   </div>
   <div class='ocr_carea' id='block_1_43' title="bbox 516 4004 3789 4074">
    <p class='ocr_par' dir='ltr' id='par_1_43' title="bbox 516 4004 3789 4074">
     <span class='ocr_line' id='line_1_43' title="bbox 516 4004 3789 4074; baseline -0.004 -7"><span class='ocrx_word' id='word_1_586' title='bbox 516 4031 652 4068; x_wconf 88' lang='lat' dir='ltr'><strong><em>anne</em></strong></span> <span class='ocrx_word' id='word_1_587' title='bbox 680 4016 786 4067; x_wconf 88' lang='lat' dir='ltr'><strong><em>vice</em></strong></span> <span class='ocrx_word' id='word_1_588' title='bbox 811 4031 961 4068; x_wconf 89' lang='lat' dir='ltr'><strong><em>versa</em></strong></span> <span class='ocrx_word' id='word_1_589' title='bbox 1002 4018 1148 4067; x_wconf 91' lang='lat' dir='ltr'><strong><em>bonis</em></strong></span> <span class='ocrx_word' id='word_1_590' title='bbox 1177 4025 1225 4066; x_wconf 89' lang='lat' dir='ltr'><strong><em>et</em></strong></span> <span class='ocrx_word' id='word_1_591' title='bbox 1259 4014 1544 4069; x_wconf 87' lang='lat' dir='ltr'><strong><em>Catholicis</em></strong></span> <span class='ocrx_word' id='word_1_592' title='bbox 1580 4015 1810 4067; x_wconf 72' lang='lat' dir='ltr'><strong><em>molesta:</em></strong></span> <span class='ocrx_word' id='word_1_593' title='bbox 1851 4029 2083 4066; x_wconf 80' lang='lat' dir='ltr'><strong><em>noverca:</em></strong></span> <span class='ocrx_word' id='word_1_594' title='bbox 2122 4022 2294 4072; x_wconf 89' lang='lat' dir='ltr'><strong><em>erunt,</em></strong></span> <span class='ocrx_word' id='word_1_595' title='bbox 2327 4010 2497 4074; x_wconf 77' lang='lat' dir='ltr'><strong><em>impiis</em></strong></span> <span class='ocrx_word' id='word_1_596' title='bbox 2553 4020 2599 4061; x_wconf 91' lang='lat' dir='ltr'><strong><em>et</em></strong></span> <span class='ocrx_word' id='word_1_597' title='bbox 2635 4007 2848 4074; x_wconf 82' lang='lat' dir='ltr'><strong><em>perfidis</em></strong></span> <span class='ocrx_word' id='word_1_598' title='bbox 2901 4005 3223 4070; x_wconf 83' lang='lat' dir='ltr'><strong><em>indulgentes</em></strong></span> <span class='ocrx_word' id='word_1_599' title='bbox 3283 4015 3328 4056; x_wconf 90' lang='lat' dir='ltr'><strong><em>et</em></strong></span> <span class='ocrx_word' id='word_1_600' title='bbox 3364 4004 3540 4056; x_wconf 83' lang='lat' dir='ltr'><strong><em>molles</em></strong></span> <span class='ocrx_word' id='word_1_601' title='bbox 3601 4006 3789 4058; x_wconf 81' lang='lat' dir='ltr'><strong><em>nutri-</em></strong></span> 
     </span>
    </p>
   </div>
   <div class='ocr_carea' id='block_1_44' title="bbox 518 4091 3783 4170">
    <p class='ocr_par' dir='ltr' id='par_1_44' title="bbox 518 4091 3783 4170">
     <span class='ocr_line' id='line_1_44' title="bbox 518 4091 3783 4170; baseline -0.004 -17"><span class='ocrx_word' id='word_1_602' title='bbox 518 4103 698 4156; x_wconf 74' lang='lat' dir='ltr'><strong><em>cula’?</em></strong></span> <span class='ocrx_word' id='word_1_603' title='bbox 731 4101 962 4170; x_wconf 88' lang='lat' dir='ltr'><strong><em>Denique</em></strong></span> <span class='ocrx_word' id='word_1_604' title='bbox 987 4102 1069 4152; x_wconf 86' lang='lat' dir='ltr'><strong><em>illi</em></strong></span> <span class='ocrx_word' id='word_1_605' title='bbox 1108 4114 1306 4167; x_wconf 85' lang='lat' dir='ltr'><strong><em>patres,</em></strong></span> <span class='ocrx_word' id='word_1_606' title='bbox 1350 4107 1588 4154; x_wconf 60' lang='lat' dir='ltr'><strong><em>doctores</em></strong></span> <span class='ocrx_word' id='word_1_607' title='bbox 1633 4114 1678 4154; x_wconf 89' lang='lat' dir='ltr'><strong><em>et</em></strong></span> <span class='ocrx_word' id='word_1_608' title='bbox 1714 4102 1894 4162; x_wconf 90' lang='lat' dir='ltr'><strong><em>amici,</em></strong></span> <span class='ocrx_word' id='word_1_609' title='bbox 1928 4100 2054 4164; x_wconf 86' lang='lat' dir='ltr'><strong><em>quid</em></strong></span> <span class='ocrx_word' id='word_1_610' title='bbox 2088 4100 2294 4152; x_wconf 73' lang='lat' dir='ltr'><strong><em>tandem</em></strong></span> <span class='ocrx_word' id='word_1_611' title='bbox 2333 4098 2378 4149; x_wconf 88' lang='lat' dir='ltr'><strong><em>si</em></strong></span> <span class='ocrx_word' id='word_1_612' title='bbox 2424 4097 2868 4148; x_wconf 78' lang='lat' dir='ltr'><strong><em>irnmiscricortles</em></strong></span> <span class='ocrx_word' id='word_1_613' title='bbox 2904 4095 3140 4149; x_wconf 81' lang='lat' dir='ltr'><strong><em>vitricos.</em></strong></span> <span class='ocrx_word' id='word_1_614' title='bbox 3178 4095 3224 4143; x_wconf 90' lang='lat' dir='ltr'><strong><em>si</em></strong></span> <span class='ocrx_word' id='word_1_615' title='bbox 3254 4091 3418 4158; x_wconf 83' lang='lat' dir='ltr'><strong><em>falsos</em></strong></span> <span class='ocrx_word' id='word_1_616' title='bbox 3460 4093 3783 4158; x_wconf 78' lang='lat' dir='ltr'><strong><em>prophetas,</em></strong></span> 
     </span>
    </p>
   </div>
   <div class='ocr_carea' id='block_1_45' title="bbox 519 4177 3785 4257">
    <p class='ocr_par' dir='ltr' id='par_1_45' title="bbox 519 4177 3785 4257">
     <span class='ocr_line' id='line_1_45' title="bbox 519 4177 3785 4257; baseline -0.003 -17"><span class='ocrx_word' id='word_1_617' title='bbox 519 4190 566 4240; x_wconf 84' lang='lat' dir='ltr'><strong><em>si</em></strong></span> <span class='ocrx_word' id='word_1_618' title='bbox 595 4190 965 4254; x_wconf 85' lang='lat' dir='ltr'><strong><em>juratissimos</em></strong></span> <span class='ocrx_word' id='word_1_619' title='bbox 1006 4190 1178 4240; x_wconf 87' lang='lat' dir='ltr'><strong><em>hostes</em></strong></span> <span class='ocrx_word' id='word_1_620' title='bbox 1213 4206 1298 4240; x_wconf 90' lang='lat' dir='ltr'><strong><em>eos</em></strong></span> <span class='ocrx_word' id='word_1_621' title='bbox 1332 4191 1666 4256; x_wconf 72' lang='lat' dir='ltr'><strong><em>ea-periaris?</em></strong></span> <span class='ocrx_word' id='word_1_622' title='bbox 1693 4188 1830 4252; x_wconf 84' lang='lat' dir='ltr'><strong><em>Quid</em></strong></span> <span class='ocrx_word' id='word_1_623' title='bbox 1861 4189 2120 4257; x_wconf 78' lang='lat' dir='ltr'><strong><em>(inquam)</em></strong></span> <span class='ocrx_word' id='word_1_624' title='bbox 2155 4188 2197 4238; x_wconf 83' lang='lat' dir='ltr'><strong><em>si</em></strong></span> <span class='ocrx_word' id='word_1_625' title='bbox 2225 4201 2310 4237; x_wconf 87' lang='lat' dir='ltr'><strong><em>eos</em></strong></span> <span class='ocrx_word' id='word_1_626' title='bbox 2364 4182 2676 4249; x_wconf 78' lang='lat' dir='ltr'><strong><em>temporalia</em></strong></span> <span class='ocrx_word' id='word_1_627' title='bbox 2708 4195 2800 4246; x_wconf 83' lang='lat' dir='ltr'><strong><em>pro</em></strong></span> <span class='ocrx_word' id='word_1_628' title='bbox 2833 4184 3067 4242; x_wconf 42' lang='lat' dir='ltr'><strong><em>alternis,</em></strong></span> <span class='ocrx_word' id='word_1_629' title='bbox 3099 4195 3230 4230; x_wconf 76' lang='lat' dir='ltr'><strong><em>vana</em></strong></span> <span class='ocrx_word' id='word_1_630' title='bbox 3265 4194 3359 4245; x_wconf 89' lang='lat' dir='ltr'><strong><em>pro</em></strong></span> <span class='ocrx_word' id='word_1_631' title='bbox 3388 4177 3540 4239; x_wconf 82' lang='lat' dir='ltr'><strong><em>veris,</em></strong></span> <span class='ocrx_word' id='word_1_632' title='bbox 3571 4181 3785 4231; x_wconf 81' lang='lat' dir='ltr'><strong><em>caduca</em></strong></span> 
     </span>
    </p>
   </div>
   <div class='ocr_carea' id='block_1_46' title="bbox 518 4261 3788 4344">
    <p class='ocr_par' dir='ltr' id='par_1_46' title="bbox 518 4261 3788 4344">
     <span class='ocr_line' id='line_1_46' title="bbox 518 4261 3788 4344; baseline -0.003 -18"><span class='ocrx_word' id='word_1_633' title='bbox 518 4291 615 4343; x_wconf 87' lang='lat' dir='ltr'><strong><em>pro</em></strong></span> <span class='ocrx_word' id='word_1_634' title='bbox 643 4277 852 4338; x_wconf 82' lang='lat' dir='ltr'><strong><em>solidis,</em></strong></span> <span class='ocrx_word' id='word_1_635' title='bbox 886 4275 1105 4326; x_wconf 78' lang='lat' dir='ltr'><strong><em>fallacia</em></strong></span> <span class='ocrx_word' id='word_1_636' title='bbox 1142 4291 1236 4342; x_wconf 87' lang='lat' dir='ltr'><strong><em>pro</em></strong></span> <span class='ocrx_word' id='word_1_637' title='bbox 1275 4277 1452 4339; x_wconf 90' lang='lat' dir='ltr'><strong><em>certis,</em></strong></span> <span class='ocrx_word' id='word_1_638' title='bbox 1484 4277 1696 4343; x_wconf 87' lang='lat' dir='ltr'><strong><em>propria</em></strong></span> <span class='ocrx_word' id='word_1_639' title='bbox 1724 4293 1817 4344; x_wconf 90' lang='lat' dir='ltr'><strong><em>pro</em></strong></span> <span class='ocrx_word' id='word_1_640' title='bbox 1853 4274 2101 4342; x_wconf 89' lang='lat' dir='ltr'><strong><em>publicis,</em></strong></span> <span class='ocrx_word' id='word_1_641' title='bbox 2139 4272 2370 4324; x_wconf 90' lang='lat' dir='ltr'><strong><em>humana</em></strong></span> <span class='ocrx_word' id='word_1_642' title='bbox 2401 4286 2494 4335; x_wconf 90' lang='lat' dir='ltr'><strong><em>pro</em></strong></span> <span class='ocrx_word' id='word_1_643' title='bbox 2525 4269 2739 4328; x_wconf 87' lang='lat' dir='ltr'><strong><em>divinis,</em></strong></span> <span class='ocrx_word' id='word_1_644' title='bbox 2774 4284 2891 4319; x_wconf 90' lang='lat' dir='ltr'><strong><em>cum</em></strong></span> <span class='ocrx_word' id='word_1_645' title='bbox 2920 4266 3243 4331; x_wconf 88' lang='lat' dir='ltr'><strong><em>deplorando</em></strong></span> <span class='ocrx_word' id='word_1_646' title='bbox 3285 4265 3425 4316; x_wconf 88' lang='lat' dir='ltr'><strong><em>orbis</em></strong></span> <span class='ocrx_word' id='word_1_647' title='bbox 3476 4261 3788 4317; x_wconf 82' lang='lat' dir='ltr'><strong><em>Christiani</em></strong></span> 
     </span>
    </p>
   </div>
   <div class='ocr_carea' id='block_1_47' title="bbox 519 4353 3786 4431">
    <p class='ocr_par' dir='ltr' id='par_1_47' title="bbox 519 4353 3786 4431">
     <span class='ocr_line' id='line_1_47' title="bbox 519 4353 3786 4431; baseline -0.002 -19"><span class='ocrx_word' id='word_1_648' title='bbox 519 4364 774 4413; x_wconf 80' lang='lat' dir='ltr'><strong><em>scandala</em></strong></span> <span class='ocrx_word' id='word_1_649' title='bbox 806 4373 1129 4415; x_wconf 85' lang='lat' dir='ltr'><strong><em>commutare</em></strong></span> <span class='ocrx_word' id='word_1_650' title='bbox 1159 4363 1483 4422; x_wconf 81' lang='lat' dir='ltr'><strong><em>viderimus?</em></strong></span> <span class='ocrx_word' id='word_1_651' title='bbox 1528 4363 1716 4417; x_wconf 84' lang='lat' dir='ltr'><strong><em>Verum</em></strong></span> <span class='ocrx_word' id='word_1_652' title='bbox 1768 4364 1878 4416; x_wconf 67' lang='lat' dir='ltr'><strong><em>ha&#39;c</em></strong></span> <span class='ocrx_word' id='word_1_653' title='bbox 1912 4363 2143 4431; x_wconf 90' lang='lat' dir='ltr'><strong><em>quidem,</em></strong></span> <span class='ocrx_word' id='word_1_654' title='bbox 2189 4358 2627 4424; x_wconf 71' lang='lat' dir='ltr'><strong><em>pra’slantissime</em></strong></span> <span class='ocrx_word' id='word_1_655' title='bbox 2657 4356 2881 4422; x_wconf 68' lang='lat' dir='ltr'><strong><em>praesul,</em></strong></span> <span class='ocrx_word' id='word_1_656' title='bbox 2925 4355 3018 4406; x_wconf 92' lang='lat' dir='ltr'><strong><em>alii</em></strong></span> <span class='ocrx_word' id='word_1_657' title='bbox 3049 4369 3153 4406; x_wconf 89' lang='lat' dir='ltr'><strong><em>non</em></strong></span> <span class='ocrx_word' id='word_1_658' title='bbox 3184 4369 3298 4422; x_wconf 89' lang='lat' dir='ltr'><strong><em>ego,</em></strong></span> <span class='ocrx_word' id='word_1_659' title='bbox 3335 4353 3457 4404; x_wconf 88' lang='lat' dir='ltr'><strong><em>aliis</em></strong></span> <span class='ocrx_word' id='word_1_660' title='bbox 3499 4367 3601 4404; x_wconf 88' lang='lat' dir='ltr'><strong><em>non</em></strong></span> <span class='ocrx_word' id='word_1_661' title='bbox 3663 4354 3786 4408; x_wconf 82' lang='lat' dir='ltr'><strong><em>tibi.</em></strong></span> 
     </span>
    </p>
   </div>
   <div class='ocr_carea' id='block_1_48' title="bbox 527 4439 3788 4520">
    <p class='ocr_par' dir='ltr' id='par_1_48' title="bbox 527 4439 3788 4520">
     <span class='ocr_line' id='line_1_48' title="bbox 527 4439 3788 4520; baseline -0.002 -23"><span class='ocrx_word' id='word_1_662' title='bbox 527 4448 855 4514; x_wconf 80' lang='lat' dir='ltr'><strong><em>Theophanis</em></strong></span> <span class='ocrx_word' id='word_1_663' title='bbox 913 4449 1165 4515; x_wconf 86' lang='lat' dir='ltr'><strong><em>opuscula</em></strong></span> <span class='ocrx_word' id='word_1_664' title='bbox 1197 4449 1480 4504; x_wconf 87' lang='lat' dir='ltr'><strong><em>habuimus</em></strong></span> <span class='ocrx_word' id='word_1_665' title='bbox 1507 4453 1832 4520; x_wconf 86' lang='lat' dir='ltr'><strong><em>jamdudum</em></strong></span> <span class='ocrx_word' id='word_1_666' title='bbox 1880 4464 1944 4502; x_wconf 70' lang='lat' dir='ltr'><strong><em>ea:</em></strong></span> <span class='ocrx_word' id='word_1_667' title='bbox 1987 4447 2244 4501; x_wconf 87' lang='lat' dir='ltr'><strong><em>Vaticana</em></strong></span> <span class='ocrx_word' id='word_1_668' title='bbox 2298 4460 2620 4498; x_wconf 88' lang='lat' dir='ltr'><strong><em>summorum</em></strong></span> <span class='ocrx_word' id='word_1_669' title='bbox 2653 4443 2959 4510; x_wconf 81' lang='lat' dir='ltr'><strong><em>pontiﬁcum</em></strong></span> <span class='ocrx_word' id='word_1_670' title='bbox 3002 4443 3338 4494; x_wconf 85' lang='lat' dir='ltr'><strong><em>bibliotheca.</em></strong></span> <span class='ocrx_word' id='word_1_671' title='bbox 3374 4439 3476 4494; x_wconf 84' lang='lat' dir='ltr'><strong><em>Sed</em></strong></span> <span class='ocrx_word' id='word_1_672' title='bbox 3500 4457 3620 4492; x_wconf 85' lang='lat' dir='ltr'><strong><em>cum</em></strong></span> <span class='ocrx_word' id='word_1_673' title='bbox 3659 4440 3788 4507; x_wconf 85' lang='lat' dir='ltr'><strong><em>plu-</em></strong></span> 
     </span>
    </p>
   </div>
   <div class='ocr_carea' id='block_1_49' title="bbox 524 4528 3788 4606">
    <p class='ocr_par' dir='ltr' id='par_1_49' title="bbox 524 4528 3788 4606">
     <span class='ocr_line' id='line_1_49' title="bbox 524 4528 3788 4606; baseline -0.002 -22"><span class='ocrx_word' id='word_1_674' title='bbox 524 4535 672 4587; x_wconf 79' lang='lat' dir='ltr'><strong><em>rimis</em></strong></span> <span class='ocrx_word' id='word_1_675' title='bbox 717 4537 843 4589; x_wconf 84' lang='lat' dir='ltr'><strong><em>locis</em></strong></span> <span class='ocrx_word' id='word_1_676' title='bbox 891 4538 1040 4590; x_wconf 89' lang='lat' dir='ltr'><strong><em>valde</em></strong></span> <span class='ocrx_word' id='word_1_677' title='bbox 1087 4547 1256 4590; x_wconf 82' lang='lat' dir='ltr'><strong><em>essent</em></strong></span> <span class='ocrx_word' id='word_1_678' title='bbox 1313 4540 1624 4606; x_wconf 77' lang='lat' dir='ltr'><strong><em>depravata,</em></strong></span> <span class='ocrx_word' id='word_1_679' title='bbox 1653 4539 1934 4592; x_wconf 91' lang='lat' dir='ltr'><strong><em>editionem</em></strong></span> <span class='ocrx_word' id='word_1_680' title='bbox 1981 4552 2161 4590; x_wconf 86' lang='lat' dir='ltr'><strong><em>eorum</em></strong></span> <span class='ocrx_word' id='word_1_681' title='bbox 2210 4535 2479 4600; x_wconf 85' lang='lat' dir='ltr'><strong><em>hucusque</em></strong></span> <span class='ocrx_word' id='word_1_682' title='bbox 2529 4533 2860 4583; x_wconf 84' lang='lat' dir='ltr'><strong><em>distulimus.</em></strong></span> <span class='ocrx_word' id='word_1_683' title='bbox 2892 4528 3051 4583; x_wconf 82' lang='lat' dir='ltr'><strong><em>Nunc</em></strong></span> <span class='ocrx_word' id='word_1_684' title='bbox 3091 4545 3210 4581; x_wconf 89' lang='lat' dir='ltr'><strong><em>vero</em></strong></span> <span class='ocrx_word' id='word_1_685' title='bbox 3237 4530 3448 4581; x_wconf 89' lang='lat' dir='ltr'><strong><em>tandem</em></strong></span> <span class='ocrx_word' id='word_1_686' title='bbox 3501 4529 3788 4595; x_wconf 67' lang='lat' dir='ltr'><strong><em>exemplar</em></strong></span> 
     </span>
    </p>
   </div>
   <div class='ocr_carea' id='block_1_50' title="bbox 529 4616 3788 4690">
    <p class='ocr_par' dir='ltr' id='par_1_50' title="bbox 529 4616 3788 4690">
     <span class='ocr_line' id='line_1_50' title="bbox 529 4616 3788 4690; baseline -0.001 -20"><span class='ocrx_word' id='word_1_687' title='bbox 529 4625 754 4678; x_wconf 82' lang='lat' dir='ltr'><strong><em>alterum</em></strong></span> <span class='ocrx_word' id='word_1_688' title='bbox 789 4626 956 4678; x_wconf 89' lang='lat' dir='ltr'><strong><em>multo</em></strong></span> <span class='ocrx_word' id='word_1_689' title='bbox 985 4627 1291 4689; x_wconf 71' lang='lat' dir='ltr'><strong><em>cor-rectius,</em></strong></span> <span class='ocrx_word' id='word_1_690' title='bbox 1317 4644 1382 4680; x_wconf 74' lang='lat' dir='ltr'><strong><em>ea:</em></strong></span> <span class='ocrx_word' id='word_1_691' title='bbox 1418 4627 1770 4679; x_wconf 83' lang='lat' dir='ltr'><strong><em>Messanensis</em></strong></span> <span class='ocrx_word' id='word_1_692' title='bbox 1801 4624 2183 4677; x_wconf 85' lang='lat' dir='ltr'><strong><em>archimandrii</em></strong></span> <span class='ocrx_word' id='word_1_693' title='bbox 2210 4623 2490 4690; x_wconf 78' lang='lat' dir='ltr'><strong><em>archetypo</em></strong></span> <span class='ocrx_word' id='word_1_694' title='bbox 2521 4621 2841 4681; x_wconf 81' lang='lat' dir='ltr'><strong><em>descriptum</em></strong></span> <span class='ocrx_word' id='word_1_695' title='bbox 2867 4619 3030 4680; x_wconf 91' lang='lat' dir='ltr'><strong><em>nacti,</em></strong></span> <span class='ocrx_word' id='word_1_696' title='bbox 3075 4617 3261 4670; x_wconf 89' lang='lat' dir='ltr'><strong><em>Latine</em></strong></span> <span class='ocrx_word' id='word_1_697' title='bbox 3295 4633 3324 4668; x_wconf 92' lang='lat' dir='ltr'><strong><em>a</em></strong></span> <span class='ocrx_word' id='word_1_698' title='bbox 3358 4616 3505 4669; x_wconf 87' lang='lat' dir='ltr'><strong><em>nobis</em></strong></span> <span class='ocrx_word' id='word_1_699' title='bbox 3545 4619 3788 4680; x_wconf 84' lang='lat' dir='ltr'><strong><em>reddita,</em></strong></span> 
     </span>
    </p>
   </div>
   <div class='ocr_carea' id='block_1_51' title="bbox 521 4706 3790 4781">
    <p class='ocr_par' dir='ltr' id='par_1_51' title="bbox 521 4706 3790 4781">
     <span class='ocr_line' id='line_1_51' title="bbox 521 4706 3790 4781; baseline -0.003 -17"><span class='ocrx_word' id='word_1_700' title='bbox 521 4726 566 4764; x_wconf 84' lang='lat' dir='ltr'><strong><em>ct</em></strong></span> <span class='ocrx_word' id='word_1_701' title='bbox 596 4713 830 4765; x_wconf 87' lang='lat' dir='ltr'><strong><em>brevibus</em></strong></span> <span class='ocrx_word' id='word_1_702' title='bbox 861 4714 997 4765; x_wconf 86' lang='lat' dir='ltr'><strong><em>notis</em></strong></span> <span class='ocrx_word' id='word_1_703' title='bbox 1031 4726 1191 4767; x_wconf 85' lang='lat' dir='ltr'><strong><em>aucta</em></strong></span> <span class='ocrx_word' id='word_1_704' title='bbox 1227 4715 1296 4767; x_wconf 91' lang='lat' dir='ltr'><strong><em>ad</em></strong></span> <span class='ocrx_word' id='word_1_705' title='bbox 1346 4726 1393 4768; x_wconf 92' lang='lat' dir='ltr'><strong><em>te</em></strong></span> <span class='ocrx_word' id='word_1_706' title='bbox 1425 4716 1708 4768; x_wconf 88' lang='lat' dir='ltr'><strong><em>mittimus.</em></strong></span> <span class='ocrx_word' id='word_1_707' title='bbox 1747 4713 1932 4768; x_wconf 82' lang='lat' dir='ltr'><strong><em>Crwca</em></strong></span> <span class='ocrx_word' id='word_1_708' title='bbox 1960 4716 2073 4781; x_wconf 45' lang='lat' dir='ltr'><strong><em>ipsa</em></strong></span> <span class='ocrx_word' id='word_1_709' title='bbox 2102 4729 2128 4764; x_wconf 90' lang='lat' dir='ltr'><strong><em>e</em></strong></span> <span class='ocrx_word' id='word_1_710' title='bbox 2156 4712 2362 4780; x_wconf 87' lang='lat' dir='ltr'><strong><em>regione</em></strong></span> <span class='ocrx_word' id='word_1_711' title='bbox 2395 4709 2713 4762; x_wconf 87' lang='lat' dir='ltr'><strong><em>Latinorum</em></strong></span> <span class='ocrx_word' id='word_1_712' title='bbox 2743 4724 3032 4776; x_wconf 87' lang='lat' dir='ltr'><strong><em>proponere</em></strong></span> <span class='ocrx_word' id='word_1_713' title='bbox 3060 4707 3218 4772; x_wconf 90' lang='lat' dir='ltr'><strong><em>(quod</em></strong></span> <span class='ocrx_word' id='word_1_714' title='bbox 3254 4707 3394 4759; x_wconf 87' lang='lat' dir='ltr'><strong><em>vides</em></strong></span> <span class='ocrx_word' id='word_1_715' title='bbox 3417 4706 3470 4756; x_wconf 91' lang='lat' dir='ltr'><strong><em>in</em></strong></span> <span class='ocrx_word' id='word_1_716' title='bbox 3499 4706 3596 4758; x_wconf 91' lang='lat' dir='ltr'><strong><em>hoc</em></strong></span> <span class='ocrx_word' id='word_1_717' title='bbox 3643 4708 3790 4758; x_wconf 71' lang='lat' dir='ltr'><strong><em>seri-</em></strong></span> 
     </span>
    </p>
   </div>
   <div class='ocr_carea' id='block_1_52' title="bbox 523 4790 3791 4870">
    <p class='ocr_par' dir='ltr' id='par_1_52' title="bbox 523 4790 3791 4870">
     <span class='ocr_line' id='line_1_52' title="bbox 523 4790 3791 4870; baseline -0.002 -22"><span class='ocrx_word' id='word_1_718' title='bbox 523 4801 763 4867; x_wconf 77' lang='lat' dir='ltr'><strong><em>ptionum</em></strong></span> <span class='ocrx_word' id='word_1_719' title='bbox 789 4817 974 4868; x_wconf 88' lang='lat' dir='ltr'><strong><em>genere</em></strong></span> <span class='ocrx_word' id='word_1_720' title='bbox 1003 4811 1057 4853; x_wconf 91' lang='lat' dir='ltr'><strong><em>ut</em></strong></span> <span class='ocrx_word' id='word_1_721' title='bbox 1087 4802 1378 4870; x_wconf 82' lang='lat' dir='ltr'><strong><em>plurimum</em></strong></span> <span class='ocrx_word' id='word_1_722' title='bbox 1427 4803 1623 4869; x_wconf 79' lang='lat' dir='ltr'><strong><em>omitti)</em></strong></span> <span class='ocrx_word' id='word_1_723' title='bbox 1662 4818 1721 4854; x_wconf 90' lang='lat' dir='ltr'><strong><em>eo</em></strong></span> <span class='ocrx_word' id='word_1_724' title='bbox 1757 4802 1976 4854; x_wconf 89' lang='lat' dir='ltr'><strong><em>consilio</em></strong></span> <span class='ocrx_word' id='word_1_725' title='bbox 2024 4799 2242 4853; x_wconf 90' lang='lat' dir='ltr'><strong><em>adducti</em></strong></span> <span class='ocrx_word' id='word_1_726' title='bbox 2269 4813 2476 4859; x_wconf 84' lang='lat' dir='ltr'><strong><em>smnus,</em></strong></span> <span class='ocrx_word' id='word_1_727' title='bbox 2517 4811 2578 4847; x_wconf 92' lang='lat' dir='ltr'><strong><em>ne</em></strong></span> <span class='ocrx_word' id='word_1_728' title='bbox 2629 4796 2848 4847; x_wconf 80' lang='lat' dir='ltr'><strong><em>lectores</em></strong></span> <span class='ocrx_word' id='word_1_729' title='bbox 2881 4810 3000 4846; x_wconf 87' lang='lat' dir='ltr'><strong><em>rera</em></strong></span> <span class='ocrx_word' id='word_1_730' title='bbox 3057 4793 3152 4844; x_wconf 67' lang='grc' dir='ltr'>καὶ</span> <span class='ocrx_word' id='word_1_731' title='bbox 3209 4793 3410 4861; x_wconf 65' lang='grc' dir='ltr'><strong><em>γνησίᾳ</em></strong></span> <span class='ocrx_word' id='word_1_732' title='bbox 3444 4790 3791 4857; x_wconf 83' lang='lat' dir='ltr'><strong><em>Theophanis</em></strong></span> 
     </span>
    </p>
   </div>
   <div class='ocr_carea' id='block_1_53' title="bbox 526 4883 3792 4958">
    <p class='ocr_par' dir='ltr' id='par_1_53' title="bbox 526 4883 3792 4958">
     <span class='ocr_line' id='line_1_53' title="bbox 526 4883 3792 4958; baseline -0.003 -18"><span class='ocrx_word' id='word_1_733' title='bbox 526 4899 695 4942; x_wconf 77' lang='lat' dir='ltr'><strong><em>mente</em></strong></span> <span class='ocrx_word' id='word_1_734' title='bbox 722 4889 1130 4956; x_wconf 88' lang='lat' dir='ltr'><strong><em>fraudarentur,</em></strong></span> <span class='ocrx_word' id='word_1_735' title='bbox 1186 4892 1230 4942; x_wconf 87' lang='lat' dir='ltr'><strong><em>si</em></strong></span> <span class='ocrx_word' id='word_1_736' title='bbox 1259 4891 1392 4958; x_wconf 87' lang='lat' dir='ltr'><strong><em>forte</em></strong></span> <span class='ocrx_word' id='word_1_737' title='bbox 1420 4907 1533 4941; x_wconf 90' lang='lat' dir='ltr'><strong><em>eam</em></strong></span> <span class='ocrx_word' id='word_1_738' title='bbox 1559 4905 1648 4941; x_wconf 91' lang='lat' dir='ltr'><strong><em>nos</em></strong></span> <span class='ocrx_word' id='word_1_739' title='bbox 1686 4889 1882 4942; x_wconf 88' lang='lat' dir='ltr'><strong><em>alicubi</em></strong></span> <span class='ocrx_word' id='word_1_740' title='bbox 1919 4890 2090 4940; x_wconf 83' lang='lat' dir='ltr'><strong><em>minus</em></strong></span> <span class='ocrx_word' id='word_1_741' title='bbox 2123 4889 2351 4942; x_wconf 86' lang='lat' dir='ltr'><strong><em>assecuti</em></strong></span> <span class='ocrx_word' id='word_1_742' title='bbox 2381 4903 2581 4938; x_wconf 81' lang='lat' dir='ltr'><strong><em>sumus.</em></strong></span> <span class='ocrx_word' id='word_1_743' title='bbox 2611 4884 2754 4937; x_wconf 75' lang='lat' dir='ltr'><strong><em>Nam</em></strong></span> <span class='ocrx_word' id='word_1_744' title='bbox 2779 4886 2917 4953; x_wconf 89' lang='lat' dir='ltr'><strong><em>quod</em></strong></span> <span class='ocrx_word' id='word_1_745' title='bbox 2953 4884 3068 4936; x_wconf 87' lang='lat' dir='ltr'><strong><em>sine</em></strong></span> <span class='ocrx_word' id='word_1_746' title='bbox 3101 4884 3207 4934; x_wconf 89' lang='lat' dir='ltr'><strong><em>ullo</em></strong></span> <span class='ocrx_word' id='word_1_747' title='bbox 3234 4885 3353 4948; x_wconf 86' lang='lat' dir='ltr'><strong><em>fuco</em></strong></span> <span class='ocrx_word' id='word_1_748' title='bbox 3381 4894 3468 4933; x_wconf 89' lang='lat' dir='ltr'><strong><em>aut</em></strong></span> <span class='ocrx_word' id='word_1_749' title='bbox 3499 4883 3792 4933; x_wconf 81' lang='lat' dir='ltr'><strong><em>mendacio</em></strong></span> 
     </span>
    </p>
   </div>
   <div class='ocr_carea' id='block_1_54' title="bbox 527 4971 3794 5045">
    <p class='ocr_par' dir='ltr' id='par_1_54' title="bbox 527 4971 3794 5045">
     <span class='ocr_line' id='line_1_54' title="bbox 527 4971 3794 5045; baseline -0.002 -20"><span class='ocrx_word' id='word_1_750' title='bbox 527 4975 815 5043; x_wconf 80' lang='lat' dir='ltr'><strong><em>afﬁrmem,</em></strong></span> <span class='ocrx_word' id='word_1_751' title='bbox 847 4978 1149 5045; x_wconf 85' lang='lat' dir='ltr'><strong><em>praperanti</em></strong></span> <span class='ocrx_word' id='word_1_752' title='bbox 1179 4978 1337 5029; x_wconf 88' lang='lat' dir='ltr'><strong><em>nimis</em></strong></span> <span class='ocrx_word' id='word_1_753' title='bbox 1362 4975 1591 5042; x_wconf 89' lang='lat' dir='ltr'><strong><em>calamo,</em></strong></span> <span class='ocrx_word' id='word_1_754' title='bbox 1634 4993 1694 5029; x_wconf 88' lang='lat' dir='ltr'><strong><em>ac</em></strong></span> <span class='ocrx_word' id='word_1_755' title='bbox 1717 4977 1868 5044; x_wconf 80' lang='lat' dir='ltr'><strong><em>fessis</em></strong></span> <span class='ocrx_word' id='word_1_756' title='bbox 1891 4979 2190 5044; x_wconf 80' lang='lat' dir='ltr'><strong><em>plerumque</em></strong></span> <span class='ocrx_word' id='word_1_757' title='bbox 2216 4975 2436 5028; x_wconf 87' lang='lat' dir='ltr'><strong><em>nimium</em></strong></span> <span class='ocrx_word' id='word_1_758' title='bbox 2469 4974 2634 5026; x_wconf 87' lang='lat' dir='ltr'><strong><em>oculis</em></strong></span> <span class='ocrx_word' id='word_1_759' title='bbox 2672 4972 2783 5025; x_wconf 76' lang='lat' dir='ltr'><strong><em>htt&#39;c</em></strong></span> <span class='ocrx_word' id='word_1_760' title='bbox 2811 4973 3147 5024; x_wconf 82' lang='lat' dir='ltr'><strong><em>dictavimus.</em></strong></span> <span class='ocrx_word' id='word_1_761' title='bbox 3174 4971 3296 5023; x_wconf 86' lang='lat' dir='ltr'><strong><em>.lam</em></strong></span> <span class='ocrx_word' id='word_1_762' title='bbox 3319 4985 3435 5039; x_wconf 80' lang='lat' dir='ltr'><strong><em>qua:</em></strong></span> <span class='ocrx_word' id='word_1_763' title='bbox 3463 4971 3526 5021; x_wconf 88' lang='lat' dir='ltr'><strong><em>de</em></strong></span> <span class='ocrx_word' id='word_1_764' title='bbox 3555 4979 3794 5020; x_wconf 81' lang='lat' dir='ltr'><strong><em>auctore</em></strong></span> 
     </span>
    </p>
   </div>
   <div class='ocr_carea' id='block_1_55' title="bbox 532 5064 1556 5133">
    <p class='ocr_par' dir='ltr' id='par_1_55' title="bbox 532 5064 1556 5133">
     <span class='ocr_line' id='line_1_55' title="bbox 532 5064 1556 5133; baseline 0.003 -20"><span class='ocrx_word' id='word_1_765' title='bbox 532 5072 708 5116; x_wconf 80' lang='lat' dir='ltr'><strong><em>nostra</em></strong></span> <span class='ocrx_word' id='word_1_766' title='bbox 750 5064 820 5116; x_wconf 90' lang='lat' dir='ltr'><strong><em>ad</em></strong></span> <span class='ocrx_word' id='word_1_767' title='bbox 858 5074 906 5116; x_wconf 89' lang='lat' dir='ltr'><strong><em>te</em></strong></span> <span class='ocrx_word' id='word_1_768' title='bbox 940 5064 1194 5133; x_wconf 86' lang='lat' dir='ltr'><strong><em>deferam,</em></strong></span> <span class='ocrx_word' id='word_1_769' title='bbox 1229 5066 1338 5116; x_wconf 79' lang='lat' dir='ltr'><strong><em>hwc</em></strong></span> <span class='ocrx_word' id='word_1_770' title='bbox 1371 5065 1556 5116; x_wconf 89' lang='lat' dir='ltr'><strong><em>habeo.</em></strong></span> 
     </span>
    </p>
   </div>
   <div class='ocr_carea' id='block_1_56' title="bbox 599 5186 3799 5264">
    <p class='ocr_par' dir='ltr' id='par_1_56' title="bbox 599 5186 3799 5264">
     <span class='ocr_line' id='line_1_56' title="bbox 599 5186 3799 5264; baseline -0.003 -16"><span class='ocrx_word' id='word_1_771' title='bbox 599 5194 868 5263; x_wconf 84' lang='lat' dir='ltr'><strong><em>Theophili</em></strong></span> <span class='ocrx_word' id='word_1_772' title='bbox 886 5198 1214 5264; x_wconf 85' lang='lat' dir='ltr'><strong><em>imperatoris</em></strong></span> <span class='ocrx_word' id='word_1_773' title='bbox 1239 5198 1565 5250; x_wconf 90' lang='lat' dir='ltr'><strong><em>iconomachi</em></strong></span> <span class='ocrx_word' id='word_1_774' title='bbox 1589 5197 1919 5261; x_wconf 81' lang='lat' dir='ltr'><strong><em>temporibus.</em></strong></span> <span class='ocrx_word' id='word_1_775' title='bbox 1941 5197 2028 5264; x_wconf 88' lang='lat' dir='ltr'><strong><em>qui</em></strong></span> <span class='ocrx_word' id='word_1_776' title='bbox 2046 5197 2184 5262; x_wconf 87' lang='lat' dir='ltr'><strong><em>patri</em></strong></span> <span class='ocrx_word' id='word_1_777' title='bbox 2214 5196 2638 5263; x_wconf 45' lang='lat' dir='ltr'><strong><em>.1!i.‘lraeli,qucm</em></strong></span> <span class='ocrx_word' id='word_1_778' title='bbox 2664 5192 2836 5246; x_wconf 76' lang='lat' dir='ltr'><strong><em>Crtcci</em></strong></span> <span class='ocrx_word' id='word_1_779' title='bbox 2862 5189 3095 5242; x_wconf 78' lang='lat' dir='ltr'><strong><em>historici</em></strong></span> <span class='ocrx_word' id='word_1_780' title='bbox 3114 5187 3342 5258; x_wconf 64' lang='grc' dir='ltr'><strong><em>τραυλὶν</em></strong></span> <span class='ocrx_word' id='word_1_781' title='bbox 3365 5186 3799 5254; x_wconf 59' lang='grc' dir='ltr'><strong><em>κνλὶάμορῤαἶον</em></strong></span> 
     </span>
    </p>
   </div>
   <div class='ocr_carea' id='block_1_57' title="bbox 532 5275 3795 5352">
    <p class='ocr_par' dir='ltr' id='par_1_57' title="bbox 532 5275 3795 5352">
     <span class='ocr_line' id='line_1_57' title="bbox 532 5275 3795 5352; baseline -0.004 -16"><span class='ocrx_word' id='word_1_782' title='bbox 532 5293 740 5346; x_wconf 89' lang='lat' dir='ltr'><strong><em>vocant,</em></strong></span> <span class='ocrx_word' id='word_1_783' title='bbox 768 5283 1035 5342; x_wconf 79' lang='lat' dir='ltr'><strong><em>successit,</em></strong></span> <span class='ocrx_word' id='word_1_784' title='bbox 1076 5287 1246 5337; x_wconf 65' lang='lat' dir='ltr'><strong><em>videre</em></strong></span> <span class='ocrx_word' id='word_1_785' title='bbox 1270 5285 1460 5352; x_wconf 88' lang='lat' dir='ltr'><strong><em>fratres</em></strong></span> <span class='ocrx_word' id='word_1_786' title='bbox 1490 5288 1591 5337; x_wconf 91' lang='lat' dir='ltr'><strong><em>duo</em></strong></span> <span class='ocrx_word' id='word_1_787' title='bbox 1614 5285 1916 5338; x_wconf 84' lang='lat' dir='ltr'><strong><em>Theodorus</em></strong></span> <span class='ocrx_word' id='word_1_788' title='bbox 1940 5298 1983 5334; x_wconf 87' lang='lat' dir='ltr'><strong><em>et</em></strong></span> <span class='ocrx_word' id='word_1_789' title='bbox 2004 5285 2358 5352; x_wconf 81' lang='lat' dir='ltr'><strong><em>&#39;l&#39;heophanes,</em></strong></span> <span class='ocrx_word' id='word_1_790' title='bbox 2376 5283 2507 5335; x_wconf 83' lang='lat' dir='ltr'><strong><em>clari</em></strong></span> <span class='ocrx_word' id='word_1_791' title='bbox 2527 5283 2586 5333; x_wconf 91' lang='lat' dir='ltr'><strong><em>ob</em></strong></span> <span class='ocrx_word' id='word_1_792' title='bbox 2604 5295 2876 5333; x_wconf 85' lang='lat' dir='ltr'><strong><em>sacrarum</em></strong></span> <span class='ocrx_word' id='word_1_793' title='bbox 2898 5277 3183 5344; x_wconf 87' lang='lat' dir='ltr'><strong><em>imaginum</em></strong></span> <span class='ocrx_word' id='word_1_794' title='bbox 3211 5281 3454 5327; x_wconf 67' lang='lat' dir='ltr'><strong><em>adversus</em></strong></span> <span class='ocrx_word' id='word_1_795' title='bbox 3477 5275 3708 5337; x_wconf 85' lang='lat' dir='ltr'><strong><em>impium</em></strong></span> <span class='ocrx_word' id='word_1_796' title='bbox 3741 5286 3795 5326; x_wconf 77' lang='lat' dir='ltr'><strong><em>et</em></strong></span> 
     </span>
    </p>
   </div>
   <div class='ocr_carea' id='block_1_58' title="bbox 531 5359 3795 5440">
    <p class='ocr_par' dir='ltr' id='par_1_58' title="bbox 531 5359 3795 5440">
     <span class='ocr_line' id='line_1_58' title="bbox 531 5359 3795 5440; baseline -0.004 -17"><span class='ocrx_word' id='word_1_797' title='bbox 531 5372 843 5439; x_wconf 80' lang='lat' dir='ltr'><strong><em>sacrilegum</em></strong></span> <span class='ocrx_word' id='word_1_798' title='bbox 896 5371 1204 5438; x_wconf 71' lang='lat' dir='ltr'><strong><em>principem,</em></strong></span> <span class='ocrx_word' id='word_1_799' title='bbox 1227 5376 1713 5440; x_wconf 87' lang='lat' dir='ltr'><strong><em>propugnationem.</em></strong></span> <span class='ocrx_word' id='word_1_800' title='bbox 1751 5369 1888 5423; x_wconf 82' lang='lat' dir='ltr'><strong><em>Nunt</em></strong></span> <span class='ocrx_word' id='word_1_801' title='bbox 1920 5372 2116 5440; x_wconf 72' lang='lat' dir='ltr'><strong><em>{rantes</em></strong></span> <span class='ocrx_word' id='word_1_802' title='bbox 2145 5375 2295 5423; x_wconf 84' lang='lat' dir='ltr'><strong><em>ambo</em></strong></span> <span class='ocrx_word' id='word_1_803' title='bbox 2320 5370 2481 5439; x_wconf 87' lang='lat' dir='ltr'><strong><em>(quod</em></strong></span> <span class='ocrx_word' id='word_1_804' title='bbox 2512 5370 2719 5435; x_wconf 78' lang='lat' dir='ltr'><strong><em>quidem</em></strong></span> <span class='ocrx_word' id='word_1_805' title='bbox 2746 5366 3057 5430; x_wconf 60' lang='lat' dir='ltr'><strong><em>811pplic&#39;ittttt</em></strong></span> <span class='ocrx_word' id='word_1_806' title='bbox 3083 5367 3369 5431; x_wconf 73' lang='lat' dir='ltr'><strong><em>imperator</em></strong></span> <span class='ocrx_word' id='word_1_807' title='bbox 3395 5359 3795 5413; x_wconf 78' lang='lat' dir='ltr'><strong><em>Constantinus</em></strong></span> 
     </span>
    </p>
   </div>
   <div class='ocr_carea' id='block_1_59' title="bbox 537 5448 3798 5528">
    <p class='ocr_par' dir='ltr' id='par_1_59' title="bbox 537 5448 3798 5528">
     <span class='ocr_line' id='line_1_59' title="bbox 537 5448 3798 5528; baseline -0.004 -19"><span class='ocrx_word' id='word_1_808' title='bbox 537 5460 616 5509; x_wconf 89' lang='lat' dir='ltr'><strong><em>uti</em></strong></span> <span class='ocrx_word' id='word_1_809' title='bbox 653 5460 887 5522; x_wconf 86' lang='lat' dir='ltr'><strong><em>impium,</em></strong></span> <span class='ocrx_word' id='word_1_810' title='bbox 919 5457 1206 5526; x_wconf 73' lang='lat' dir='ltr'><strong><em>diviuazque</em></strong></span> <span class='ocrx_word' id='word_1_811' title='bbox 1237 5461 1718 5528; x_wconf 79' lang='lat' dir='ltr'><strong><em>pulchritudini,ad</em></strong></span> <span class='ocrx_word' id='word_1_812' title='bbox 1752 5462 1899 5526; x_wconf 84' lang='lat' dir='ltr'><strong><em>cujus</em></strong></span> <span class='ocrx_word' id='word_1_813' title='bbox 1931 5461 2322 5512; x_wconf 80' lang='lat' dir='ltr'><strong><em>similitudinem</em></strong></span> <span class='ocrx_word' id='word_1_814' title='bbox 2364 5457 2593 5510; x_wconf 86' lang='lat' dir='ltr'><strong><em>humana</em></strong></span> <span class='ocrx_word' id='word_1_815' title='bbox 2615 5455 2775 5522; x_wconf 78' lang='lat' dir='ltr'><strong><em>facies</em></strong></span> <span class='ocrx_word' id='word_1_816' title='bbox 2815 5452 3040 5522; x_wconf 74' lang='lat' dir='ltr'><strong><em>ﬁgurata</em></strong></span> <span class='ocrx_word' id='word_1_817' title='bbox 3073 5461 3167 5512; x_wconf 85' lang='lat' dir='ltr'><strong><em>est,</em></strong></span> <span class='ocrx_word' id='word_1_818' title='bbox 3195 5448 3650 5508; x_wconf 74' lang='lat' dir='ltr'><strong><em>conttuneliosum,</em></strong></span> <span class='ocrx_word' id='word_1_819' title='bbox 3673 5448 3798 5516; x_wconf 59' lang='lat' dir='ltr'><strong><em>lege</em></strong></span> 
     </span>
    </p>
   </div>
   <div class='ocr_carea' id='block_1_60' title="bbox 541 5534 3798 5618">
    <p class='ocr_par' dir='ltr' id='par_1_60' title="bbox 541 5534 3798 5618">
     <span class='ocr_line' id='line_1_60' title="bbox 541 5534 3798 5618; baseline -0.003 -23"><span class='ocrx_word' id='word_1_820' title='bbox 541 5545 897 5610; x_wconf 77' lang='lat' dir='ltr'><strong><em>prohibuerat,</em></strong></span> <span class='ocrx_word' id='word_1_821' title='bbox 925 5544 961 5597; x_wconf 94' lang='lat' dir='ltr'><strong><em>I.</em></strong></span> <span class='ocrx_word' id='word_1_822' title='bbox 980 5561 1112 5610; x_wconf 75' lang='lat' dir='ltr'><strong><em>xv”,</em></strong></span> <span class='ocrx_word' id='word_1_823' title='bbox 1135 5545 1275 5600; x_wconf 75' lang='lat' dir='ltr'><strong><em>(..I)e</em></strong></span> <span class='ocrx_word' id='word_1_824' title='bbox 1296 5547 1481 5618; x_wconf 65' lang='lat' dir='ltr'><strong><em>paruis)</em></strong></span> <span class='ocrx_word' id='word_1_825' title='bbox 1507 5547 1779 5617; x_wconf 77' lang='lat' dir='ltr'><strong><em>ejusjussu</em></strong></span> <span class='ocrx_word' id='word_1_826' title='bbox 1817 5550 1953 5599; x_wconf 85' lang='lat' dir='ltr'><strong><em>notis</em></strong></span> <span class='ocrx_word' id='word_1_827' title='bbox 1983 5546 2299 5614; x_wconf 84' lang='lat' dir='ltr'><strong><em>compuncti,</em></strong></span> <span class='ocrx_word' id='word_1_828' title='bbox 2330 5561 2389 5595; x_wconf 80' lang='lat' dir='ltr'><strong><em>ac</em></strong></span> <span class='ocrx_word' id='word_1_829' title='bbox 2419 5553 2688 5609; x_wconf 75' lang='lat' dir='ltr'><strong><em>vroplerca</em></strong></span> <span class='ocrx_word' id='word_1_830' title='bbox 2714 5541 2862 5605; x_wconf 65' lang='lat' dir='ltr'><strong><em>vulgo</em></strong></span> <span class='ocrx_word' id='word_1_831' title='bbox 2892 5539 3121 5608; x_wconf 68' lang='grc' dir='ltr'>γραπτοὶ</span> <span class='ocrx_word' id='word_1_832' title='bbox 3149 5534 3590 5604; x_wconf 76' lang='lat' dir='ltr'><strong><em>appellati,variis</em></strong></span> <span class='ocrx_word' id='word_1_833' title='bbox 3613 5534 3798 5587; x_wconf 77' lang='lat' dir='ltr'><strong><em>etiam</em></strong></span> 
     </span>
    </p>
   </div>
   <div class='ocr_carea' id='block_1_61' title="bbox 543 5620 3803 5703">
    <p class='ocr_par' dir='ltr' id='par_1_61' title="bbox 543 5620 3803 5703">
     <span class='ocr_line' id='line_1_61' title="bbox 543 5620 3803 5703; baseline -0.003 -21"><span class='ocrx_word' id='word_1_834' title='bbox 543 5631 666 5683; x_wconf 79' lang='lat' dir='ltr'><strong><em>aliis</em></strong></span> <span class='ocrx_word' id='word_1_835' title='bbox 689 5635 1184 5703; x_wconf 81' lang='lat' dir='ltr'><strong><em>torrnentisafflicit,</em></strong></span> <span class='ocrx_word' id='word_1_836' title='bbox 1205 5646 1252 5688; x_wconf 90' lang='lat' dir='ltr'><strong><em>et</em></strong></span> <span class='ocrx_word' id='word_1_837' title='bbox 1273 5637 1479 5690; x_wconf 86' lang='lat' dir='ltr'><strong><em>tandem</em></strong></span> <span class='ocrx_word' id='word_1_838' title='bbox 1502 5637 1553 5690; x_wconf 94' lang='lat' dir='ltr'><strong><em>in</em></strong></span> <span class='ocrx_word' id='word_1_839' title='bbox 1566 5638 1802 5690; x_wconf 75' lang='lat' dir='ltr'><strong><em>exsilium</em></strong></span> <span class='ocrx_word' id='word_1_840' title='bbox 1824 5635 2118 5703; x_wconf 62' lang='lat' dir='ltr'><strong><em>fill/si,ﬂllii!</em></strong></span> <span class='ocrx_word' id='word_1_841' title='bbox 2135 5651 2160 5686; x_wconf 93' lang='lat' dir='ltr'><strong><em>e</em></strong></span> <span class='ocrx_word' id='word_1_842' title='bbox 2177 5635 2436 5686; x_wconf 60' lang='lat' dir='ltr'><strong><em>constanti</em></strong></span> <span class='ocrx_word' id='word_1_843' title='bbox 2465 5630 2804 5698; x_wconf 71' lang='lat' dir='ltr'><strong><em>confessionis</em></strong></span> <span class='ocrx_word' id='word_1_844' title='bbox 2826 5628 3014 5679; x_wconf 84' lang='lat' dir='ltr'><strong><em>ardore</em></strong></span> <span class='ocrx_word' id='word_1_845' title='bbox 3032 5620 3494 5679; x_wconf 64' lang='lat' dir='ltr'><strong><em>remiserunlJ&#39;uit</em></strong></span> <span class='ocrx_word' id='word_1_846' title='bbox 3518 5621 3587 5671; x_wconf 83' lang='lat' dir='ltr'><strong><em>iis</em></strong></span> <span class='ocrx_word' id='word_1_847' title='bbox 3616 5622 3803 5690; x_wconf 83' lang='lat' dir='ltr'><strong><em>(quod</em></strong></span> 
     </span>
    </p>
   </div>
   <div class='ocr_carea' id='block_1_62' title="bbox 555 5707 3806 5792">
    <p class='ocr_par' dir='ltr' id='par_1_62' title="bbox 555 5707 3806 5792">
     <span class='ocr_line' id='line_1_62' title="bbox 555 5707 3806 5792; baseline -0.003 -21"><span class='ocrx_word' id='word_1_848' title='bbox 555 5727 600 5769; x_wconf 84' lang='lat' dir='ltr'><strong><em>et</em></strong></span> <span class='ocrx_word' id='word_1_849' title='bbox 628 5721 695 5771; x_wconf 91' lang='lat' dir='ltr'><strong><em>ad</em></strong></span> <span class='ocrx_word' id='word_1_850' title='bbox 718 5739 894 5776; x_wconf 88' lang='lat' dir='ltr'><strong><em>eorum</em></strong></span> <span class='ocrx_word' id='word_1_851' title='bbox 913 5723 1132 5792; x_wconf 86' lang='lat' dir='ltr'><strong><em>gloriam</em></strong></span> <span class='ocrx_word' id='word_1_852' title='bbox 1158 5740 1253 5778; x_wconf 89' lang='lat' dir='ltr'><strong><em>non</em></strong></span> <span class='ocrx_word' id='word_1_853' title='bbox 1280 5725 1548 5778; x_wconf 87' lang='lat' dir='ltr'><strong><em>minimum</em></strong></span> <span class='ocrx_word' id='word_1_854' title='bbox 1583 5723 1820 5785; x_wconf 78' lang='lat' dir='ltr'><strong><em>pertinet)</em></strong></span> <span class='ocrx_word' id='word_1_855' title='bbox 1844 5733 1890 5776; x_wconf 88' lang='lat' dir='ltr'><strong><em>ct</em></strong></span> <span class='ocrx_word' id='word_1_856' title='bbox 1915 5733 2068 5778; x_wconf 71' lang='lat' dir='ltr'><strong><em>(etate</em></strong></span> <span class='ocrx_word' id='word_1_857' title='bbox 2099 5720 2338 5784; x_wconf 77' lang='lat' dir='ltr'><strong><em>(canalis,</em></strong></span> <span class='ocrx_word' id='word_1_858' title='bbox 2376 5730 2422 5773; x_wconf 89' lang='lat' dir='ltr'><strong><em>et</em></strong></span> <span class='ocrx_word' id='word_1_859' title='bbox 2454 5719 2572 5772; x_wconf 76' lang='lat' dir='ltr'><strong><em>fidei</em></strong></span> <span class='ocrx_word' id='word_1_860' title='bbox 2596 5719 2787 5771; x_wconf 76' lang='lat' dir='ltr'><strong><em>socius.</em></strong></span> <span class='ocrx_word' id='word_1_861' title='bbox 2815 5729 3031 5780; x_wconf 84' lang='lat' dir='ltr'><strong><em>magnus</em></strong></span> <span class='ocrx_word' id='word_1_862' title='bbox 3060 5715 3146 5766; x_wconf 89' lang='lat' dir='ltr'><strong><em>ille</em></strong></span> <span class='ocrx_word' id='word_1_863' title='bbox 3185 5711 3481 5766; x_wconf 71' lang='lat' dir='ltr'><strong><em>Methodici:</em></strong></span> <span class='ocrx_word' id='word_1_864' title='bbox 3513 5707 3806 5763; x_wconf 83' lang='lat' dir='ltr'><strong><em>Constan-</em></strong></span> 
     </span>
    </p>
   </div>
  </div>
