3948 6200
1127 283 1143 295 q
1164 277 1297 297 4“"

274 334 372 393 235
1684 337 2101 402 PRJEFATIO.
2294 318 2300 325 ’
2635 328 2646 339 ’
3382 349 3486 411 286

271 446 656 514 tiuopolitanus,
686 464 837 516 quem
864 452 1032 506 vivum
1054 454 1292 522 sepulcro
1323 455 1521 510 includi
1554 459 1689 525 (erat
1728 461 1775 513 is
1802 476 1860 513 eo
1895 475 2002 512 crvo
2030 475 2127 513 non
2163 459 2462 531 infrequens
2485 466 2775 531 cruciatus)
2794 464 2954 534 jussit
2975 464 3110 520 idem
3143 466 3483 536 impiissimus

270 547 532 608 tyrannus.
564 535 782 590 Exstant
812 540 1027 605 quidam
1057 542 1238 601 iambi.
1272 560 1398 611 quos
1434 543 1731 599 Theodorus
1765 564 1828 599 ac
1859 545 2213 615 Theophanes,
2242 552 2294 604 in
2312 567 2429 603 eam
2464 551 2697 605 insulam
2720 552 2902 615 delati,
2935 570 3038 622 qua
3064 552 3361 607 Methodius
3387 554 3483 606 sub

267 634 450 678 terrain
484 623 727 693 degebat,
769 628 839 678 ad
895 643 1008 679 eum
1040 629 1385 695 scripserunt,
1422 631 1502 682 illi
1540 638 1719 691 etiam,
1760 650 1886 702 quos
1920 637 2005 687 hic
2055 637 2123 687 ad
2177 640 2382 690 eosdem
2411 641 2697 706 respondit.
2734 639 2898 703 Quos,
2940 640 3078 707 quod
3105 642 3483 711 elegantissimi

266 713 379 771 sint,
410 721 527 781 post
563 715 694 764 hanc
725 716 1002 780 epistolam
1043 719 1323 780 ascrintos,
1357 718 1462 769 nisi
1506 721 1759 787 gravaris.
1817 739 1991 788 quteso
2022 723 2183 784 legas.
2224 724 2435 777 Mortuo
2471 724 2785 794 Theophila,
2828 729 2922 779 sub
2962 726 3236 781 Theodora
3273 742 3324 780 et
3371 727 3481 780 Mi.

263 801 428 851 clmele
455 801 566 858 ﬁlio
589 800 757 866 (quem
798 802 1032 869 μεθυσὸν
1062 813 1245 855 vocant
1273 815 1533 872 auctores)
1564 807 1787 859 inducite
1817 811 2022 876 quidem
2048 809 2295 864 Ecclesia:
2322 827 2600 871 concessa',
2629 829 2731 864 non
2755 828 2877 879 pax,
2905 814 3151 875 malacia,
3188 831 3289 866 non
3329 823 3482 866 tran-

260 886 506 941 qui/litos.
547 887 881 947 Theophanes
925 888 1086 955 igitur
1110 904 1169 940 eo
1217 901 1447 956 tempore
1482 909 1587 943 una
1642 909 1754 946 cum
1788 893 2058 949 Theodoro
2096 897 2285 964 fratre,
2316 908 2373 950 ut
2421 909 2472 951 et
2526 899 2846 962 Methodius,
2883 900 3079 965 aliique
3116 918 3273 969 quam
3331 902 3479 952 multi

256 971 683 1024 iconoclastarum
715 974 914 1036 hostes,
952 975 1016 1026 ob
1043 976 1229 1027 exsilio
1264 987 1561 1042 revocatus,
1593 978 1658 1031 ab
1689 981 1926 1049 Augusta
1951 983 2236 1037 honoriﬁce
2261 994 2548 1049 tractatur,
2586 989 2688 1037 imo
2706 995 2755 1038 et
2793 986 3056 1040 luculento
3079 989 3310 1040 convivio
3337 991 3476 1040 exci-

258 1060 406 1118 pitur.
445 1058 619 1127 Atque
647 1060 899 1112 Imcteuus
936 1077 994 1113 ea
1036 1061 1129 1112 tibi
1160 1062 1336 1125 retuli,
1368 1072 1485 1132 quae
1524 1081 1553 1115 α
1580 1065 1777 1119 Gra'cis
1819 1069 2082 1123 historicis
2128 1071 2191 1122 ab
2238 1088 2378 1125 anno
2409 1073 2601 1125 salutis
2632 1074 3060 1135 octingentesimo
3112 1076 3372 1134 vicesimo.
3406 1076 3476 1127 ad

256 1150 722 1214 octingentesimum
755 1150 1242 1217 quinquagesimum
1272 1153 1591 1206 scribuntur.
1619 1154 1833 1208 Addunt
1877 1155 2116 1209 Romana
2143 1156 2550 1227 Martyrologia.
2576 1167 2625 1211 et
2656 1157 2955 1211 Crtecorum
2982 1158 3275 1229 Menologia
3312 1160 3477 1214 Theo-

253 1234 459 1300 pinnam
484 1232 552 1284 ab
579 1234 766 1286 erilio
797 1251 1052 1288 reversum
1089 1234 1324 1290 Nica’me
1354 1240 1496 1291 urbis
1533 1241 1824 1307 episcOpum
1849 1253 2081 1294 creatum
2113 1244 2296 1312 fuisse.
2331 1242 2442 1296 Nec
2466 1260 2559 1311 ego
2598 1253 2734 1296 certe
2754 1244 2816 1296 de
2850 1260 3026 1296 eorum
3062 1245 3165 1313 [ide
3200 1247 3469 1300 addubito.

252 1318 304 1371 I.t
333 1321 465 1371 enim
494 1331 545 1371 et
578 1318 906 1387 Theophanis
946 1322 1076 1375 Vita:
1131 1327 1358 1388 scriptor
1406 1342 1437 1376 a
1471 1324 1769 1389 Lipomano
1789 1330 1955 1382 editus
1983 1330 2234 1394 primum,
2273 1330 2479 1382 demum
2505 1348 2534 1381 a
2577 1328 2764 1392 Surto,
2795 1346 2888 1382 nos
2931 1330 3104 1391 docet,
3139 1341 3186 1383 et
3243 1332 3473 1385 Michael

251 1402 422 1473 Clgca,
457 1416 508 1457 et
540 1405 924 1460 Constantinus
954 1409 1224 1463 Monaeses
1249 1409 1422 1465 Graeci
1454 1421 1692 1465 auctores
1726 1415 1917 1467 litteris
1958 1418 2302 1468 mandarunt.
2337 1415 2574 1480 Quorum
2619 1417 2946 1478 testimonia,
2989 1418 3129 1484 quod
3169 1433 3405 1470 seorsum
3438 1438 3469 1471 a

251 1508 321 1544 me
347 1496 520 1553 posita
555 1494 722 1561 legere
756 1497 948 1562 possis,
984 1498 1066 1549 hic
1094 1501 1520 1563 pra'termittam.
1565 1499 1668 1555 Sed
1701 1512 1750 1554 et
1773 1515 1982 1560 uetera.
2019 1518 2135 1570 quia
2174 1501 2243 1555 ad
2276 1504 2434 1569 hujus
2468 1503 2564 1555 viri
2605 1504 2760 1554 vitam
2802 1503 3128 1569 peculiarius
3157 1520 3471 1571 cognoscen-

248 1582 357 1630 dam
399 1589 662 1644 spectant,
710 1591 815 1633 tum
853 1599 885 1633 a
922 1585 1210 1648 pra'citntis
1262 1586 1588 1649 auctoribus,
1644 1604 1799 1653 quam
1857 1588 1920 1642 ab
1955 1605 2037 1651 eo,
2088 1605 2238 1657 quem
2270 1591 2429 1643 etiam
2468 1590 2737 1642 nominavi
2777 1591 3146 1655 metaphraste,
3190 1607 3253 1643 ne
3300 1608 3392 1661 ego
3423 1602 3471 1644 te

247 1664 462 1730 pluribus
496 1682 694 1727 morer,
723 1667 885 1731 facile
920 1670 1198 1740 intelliges.
1234 1670 1421 1740 Itaque
1443 1673 1632 1726 dubius
1663 1690 1764 1728 non
1791 1691 1928 1738 sum,
1962 1677 2088 1746 quin
2124 1675 2462 1737 Theophanes
2489 1687 2663 1729 noster
2717 1678 2762 1728 is
2809 1678 2918 1743 ipse
2951 1677 3041 1738 sit,
3076 1676 3139 1730 de
3184 1693 3286 1745 quo
3329 1678 3472 1730 dia-i-

246 1772 365 1810 mus.
402 1754 599 1811 Verum
632 1761 882 1826 quoniam
920 1762 1020 1814 loci
1049 1766 1152 1815 duo
1185 1766 1325 1831 apud
1348 1767 1589 1817 eumdem
1622 1767 1699 1817 ita
1735 1781 1919 1834 urgere
1950 1766 2212 1825 ridentur,
2242 1772 2297 1816 nt
2326 1763 2492 1831 inulto
2525 1764 2784 1817 recentior
2813 1763 3116 1817 existimari
3150 1780 3239 1818 nec
3266 1765 3469 1834 injuria

245 1845 408 1906 possit,
443 1845 571 1898 illos
615 1849 708 1899 tibi
749 1851 1017 1916 prieterire
1046 1867 1146 1901 non
1192 1852 1371 1905 debeo.
1407 1852 1637 1921 Uterque
1659 1853 1881 1906 habetur
1915 1854 1968 1905 in
2010 1852 2230 1919 epistola
2258 1853 2326 1904 ad
2356 1850 2603 1906 Nicaeum
2632 1854 2695 1905 de
2729 1869 2904 1906 rerum
2948 1856 3299 1906 humanarum
3343 1870 3470 1907 con-

244 1937 442 1997 temptu.
481 1931 646 1985 Prior
673 1943 751 1986 est
773 1935 824 1986 in
849 1937 960 2001 ipso
991 1937 1163 1993 initio.
1191 1938 1280 1990 ubi
1304 1935 1546 1991 Nicteam
1583 1950 1813 2000 captam,
1848 1945 2084 2007 atquein
2117 1940 2344 1993 hostium
2394 1948 2703 2006 potestate»:
2739 1940 3007 1993 redactam
3032 1942 3192 1994 dolet.
3228 1941 3374 1994 Alter
3410 1944 3463 1996 in

242 2017 349 2084 ﬁne.
384 2036 488 2084 quo
530 2023 612 2085 (ut
650 2020 871 2073 habetur
931 2023 985 2075 in
1011 2024 1300 2092 exemplari
1334 2023 1610 2093 Vaticano)
1642 2026 1873 2080 meminit
1901 2026 2175 2080 Barlaami
2198 2035 2247 2080 et
2275 2027 2534 2096 Acyndini
2556 2026 2943 2080 haereticorum.
2970 2026 3034 2078 At
3058 2026 3381 2080 Barlaamus
3414 2037 3464 2079 et

247 2106 542 2173 Acgndinus
576 2108 673 2159 sub
704 2107 918 2162 Joanne
945 2107 1085 2171 XXI,
1113 2111 1221 2163 sive
1254 2111 1420 2162 mavis
1448 2110 1616 2174 XXII,
1651 2110 1885 2165 Romano
1929 2113 2194 2179 pontifice,
2233 2112 2489 2166 .ilichaele
2515 2113 2815 2165 Andronico
2857 2110 3158 2179 Paln'ologo
3206 2110 3461 2171 Orientis,

240 2193 451 2245 Henrico
473 2192 894 2262 Lucenburgico,
922 2198 1024 2250 sive
1048 2196 1310 2251 Ludovico
1337 2196 1541 2251 Bavaro
1570 2197 1867 2253 Occidentis
1906 2200 2330 2268 imperatoribus,
2361 2216 2639 2261 emersere,
2663 2200 2806 2252 circa
2843 2197 3043 2253 Christi
3071 2215 3266 2251 annum
3296 2199 3464 2250 mille-

239 2283 408 2335 simum
437 2288 868 2340 trecentesimum
896 2289 1221 2343 vicesimum.
1253 2289 1490 2355 Quorum
1532 2301 1656 2343 tunc
1693 2290 1938 2355 temporis
1970 2290 2209 2353 impietas
2255 2288 2458 2354 (nempe
2488 2303 2549 2340 ea
2579 2288 2717 2356 ipsa,
2747 2303 2864 2355 quae
2885 2303 2915 2339 a
2948 2295 3128 2341 nostro
3153 2286 3462 2354 TheOphane

238 2379 576 2440 oppugnatur)
603 2375 832 2427 coercita
860 2376 980 2445 fuit.
1015 2373 1118 2431 Sed
1150 2386 1200 2430 et
1240 2379 1417 2431 eodem
1444 2392 1570 2440 aevo,
1608 2393 1789 2445 nempe
1812 2377 1880 2428 ad
1919 2390 2114 2426 annum
2136 2373 2333 2427 Christi
2356 2372 2691 2426 millesimum
2725 2372 3172 2433 trecentesimum,
3207 2371 3461 2442 Scythica

238 2471 342 2523 gens
364 2461 639 2514 Orientem
683 2466 894 2530 gravius
942 2465 1169 2533 pervasit
1236 2465 1520 2519 Ottomano
1571 2466 1723 2527 duce,
1776 2462 1928 2530 cujus
1981 2461 2125 2529 ﬁlius
2177 2459 2482 2514 Orchannes
2544 2476 2647 2513 non
2702 2464 2867 2513 multo
2928 2469 3040 2526 post
3092 2457 3278 2513 Ntca'a
3342 2460 3459 2528 ipsa

240 2545 361 2612 longi
405 2549 663 2616 temporis
716 2550 986 2603 obsidione
1043 2550 1273 2620 fatigata
1338 2554 1550 2605 tandem
1599 2552 1800 2620 potitus
1864 2556 1960 2602 est.
2012 2547 2198 2615 Itaque
2251 2549 2361 2600 haec
2411 2549 2547 2600 inter
2569 2563 2680 2601 sese
2732 2549 2808 2600 ita
2852 2549 3125 2600 convenire
3193 2547 3456 2610 videntur,

239 2639 287 2681 ut
332 2643 568 2685 nostrum
618 2632 981 2701 Theophanem
1032 2653 1093 2689 ea
1138 2649 1296 2691 (etate
1347 2639 1539 2691 vixisse
1595 2654 1712 2690 vero
1775 2636 2001 2691 similius
2049 2635 2227 2704 fuerit.
2253 2633 2513 2687 Ca'terum
2560 2651 2653 2703 ego
2707 2651 2811 2711 nqn
2855 2635 3029 2687 adhuc
3092 2634 3346 2697 adducor,
3402 2645 3458 2687 ut

237 2733 264 2767 a
310 2721 476 2783 priori
546 2723 803 2776 sententia
879 2723 1170 2777 discedam.
1247 2722 1390 2778 Nam
1455 2725 1717 2795 Acyndini
1786 2733 1830 2777 et
1894 2721 2175 2775 Barlaami
2248 2722 2447 2773 mentio
2518 2726 2667 2791 deest
2730 2723 2781 2774 in
2849 2721 3175 2775 Messanensi
3255 2721 3454 2782 codice,

237 2805 367 2865 "tius
418 2808 712 2873 exemplum
761 2808 831 2862 ad
872 2810 1009 2863 hanc
1055 2812 1331 2865 editionem
1390 2813 1664 2865 habuimus
1718 2827 1876 2880 opera
1931 2807 2128 2862 Metelli
2182 2807 2403 2861 Andenii
2464 2808 2564 2885 viri
2622 2808 2766 2860 docti
2835 2817 2885 2862 et
2942 2809 3150 2877 integri.
3200 2806 3265 2860 Et
3321 2820 3456 2859 certe

237 2888 562 2945 Hemonensis
585 2895 709 2946 libri
734 2894 867 2963 ﬁdes
898 2898 1072 2964 potior
1119 2898 1248 2950 mihi
1291 2897 1416 2966 fuit,
1468 2914 1624 2966 quam
1683 2897 1971 2962 Vaticani;
2019 2914 2140 2949 nam
2179 2908 2225 2950 et
2281 2896 2447 2949 multo
2475 2895 2730 2961 majorem
2792 2897 3155 2964 antiquitatem
3208 2897 3456 2964 pra-ferre

235 2990 441 3038 constat.
480 2997 613 3037 cum,
663 2980 966 3036 Vaticanum
1017 2984 1111 3036 sub
1168 2984 1393 3038 Nicolao
1431 2983 1474 3038 V
1523 2986 1774 3052 scriptum
1826 2984 1993 3053 fuisse
2026 2984 2184 3049 facile
2220 2984 2291 3035 sit
2333 2982 2577 3050 colligere
2622 2998 2687 3035 ea:
2741 2982 2939 3035 Perotti
2989 2981 3298 3051 quibusdam
3361 2996 3456 3047 pa-

235 3069 397 3134 rergis.
433 3083 552 3134 quae
586 3084 682 3133 pro
711 3069 877 3122 libelli
910 3071 1063 3122 initio
1091 3070 1370 3125 habentur.
1419 3071 1616 3125 Deinde
1665 3072 1877 3124 hmresis
1916 3070 2186 3123 Barlaami
2232 3078 2280 3121 et
2320 3069 2585 3122 Acundini
2620 3084 2720 3122 non
2756 3070 2851 3139 fuit
2892 3085 3063 3133 nova;
3094 3084 3216 3121 nam
3259 3072 3449 3120 multa,

236 3151 323 3203 imo
364 3153 475 3218 fere
522 3156 696 3208 omnia
741 3172 772 3207 a
799 3158 990 3222 priscis
1034 3157 1294 3211 hmreticis
1323 3161 1631 3227 desumpsit,
1670 3160 1809 3212 utin
1853 3157 2002 3210 illius
2047 3157 2147 3209 loci
2187 3157 2400 3208 scholiis
2452 3157 2844 3209 demonstrabo.
2905 3155 3044 3220 Quot
3086 3155 3451 3207 htrreticornm

236 3240 409 3292 deliria
444 3251 699 3294 notantur
726 3243 790 3295 ab
825 3242 1062 3312 Ignatio,
1094 3247 1183 3314 qui
1216 3255 1445 3313 tempore
1496 3246 1869 3313 Apostolorum
1901 3246 2050 3307 vixit,
2081 3261 2198 3314 qua:
2230 3243 2381 3305 Ario,
2433 3242 2762 3305 Macedonio,
2803 3241 3049 3295 Nestorio
3071 3281 3086 3306 ,
3143 3240 3447 3310 Eutycheti,

234 3336 469 3395 tanquam
497 3343 678 3381 eorum
709 3331 1014 3385 architectis
1047 3332 1345 3385 tribuerunt
1372 3334 1569 3386 saecula
1617 3333 2000 3388 succedentia?
2032 3332 2156 3387 Jam
2199 3331 2399 3385 Nicena:
2437 3334 2760 3401 oppugnatio
2796 3348 2826 3382 a
2873 3331 3067 3397 prioris
3118 3328 3448 3394 Thwphanis

233 3421 379 3466 atate
426 3430 528 3466 non
557 3418 772 3469 omnino
823 3419 1109 3482 discrepat.
1153 3417 1299 3472 Nam
1349 3419 1516 3472 multo
1564 3430 1684 3471 ante
1723 3418 2059 3486 Theophilum
2110 3421 2478 3484 imperatorem
2532 3420 2775 3471 universa
2809 3420 2934 3471 Asia
2971 3419 3045 3469 ita
3090 3433 3121 3468 a
3166 3414 3447 3470 Saracenis

232 3499 585 3567 infestabatur,
613 3513 668 3556 ut
700 3504 819 3572 fieri
846 3507 1081 3573 potuerit
1115 3506 1301 3576 (varice
1336 3509 1474 3559 enim
1492 3506 1610 3575 jam
1642 3516 1766 3559 tunc
1800 3516 1848 3561 et
1892 3523 2020 3575 pene
2053 3519 2428 3560 momentanea:
2462 3507 2515 3558 in
2543 3505 2807 3559 Orientali
2836 3504 3053 3571 imperio
3100 3518 3274 3555 rerum
3304 3503 3447 3555 vicis-

231 3587 513 3653 situdines),
543 3588 782 3644 Nicceam
813 3592 869 3644 in
910 3608 1088 3645 eorum
1119 3604 1427 3660 potestatein
1459 3594 1528 3646 ad
1556 3593 1773 3662 aliquod
1804 3604 2005 3661 tempus
2042 3594 2336 3646 redactam.
2369 3591 2521 3647 Certe
2555 3591 2739 3645 Leonis
2766 3591 2996 3644 Isaurici
3023 3605 3163 3642 anno
3192 3589 3443 3652 secundo,

232 3674 310 3738 qui
348 3673 444 3739 fuit
481 3673 674 3729 Christi
702 3678 1182 3746 septingentesimus
1203 3680 1440 3748 quintus,
1471 3679 1721 3744 Thracia,
1753 3682 1855 3731 imo
1880 3680 1992 3748 ipsa
2022 3679 2143 3732 urbs
2190 3679 2395 3745 imperii
2438 3680 2605 3739 sedes,
2635 3693 2727 3746 per
2750 3677 3113 3745 So.gmanum,
3144 3672 3185 3726 Π
3197 3691 3398 3727 marum
3425 3715 3440 3739 ,

238 3754 429 3812 lsithen
452 3763 710 3814 biennium
739 3776 1061 3833 oppugnata.
1097 3766 1213 3831 Quo
1263 3769 1425 3821 etiam
1462 3778 1691 3834 tempore
1734 3766 2080 3819 .‘ilardasanes
2127 3769 2191 3818 ab
2229 3763 2421 3818 (Ethce
2450 3764 2586 3832 pglis
2617 3766 2684 3815 ad
2737 3761 2977 3815 Ntcceam
3008 3773 3052 3814 et
3080 3760 3442 3814 Nicomediam

237 3862 404 3915 usque,
441 3859 496 3901 ut
548 3853 863 3905 nominatim
891 3855 1241 3920 prodiderunt
1288 3866 1550 3915 auctores,
1596 3870 1903 3912 excursans,
1957 3862 2117 3904 totam
2154 3851 2466 3920 Bithyniam
2495 3848 2797 3917 ipopulatus
2825 3858 2920 3902 est.
2970 3846 3073 3901 Sed
3114 3857 3163 3899 et
3207 3847 3440 3916 ejusdem

236 3932 617 3989 Cononisanno
645 3939 845 3993 decimo
879 3941 1036 3994 Amer
1069 3945 1168 4007 (sic
1199 3943 1427 4011 Agareni
1466 3944 1717 3997 vocabant
1761 3956 1885 3994 suos
1930 3942 2294 4008 imperatores)
2333 3948 2384 3990 et
2410 3938 2610 3991 lilabias
2651 3937 2892 4004 quidam,
2923 3952 3038 3988 cum
3070 3944 3272 3987 centum
3318 3935 3440 3986 mile

234 4019 356 4073 libus
382 4025 599 4076 militum
631 4024 869 4079 .Vicwam
897 4032 987 4080 diu
1018 4030 1238 4092 obsedit,
1264 4045 1379 4100 qua:
1409 4031 1615 4083 tandem
1648 4045 1702 4081 re
1740 4030 2037 4098 desperata.
2077 4026 2393 4091 Sanctorum
2425 4026 2737 4078 tutelarium
2769 4041 2884 4093 ope,
2920 4024 3010 4091 qui
3039 4038 3133 4090 per
3168 4038 3434 4074 murorum

234 4110 571 4165 deinolttiones
599 4116 885 4179 conspecti,
930 4115 1103 4168 hostes
1150 4126 1469 4182 terruerunt,
1518 4117 1794 4169 liberatur.
1845 4114 2125 4168 Michaelis
2160 4113 2310 4168 Bulbi
2343 4114 2565 4181 imperio
2625 4116 2799 4180 major
2849 4112 3023 4163 adhuc
3090 4109 3436 4161 barbarorum

236 4195 459 4263 illuvies;
491 4216 610 4251 nam
645 4200 782 4252 illia
813 4202 1077 4255 littoribus
1109 4202 1291 4255 Btvtici
1325 4201 1522 4256 Oceani
1564 4202 1732 4255 nostri
1763 4204 2018 4256 solventes
2065 4202 2187 4272 (quo
2241 4210 2471 4265 tempore
2519 4202 2766 4266 regnabat
2815 4200 2953 4261 apud
3000 4215 3091 4251 nos
3141 4198 3435 4265 Alphonsm

235 4297 547 4352 cognomento
588 4288 836 4355 Magnus,
874 4289 1131 4342 Ranimiri
1179 4292 1341 4356 ﬁlius,
1381 4292 1602 4346 Ordonii
1649 4309 1825 4361 nepos,
1864 4288 2069 4343 Carsite
2114 4287 2281 4357 pater)
2329 4287 2488 4355 facile
2522 4287 2731 4339 Cretam
2780 4296 3182 4349 occupaverunt,
3214 4293 3261 4336 et
3298 4285 3436 4337 brevi

238 4368 476 4438 Siciliam,
506 4374 836 4439 Calabriam,
871 4376 1159 4444 bonamque
1192 4368 1367 4432 Ital:az
1401 4389 1605 4442 partem
1644 4378 2013 4442 dehellarunt;
2061 4380 2112 4429 in
2149 4378 2331 4429 Asiam
2379 4375 2590 4428 tandem
2628 4375 2976 4443 trajicicntes,
3015 4384 3168 4440 atque
3203 4372 3321 4424 aliis
3353 4371 3437 4423 sui

235 4463 413 4525 generis
444 4462 711 4529 adjuncti,
747 4478 885 4530 sape
914 4464 968 4515 in
1000 4462 1205 4516 Crtecia
1238 4466 1316 4518 vel
1342 4481 1459 4518 cum
1489 4469 1601 4529 ipso
1634 4465 1917 4529 Theophilo
1954 4465 2322 4531 conﬂixerunt,
2373 4464 2718 4532 ultimumque
2767 4467 2836 4515 ad
2872 4464 3144 4515 Amorium
3192 4459 3435 4529 Phrygiis

236 4548 478 4613 oppidum.
513 4566 617 4602 non
648 4550 761 4602 sine
792 4566 1053 4604 successu.
1087 4553 1472 4606 Accedit-locus
1497 4556 1636 4621 apud
1679 4568 1793 4604 eum

1880 4568 1913 4603 η
1952 4549 2314 4615 TheOphanem
2345 4552 2396 4602 iu
2436 4548 2659 4616 epistola
2692 4550 2820 4618 περὶ
2856 4549 2952 4617 τῆς
2996 4546 3315 4617 ἱερωσύνης,
3349 4545 3436 4597 ubi

236 4633 288 4685 de
312 4635 554 4702 baptismo
582 4637 833 4706 loquitur,
873 4639 962 4707 qui
991 4640 1068 4692 sic
1092 4639 1241 4693 habet
1270 4658 1284 4695 :
1325 4640 1447 4695 Neu
1487 4641 1737 4694 Christus
1770 4642 2030 4702 ttiemlira,
2063 4652 2184 4705 qua:
2222 4649 2482 4705 tanquam
2538 4637 2754 4705 propria
2810 4636 2911 4689 silui
2945 4644 3027 4688 est
3058 4635 3433 4703 corpulalurus,

239 4724 504 4779 conformis
543 4728 694 4795 prius
723 4729 883 4795 capiti
928 4727 1053 4783 facit
1081 4745 1177 4798 per
1208 4732 1553 4798 baptismum.
1595 4729 1794 4783 Deinde
1823 4742 1917 4796 per
1945 4722 2412 4792 participationem
2451 4737 2513 4776 ac
2541 4723 3082 4775 communicationem
3112 4737 3223 4773 sua:
3254 4724 3435 4774 carnis

238 4819 278 4859 el
300 4813 567 4879 sanguinis
599 4814 702 4868 sihi
735 4826 787 4866 et
819 4816 961 4869 inter
990 4831 1107 4869 sese
1146 4817 1325 4869 divim
1363 4817 1476 4870 luet:
1507 4818 1687 4869 omnia
1721 4822 1957 4868 membra
1986 4810 2304 4882 agglutinat.
2340 4814 2505 4877 Atque
2532 4809 2725 4861 addit:
2770 4807 2891 4859 Ideo
2943 4809 3086 4859 enim
3137 4807 3435 4873 lmptismns

237 4909 452 4952 sanctam
484 4902 745 4969 prmceilit
773 4903 1227 4956 counmmionem.
1270 4903 1367 4957 [ω
1403 4921 1499 4956 non
1531 4905 1742 4956 obscure
1775 4906 1966 4965 innuit,
2016 4903 2282 4969 antiquum
2321 4899 2569 4953 Ecclesia)
2599 4914 2790 4949 morem
2824 4896 2906 4965 (de
2945 4914 3045 4965 quo
3079 4897 3129 4949 in
3157 4898 3287 4949 notis
3313 4914 3436 4966 (ταας

235 4993 347 5052 ntus)
375 5004 468 5040 suo
495 4999 728 5055 tempore
766 4991 1002 5051 durasse,
1035 5004 1209 5051 nempe
1241 4989 1474 5052 adultos,
1529 5002 1574 5042 et
1613 4991 1701 5058 qui
1746 5006 1911 5044 sacra?
1945 4989 2294 5042 Eucharistiw
2335 4996 2719 5040 sacramentum
2757 4984 3106 5053 accipiebant,
3154 4988 3223 5037 ad
3258 4985 3434 5053 baptio

234 5086 377 5125 smuni
403 5076 701 5136 accessisse,
732 5076 872 5142 quod
901 5088 1041 5129 certe
1074 5079 1239 5128 multo
1279 5079 1526 5130 vetustius
1558 5087 1657 5142 est,
1687 5094 1846 5145 (ιιιαή
1879 5088 1931 5129 ut
1968 5077 2020 5127 in
2058 5074 2263 5128 Crtecia
2305 5084 2508 5127 wta'em
2542 5074 2767 5128 senioris
2791 5072 3104 5135 Andronici,
3141 5073 3195 5125 id
3220 5082 3295 5124 est
3327 5081 3436 5124 tre-

234 5172 471 5212 centorum
503 5160 620 5224 plus
655 5162 884 5214 minusve
914 5179 1172 5215 annorum
1209 5164 1343 5230 ferre
1413 5166 1597 5233 possit.
1649 5166 1730 5218 Ad
1772 5165 1901 5225 hmc,
1939 5162 2082 5216 haud
2132 5163 2259 5216 mihi
2307 5163 2656 5230 persuadebo,
2724 5161 2817 5214 illa
2863 5169 3019 5214 mtate
3068 5158 3430 5226 Theophanem

234 5245 413 5311 risisse,
438 5264 557 5301 cum
588 5248 702 5316 ejus
732 5249 927 5302 mentio
957 5249 1021 5303 ab
1058 5250 1203 5303 illius
1241 5253 1336 5304 tcvi
1368 5250 1602 5319 diligenti
1628 5255 1902 5318 scriptore,
1952 5250 2259 5315 imperatori
2292 5264 2436 5312 caro,
2473 5248 2772 5301 litterarum
2804 5259 2852 5301 et
2880 5248 3232 5301 litteratorum
3262 5245 3432 5296 homi-

234 5347 335 5385 num
364 5344 599 5389 amatore
628 5348 675 5390 et
711 5337 1030 5389 encomiaste
1084 5336 1376 5402 Nicephoro
1423 5338 1655 5407 Gregora
1701 5342 1907 5409 penitus
1957 5343 2115 5411 (quod
2164 5337 2511 5403 meminerim)
2562 5339 2880 5406 negligatur.
2928 5336 3173 5406 Legimus
3221 5334 3429 5405 quidem

231 5417 405 5489 integro
428 5424 624 5477 saeculo
652 5435 773 5476 ante
804 5425 1157 5477 Andronicum
1208 5425 1491 5479 Nicolaum
1537 5430 1813 5492 quemdam
1861 5428 2162 5487 Nica'num,
2215 5427 2302 5493 qui
2338 5424 2636 5477 Andronico
2664 5422 2925 5478 Contneno
2967 5433 3211 5490 tyranno,
3257 5419 3428 5470 Alexii

233 5504 457 5563 Comneni
485 5508 769 5569 avunculo,
805 5509 1067 5563 Manuelis
1098 5512 1348 5567 Conmeui
1375 5513 1562 5580 fratre,
1600 5514 1837 5571 Nicaeam
1864 5533 1956 5584 pro
1977 5516 2112 5567 lidit.
2161 5511 2488 5581 Theophanis
2519 5528 2637 5563 vero
2681 5526 2773 5576 Per
2819 5526 2877 5561 εη
2909 5507 3102 5559 "Nu,"
3131 5505 3281 5558 m‘ua
3317 5521 3429 5559 om“

234 5595 338 5648 nino
364 5599 420 5661 ﬁt
455 5602 669 5649 mentio.
710 5595 835 5650 Illac
869 5608 1006 5651 certe
1040 5599 1114 5652 ita
1144 5600 1286 5653 dicta
1332 5602 1505 5663 velim,
1543 5614 1597 5653 ut
1632 5604 1850 5658 liberum
1902 5602 2181 5667 unicuique
2232 5614 2322 5666 per
2356 5615 2433 5650 me
2472 5599 2589 5665 ﬁat,
2640 5598 2703 5649 de
2739 5594 3064 5662 Theophanis
3109 5593 3302 5647 steculo
3330 5609 3429 5661 pro

234 5679 359 5737 libita
381 5689 591 5738 sentire.
630 5682 830 5738 [lubuit
864 5696 1000 5738 certe
1029 5687 1174 5738 omni
1222 5703 1351 5749 aevo,
1401 5689 1733 5742 ornatissime
1775 5689 1990 5758 prtesul,
2035 5699 2295 5739 terrarum
2355 5684 2445 5737 ille
2493 5686 2673 5735 oculus
2704 5694 2750 5734 et
2780 5682 2899 5748 ﬂos.
2930 5680 3072 5739 ,ι’ῑνοδ
3106 5681 3345 5735 doctrina
3374 5692 3425 5736 ει

236 5772 248 5823 t'
282 5773 414 5837 genio
445 5788 554 5839 pra
586 5773 932 5840 tautisrimos,
970 5791 995 5826 e
1032 5790 1247 5844 quorum
1292 5775 1522 5843 fontibus
1555 5778 1607 5829 in
1644 5780 1787 5833 omni
1820 5780 1925 5833 fere
1954 5776 2225 5843 discipline
2240 5787 2353 5825 rum
2401 5786 2584 5841 genere
2616 5770 2807 5822 rivulos
2843 5778 3047 5824 nostros
3083 5770 3255 5825 adhuc
3280 5773 3421 5828 deri-
