3930 6204
466 316 568 380 237
1383 314 1893 375 THEOPHANES
1928 313 2344 376 EPISCOPUS
2377 313 2746 376 manuus.
2804 293 2811 299 ’
3613 307 3724 370 288

467 444 676 482 ramus.
723 425 792 482 Ut
821 443 926 481 non
960 427 1093 481 satis
1125 425 1310 480 mirari
1342 427 1550 495 quidem
1582 428 1843 496 possimus
1869 425 2201 481 incredibiles
2232 428 2586 481 humanorum
2619 438 2793 480 rerum
2831 422 3242 489 vicissitudines,
3294 425 3415 480 sive
3448 425 3532 495 (ut
3560 423 3727 482 Chri-

468 516 702 570 stianum
737 513 992 566 hominem
1029 513 1172 582 loqui
1205 513 1372 584 decet)
1398 515 1592 567 divina:
1621 515 1891 582 sapientia:
1934 515 2477 580 incomprehensibilia
2521 519 2750 569 decreta.
2785 510 2943 566 Iacet
2979 512 3118 566 enim
3152 529 3288 566 nunc
3326 511 3556 576 Graecia,
3613 515 3731 580 pri-

471 603 626 656 stince
653 601 939 655 venustatis
981 599 1255 666 putridum
1296 600 1542 663 cadaver,
1576 602 1938 656 miserandum
1985 603 2254 668 exuvium,
2297 601 2397 655 vile
2452 600 2699 664 temporis
2751 599 3068 663 ludibrium,
3119 589 3430 654 tenuissimi
3476 601 3738 666 prieteriti

471 690 703 753 corporis
737 687 944 750 umbra,
978 696 1028 740 et
1063 688 1164 740 nisi
1197 687 1320 740 libri
1354 699 1703 754 superessent,
1753 707 2009 758 nusquam
2062 690 2116 742 in
2163 707 2258 743 suo
2305 691 2420 744 solo
2471 688 2855 758 cognoscenda.
2892 685 3018 740 Non
3064 689 3302 742 omittam
3338 690 3420 759 (ut
3447 691 3616 744 omnis
3653 693 3724 744 de

476 775 786 839 Theophane
813 777 953 842 apud
987 787 1230 830 auctores
1265 778 1457 829 mentio
1490 776 1768 845 prodatur)
1804 778 1996 831 vixisse
2049 776 2265 841 imperio
2312 772 2502 827 Leonis
2537 775 2751 826 Armeni
2787 769 3160 838 Theophanem
3192 773 3382 832 alium.
3416 775 3729 828 monastictz

404 859 412 865 ’
472 869 590 920 vitae
627 876 962 928 sectatorem,
987 867 1077 936 qui
1105 867 1161 919 in
1191 867 1614 922 Samothraciam
1649 869 1906 936 relegatus
1937 868 1998 921 ob
2030 877 2306 920 sacrarum
2351 861 2478 913 item
2524 859 2816 928 imaginum
2847 858 3072 923 cultum,
3116 859 3410 913 clarus-ibi
3445 863 3727 914 miraculis

475 954 625 1007 obiit.
664 953 791 1006 Fuit
820 964 868 1006 et
901 953 1242 1020 Theophanes
1277 954 1523 1021 Isaurus,
1555 956 1646 1024 qui
1679 973 1709 1008 a
1746 953 2042 1008 Maximino
2077 953 2145 1007 ad
2181 950 2537 1019 Nicephorum
2572 947 2912 1018 Logothetem
2960 949 3240 1002 historiam
3283 953 3575 1005 contexuit.
3612 951 3731 1005 Nos

472 1041 630 1109 hujus
662 1042 903 1110 quicdam
937 1043 1186 1096 habemus
1237 1042 1468 1095 nondum
1516 1044 1682 1107 edita,
1730 1058 1848 1112 qua:
1903 1043 2050 1096 nobis
2095 1039 2504 1095 communicavit
2566 1034 2889 1091 Franciscus
2939 1035 3237 1091 Turrianus
3282 1042 3555 1093 societatis
3605 1039 3744 1092 Jesu

475 1132 764 1197 presbyter.
798 1131 874 1181 vir
907 1131 1050 1182 omni
1079 1130 1334 1182 memoria
1371 1131 1715 1194 venerandus,
1751 1146 1869 1182 cum
1901 1145 2001 1197 quo
2035 1145 2163 1196 pene
2195 1126 2512 1195 quotidiana
2543 1125 2691 1178 nobis
2722 1124 2826 1192 fuit
2854 1126 3202 1193 familiaritas
3239 1135 3346 1178 toto
3376 1127 3466 1180 illo
3497 1126 3743 1188 biennio.

476 1226 754 1285 antequam
793 1218 861 1267 ad
893 1217 1161 1269 meliorem
1189 1218 1353 1269 vitam
1387 1219 1681 1272 translatus
1712 1227 1866 1272 esset.
1897 1217 1964 1270 Et
1996 1218 2078 1270 hic
2110 1217 2320 1284 quidem
2359 1213 2542 1266 tertius
2577 1209 2940 1279 Theophanes,
2971 1221 3030 1264 ut
3060 1223 3109 1265 et
3140 1214 3342 1278 priores
3377 1215 3504 1277 duo,
3542 1215 3749 1282 ὁμο).οο

475 1306 649 1369 γήτης
684 1302 749 1354 ab
783 1304 1084 1355 auctoribus
1119 1304 1314 1362 dictus.
1354 1304 1405 1356 id
1438 1315 1537 1369 est,
1587 1307 1648 1358 ob
1696 1321 1829 1360 vera:
1861 1305 2132 1373 religionis
2169 1300 2550 1368 confessionem
2585 1299 2648 1352 ab
2688 1299 2956 1353 hatreticis
3009 1300 3254 1370 amictus.
3292 1300 3414 1354 Non
3442 1301 3580 1355 enim
3610 1319 3750 1355 con-

476 1391 642 1457 fessor
672 1389 1039 1451 appellabatur
1084 1389 1249 1444 beatis
1279 1391 1387 1444 illis
1438 1391 1788 1459 temporibus,
1827 1393 1928 1444 nisi
1966 1392 2031 1453 is,
2070 1393 2162 1461 qui
2211 1391 2340 1459 fidei
2379 1405 2542 1443 causa
2602 1397 2864 1442 tormenta
2909 1387 3164 1450 subierat.
3223 1389 3289 1442 Et
3325 1385 3448 1444 hinc
3500 1391 3580 1459 (ut
3612 1392 3754 1445 alibi

477 1474 864 1527 observavimus
908 1477 1279 1529 ec'Antiocho
1312 1478 1593 1546 monacho)
1655 1493 1758 1532 non
1803 1494 1956 1532 rarus
1991 1477 2080 1532 ille
2127 1478 2268 1537 apud
2317 1485 2508 1530 veteres
2554 1474 2819 1528 scribendi
2857 1475 3067 1538 modus,
3118 1493 3239 1530 cum
3285 1478 3349 1531 de
3397 1479 3645 1546 tyrannis
3703 1493 3754 1531 et

479 1558 731 1614 Ecclesia:
763 1563 1181 1627 persecutoribus
1230 1563 1534 1632 loquuntur,
1564 1564 1833 1633 narretque
1863 1564 2031 1634 μάρτυ

2204 1564 2447 1634 εεποίηκε
2489 1564 2857 1635 ὁμολογήτην,
2887 1565 2941 1619 id
2974 1576 3073 1632 est,
3105 1567 3234 1622 fecit
3267 1577 3586 1638 martyrem,
3619 1569 3756 1623 fecit

480 1645 880 1713 confessorem,
915 1665 1116 1714 nempe,
1145 1649 1297 1702 illum
1321 1660 1507 1712 morte,
1540 1651 1677 1704 hunc
1711 1652 2029 1704 cruciatibus
2064 1652 2262 1720 affecit.

552 1732 855 1788 Orationem
904 1745 1061 1804 atque
1092 1751 1174 1800 ea,
1225 1751 1342 1803 quw
1377 1739 1506 1807 περὶ
1557 1736 1655 1789 τοῦ
1705 1737 1866 1805 λόγου
1907 1738 1962 1791 in
2000 1737 2308 1805 Theophane
2361 1755 2590 1804 censere,
2627 1739 2832 1808 frustra
2876 1741 3060 1810 fuerit,
3109 1759 3228 1796 cum
3261 1743 3758 1797 ecclesiasticarum

485 1833 762 1876 auctorum
793 1821 913 1875 libri
939 1825 1320 1877 sententiarum
1351 1841 1412 1877 ac
1436 1842 1612 1879 rerum
1635 1842 1796 1880 causa
1825 1826 2028 1895 legendi
2066 1825 2234 1894 magis
2264 1826 2369 1878 sint
2396 1841 2554 1894 quam
2587 1828 2891 1885 verborum.
2930 1828 3257 1884 Charactere
3286 1840 3363 1883 est
3396 1845 3501 1882 non
3527 1829 3758 1893 humili,

483 1919 576 1961 aut
601 1907 863 1978 depresso,
907 1907 998 1962 sed
1037 1911 1209 1978 gravi,
1241 1918 1290 1963 et
1326 1911 1416 1976 qui
1468 1911 1850 1967 sublimitatem
1879 1913 2282 1984 rhythmumque
2329 1917 2566 1986 affectat,
2604 1929 2660 1973 at
2694 1921 2750 1973 in
2781 1937 2884 1990 quo
2931 1922 3310 1991 syntomicum,
3349 1937 3576 1990 aereque
3615 1922 3761 1974 illud

428 1993 430 1995 ’
487 1992 1054 2082 Λάιὶαηιεηὶμηενὶιο
1105 1997 1390 2052 desideres.
1426 1995 1526 2052 Est
1571 2000 1708 2052 enim
1737 2000 1913 2065 laxus,
1949 2011 1997 2054 et
2041 2005 2352 2068 saepiuscule
2380 2010 2497 2072 plus
2550 2011 2712 2065 nimio
2745 2027 3060 2074 excurrens,
3111 2012 3288 2082 qualis
3337 2013 3533 2066 alicubi
3571 2013 3766 2081 Chry-

485 2092 767 2170 sosiomus.
801 2080 931 2170 Quo
977 2081 1037 2170 ﬁt
1068 2091 1124 2134 ut
1157 2099 1191 2136 a
1225 2083 1567 2149 periodorum
1595 2086 1966 2150 distractione,
2023 2097 2075 2141 et
2108 2089 2163 2144 in
2196 2095 2364 2147 verbis
2414 2095 2558 2148 haud
2601 2108 2743 2151 recta
2795 2080 3132 2170 dxoloueeiqt
3158 2101 3446 2169 implicitus
3479 2102 3571 2163 sit,
3608 2111 3660 2154 et
3703 2080 3765 2156 ut

489 2165 660 2218 (ἰηιλεὶ
687 2168 859 2220 critici
888 2169 942 2221 in
969 2169 1066 2221 hoc
1101 2185 1284 2238 genere
1313 2173 1622 2240 loquuntur,
1671 2175 1883 2226 omnino
1914 2175 2151 2248 ἀσαφής.
2215 2180 2382 2234 Verba
2431 2199 2535 2236 non
2580 2185 2824 2250 sordida,
2877 2187 2982 2242 imo
3016 2165 3110 2243 nec
3145 2165 3394 2250 obscura.
3445 2189 3767 2258 frequenter

488 2265 664 2308 tamen
690 2257 806 2310 ideo
839 2259 1150 2328 impropria,
1185 2261 1325 2327 quod
1356 2263 1639 2316 translata.
1673 2261 1978 2327 Schemata,
2009 2278 2199 2331 preter
2224 2273 2360 2324 hanc
2388 2287 2551 2325 unam
2592 2275 2978 2343 metaphoram,
3010 2277 3120 2346 fere
3156 2277 3324 2332 nulla.
3380 2257 3563 2334 Sacra:
3597 2278 3767 2334 Scri-

483 2355 654 2412 ptura:
679 2349 948 2402 sententiis
987 2348 1210 2416 refertus
1243 2359 1342 2415 est,
1380 2351 1484 2404 imo
1511 2351 1620 2419 fere
1648 2361 1789 2406 totus
1835 2368 1900 2406 ex
1945 2353 2075 2417 illis,
2107 2359 2335 2411 maxime
2367 2353 2454 2422 iis,
2479 2376 2595 2429 quas
2623 2362 2677 2415 in
2726 2361 2980 2431 Epistolis
3014 2362 3193 2432 Pauli,
3240 2375 3540 2431 contextus,
3575 2377 3634 2421 ut
3665 2368 3761 2420 oet

486 2433 544 2485 in
591 2432 686 2522 hoc
733 2433 1112 2504 Chrysostomi,
1152 2453 1305 2506 quem
1348 2441 1584 2494 studiose
1631 2440 1894 2502 imitatur,
1944 2441 2263 2512 discipulum
2315 2449 2485 2515 possis
2517 2465 2821 2518 agnoscere.
2880 2450 2981 2518 Tu,
3026 2454 3464 2522 praestantissime
3512 2459 3768 2522 episcOpe

489 2521 654 2608 (apud
681 2537 829 2590 quem
874 2523 1196 2590 jamdudum
1230 2527 1336 2580 scio
1385 2525 1642 2581 bonorum
1668 2529 1986 2598 scriptorum
2024 2543 2360 2585 monumenta
2390 2551 2594 2588 summa
2633 2553 2744 2592 esse
2801 2537 2940 2603 loco,
2979 2521 3220 2606 nostras,
3266 2521 3608 2608 quaecumque
3638 2542 3768 2596 illa

490 2604 711 2674 fuerint,
742 2609 1138 2664 lucubrationes
1168 2628 1272 2666 non
1303 2613 1534 2681 ultimo),
1578 2615 1883 2669 humaniter
1917 2618 2113 2682 accipe,
2161 2635 2278 2688 qua:
2307 2623 2490 2675 studia
2523 2639 2640 2678 mea
2688 2625 2829 2680 hisce
2857 2626 3043 2682 diebus
3072 2604 3436 2697 pronatalitiis
3467 2604 3562 2681 tibi
3593 2631 3770 2682 desu-

489 2697 713 2783 darunt.
753 2699 885 2763 Quae
917 2703 1128 2754 tandem
1158 2703 1204 2754 si
1233 2702 1330 2755 tibi
1379 2704 1598 2768 probari
1646 2720 1954 2773 cognovero,
2005 2705 2296 2760 maximum
2343 2724 2425 2761 me
2477 2710 2661 2776 opellai
2705 2711 2865 2783 hujus
2917 2716 3142 2782 pretium
3193 2715 3378 2783 fecisse
3424 2714 3767 2770 arbitrabor.

490 2781 925 2872 Fulgentissimus
960 2787 1154 2854 lucifer
1177 2805 1308 2858 puer
1335 2789 1464 2845 Iesu
1501 2793 1954 2860 (reverendissime
1997 2791 2196 2862 Pater)
2239 2795 2391 2864 cujus
2421 2796 2726 2866 felicissimo
2761 2781 2949 2855 exortu
2977 2781 3282 2872 caliginosa:
3309 2802 3562 2856 scelerum
3599 2810 3767 2856 terrea

494 2871 601 2924 bne
630 2871 862 2960 depulsi:
889 2881 1030 2939 sunt,
1063 2887 1282 2930 mentem
1309 2887 1454 2931 tuam
1481 2879 1673 2949 iugiter
1703 2880 1955 2935 illustret.
1992 2881 2091 2938 Ille
2129 2885 2222 2938 tibi
2253 2887 2308 2938 in
2342 2887 2470 2950 ista,
2515 2903 2621 2960 qua
2667 2888 2736 2943 ad
2768 2889 2975 2944 clavum
3010 2871 3146 2957 stas,
3189 2895 3420 2945 muneris
3457 2893 3534 2945 tui
3561 2893 3769 2960 puppi,

495 2967 640 3048 certa
681 2961 751 3012 sit
783 2959 986 3048 Helice,
1019 2977 1112 3022 per
1133 2980 1293 3032 quam
1319 2967 1530 3020 tandem
1557 2968 1808 3036 populum
1836 2984 1985 3037 quem
2015 2971 2206 3025 calesti
2238 2984 2493 3040 potestate
2543 2978 2704 3046 regis,
2740 2977 2809 3029 ad
2836 2988 3048 3033 teterme
3096 2979 3287 3032 salutis
3323 2989 3534 3048 portum
3563 2959 3770 3045 possis

495 3046 797 3188 perduqere.
825 3047 1114 3190 1gigantem
1146 3054 1470 3110 monasterio
1502 3053 1919 3110 Prtedicatorum
1950 3068 2152 3115 sanctte
2179 3058 2370 3118 Maria:
2403 3079 2558 3130 super
2583 3064 2890 3129 Minervam,
2921 3068 2992 3120 20
3033 3046 3354 3122 Decembris.
3381 3067 3532 3122 Auno
3561 3066 3774 3123 hunsa-

498 3148 580 3187 me
604 3150 664 3188 sa
692 3147 796 3190 utts
972 3179 985 3190 .

498 3148 580 3187 me
604 3136 796 3191 salutis
825 3136 985 3194 1589.

509 3359 1348 3390 —-—-———————_——._‘

1362 3363 3747 3405 ~——-————-————-————i——-————_.._______________

1513 3481 1515 3483 ’
1609 3525 2648 3666 ΘΕΟΦΑΝΟΥΣ

1120 3764 2382 3889 ΜΗΤΡΟΠΟΑΙΤΟΥ
2477 3776 3120 3954 ΝΙΚΑΙΑΣ

1821 3993 2452 4086 ΕΠΙΣΤΟΛΑΙ.

1515 4383 2574 4541 ΤΗΕΟΡΗΑΝ
2577 4385 2755 4541 IS

1296 4675 2364 4790 METROPOLITZE
2445 4676 2929 4860 NIC/EN
2948 4677 2988 4790 Ι

1808 4917 2480 5009 EPISTOL/E.

2100 5137 2176 5152 —

1279 5271 1318 5326 Ι.
2115 5279 2162 5334 Α
2945 5268 3026 5322 Δ⁹.

519 5359 853 5429 Theophanis
897 5361 1276 5430 archiepiscopi
1304 5362 1511 5416 Νίτωιή
1532 5361 1770 5432 Epistola
1814 5363 1883 5416 ad
1921 5359 2071 5416 Nica:

2236 5361 2544 5430 ιεοφιὶνους
2598 5355 3053 5430 μητροπολιτου
3124 5364 3412 5428 Νικαίας,
3467 5361 3788 5429 ἐπιστολὴ

581 5469 697 5516 nos,
729 5451 922 5504 docens
952 5452 1160 5522 qualem
1189 5469 1302 5506 esse
1333 5463 1570 5522 oporteat
1615 5469 1795 5506 verum
1840 5452 2102 5506 Christia-

2272 5454 2421 5521 πρὸς
2451 5452 2591 5519 τοὺς
2616 5455 2895 5521 Νικαίας,
2923 5453 3306 5510 διδάσκουσα
3331 5452 3458 5521 πῶς
3486 5453 3582 5508 δεῖ
3618 5451 3791 5508 εἶναι

587 5559 715 5597 num
772 5553 1184 5612 contemptorem
1227 5561 1403 5598 rerum
1453 5547 1687 5598 omnium
1737 5545 2100 5615 prresenium,

2270 5547 2380 5601 τὸν
2428 5544 2628 5613 ἁληΟῆ
2685 5547 3056 5614 Χριστιανὸν
3115 5549 3470 5616 ὐπερόπτην
3534 5545 3795 5602 πάντων

595 5635 705 5688 sive
740 5637 972 5691 tristium
1002 5637 1110 5693 sive
1123 5639 1525 5708 jucundarum;
1573 5653 1733 5707 prope
1792 5639 1951 5707 ﬁnem
1980 5655 2101 5691 vero

2273 5641 2392 5692 τῶν
2417 5639 2730 5707 παρόντων
2761 5640 2862 5694 καὶ
2900 5640 3099 5709 ἡδέων
3131 5644 3230 5696 καὶ
3273 5642 3584 5710 λυπηρῶν,
3623 5643 3790 5710 πρὸς

587 5730 897 5800 ρναισὶρὶεηδ
932 5749 1080 5788 omne
1118 5746 1334 5788 vrorsus
1370 5733 1695 5786 consortium
1729 5731 2101 5802 itareticorum

2275 5733 2339 5784 τι)
2380 5729 2550 5796 τέλος
2595 5731 2999 5802 εἰσηγουμένή
3047 5733 3324 5798 καθάπαξ
3378 5731 3783 5800 ἐκτρέπεσθαι
