3948 6200
220 245 323 306 289

1606 234 1815 295 EPIST

1921 236 1966 293 Α
2016 235 2063 294 Ι.
3326 236 3460 299 ’ἑ90

282 361 494 416 πᾶσαν
532 359 875 421 κοινωνίαν,
913 357 1030 410 τῶν
1076 355 1406 425 αἱρετικῶν.
1441 356 1788 424 Πεμφθεῖσα

1957 355 2261 425 fugiendum
2311 371 2442 409 esse.
2502 354 2671 410 Missa
2734 356 2872 423 fuit,
2922 370 3041 409 cum
3092 356 3318 421 primum
3374 373 3463 410 ne;

288 459 427 519 παρ’
454 454 642 506 αὐτοῦ
678 450 767 504 ἔτι
814 451 987 517 ὄντος
1026 452 1380 520 ducti-1159101:
1414 450 1637 517 ταύτης
1681 447 1790 517 τῆς

287 547 545 608 πόλεως.

289 640 353 691 Oi
378 639 473 708 τὴν
503 637 672 691 πάλαι
711 635 810 705 μὲν
841 635 1137 703 εὐδαίμονα
1168 636 1264 690 καὶ
1311 638 1792 708 περιφανεστάτην

222 730 329 784 τῶν
358 731 590 793 πόλεων,
625 730 747 781 νυνὶ
766 729 823 782 δὲ
852 729 1273 798 δορυάλωτον,ὣ
1301 730 1440 784 Θεοῦ
1470 731 1788 800 κριμάτωνι

223 823 321 875 καὶ
335 820 745 889 δεδουλωμένην
762 819 1042 883 οἰκοῦντες
1063 821 1096 889 ἢ
1122 821 1514 890 παροικοῦντες
1530 822 1791 885 Νίκαιαν,

226 915 431 983 μᾶλλον
461 915 518 967 δὲ
548 913 610 966 τὸ
653 912 876 966 εἴδωλον
903 914 1071 984 αὐτῆς
1099 913 1362 983 ἀτεχνῶς,
1393 915 1456 966 ὲκ
1488 915 1654 985 μόνου
1697 912 1792 967 τοῦ
1826 950 1829 955 α

224 1011 491 1078 ὀνόματος
534 1006 627 1058 καὶ
666 1009 764 1071 τῆς
806 1006 1115 1074 ἐπιγραφῆς
1143 1007 1285 1059 κατά
1316 1006 1442 1069 τοὺς
1473 1007 1795 1077 ἀνδριάντας

224 1102 286 1154 τὸ
316 1097 595 1169 γνώριμον
618 1097 873 1166 ἔχουσαν,
905 1098 1027 1149 ὅσον
1055 1082 1133 1150 τε
1159 1101 1215 1151 ἐν
1252 1099 1526 1167 διαφόροις
1567 1100 1797 1170 βαθμοῖς

222 1192 321 1244 τοῦ
368 1189 648 1261 ἱερατικοῦ
700 1189 1039 1257 καταλόγου·
1089 1190 1187 1242 καὶ
1238 1190 1288 1243 οἱ
1340 1190 1515 1245 λοιποὶ
1558 1192 1798 1255 ἅπαντες

226 1285 345 1337 ὅσοι
393 1283 652 1336 καλεῖσθε
706 1282 815 1335 ἀπὸ
853 1282 1115 1352 Χριστοῦ,
1152 1284 1311 1354 χάρις
1348 1284 1479 1354 ὑμῖν
1512 1286 1618 1357 εῐη.
1652 1286 1800 1354 ἔλεος

226 1377 323 1428 καὶ
371 1372 562 1443 είρήνη
599 1373 710 1427 ἀπὸ
741 1372 880 1427 Θεοῦ
932 1375 1143 1445 Πατρδς
1193 1376 1289 1429 καὶ
1336 1377 1576 1446 Χριστοῦ
1622 1379 1799 1450 Ἰησοῦ

224 1464 325 1517 τοῦ
360 1466 568 1535 Κυρίου
597 1466 774 1533 ἡμῶν.

1963 448 2199 498 claratus
2257 455 2332 498 est
2369 445 2526 514 hujus
2557 444 2702 499 urbis
2734 455 2938 514 pastor.

1967 626 2070 692 Qui
2103 627 2311 680 felicem
2359 626 2492 679 olim
2549 635 2601 680 et
2645 624 3008 680 clarissimam
3042 627 3281 690 urbium,
3321 643 3466 681 nunc

1893 733 2023 771 vero
2052 718 2341 786 captivam,
2361 732 2393 769 ο
2425 717 2514 772 Dei
2542 716 2745 783 judicia
2769 716 2783 769 l
2817 726 2869 770 et
2902 718 2952 769 in
2979 717 3291 771 servitutem
3315 719 3470 771 reda—

1894 812 2035 859 ctam
2071 804 2325 858 habitatis
2352 803 2610 867 Nicmam,
2645 806 2843 872 quique
2890 804 3056 872 ipsius
3090 805 3279 858 incola:
3297 805 3462 867 estis,

1899 896 2007 949 imo
2051 907 2109 949 ut
2158 898 2346 950 verius
2392 898 2591 957 dicam,
2643 896 2735 964 qui
2773 897 3006 950 civitatis
3053 897 3197 950 illius
3245 897 3465 950 simula-

1898 1002 2049 1042 Crum
2107 1003 2295 1043 revera
2350 988 2631 1050 habitatis,
2667 987 2782 1041 solo
2815 1002 2879 1041 ex
2922 988 3139 1043 nomine
3179 997 3234 1042 et
3275 988 3471 1042 inscri-

1901 1080 2106 1149 ptione,
2144 1090 2200 1135 ut
2235 1082 2286 1135 in
2318 1080 2517 1136 statuis
2550 1081 2666 1134 fieri
2707 1082 2867 1144 solet,
2911 1083 3157 1135 notitiam
3193 1080 3278 1143 sui
3314 1081 3472 1136 exhi-

1899 1172 2112 1239 bentis;
2139 1182 2403 1243 quotquot
2431 1175 2567 1229 estis
2617 1173 2671 1227 in
2704 1174 2869 1226 variis
2914 1173 3168 1243 gradibus
3208 1174 3468 1228 sacerdo-

1901 1266 2023 1319 talis
2077 1264 2285 1319 ordinis
2354 1266 2670 1331 constituti,
2738 1267 3030 1333 cazterique
3090 1279 3315 1329 omnes,
3375 1267 3469 1333 qui

1903 1371 2095 1410 nomen
2128 1372 2157 1410 a
2186 1355 2409 1411 Christo
2436 1356 2960 1425 sumpsistis,gratia
2997 1356 3150 1409 vobis
3180 1356 3272 1419 sit,
3302 1355 3471 1409 mise-

1902 1444 2134 1499 ricordia
2171 1455 2223 1500 et
2249 1461 2350 1516 pax
2378 1460 2407 1499 a
2431 1447 2537 1501 Deo
2564 1445 2746 1509 Patre,
2772 1456 2825 1501 et
2843 1445 3062 1500 Christo
3090 1444 3217 1500 Jesu
3244 1444 3473 1499 Domino

1906 1546 2114 1591 llOSll'O.

298 1649 370 1694 α’.
404 1640 703 1695 Γινώσκειν
758 1642 905 1710 ὑμᾶς
946 1644 1088 1710 δέον,
1123 1646 1398 1717 ἀγαπητοὶ
1445 1650 1684 1719 ἀδελφοὶ,
1717 1653 1800 1706 ὅτι

1976 1647 2029 1701 1.
2066 1646 2234 1702 Nosse
2253 1661 2350 1701 vos
2371 1656 2607 1717 oportet,
2637 1647 2819 1703 dilecti
2841 1648 3057 1713 fratres,
3076 1663 3162 1703 me
3190 1648 3473 1702 minimum

224 1734 450 1805 εὐδοκία
479 1735 576 1788 καὶ
607 1735 792 1805 χάριτι
821 1735 916 1788 τοῦ
949 1736 1358 1808 παντοδυνάμου
1394 1740 1553 1807 Θεοῦ,
1582 1743 1679 1797 τοῦ
1706 1762 1804 1797 κα-

226 1824 453 1889 λοῦντος
500 1827 570 1879 τά
602 1826 678 1896 μὴ
721 1825 851 1880 ὄντα
884 1826 961 1889 ὠς
1004 1827 1133 1881 ὄντα
1163 1830 1283 1882 κατ’
1334 1831 1472 1885 ἰδίαν
1527 1834 1806 1904 πρόθεσιν,

228 1918 389 1985 κοινῇ
420 1915 616 1987 γνώμῃ
646 1916 739 1970 τοῦ
780 1920 1195 1985 παναγιωτάτου
1228 1922 1262 1990 ἡ
1273 1921 1392 1990 μῶν
1419 1923 1682 1979 δεσπότου
1711 1928 1808 1981 τοῦ

230 2008 621 2076 οίκουμενικοῦ
658 2010 1001 2082 πατριάρχου
1034 2013 1133 2068 καὶ
1164 2015 1265 2083 τῆς
1298 2014 1428 2084 περὶ
1467 2017 1629 2070 αὐτὸν
1658 2018 1809 2084 Θείας

230 2099 330 2153 καὶ
382 2100 537 2169 ίεριῖς
568 2100 786 2156 συνόδου
841 2102 1128 2174 προήχθην
1176 2103 1287 2171 ἐγὼ
1316 2108 1345 2158 ὁ
1391 2106 1673 2178 ἐλάχιστος
1721 2113 1809 2166 διά

236 2194 565 2261 μηνύματος
585 2193 669 2255 είς
697 2193 1028 2263 ὑποψήφιον,
1051 2196 1148 2250 καὶ
1176 2193 1288 2250 οἷον
1316 2199 1491 2253 εἰπεῖν
1519 2201 1811 2272 μνηστῆρα

232 2284 337 2350 τῆς
366 2284 426 2335 ἐν
456 2283 587 2352 ὑμῖν
614 2283 777 2351 ἁγίας
797 2283 893 2337 τοῦ
915 2284 1051 2339 Θεοῦ
1091 2287 1441 2359 Ἐκκλησίας.
1473 2293 1565 2344 Διὸ
1594 2293 1812 2363 πρῶτον

231 2374 432 2443 δίδωμι
467 2375 598 2444 ὑμῖν
625 2376 726 2446 τὴν
761 2378 819 2429 ἐν
852 2377 1075 2449 Χριστῷ
1109 2380 1334 2451 είρήνην
1366 2397 1423 2434 τε
1449 2385 1541 2436 καὶ
1567 2385 1812 2456 ἀγάπην,

230 2467 304 2539 ἣν
340 2467 533 2538 ὥσπερ
560 2468 683 2521 τινὰ
707 2469 911 2539 κλῆρον
947 2471 1201 2540 πατρῷον
1236 2473 1368 2543 παρ’
1392 2475 1558 2528 αὑτοῦ
1586 2477 1817 2547 εἰλήφα-

237 2576 347 2628 μεν
386 2559 482 2611 τοῦ
527 2561 782 2629 Σωτῆρος
828 2562 987 2630 ἡμῶν
1016 2563 1153 2616 Θεοῦ
1181 2582 1193 2594 ·
1222 2559 1288 2635 ἦς
1337 2568 1432 2620 καὶ
1496 2569 1816 2639 μετάσχοιτὲ

236 2668 338 2717 μοι
377 2650 621 2717 δαψιλῶς
651 2655 732 2714 είς
777 2654 996 2721 ἐφόδιον
1023 2654 1306 2727 ὑπομονῆς
1353 2660 1450 2712 καὶ
1510 2662 1819 2731 μεγαλοψυ-

233 2743 392 2811 χίας,
423 2741 565 2795 ὥστε
610 2742 869 2797 δύνασθαι
900 2746 996 2797 καὶ
1039 2745 1302 2815 ἀλλήλους
1328 2752 1687 2819 παρακαλεῖν,
1730 2753 1818 2806 διὰ

232 2833 373 2894 τοὺς
405 2833 786 2901 ἐπικειμένους
819 2835 949 2903 ὑμῖν
979 2836 1065 2888 ἀεὶ
1097 2839 1469 2908 πειρασμούς.
1503 2841 1817 2911 Παρακαλῶ

232 2924 294 2977 δὲ
363 2924 530 2992 ὑμᾶς.
587 2925 835 2993 ἀδελφοὶ,
879 2927 967 2981 διὰ
996 2928 1091 2982 τοῦ
1153 2930 1417 3000 ὀνόματος
1467 2934 1561 2986 τοῦ
1610 2936 1816 3005 Κυρίου

1910 1739 2093 1792 divina
2127 1737 2408 1792 voluntate
2456 1748 2509 1791 et
2557 1738 2731 1806 gratia
2778 1738 3170 1807 omnipotentis
3222 1735 3336 1799 Dei,
3371 1738 3467 1806 qui

1906 1829 2061 1898 juxta
2095 1830 2504 1898 dispositionem
2539 1844 2715 1895 suam,
2750 1845 2867 1899 quae
2901 1845 3006 1883 non
3036 1837 3185 1892 sunt,
3218 1838 3475 1897 tanquam

1912 1936 1975 1975 ea
2001 1936 2124 1990 qua:
2155 1932 2303 1986 sunt,
2334 1931 2516 1985 vocat,
2566 1936 2632 1976 ex
2679 1936 2946 1976 consensu
3000 1920 3330 1977 sanctissimi
3368 1923 3476 1977 ‘do-

1910 2012 2042 2066 mini
2078 2018 2248 2067 nostri
2280 2011 2605 2068 oecumenici
2640 2014 2978 2082 patriarchae,
3020 2014 3270 2082 sacrique
3310 2013 3479 2081 ipsius

1914 2117 1977 2156 ac
2004 2103 2170 2156 divmi
2220 2103 2438 2158 concilii
2474 2113 2779 2173 promotum
2844 2119 2986 2171 esse,
3032 2105 3482 2172 declaratumque

1911 2198 1969 2249 in
2013 2196 2266 2261 electum,
2304 2198 2485 2264 atque,
2529 2206 2591 2251 ut
2639 2196 2709 2250 ita
2751 2198 2948 2261 dicam,
2983 2211 3243 2265 sponsum
3277 2207 3480 2250 sanctze

1914 2298 2105 2339 vestra:
2131 2284 2222 2339 Dei
2253 2286 2523 2341 Ecclesiae.
2556 2286 2894 2355 Quapropter
2923 2286 2989 2340 do
3019 2285 3173 2341 vobis
3207 2286 3259 2339 in
3287 2286 3478 2353 primis

1914 2390 2099 2443 pacem
2135 2384 2191 2429 et
2231 2376 2554 2431 charitatem
2598 2376 2652 2429 in
2685 2373 2924 2438 Christo,
2970 2389 3132 2443 quam
3186 2373 3351 2427 veluti
3383 2389 3479 2442 pa-

1917 2475 2121 2519 ternam
2140 2469 2428 2534 quamdam
2453 2467 2823 2522 hazreditatem
2846 2465 3048 2535 abipso
3073 2464 3181 2520 Deo
3202 2464 3483 2519 Salvatore

1915 2565 2100 2610 nostro
2151 2560 2491 2626 accepimus;
2523 2572 2685 2626 quam
2724 2566 2779 2611 et
2806 2572 2922 2620 vos,
2955 2570 3161 2625 quaso,
3194 2555 3480 2624 amplecti-

1918 2646 2049 2698 mini
2075 2647 2310 2715 copiose,
2353 2648 2418 2701 ad
2452 2646 2728 2717 patientia:
2760 2645 3298 2714 longanimitatisque
3329 2658 3484 2698 com-

1919 2747 2153 2788 meatum
2199 2735 2613 2804 acquirendum,
2640 2744 2697 2788 ut
2732 2743 2787 2790 et
2820 2750 2914 2790 vos
2957 2734 3012 2787 in
3061 2733 3275 2788 assidue
3308 2732 3486 2786 immio

1922 2826 2180 2880 uentibus
2217 2826 2607 2881 tentationibus
2658 2827 2890 2881 invicem
2926 2824 3193 2880 consolari
3238 2824 3486 2894 possitis.

1924 2916 2194 2985 Deprecor
2218 2926 2399 2971 autem
2433 2933 2552 2983 vos,
2587 2934 2620 2973 o
2652 2917 2870 2983 fratres,
2896 2927 3116 2986 propter
3148 2931 3342 2972 nomen
3381 2915 3490 2969 Do-

233 3017 401 3085 ἡμῶν
454 3018 630 3087 Ἰησοῦ
673 3019 942 3090 Χριστοῦ,
981 3023 1074 3075 τοῦ
1103 3023 1289 3088 δόντος
1318 3026 1513 3077 ἐαυτὸν
1541 3026 1683 3096 ὑπὲρ
1712 3027 1815 3080 τῶν

1924 3009 2053 3063 mini
2103 3011 2273 3063 nostri
2327 3010 2452 3065 Jesu
2509 3010 2737 3076 Christi,
2793 3010 2884 3079 qui
2934 3009 3289 3078 semetipsum
3342 3008 3489 3063 dedit

234 3110 530 3179 ἁμαρτιῶν
552 3113 731 3182 ἡμῶν,
764 3114 914 3177 ὅπως
958 3114 1204 3184 ἐξέληται
1239 3118 1387 3187 ἡμᾶς
1418 3118 1482 3170 ἐκ
1505 3117 1600 3171 τοῦ
1644 3136 1816 3190 πονηο

240 3200 379 3269 ροῦ·
436 3203 876 3272 προοιμιάσομαι
926 3204 1037 3275 γάρ
1070 3205 1178 3258 ἀπὸ
1231 3209 1327 3275 τῆς
1380 3207 1671 3273 θεσπεσίας
1719 3211 1814 3264 τοῦ

235 3291 464 3345 Παύλου
496 3296 712 3364 φωνῆς·
751 3295 873 3347 ἐπεὶ
911 3297 1166 3359 κάκεῖνος
1205 3299 1351 3366 ὑμᾶς
1380 3298 1448 3352 δι’
1479 3301 1611 3369 ἐμοῦ
1643 3302 1817 3356 ταῦτα

235 3383 423 3435 πάντα
456 3384 786 3453 παρακαλεῖ,
822 3387 910 3440 ἵνα
949 3387 1117 3452 ἀξίως
1139 3390 1234 3446 καὶ
1279 3390 1421 3444 κατὰ
1454 3392 1584 3455 τοὺς
1622 3394 1819 3464 νόμους

232 3476 339 3527 τοῦ
400 3475 737 3543 Εὑαγγελίου
789 3478 885 3531 τοῦ
935 3480 1173 3546 Χριστοῦ
1230 3481 1612 3552 πολιτεύησθε.
1656 3486 1817 3555 ’Υμῖν

236 3570 358 3635 γὰρ
400 3568 635 3637 μάλιστα
660 3571 741 3624 δεῖ
770 3571 972 3641 πολλῆς
995 3573 1209 3641 νήψεως
1239 3575 1333 3627 καὶ
1362 3578 1655 3647 προσοχῆς,
1682 3579 1818 3646 ἀγα-

234 3661 435 3728 πητοὶ,
470 3655 560 3712 οἷα
585 3662 647 3729 δὴ
681 3665 1289 3733 συναναστρεφομένοις
1319 3674 1580 3739 πονηροῖς
1611 3671 1820 3740 ἀνθρώ-

238 3766 389 3813 ποις,
421 3753 647 3806 ἀσεϐέσι
674 3758 767 3807 καὶ
796 3756 1166 3825 ἁμαρτωλοῖς,
1198 3759 1286 3813 ῖνα
1319 3763 1393 3831 μή
1448 3778 1596 3825 τινες
1622 3766 1687 3816 ἐκ
1720 3765 1820 3833 τῆς

241 3843 387 3909 πρὸς
414 3844 659 3906 ἐκείνους
687 3845 968 3915 διηνεκοῦς
1002 3850 1243 3918 ὁμιλίας,
1295 3854 1394 3905 καὶ
1426 3853 1630 3924 πολλῆς
1659 3870 1822 3927 συνη-

244 3930 401 3992 θείας
432 3936 914 4004 περιτρεπόμενοι,
946 3938 978 4009 ἢ
1017 3940 1160 3992 κατά
1194 3940 1291 4012 τὴν
1321 3943 1507 3995 πίστιν
1531 3945 1823 4001 ὑποσκελί-

247 4021 449 4086 ζηιντο,
485 4023 518 4093 ἢ
560 4030 866 4080 κοινωνοῖεν
903 4033 1016 4093 τοῖς
1049 4031 1231 4100 ἔργοις
1257 4035 1481 4088 ἐκείνων
1518 4039 1628 4100 τοῖς
1657 4055 1822 4108 πονη-

253 4116 403 4179 ροῖς·
437 4117 668 4182 ὁμιλίαι
709 4118 837 4189 γάρ,
892 4124 1048 4191 φησὶ,
1085 4127 1261 4178 κακαὶ
1306 4128 1658 4196 φθείρουσιν
1702 4130 1820 4201 ἢθη

250 4208 492 4269 γρηστά
510 4221 525 4235 '
559 4207 653 4258 καὶ
680 4208 810 4277 ῥᾷον
841 4212 1167 4277 μεταλαϐεῖν
1188 4216 1409 4282 κακίας,
1438 4219 1470 4287 ἥ
1503 4220 1706 4289 ἀρετῆς
1732 4238 1824 4290 με-

1923 3110 2145 3168 prapter
2187 3110 2372 3154 nostra
2421 3111 2666 3168 peccata,
2721 3108 2778 3154 ut
2838 3114 2939 3154 nos
2990 3114 3020 3152 a
3075 3099 3222 3153 malo
3272 3106 3491 3153 erueret

1929 3193 2206 3262 (incipiam
2252 3195 2397 3246 enim
2432 3208 2462 3246 a
2499 3193 2759 3262 praeclara
2799 3193 3093 3263 divinaque
3136 3191 3287 3245 Pauli
3336 3205 3488 3254 voce,

1924 3300 2050 3339 nam
2080 3294 2135 3340 et
2161 3284 2248 3339 ille
2266 3300 2362 3340 vos
2391 3290 2456 3339 ad
2479 3287 2591 3340 hmc
2624 3286 2800 3340 omnia
2824 3300 2916 3353 per
2944 3300 3030 3340 me
3064 3284 3405 3348 adhortatur,
3431 3290 3492 3336 ut

1924 3380 2085 3449 digne
2125 3392 2175 3435 et
2193 3380 2343 3451 juxta
2368 3382 2536 3450 legem
2562 3380 2833 3448 Evangelii
2851 3378 3053 3433 Christi
3072 3374 3488 3430 conversemini.

1926 3472 2094 3527 Vobis
2138 3474 2281 3526 enim
2339 3474 2392 3527 in
2452 3471 2664 3541 primis,
2702 3487 2735 3525 ο
2769 3470 2976 3534 dilecti,
3020 3468 3186 3521 multa
3229 3481 3364 3534 opus
3408 3471 3493 3518 est

1928 3566 2223 3620 sobrietate
2257 3573 2420 3634 atque
2468 3564 2793 3625 attentione,
2833 3562 3033 3631 quippe
3067 3560 3164 3628 qui
3195 3572 3319 3612 cum
3368 3572 3492 3625 pra-

1929 3658 2009 3711 vis
2040 3657 2368 3721 hominibus,
2411 3657 2591 3724 impiis
2634 3665 2689 3709 et
2732 3654 3108 3721 peccatoribus
3152 3650 3381 3719 degatis,
3428 3662 3494 3700 ne

1930 3745 2019 3812 qui
2052 3760 2118 3797 ex
2164 3743 2383 3797 assiduo
2411 3758 2531 3796 cum
2566 3742 2675 3796 illis
2728 3741 2998 3809 colloquio
3039 3740 3311 3806 multaque
3360 3748 3491 3787 con-

1929 3835 2213 3891 suetudine
2266 3834 2565 3903 depravati,
2607 3834 2690 3887 vel
2724 3835 2777 3886 in
2824 3833 2929 3886 [ide
2981 3829 3343 3896 decipiantur,
3406 3829 3491 3880 vel

1932 3929 2086 3982 malis
2126 3941 2312 3981 eorum
2348 3926 2599 3995 operibus
2643 3925 3076 3980 communicent:
3116 3920 3288 3973 Praua
3324 3923 3494 3984 enim,

1935 4021 2129 4088 inquit,
2184 4018 2446 4088 colloquia
2500 4018 2660 4073 bonas
2720 4032 2888 4069 mores
2943 4013 3376 4079 corrumpunt‘;
3439 4020 3496 4063 et

1935 4114 2145 4168 fat-llius
2178 4127 2296 4168 esse
2332 4112 2650 4182 pravitatem
2686 4108 3037 4171 contrahere,
3055 4121 3213 4173 quam
3242 4105 3494 4154 virtutem

1937 4206 2223 4275 impertiri,
2261 4219 2399 4259 sacri
2433 4202 2620 4256 Patres
2660 4201 2953 4256 afﬁrmant.
2993 4198 3097 4252 Sed
3133 4206 3185 4251 et
3233 4196 3333 4249 alia
3372 4206 3496 4246 sunt

256 4295 532 4358 ταόοῦναι,
570 4296 705 4350 θεῖοί
757 4316 892 4368 φασι
946 4302 1215 4372 Πατέρες.
1250 4307 1327 4358 υύ
1390 4309 1497 4379 μὴν
1551 4288 1687 4362 ἀλλά
1732 4288 1830 4363 καὶ
1863 4356 1904 4379 η
1934 4308 2129 4368 Ρηῐθῑθτ
2164 4298 2273 4367 iam
2323 4297 2488 4363 diem:
2540 4310 2659 4365 qua?
2704 4296 2937 4349 Ῑηνῖῑίπθ
2982 4299 3207 4362 ιιυεειιηι
3262 4298 3317 4342 (ει
3349 4288 3497 4341 exc.“

252 4385 419 4453 ’ἐτερά
453 4388 569 4438 ἐστι
603 4389 743 4458 πρὸς
772 4393 885 4452 τοῖς
914 4393 1249 4462 εἰρημένοις,
1286 4398 1355 4449 τά
1402 4400 1744 4468 παρακαλεῖν
1769 4419 1828 4455 τε

256 4480 352 4526 καὶ
397 4476 691 4547 διεγείρειν
723 4480 998 4548 δυνάμενα
1049 4485 1190 4552 πρὸς
1219 4488 1316 4554 τὴν
1346 4490 1566 4557 ἀπάτην
1606 4492 1829 4549 ἐκείνων

256 4569 352 4616 καὶ
398 4567 726 4637 μοχθηρίαν,
787 4570 927 4623 ὥστε
979 4574 1285 4629 κλονεῖσθαι
1340 4579 1464 4641 τοὺς
1518 4582 1591 4650 μὴ
1650 4582 1830 4646 καλῶς

265 4668 662 4731 πρτισέρχοντας
693 4664 929 4726 ἑαυτοῖς.
958 4667 1181 4735 Πρῶτον
1206 4670 1307 4738 μὲν
1336 4671 1396 4723 τὸ
1422 4672 1562 4725 λεῖον
1588 4677 1688 4744 τῆς
1711 4676 1833 4746 ἡδο-

258 4752 382 4817 γῆς,
408 4757 507 4807 καὶ
550 4757 842 4824 ἀνειμένον
878 4760 1057 4829 πάντη
1086 4765 1181 4813 καὶ
1213 4763 1515 4818 ἀκόλαστον
1545 4766 1641 4820 τοῦ
1688 4768 1826 4838 βίου,

256 4846 359 4894 καὶ
382 4846 440 4896 τὸ
479 4846 683 4911 ἐξεῖναι
716 4850 904 4904 πᾶσαν
933 4851 1232 4922 ἐπιθυμίαν
1265 4856 1443 4909 τελεῖν
1485 4861 1586 4928 τῆς
1633 4862 1832 4929 σαρκὸς

250 4936 592 5000 ἀκωλύτωςο
655 4940 795 5007 πρὸς
838 4941 1054 5006 τούτοις
1088 4946 1362 5000 ἐπίκειται
1422 4950 1519 5002 καὶ
1546 4950 1574 5003 ὁ
1620 4951 1832 5023 ἀφανὴς

254 5028 451 5094 ἐχθρὸς
484 5032 576 5082 καὶ
615 5031 891 5097 ἀντίδικος
921 5034 1079 5104 ημῶν
1106 5035 1354 5100 διάϐολος
1395 5040 1537 5108 μετὰ
1577 5041 1677 5109 τῆς
1708 5044 1832 5094 ἐπι-

254 5118 455 5169 ὁνιὺλου
501 5123 726 5191 σαρκὸς,
754 5124 1031 5194 ὑπηκόους
1076 5128 1170 5179 καὶ
1217 5129 1501 5197 ὑπηρέτας
1538 5130 1678 5199 ἔχων
1706 5132 1832 5196 τοὺς

250 5212 565 5277 ὁρωμένους
599 5216 855 5284 εὐμενεῖς
884 5217 1114 5288 ἐχθροὺς
1140 5220 1299 5290 ἡμῶν
1332 5221 1399 5274 άν
1419 5239 1504 5284 τις
1531 5220 1674 5288 εἶπε,
1705 5225 1831 5287 τοὺς

254 5304 642 5369 συνοικοῦντας
707 5309 844 5378 ἡμῖν
878 5312 970 5363 καὶ
1026 5311 1283 5383 καθάπερ
1334 5315 1489 5376 τινάς
1538 5316 1827 5387 ἀκάρπους

254 5392 525 5460 μελίσσας
547 5402 1000 5471 συμμιγνυμένας
1021 5404 1099 5471 τῷ
1128 5403 1220 5456 τοῦ
1246 5405 1484 5475 Χριστοῦ
1507 5409 1826 5477 μελισσῶνι·

252 5482 373 5536 καὶ
401 5487 454 5539 τὸ
489 5491 605 5558 μέλι
651 5494 751 5564 τῆς
788 5496 992 5567 ἀρετῆς
1037 5496 1265 5552 ἐκείνων
1298 5499 1571 5571 ὑποσυλᾷν
1620 5518 1827 5573 πειρωο-

356 5664 375 5689 ⁸
406 5664 417 5715 Ι
452 5669 564 5721 (Ἰοῖ.
595 5687 679 5735 xv,
714 5669 803 5723 55.

1935 4400 2049 4445 tare
2081 4392 2147 4444 ad
2198 4391 2410 4443 illorum
2444 4388 2662 4443 fraudes
2703 4396 2758 4440 et
2808 4384 3092 4445 malitiam,
3123 4382 3197 4435 ita
3229 4390 3286 4432 ut
3318 4380 3354 4432 ii
3404 4380 3498 4447 qui

1930 4485 2068 4538 bene
2107 4485 2211 4539 sibi
2247 4502 2351 4539 non
2406 4485 2713 4548 attendunt,
2750 4481 2907 4537 facile
2957 4487 3167 4532 nutent.
3218 4479 3284 4530 Et
3322 4476 3500 4546 primo

1927 4576 2146 4645 quidem
2179 4576 2469 4643 voluptatis
2500 4576 2713 4641 lenitas,
2746 4572 3163 4639 omnimodaque
3213 4568 3499 4633 relaxatio,

1927 4669 2164 4737 vitaeque
2199 4667 2379 4732 luxus,
2413 4678 2465 4721 ct
2497 4667 2709 4721 licentia
2740 4666 2888 4720 nullo
2932 4666 3235 4717 reluctante
3277 4662 3341 4713 ad
3366 4676 3491 4714 Om-

1929 4773 2050 4814 nem
2083 4761 2431 4828 cupiditatem
2473 4759 2655 4813 carnis
2679 4757 3030 4825 explendam;
3058 4757 3124 4811 ad
3167 4755 3281 4809 bare
3320 4753 3498 4808 inuni-

1934 4862 2026 4906 net
2069 4850 2363 4905 invisibilis
2416 4861 2599 4904 noster
2644 4850 2894 4903 inimicus
2940 4858 3105 4916 atque
3161 4848 3502 4901 adversarius

1934 4944 2203 5008 diabolus,
2254 4958 2375 4998 cum
2429 4942 2684 4998 insidiosa
2742 4956 2926 5006 carne,
2972 4941 3216 4997 visibiles
3254 4940 3503 4996 subditos

1933 5036 2143 5092 habens
2177 5047 2231 5092 et
2265 5036 2575 5099 ministros,
2609 5037 2791 5091 hostes
2826 5036 3040 5103 quidem
3086 5033 3243 5088 nobis
3272 5033 3501 5093 amicos,

1933 5141 1993 5184 ut
2024 5132 2105 5186 sic
2130 5145 2222 5185 eos
2248 5130 2604 5199 appellemus,
2641 5129 3017 5184 cohabitantes
3047 5128 3350 5189 nobiscum,
3385 5123 3501 5191 qui.

1938 5234 1996 5280 ut
2028 5222 2381 5277 infructuosae
2411 5222 2655 5291 qumdam
2688 5237 2837 5289 apes,
2882 5220 3083 5276 Christi
3118 5220 3323 5288 apiario
3350 5233 3500 5270 com-

1940 5316 2256 5380 miscentur,
2330 5325 2386 5368 et
2443 5315 2545 5368 mel
2602 5315 2819 5368 virtutis
2864 5329 3050 5367 eormn
3101 5312 3382 5379 subripere
3436 5320 3501 5360 ac

1936 5408 2235 5476 tlepraadari
2296 5418 2596 5472 conantur;
2650 5407 2900 5460 simulata
2953 5406 3214 5467 amicitia,
3272 5407 3502 5467 iit-tuque

1938 5514 2123 5554 amore
2155 5499 2315 5554 noxia
2346 5514 2573 5569 qumque
2607 5514 2822 5568 semper
2867 5497 2973 5552 iliis
3005 5497 3291 5552 suadentes
3341 5505 3502 5561 atque
