3948 6200
479 294 587 360 ἓ91

1449 283 1944 345 THEOPIIANIS
1983 282 2331 344 EPlSCOPI
2375 276 2657 339 NlC.‘E.\’I

3612 268 3726 332 εσσε

483 407 852 473 consulentes,
888 415 942 462 et
990 404 1137 460 velut
1174 416 1378 466 escam,
1421 412 1478 453 ut
1503 401 1633 467 dixi,
1671 402 1832 455 hamo
1860 403 2048 456 mortis

2165 401 2368 463 tévoug,
2403 398 2498 450 καὶ
2530 397 2586 448 ἐν
2619 393 2970 464 προσχήματι
3007 388 3187 458 φιλίας
3223 387 3314 440 καὶ
3343 386 3726 458 κατεψευσμέο

488 502 814 569 voluptatem
851 504 1202 566 apponentes.
1255 493 1404 546 Istud
1451 507 1606 560 ergo,
1638 509 1668 546 ο
1717 492 1922 555 dilecti,
1955 509 2050 546 oc-

487 591 686 646 cultum
722 605 782 642 ac
815 585 1094 642 subdolum
1135 582 1354 648 bellum,
1392 590 1648 651 tanquam
1680 583 1778 637 sub
1807 584 1939 647 mari
1972 583 2052 634 la-

488 693 610 738 tens
657 695 866 740 saxum,
905 677 1075 730 multo
1111 674 1383 729 dillicihus
1433 683 1540 736 est,
1592 685 1648 728 et
1698 674 2054 743 periculosius

492 770 782 825 manifesto
816 778 868 821 et
902 781 931 819 a
975 766 1130 834 longe
1177 765 1378 832 agnito.
1421 763 1499 817 Ad
1534 765 1632 816 hoc
1669 765 1810 816 enim
1855 763 2051 816 bellum

490 864 687 931 siquis
726 868 966 911 armetur
1031 867 1085 909 et
1127 866 1489 924 comparetur,
1530 855 1648 922 capi
1694 854 1916 907 difficile
1956 869 2054 920 p0-

491 952 638 1013 terit,
687 948 751 1002 ad
806 961 1021 1000 onmem
1075 957 1326 999 conatum
1404 945 1769 1011 impetumque
1819 943 2052 996 hostium

488 1040 908 1111 propulsandum
944 1049 1059 1092 tuto
1086 1038 1406 1103 fortiterque
1433 1038 1726 1105 persistens
1755 1051 1768 1087 :
1799 1044 2052 1088 caeterum

490 1137 557 1188 ab
587 1135 673 1196 iis,
714 1132 828 1201 qui,
863 1143 923 1186 ut
965 1129 1277 1200 evangelice
1312 1131 1522 1195 loquar,
1555 1129 1658 1180 sub
1695 1127 1873 1179 ovium
1905 1125 2054 1193 pelli-
2092 1149 2100 1157 -

490 1223 588 1274 bus
635 1231 888 1285 tauquam
942 1219 1157 1271 Arabici
1200 1217 1308 1285 lupi
1351 1217 1415 1270 ad
1461 1232 1556 1270 vos
1599 1217 1840 1276 veniunt,
1899 1214 2057 1270 facile

488 1313 611 1380 quis
643 1312 819 1379 decipi
857 1319 1052 1378 potest,
1101 1320 1154 1363 et
1206 1311 1258 1361 in
1311 1310 1516 1370 hostes,
1553 1308 1760 1361 amicos
1801 1303 2053 1368 credens’,

492 1403 784 1470 improviso
817 1401 1073 1454 incidere.
1106 1400 1232 1454 [deo
1260 1410 1311 1452 et
1345 1399 1612 1451 malorum
1656 1409 1848 1451 auctor
1873 1397 2058 1450 inimi-

487 1508 588 1547 cus
609 1492 886 1558 hostisque
904 1502 1104 1555 noster,
1126 1505 1221 1560 per
1247 1490 1368 1543 vitae
1399 1498 1726 1549 consortem,
1748 1497 1800 1540 et
1829 1486 2054 1539 amicam

489 1583 654 1636 Evam
693 1585 916 1635 adortus
945 1591 1028 1635 est
1058 1581 1344 1644 Adantum,
1392 1588 1446 1634 et
1509 1594 1602 1648 per
1636 1577 1964 1647 voluptatem
1995 1580 2058 1628 ac‘

2155 509 2252 560 νης
2286 490 2525 558 ἀγάπης,
2553 482 3026 554 συμδουλεύοντας
3058 481 3152 532 καὶ
3194 479 3593 546 παραινοῦντας
3632 483 3726 532 ἀεὶ

2155 585 2222 635 τὰ
2251 581 2472 650 ὀλέθρια
2498 596 2512 608 °
2535 580 2629 631 καὶ
2661 576 2909 642 καθάπερ
2935 573 3151 641 δέλεαρ,
3183 570 3258 634 ὡς
3292 571 3452 639 ἔφην,
3475 573 3531 624 ἐν
3557 573 3728 638 ἀγκί-

2155 689 2302 742 στρῳ
2337 671 2429 722 τοῦ
2458 670 2692 722 θανάτου
2737 665 3213 736 προϐαλλομένους
3247 662 3585 741 τὴνῆἡδονήν.
3616 656 3726 715 Οὗ-

2155 782 2241 827 τος
2273 763 2472 823 τοίνυν,
2493 761 2784 828 ἀγαπητοὶ,
2812 761 2840 810 6
2861 755 3355 826 ὑποκεκρυμμένος
3375 755 3466 805 καὶ
3491 753 3723 815 ὕπουλος

2157 855 2414 921 πόλεμος,
2444 850 2531 904 οἷά
2556 869 2640 912 τις
2671 849 2874 919 ὓφαλος
2908 847 3105 918 πέτρα,
3140 845 3318 914 πολλῷ
3347 844 3619 914 χαλεπώτε
3632 844 3729 912 ρὸς

2155 964 2214 997 τε
2249 946 2340 998 καὶ
2387 942 2852 1010 ὲπικινδυνότερός
2884 942 3021 1002 ὲστι,
3063 937 3156 989 τοῦ
3199 933 3436 1004 φανεροῦ
3464 937 3555 986 καὶ
3584 934 3729 1003 πὸῤ-

2159 1037 2332 1105 ῥωθεν
2369 1033 2736 1101 ἐγνωσμένου.
2785 1033 2926 1101 Πρὸς
2954 1029 3050 1098 μὲν
3082 1029 3192 1097 γὰρ
3220 1027 3407 1079 τοῦτον
3452 1027 3724 1079 καθοπλι-

2160 1128 2308 1189 σθείς
2369 1143 2453 1187 τις
2506 1125 2602 1177 καὶ
2671 1119 3370 1194 προπαρασκευασάμενος,
3419 1117 3728 1179 δυσάλωτος

2158 1220 2310 1272 ἔσται
2337 1234 2351 1247 ·
2380 1216 2515 1286 πρὸς
2541 1216 2720 1269 πάσαν
2755 1199 2949 1283 πεῖραν
2973 1214 3066 1264 καὶ
3091 1210 3395 1280 προσϐολὴν
3425 1210 3534 1261 τῶν
3563 1210 3716 1260 ἐναν-

2157 1311 2287 1362 τίων
2341 1308 2650 1376 ἱστάμενος,
2695 1304 2957 1374 ἀσφαλῶς
2996 1320 3056 1354 τε
3121 1302 3215 1355 καὶ
3257 1301 3554 1370 κραταιῶς,
3587 1299 3730 1368 πρὸς

2156 1401 2212 1454 δὲ
2239 1400 2366 1462 τοὺς
2395 1403 2450 1452 ἐν
2496 1398 2756 1468 ἐνδύμασι
2805 1397 3094 1466 προϐάτων
3143 1392 3520 1461 εὐαγγελικῶς
3547 1391 3726 1442 εἰπεῖν

2161 1490 2634 1560 προσερχομένους
2678 1489 2806 1559 ὑμῖν
2858 1488 3062 1548 λύκους
3107 1483 3487 1556 Ἀῥραὁικοὺς,
3526 1481 3727 1552 ῥαδίως

2159 1581 2225 1632 ἄν
2260 1598 2345 1643 τις
2380 1579 2712 1648 ἀπατηθείη,
2761 1578 2854 1630 καὶ
2875 1576 3200 1646 ἀπροόπτως
3241 1573 3556 1644 περιπέσειε
3607 1571 3726 1631 τοῖς

491 1675 1077 1744 gloriaa'cupiditatem
1128 1671 1524 1725 amarissimum
1566 1670 1619 1723 in
1672 1683 1856 1722 eorum
1893 1666 2056 1720 corda

2165 1672 2441 1741 πολεμίοις
2469 1671 2544 1732 ὡς
2574 1669 2769 1736 φίλοις.
2811 1669 2907 1719 Διά
2939 1665 3095 1719 τοῦτο
3129 1667 3220 1716 καὶ
3250 1664 3328 1732 τῷ
3371 1663 3538 1731 ’Λδὲμ
3569 1661 3596 1712 ὁ
3625 1663 3730 1729 ἀρ-

487 1779 755 1818 venenum
793 1761 1038 1816 immisit.
1068 1759 1323 1828 Majorem
1354 1759 1522 1822 enim,
1549 1773 1580 1810 ο
1603 1751 2054 1817 charissitni,uti-

488 1854 719 1920 litalem,
756 1863 851 1905 aut
898 1856 1284 1904 nocumentum
1334 1847 1576 1914 accipere
1623 1843 1841 1897 aliunde
1901 1840 2074 1894 nemo

491 1955 685 2014 potest,
706 1943 961 2012 quamlab
986 1941 1294 1996 hominibus
1323 1938 1641 2006 quibuscum
1677 1934 1881 1988 versari
1901 1932 2058 1995 solet,

492 2036 759 2104 simulque
793 2036 971 2087 vivere
997 2043 1181 2086 etnon
1219 2044 1338 2083 rara
1379 2028 1770 2090 familiaritate,
1795 2024 2054 2094 frequen-

497 2131 643 2200 tique
676 2125 1312 2197 colloquiolcoujunctos
1353 2122 1534 2176 habet.
1571 2120 1698 2173 ideo
1743 2127 1801 2172 et
1843 2116 2060 2186 sapiens

495 2234 700 2278 naturae
748 2231 945 2273 nostra;
1000 2217 1330 2278 moderator,
1366 2230 1460 2283 per
1502 2211 1767 2274 homines,
1809 2224 1916 2262 non
1964 2222 2060 2276 per

493 2314 737 2384 angelos,
761 2298 1003 2379 quamvis
1028 2309 1191 2361 multo
1219 2306 1530 2368 validiores,
1561 2304 1787 2357 salutem
1818 2312 2058 2355 nostram

497 2420 710 2473 semper
738 2400 918 2455 curari
943 2399 1080 2454 vult.
1117 2399 1230 2452 Hoc
1271 2413 1402 2466 ergo
1435 2406 1488 2450 et
1525 2395 1793 2463 malignus
1823 2393 1912 2446 ille
1951 2391 2062 2446 cal-

495 2499 634 2554 lens.
671 2507 762 2562 per
793 2495 888 2544 hos
921 2491 1083 2545 etiam
1113 2499 1167 2543 et
1197 2489 1285 2543 ille
1313 2505 1408 2541 nos
1453 2486 1666 2555 aggredi
1699 2501 1804 2538 non
1839 2484 2057 2548 desinit,

495 2587 847 2640 auxihantcm
913 2582 1014 2636 sibi
1082 2589 1579 2651 cooperantemque
1634 2578 1835 2630 habens
1897 2575 2057 2628 etiam

495 2692 739 2737 carnem,
771 2689 890 2743 quae
943 2673 1266 2737 voluptatem
1313 2669 1532 2723 utilitati
1579 2680 1740 2736 atque
1790 2665 2059 2720 honestati

493 2769 794 2836 antepOuit.
839 2765 968 2831 Qua:
1021 2771 1201 2816 tamen
1259 2773 1452 2814 natura
1500 2760 1724 2813 minime
1759 2757 1897 2810 mala
1933 2764 2055 2820 ‘cst;

496 2862 630 2916 nihil
663 2863 805 2914 enim
835 2871 1025 2912 eorum
1053 2870 1173 2924 quae
1205 2869 1232 2906 a
1269 2851 1375 2905 Deo
1404 2851 1544 2905 facta
1583 2859 1731 2913 sunt,
1753 2858 1835 2902 est
1865 2859 2059 2900 natura

497 2952 726 3012 malum,
758 2949 848 3003 sed
877 2962 996 3015 qua:
1023 2961 1051 2998 a
1084 2942 1358 3011 voluptate
1405 2941 1652 2995 titillatur
1684 2948 1738 2992 et
1781 2937 2057 2991 efferatur.

2161 1764 2397 1832 χέκακος
2428 1760 2620 1830 ἐχθρὸς
2665 1758 2826 1827 ήμῶν
2866 1757 2962 1811 καὶ
3012 1757 3292 1824 πολέμιος,
3323 1753 3410 1805 διὰ
3437 1754 3534 1820 τῆς
3577 1750 3726 1811 Elia;

2159 1856 2256 1921 τῆς
2314 1850 2574 1905 κοινωνοῦ
2610 1849 2704 1903 τοῦ
2741 1851 2859 1920 βίου
2894 1850 2988 1902 καὶ
3032 1847 3192 1916 φίλης
3249 1843 3573 1915 προσέϐαλε.
3610 1840 3728 1894 Καὶ

2159 1945 2247 1997 διὰ
2279 1945 2376 2011 τῆς
2407 1943 2599 2012 ἡδονῆς
2650 1943 2746 1994 καὶ
2783 1939 3086 2009 φιλοδοξίας
3125 1939 3214 1990 τὸν
3240 1937 3567 2004 πικρότατον
3597 1934 3727 2000 Eii-,-

2160 2051 2256 2086 κεν
2287 2034 2362 2086 Div
2395 2035 2512 2094 ταῖς
2545 2031 2796 2101 καρδίαις
2829 2029 3076 2082 ἐκείνων.
3115 2025 3253 2080 Οὗτε
3283 2025 3391 2095 γὰρ
3427 2023 3722 2091 ὠφέλειαν,

2159 2123 2283 2176 οὕτε
2317 2122 2523 2191 βλάϐην
2579 2119 2802 2190 μείζονα
2837 2117 3060 2172 δύναταί
3108 2133 3211 2176 τις,
3256 2113 3545 2183 ἀγαπητοὶ,
3592 2111 3729 2180 ῥᾷον

2160 2213 2346 2282 λαϐεῖν
2385 2212 2631 2272 ἄλλοθεν,
2665 2211 2698 2278 ἢ
2749 2208 2894 2278 παρὰ
2921 2208 3030 2260 τῶν
3084 2204 3389 2274 ἀνθρώπων
3417 2202 3526 2254 τῶν
3563 2217 3730 2254 συναο

2160 2304 2630 2374 ναστρεφομένων,
2663 2301 2757 2352 καὶ
2786 2297 3212 2362 κοινωνούντων,
3239 2299 3330 2348 καί
3351 2294 3635 2361 συνήθειαν
3657 2292 3725 2343 οὐ

2164 2397 2367 2465 μικρὰν
2402 2392 2720 2464 ἐσχηκότων
2751 2391 2814 2442 ὲκ
2834 2389 2932 2456 τῆς
2963 2388 3164 2457 συχνῆς
3183 2385 3419 2453 ὁμιλίας.
3451 2384 3546 2434 Διὰ
3566 2379 3728 2434 τοῦτο

2162 2489 2254 2540 καὶ
2296 2488 2324 2538 ὀ
2355 2486 2514 2554 σοφὸς
2549 2480 2802 2552 κηδεμὼν
2822 2481 2919 2550 τῆς
2956 2477 3230 2548 ἡμετέρας
3261 2476 3471 2544 φύσεως
3502 2472 3588 2524 διὰ
3613 2472 3726 2524 τῶν

2161 2578 2496 2649 ἀνθρώπων,
2526 2573 2639 2627 ἀλλ’
2689 2575 2747 2626 οὑ
2801 2571 2871 2624 δι’
2926 2570 3200 2638 ἀγγέλων,
3232 2567 3325 2621 καί
3377 2583 3457 2618 τοι
3500 2565 3728 2616 πλεῖστα

2124 2717 2137 2730 ,
2163 2669 2342 2738 πολλῷ
2371 2667 2709 2736 δυναμένων,
2742 2665 2843 2730 τὴν
2879 2661 3151 2731 σωτηρίαν
3182 2658 3337 2728 ἡμῶν
3366 2656 3611 2725 βούλεται
3635 2654 3728 2704 ἀεὶ

2161 2751 2522 2830 ἐνεργεῖσθαι.
2559 2754 2718 2809 Τοῦτ’
2760 2750 2854 2807 οὖν
2890 2754 2986 2806 καὶ
3008 2755 3036 2805 6
3061 2750 3298 2819 πονηρὸς
3328 2748 3388 2801 εὖ
3419 2747 3595 2810 εἰδὼς,
3633 2744 3729 2796 διὰ

2160 2854 2269 2906 τῶν
2325 2849 2584 2904 τοιούτων
2633 2845 2933 2916 ἐπιχειρῶν
2967 2843 3026 2896 οὺ
3081 2842 3314 2894 παύεται
3362 2837 3485 2892 καθ’
3543 2835 3726 2905 ἡμῶν,

2163 2947 2301 3015 ἔχων
2338 2939 2822 3010 συνεφαπτομένην
2853 2935 3047 3004 ἐκείνῳ
3079 2934 3173 2986 καὶ
3206 2929 3470 2998 συνεργὸν
3505 2927 3598 2979 καὶ
3623 2926 3728 2992 τὴν

498 3043 696 3096 Verum
727 3041 770 3095 si
815 3039 938 3108 quis
968 3053 1153 3107 parum
1188 3049 1308 3088 sese
1355 3037 1609 3094 erexerit,
1653 3030 2064 3094 socordiamque

2170 3038 2348 3105 σάρκα
2377 3033 2483 3102 πρὸ
2513 3029 2606 3082 τοῦ
2631 3026 2944 3089 λυσιτελοῦς
2969 3026 3065 3078 καὶ
3107 3022 3383 3092 βελτίστου
3411 3021 3509 3085 τὴν
3534 3015 3728 3086 ἡδονὴν

501 3140 570 3191 ab
595 3138 773 3190 animo
808 3145 1057 3201 tauquam
1091 3141 1368 3184 veternum
1397 3125 1720 3186 excusserit,
1744 3122 1926 3177 omnia
1950 3121 2065 3173 haec

500 3233 647 3284 varia
677 3235 732 3281 et
785 3227 992 3296 gravia,
1043 3233 1298 3291 tanquam
1337 3233 1547 3273 aranea:
1593 3217 1727 3271 telas
1752 3216 2067 3281 ,disrumpet

503 3340 568 3378 ac
603 3322 809 3392 perdet,
843 3328 1134 3385 supernum
1167 3313 1372 3366 habens
1412 3310 1673 3364 auxilium
1737 3313 1792 3360 et.
1838 3307 2064 3373 gratiam

505 3416 605 3471 sibi
636 3420 1043 3480 cooperantem,
1077 3421 1194 3475 qua}
1236 3403 1404 3456 ardua
1445 3414 1669 3468 quaeque
1715 3393 2066 3461 difficili-aque

505 3505 660 3560 facile
688 3497 1343 3568 explanat,hostibusque
1379 3486 1712 3545 tremendum
1739 3497 1899 3552 atque
1935 3484 2068 3537 invi-

503 3607 646 3648 ctum
673 3589 854 3653 efficit,
885 3599 936 3642 et
962 3589 1026 3638 ab
1056 3585 1188 3654 ipsis
1221 3581 1476 3636 insidiose
1493 3579 1734 3631 admotas
1769 3573 2066 3636 machinas,

504 3682 834 3747 fraudesque
873 3677 939 3728 ad
990 3674 1220 3728 nihilum
1280 3670 1490 3738 redigit.
1542 3666 1672 3720 Nam
1743 3665 1884 3717 vide.
1932 3663 2069 3716 Hinc

505 3774 720 3842 quidem
763 3768 1030 3836 malignus
1062 3765 1150 3818 ille
1181 3777 1277 3833 per
1303 3761 1520 3829 impios,
1559 3755 1722 3811 veluti
1763 3764 1890 3807 ante
1941 3768 2070 3806 ocu-

506 3867 588 3918 los
640 3859 857 3929 subjicit
903 3870 1178 3912 cceuosant
1227 3852 1391 3905 vitam
1444 3860 1605 3918 atque
1655 3843 2067 3914 voluptuariam,

506 3968 603 4021 per
633 3953 972 4009 ebrietatem,
1001 3954 1058 3998 et
1091 3941 1528 4001 fornicationem,
1557 3949 1608 3992 et
1642 3937 1847 4004 reliqua
1880 3935 2072 3986 intem-

507 4042 766 4112 perantiae
819 4052 1057 4108 genera;
1111 4035 1276 4087 altera
1340 4047 1466 4086 vero
1511 4044 1574 4084 ex
1622 4038 1775 4098 parte
1820 4023 2069 4080 duritiem

510 4137 857 4188 lahoremoue
886 4127 1230 4197 evangelicae,
1264 4125 1378 4178 sive
1423 4122 1603 4192 potius
1633 4119 1888 4188 angelica:
1930 4118 2070 4178 vita),

511 4227 703 4292 hisque
745 4223 856 4290 jam
915 4220 1191 4285 hucusque
1241 4216 1497 4276 ostensis,
1553 4211 1762 4280 reliqua
1821 4209 2074 4273 obtegere

510 4320 756 4369 conatur.
786 4308 1036 4378 Atgratia
1061 4306 1178 4358 Don
1201 4306 1276 4357 ini
1309 4304 1434 4356 huic
1454 4303 1627 4355 fraudi
1655 4301 1853 4367 optime
1884 4311 2075 4350 occur-

2167 3126 2527 3196 αἱρουμένην.
2547 3121 2620 3174 υὺ
2651 3119 2810 3189 φύσει
2839 3117 3082 3186 πονηρὰν
3104 3113 3286 3172 οὖσαν,
3317 3111 3468 3164 οὐδὲν
3490 3111 3596 3178 γὰρ
3619 3107 3730 3159 τῶν

2167 3219 2274 3273 ὑπὸ
2310 3215 2403 3270 τοῦ
2434 3213 2570 3268 Θεοῦ
2621 3211 2925 3280 γεγονότων
2965 3206 3201 3278 πονηρόν
3234 3207 3350 3256 ἐστι
3393 3202 3573 3270 φύσει,
3610 3197 3731 3251 ἀλλ’

2169 3305 2753 3378 ὑπογαργαλιζομένην
2800 3300 2991 3370 ὥσπερ
3022 3299 3116 3352 καὶ
3170 3296 3582 3365 βακχευομένην
3622 3290 3732 3342 ὑπὸ

2167 3406 2265 3474 τῆς
2320 3399 2536 3469 ἡδονῆς.
2585 3394 2724 3448 Ἀλλ’
2777 3396 2824 3447 εί
2867 3391 3061 3463 μικρόν
3115 3407 3196 3452 τις
3236 3384 3578 3453 διανασταίη,
3631 3381 3732 3434 καὶ

2168 3497 2267 3565 τὴν
2307 3491 2580 3564 ῥᾳθυμίαν
2618 3490 2809 3555 ὥσπερ
2839 3487 2963 3538 τινὰ
3009 3485 3177 3553 κάρον
3207 3480 3462 3534 ἁπόοοιτο
3495 3477 3594 3544 τῆς
3626 3475 3734 3542 ψυ-

2170 3586 2290 3654 χῆς,
2321 3580 2494 3634 ταῦτα
2524 3579 2697 3632 πάντα
2727 3577 2793 3628 τά
2826 3573 3044 3628 ποικίλα
3076 3572 3170 3624 καὶ
3216 3570 3448 3638 χαλεπὰ,
3483 3567 3555 3627 ὼς
3587 3565 3734 3617 ίστὺν

2151 3674 2413 3743 ,ἀράχνης
2445 3668 2723 3740 διαρῤἡξει
2751 3666 2842 3718 καὶ
2869 3664 3122 3732 ἀφανίσει
3146 3663 3244 3731 τὴν
3276 3658 3483 3713 ἄνωθεν
3511 3660 3730 3708 ἐπικου-

2174 3766 2296 3835 ρίαν
2330 3764 2424 3814 καὶ
2452 3763 2610 3830 χάριν
2640 3759 2777 3827 ἔχων
2817 3753 3212 3824 συναιρομένην
3237 3751 3405 3817 αὐτῷ,
3433 3751 3528 3802 καὶ
3554 3747 3734 3798 πάντα

2171 3834 2241 3910 τὰ
2280 3855 2556 3924 προσάντη
2597 3853 2692 3904 καὶ⁵
2745 3848 2981 3917 δυσχερῆ
3034 3846 3232 3916 ῥᾳδίως
3285 3834 3732 3910 ὲξομαλίζουσαν,

2174 3947 2267 4000 καὶ
2312 3942 2542 4013 φοῦερὸν
2599 3941 2694 3992 καὶ
2725 3940 2993 4006 ἀήττητον
3040 3934 3381 3987 καθιστῶσαν
3409 3933 3519 3988 τοῖς
3574 3930 3737 3980 πολε-

2177 4039 2340 4108 μίοις,
2383 4034 2478 4087 καὶ
2535 4031 2604 4084 τὰ
2653 4027 2975 4096 κακούργως
3013 4025 3342 4093 είσαγόμενα
3383 4020 3510 4089 παρ’
3552 4019 3736 4070 αὐτῶν

2180 4127 2546 4198 μηχανήματα
2591 4123 2681 4174 καὶ
2727 4119 3035 4187 σοφίσματα
3067 4118 3145 4178 είς
3173 4118 3234 4166 τὸ
3273 4113 3438 4181 μηδὲν
3487 4109 3740 4163 διαλύου-

2344 4194 2540 4270 Σκὸπει
2575 4216 2682 4282 γὰρ
2734 4194 3023 4279 ἐνθενᾟὲν
3077 4211 3102 4260 6
3153 4206 3385 4273 πονηρὸς
3414 4203 3737 4268 ὑποτίθησιν

2177 4311 2366 4378 ὥσπερ
2407 4308 2498 4359 ὑπ’
2529 4306 2650 4372 ὄψιν
2689 4303 2776 4355 διὰ
2804 4300 2911 4353 τῶν
2960 4298 3172 4352 ἀσεϐῶν
3197 4299 3294 4364 τὴν
3330 4297 3395 4346 ὲκ
3436 4295 3534 4362 τῆς
3563 4291 3738 4358 μέθης

511 4409 615 4472 rit;
648 4403 882 4458 05tetulit
909 4401 1050 4453 enim
1071 4398 1221 4452 nobis
1240 4397 1618 4465 praedictarum
1642 4396 1849 4446 viarum
1878 4391 2064 4444 finem:

2175 4418 2234 4454 τε
2270 4402 2364 4451 καὶ
2402 4396 2657 4466 πορνείας
2693 4393 2786 4446 καὶ
2815 4392 2994 4458 πάσης
3030 4388 3200 4458 ἄλλης
3222 4384 3517 4445 ἀκολασίας
3545 4381 3739 4450 βορὸοο

510 4498 616 4553 Illa
632 4497 791 4558 enim,
810 4492 1002 4560 inquit,
1027 4500 1174 4543 arcta
1193 4501 1240 4542 et
1261 4498 1486 4557 angusta
1503 4501 1592 4555 per
1614 4500 1726 4537 eam
1748 4491 2077 4536 transeuntes

511 4587 578 4640 nd
603 4583 970 4650 sempiternam
997 4579 1239 4646 perducit
1271 4580 1455 4637 vitam,
1489 4577 1598 4625 lata
1621 4588 1735 4626 vero
1759 4581 1806 4624 et
1839 4572 2075 4638 spatiosa

513 4677 578 4729 ad
608 4673 951 4744 perditionem
992 4669 1332 4736 manifestam
1359 4669 1400 4719 '.
1439 4663 1694 4734 Apposite
1728 4671 1906 4714 autent
1940 4674 2077 4729 prte-

512 4775 719 4819 sentem
746 4762 932 4824 vitam,
955 4761 1212 4813 caducam
1228 4755 1462 4828 quidem,
1480 4764 1531 4809 et
1549 4769 1670 4822 qua:
1687 4751 1941 4822 paulatim
1961 4752 2078 4803 bre-

511 4861 689 4910 viatur
735 4866 786 4911 et
815 4855 1020 4916 defluit,
1052 4855 1152 4906 via:
1212 4852 1428 4904 nomine
1459 4847 1802 4916 significavit,
1848 4854 1902 4898 et
1945 4858 2074 4912 pro~

511 4947 794 5016 pemodum
833 4947 903 4998 ita
934 4959 1120 4997 omnes
1151 4941 1466 5010 alloquitur,
1501 4956 1564 4991 ne
1616 4938 1829 4991 scilicet
1872 4937 2074 4990 sedulis

512 5040 798 5094 molestum
837 5047 999 5104 atque
1033 5043 1240 5104 arctum
1273 5033 1370 5083 via:
1407 5031 1802 5083 contentionem
1829 5028 2076 5081 alacrita-

511 5134 579 5185 tis
611 5130 881 5197 studiique
913 5103 1157 5180 relaxare
1207 5123 1405 5188 iaciat;
1443 5124 1532 5175 sed
1571 5122 1918 5175 considerent
1953 5127 2074 5173 bre-

511 5228 726 5280 vitalem
751 5221 940 5273 harum
961 5232 1159 5276 rerum,
1175 5226 1223 5267 et
1246 5214 1573 5282 perpendaut
1595 5222 1934 5279 lcniporanea
1954 5223 2076 5263 esse

511 5316 670 5378 mala,
700 5321 751 5363 et
787 5324 944 5378 quam
973 5307 1201 5375 primum
1219 5321 1274 5357 se
1300 5319 1418 5358 esse
1445 5317 1798 5372 perventuros
1827 5301 1890 5353 ad
1922 5303 2077 5368 quie-

510 5422 615 5464 lCill
662 5423 721 5458 ac
746 5403 954 5457 beatam
984 5399 1172 5451 vitam.
1195 5396 1381 5466 Neque
1413 5401 1573 5450 etiam
1596 5397 1691 5447 via:
1720 5394 1951 5446 latitudo
1976 5393 2077 5461 (1),

607 5519 627 5548 ¹
661 5514 846 5568 Matth.
877 5525 974 5576 vn,
1010 5507 1096 5562 H.

2180 4490 2320 4560 ρὼδη
2345 4489 2486 4558 ζωὴν
2505 4488 2597 4540 καὶ
2617 4485 2899 4554 φιλήδονον
2919 4495 2932 4508 ·
2956 4480 3016 4540 ἐξ
3033 4477 3294 4546 ἑκατέρου
3309 4474 3364 4526 δὲ
3384 4473 3445 4526 τὸ
3460 4473 3556 4539 τῆς
3572 4471 3740 4535 εὐαγ-

2177 4580 2399 4648 γελικῆς
2433 4578 2534 4630 εἶτ’
2568 4576 2660 4630 οὖν
2699 4573 2994 4642 ἁγγελικῆς
3034 4569 3332 4630 πολιτείας,
3381 4562 3612 4632 σκληρὸν
3642 4561 3739 4612 καὶ

2175 4670 2494 4740 ὲπίμοχϐον,
2529 4669 2624 4722 καὶ
2662 4669 2824 4738 μέχρι
2873 4664 3064 4717 τούτου
3115 4662 3183 4714 τὰ
3230 4658 3453 4712 τοιαῦτα
3501 4655 3735 4717 δεικνὺς,

2175 4764 2235 4815 τὸ
2273 4763 2534 4814 ἐπέκεινα
2577 4758 2871 4812 καλύπτειν
2901 4753 3196 4822 ἐπιχειρεῖ.
3247 4749 3387 4802 Ἀλλ’
3420 4749 3451 4816 ἡ
3483 4743 3575 4797 τοῦ
3629 4745 3743 4795 Κυ-

2177 4852 2290 4922 ρίου
2315 4851 2474 4920 χάρις
2514 4848 2651 4918 πρὸς
2673 4846 2771 4916 τὴν
2801 4843 3057 4911 τοιαύτην
3087 4840 3302 4907 ἀπάτην
3344 4835 3605 4902 ἱσταμένη
3636 4848 3743 4884 κα-

2173 4942 2304 5007 λῶς,
2339 4940 2615 4992 δείκνυσιν
2646 4939 2776 5004 ἡμῖν
2823 4935 2929 4986 τῶν
2962 4934 3268 5002 εἰρημένων
3301 4927 3433 4980 ὁδῶν
3473 4922 3744 4988 ἑκατέρας

2171 5031 2230 5081 τὸ
2264 5031 2436 5099 πέρας
2459 5044 2471 5058 ο
2517 5027 2579 5079 Ἠ
2622 5026 2738 5094 μὲν
2767 5023 2876 5093 γὰρ
2927 5020 3141 5085 στενὴ,
3174 5021 3326 5087 φησὶ,
3360 5014 3459 5066 καὶ
3503 5013 3743 5076 τεθλιμ-

2163 5121 2316 5191 μένη
2350 5122 2436 5185 εὶς
2464 5120 2706 5170 αἰώνιον
2731 5117 2948 5182 ἀπάγει
2987 5113 3132 5176 τοὺς
3170 5113 3393 5174 ταύτην
3437 5103 3748 5172 διερχομέ-

2180 5229 2363 5278 νοιις·
2422 5214 2458 5279 ἡ
2520 5210 2588 5262 δὲ
2644 5207 2895 5262 πλατεῖα
2933 5207 3030 5260 καί
3085 5205 3422 5272 εὐρύχωρος
3470 5196 3746 5267 φανερῶς

2184 5304 2332 5371 πρὸς
2363 5301 2685 5357 ἀπώλειαν.
2722 5300 2920 5363 Καλῶς
2962 5300 3018 5351 δὲ
3051 5301 3141 5352 καὶ
3169 5296 3319 5352 ὀδοὺς
3363 5291 3576 5353 ὲκείνας
3612 5289 3749 5341 ἐκά-

2186 5399 2308 5450 λεσε
2348 5402 2406 5450 τὸ
2435 5396 2839 5468 παρερχόμενόν
2863 5411 2922 5447 τε
2963 5395 3055 5446 καὶ
3083 5391 3204 5447 κατ’
3231 5389 3410 5456 ὀλίγον
3447 5382 3751 5454 ὑποτεμνό-

584 5638 660 5705 (l)
700 5635 809 5689 Via:
841 5634 1086 5705 latitudo.
1120 5629 1417 5705 vaticanus
1442 5626 1628 5705 Codcx'
1654 5627 1835 5690 habet,
1868 5623 1894 5676 6
1917 5623 2058 5677 πλατ

2165 5637 2234 5688 to;
2280 5627 2370 5681 τοῦ
2403 5627 2539 5698 βίου.
2579 5630 2806 5685 Mcssan.
2843 5631 2940 5693 τὶπς
3011 5628 3150 5692 ὀδοῦ,
3221 5626 3381 5694 idque
3418 5619 3751 5678 convenien-

519 5700 622 5761 un".-
644 5700 1094 5760 antecedentibus
1127 5720 1137 5756 :
1168 5702 1287 5756 ideo
1326 5700 1660 5752 retinuimus.
