3948 6200
216 335 329 398 2‘93

1623 333 1994 397 EPISTULA
2030 336 2078 395 Ι.

3368 342 3474 407 2'4

223 469 388 520 μενον
425 452 521 504 καὶ
553 450 822 522 ὐπορῤἐον
866 453 955 505 ἀεὶ
1001 434 1100 520 τῆς
1131 454 1414 524 παρούσης
1448 454 1596 526 ζωῆς
1627 460 1792 511 αίνιτ-

1921 454 2234 523 vitiosazque
2306 453 2600 522 voluptatis
2673 453 2831 522 plena
2913 455 3184 523 satietas,
3237 459 3473 529 decipiat

217 547 473 615 τόμενος.
513 546 624 598 Καὶ
653 545 941 616 μονονουχὶ
969 546 1108 615 πρὸς
1157 547 1368 612 πάντας
1403 551 1590 619 φωνὴν
1641 552 1801 619 ἀφεὶς

224 639 368 708 μήτε
399 639 513 701 τοῖς
543 637 854 700 σπουδαίοις
885 637 944 689 τὸ
976 639 1202 708 ἀνιαρόν
1227 657 1284 692 τε
1323 643 1416 693 καὶ
1436 642 1800 712 τεθλιμμένον

214 730 316 781 τὸν
342 732 493 782 τόνον
517 729 616 798 τῆς
663 728 978 797 προθυμίας
1026 730 1376 800 ὑποχαλάτω,
1427 733 1798 804 λογιζομένοις

216 820 285 872 τδ
321 820 496 888 βραχὺ
526 821 734 872 τούτων
764 821 856 872 καὶ
896 821 1257 890 πρόσκαιρον,
1289 826 1383 876 καὶ
1417 824 1514 894 τὴν
1564 827 1798 890 διαδεξο-

221 912 403 981 μένην
426 913 549 964 ὅσον
577 913 792 964 οὐδέπω
817 916 1096 982 μακαρίαν
1117 915 1302 969 ἄνεσιν
1328 918 1421 968 καὶ
1446 917 1612 986 ζωήν.
1643 921 1797 988 Μήτε

225 1000 344 1067 μὴν
371 1002 491 1062 τοὺς
538 1001 875 1064 ἀκολάστους
918 1002 1219 1065 δελεαζέτω
1266 1007 1295 1058 ὁ
1329 1006 1645 1075 πλατυσμὸς
1697 1008 1798 1076 τῆς

221 1093 349 1144 ὁδοῦ
388 1093 482 1144 καὶ
521 1094 553 1160 ή
588 1094 666 1155 εἰς
699 1097 863 1162 κόρον
895 1096 1183 1165 πλησμονὴ
1227 1096 1328 1164 τῆς
1367 1097 1652 1165 ὲμπαθοῦς
1679 1100 1800 1169 ἠδο-

217 1183 347 1252 νῆς,
379 1183 769 1254 ὑφορωμένους
802 1185 863 1238 τὸ
914 1187 1034 1256 μετ’
1086 1188 1268 1255 ὀλίγον
1309 1189 1647 1260 κατάλληλον
1698 1192 1797 1261 τῆς

214 1274 479 1344 τοιαύτης
508 1275 627 1328 ὀδοῦ
662 1276 860 1346 πέρας,
891 1278 990 1348 τὴν
1013 1278 1290 1333 ἀπώλειαν
1318 1283 1412 1334 καὶ
1442 1283 1501 1334 τδ
1527 1284 1602 1353 μὴ
1637 1283 1796 1335 σϐεν-

216 1367 426 1433 ύμενον
470 1365 582 1434 πῦρ
631 1369 846 1420 καὶτὸν
885 1370 1248 1439 ἀτελεύτητον
1298 1372 1576 1444 σκώληκα.
1639 1374 1798 1427 Ἀλλὰ

211 1460 335 1520 τοῖς
366 1457 630 1520 τοιούτοις
675 1460 1107 1532 ἐπιχειρήμασιν
1136 1465 1164 1514 ὁ
1211 1465 1453 1529 ποικίλος
1488 1467 1580 1519 καὶ
1632 1471 1798 1520 πολύ-

215 1564 435 1617 μορφος
462 1549 588 1616 ὄφις
629 1552 1033 1620 ἀποκρουσθεὶς
1066 1558 1129 1624 τῇ
1164 1557 1452 1628 συμμαχίᾳ
1495 1557 1593 1610 τοῦ
1627 1559 1796 1612 πνεύ-

217 1658 424 1708 ματος,
450 1642 550 1695 οὐκ
572 1644 803 1712 ἠρεμεῖν
849 1645 989 1708 ὅλως
1019 1647 1277 1716 ἀνέχεται
1305 1664 1321 1680 ·
1356 1649 1492 1704 ἀλλά
1526 1651 1593 1704 δι’
1637 1653 1793 1704 ὲναν·

207 1731 352 1784 τίων
405 1734 819 1802 μηχανημάτων
864 1737 954 1790 τὸν
1007 1738 1215 1808 πύργον
1270 1741 1370 1810 τῆς
1417 1743 1696 1813 ὑπομονῆς
1732 1760 1792 1796 τε

209 1823 315 1874 καὶ
342 1822 577 1886 πίστεως
607 1825 767 1893 ἡμῶν
791 1826 1063 1896 ἐπιχειρεῖ
1087 1829 1358 1895 καθελεῖν,
1398 1834 1664 1900 ἐπηρείας
1700 1835 1794 1886 καὶ

207 1913 433 1982 θλίψεις
475 1918 726 1978 ποικίλας
774 1919 869 1970 καὶ
906 1919 1240 1991 πολλαχόθεν
1286 1924 1420 1993 ἡμῖν
1470 1925 1790 1994 ἐπεγείρων,

207 2006 334 2067 τοῖς
380 2005 670 2075 συνήθεσιν
723 2007 978 2076 ὀργάνοις
1011 2011 1110 2080 τῆς
1147 2013 1342 2066 ἑαυτοῦ
1387 2015 1652 2084 πονηρίας
1687 2018 1793 2070 πά-

207 2098 299 2148 λιν
329 2099 699 2166 χρησάμενος,
732 2101 914 2163 καλῶς
948 2102 1269 2173 δυναμένοις
1302 2106 1371 2158 τὰ
1398 2106 1624 2160 τοιαῦτα
1653 2109 1794 2177 ὑπη-

209 2191 419 2256 ρετεῖν.
457 2191 567 2241 Καὶ
595 2189 690 2242 νῦν
720 2192 818 2259 μὲν
845 2192 1050 2263 ζημίας
1082 2198 1173 2248 καὶ
1200 2197 1454 2266 ἁρπαγάς
1483 2198 1592 2252 τῶν
1621 2217 1791 2270 προσο

208 2281 384 2332 όντων
451 2283 585 2351 ἡμῖν
635 2283 878 2352 ἐπάγων,
929 2286 1119 2340 ἄλλοτε
1154 2288 1405 2357 φυλακάς
1449 2307 1506 2342 τε
1557 2292 1652 2343 καὶ
1687 2293 1792 2358 μά-

209 2389 434 2438 στιγας,
466 2373 734 2444 λοιδορίας
759 2393 817 2428 τε
846 2379 941 2428 καὶ
968 2377 1156 2448 ’ύϐρεις
1179 2382 1274 2433 καὶ
1304 2382 1548 2450 ἀτιμίας,
1578 2383 1708 2436 ποτὲ
1735 2384 1790 2436 δὲ

209 2465 604 2533 αἰχμαλωσίας
643 2467 737 2519 καὶ
786 2468 1018 2531 ἀπειλὰς
1072 2469 1264 2539 βιαίων
1300 2471 1568 2538 θανάτων,
1612 2475 1679 2528 ἵν’
1709 2477 1794 2528 ὲν·

206 2557 412 2611 τεῦθεν
469 2559 1037 2630 κατολιγωρήσαντες,
1087 2563 1120 2633 ἢ
1163 2564 1299 2633 πρὸς
1343 2565 1441 2636 τὴν
1495 2567 1790 2622 ἀκολασίαν

211 2648 617 2719 σπευσώμεθα,
655 2651 687 2720 ἦ
721 2652 858 2721 πρὸς
881 2653 980 2723 τὴν
1009 2655 1269 2709 ἀσέϐειαν
1295 2657 1537 2722 εὐμενῶς
1568 2660 1790 2727 ἴδωμεν,

205 2739 425 2794 τούτων
459 2745 681 2796 πάντων
706 2745 818 2797 τῶν
841 2745 1095 2815 χαλεπῶν
1121 2747 1438 2820 ἀπαλλαγὴν
1461 2752 1790 2820 ἐπαγγελλοο

206 2831 386 2898 μένην
422 2834 519 2886 καὶ
554 2834 666 2886 τῶν
700 2836 991 2904 παρόντων
1038 2837 1212 2907 ήδέων
1245 2839 1443 2910 δαψιλῆ
1472 2841 1788 2912 χορηγείαν,

204 2927 256 2976 εί
290 2925 394 2994 τῆς
447 2926 730 2988 εὐσεϐείας
762 2927 859 2981 καὶ
914 2930 1120 2998 ἀρετῆς
1171 2933 1376 2992 ταύτην
1431 2933 1785 3003 ἀλλάξαιμεν.

213 3016 387 3068 ’Λλλά
416 3033 481 3083 γε
518 3017 618 3078 τὰς
662 3023 914 3088 μηχανάς
943 3037 1003 3073 τε
1035 3020 1130 3074 καὶ
1177 3020 1455 3084 ἑλεπόλεις
1504 3023 1790 3094 καρτερῶς

1903 545 2256 610 luxuriosos,
2346 546 2736 614 prospicientes
2807 545 3046 602 vicissim
3109 550 3234 604 vitae
3307 552 3466 622 hujus

1899 637 2118 692 brevem
2153 639 2338 701 linem,
2366 639 2747 706 perditionem,
2776 639 3020 708 inquam,
3049 653 3102 695 et
3127 642 3302 710 ignem
3324 646 3470 699 inex-

1901 729 2291 798 stinguibilcm,
2321 740 2694 800 aeternumque
2734 745 2996 786 vermem.
3025 733 3288 788 Caeterum
3325 734 3474 788 l‘rau-

1877 820 2152 874 ‘tluleutus
2206 836 2268 874 ac
2315 822 2532 876 dolosus
2588 838 2834 892 serpens,
2893 838 2994 892 ope
3043 826 3269 892 spiritus
3324 829 3471 881 hisce

1901 914 2202 968 rationibus
2253 915 2636 984 propulsatus,
2687 918 3040 985 acquiescere
3094 929 3270 972 tamen
3324 922 3472 975 nullo

1900 1006 2058 1059 modo
2099 1015 2278 1074 potest
2320 1022 2332 1058 :
2377 1006 2622 1075 quinimo
2673 1021 2770 1076 per
2822 1010 3099 1076 oppositas
3167 1011 3468 1076 machinas,

1899 1096 2172 1165 patientiae
2210 1097 2443 1166 ﬁdeique
2475 1109 2674 1151 nostrm
2718 1098 2907 1152 turrim
2938 1108 3186 1154 evertere
3219 1103 3467 1168 aggredi-

1901 1198 2007 1254 tur,
2072 1189 2300 1242 insidias
2337 1190 2627 1256 variasque
2678 1190 3005 1244 tentationcs
3043 1192 3207 1245 variis
3241 1209 3304 1245 ex
3338 1192 3474 1247 locis

1898 1280 2053 1332 nobis
2086 1291 2320 1345 struens,
2351 1281 2628 1335 consuetis
2657 1282 2945 1348 pravitatis
2984 1297 3097 1335 sua:
3142 1285 3475 1336 instrumen-

1899 1370 1968 1422 tis
1989 1372 2054 1424 ad
2092 1371 2207 1425 haec
2232 1371 2577 1440 exsequenda
2615 1372 2851 1425 maxime
2883 1372 3023 1441 aptis
3049 1389 3261 1427 rursum
3289 1384 3472 1431 utens.

1900 1459 1963 1511 Et
2011 1476 2155 1514 nunc
2202 1462 2420 1530 quidem
2461 1461 2707 1531 jacturas
2763 1462 3205 1532 direptionesque
3239 1464 3474 1517 faculta-

1902 1564 2010 1608 tum
2087 1555 2240 1608 nobis
2290 1555 2469 1619 inl‘ert,
2521 1554 2654 1609 alias
2699 1568 2827 1609 vero
2871 1570 3166 1621 carcerem,
3223 1558 3470 1623 verbera,

1896 1645 2273 1706 contumelias,
2293 1655 2345 1699 et
2372 1645 2622 1714 injurias,
2657 1655 2818 1715 atque
2845 1634 3202 1716 ignominias;
3231 1651 3475 1713 quando-

1896 1751 2000 1805 que
2059 1751 2188 1789 vero
2226 1737 2566 1803 captivitates
2636 1738 2918 1807 minasque
2966 1739 3216 1794 violentae
3258 1743 3472 1807 mortis,

1898 1838 1954 1880 ut
1987 1826 2289 1879 hinclracti
2325 1827 2508 1880 animo
2551 1827 2633 1881 vel
2683 1828 3018 1884 fmderemur
3064 1831 3131 1883 ad
3182 1831 3473 1895 luxuriam,

1897 1917 1981 1968 vel
2023 1915 2088 1968 ad
2136 1915 2466 1983 impietatem
2523 1916 2865 1983 inclinemus,
2916 1933 3035 1988 quae
3075 1920 3233 1973 nobis
3279 1920 3471 1974 horum

1895 2008 2138 2060 omnium
2215 2006 2481 2060 malorum
2513 2007 2952 2073 liberationem,
3006 2012 3474 2082 praesentiumque

1895 2099 2228 2167 voluptatum
2261 2100 2540 2168 ecpiosam
2573 2099 2903 2156 allluentiam
2939 2103 3230 2171 promittit,
3269 2105 3312 2159 si
3360 2106 3473 2174 pie-

1896 2203 2060 2246 tatem
2125 2193 2487 2262 virtutemque
2552 2209 2673 2247 eum
2751 2196 2864 2264 ipsa
2934 2199 3469 2251 commutaveritnus.

1894 2283 2161 2337 Caeterum
2215 2283 2289 2354 (2)
2356 2284 2789 2341 machinationes
2861 2296 2916 2342 et
2982 2290 3340 2345 instrumenta
3386 2291 3473 2345 di-

1894 2376 2105 2428 ruentia
2147 2376 2358 2429 l'ortiter
2388 2378 2748 2445 perferemus,
2784 2379 2829 2434 si
2862 2380 3088 2448 vigilare
3119 2381 3470 2444 voluerimus,

1895 2477 2108 2520 scutum
2141 2476 2195 2520 et
2225 2470 2682 2537 propugnaculum
2714 2471 3088 2526 ﬁrmissimum
3123 2485 3288 2542 atque
3317 2475 3475 2528 tutis-

1899 2556 2098 2609 simum
2153 2556 2426 2611 Christum
2475 2559 2759 2623 habentes,
2791 2562 3068 2631 praeclaris
3106 2564 3264 2617 etiam
3293 2579 3472 2618 exem-

1895 2649 1996 2718 plis
2017 2664 2077 2702 ac
2095 2648 2436 2704 mirabilibus
2468 2650 2829 2716 abundantes,
2861 2664 3200 2720 sanctorum,
3227 2654 3468 2722 inquam,

1893 2742 2170 2812 patientia,
2218 2757 2281 2796 ac
2314 2742 2625 2809 tolerantia,
2673 2753 2729 2798 et
2762 2745 3023 2799 adversus
3061 2758 3339 2812 peccatum
3381 2764 3469 2800 re-

1892 2834 2136 2889 sistentia
2171 2850 2341 2904 usque
2393 2834 2460 2890 ad
2508 2836 2788 2905 sanguinis
2838 2835 3178 2890 effusionem.
3237 2835 3472 2900 Quidam

1890 2927 2050 2990 enim,
2085 2927 2278 2995 inquit,
2315 2927 2534 2980 distenti
2563 2937 2707 2991 sunt,
2741 2943 2847 2980 non
2893 2927 3236 2995 suspicientes
3272 2932 3475 2982 redem—

1890 3020 2142 3085 ptionem,
2214 3028 2273 3070 ut
2327 3021 2599 3071 meliorem
2656 3020 2948 3072 invenirent
3007 3021 3472 3084 resurrectionem;

203 3108 538 3177 ἐνέτκοιμεν
556 3111 644 3177 ἂν,
675 3113 805 3179 εἴγε
835 3111 1162 3184 βουλοίμεθα
1193 3115 1603 3185 διαγρηγορεῖν,
1629 3116 1790 3170 ὃπλον

1895 3110 1988 3163 alii
2016 3125 2135 3163 vero
2177 3109 2406 3162 ludibria
2454 3120 2502 3164 et
2539 3113 2749 3163 verbera
2778 3111 3003 3178 experti,
3039 3112 3250 3179 insuper
3280 3123 3324 3162 et
3358 3113 3472 3163 vin-

204 3199 306 3250 καὶ
343 3199 611 3268 πρόϐολον
644 3203 735 3255 τὸν
765 3202 1003 3272 Χριστὸν
1032 3205 1256 3275 ἀρραγῆ
1292 3207 1647 3276 κεκτημένοι,
1687 3225 1793 3260 πα-

207 3291 600 3359 ραδειγμάτων
644 3294 699 3346 δὲ
746 3296 1109 3361 εὐποροῦντες
1153 3299 1420 3364 γενναίων
1454 3301 1546 3350 καὶ
1579 3297 1792 3365 θαυμα-

205 3382 358 3435 στῶν
394 3384 504 3436 τῶν
527 3386 699 3453 ἁγίων
730 3386 873 3455 λέγω
913 3389 1013 3460 τὴν
1048 3388 1328 3458 ὑπομονήν
1357 3406 1416 3441 τε
1448 3390 1545 3442 καὶ
1593 3407 1789 3461 καρτεο

207 3477 360 3545 ρίαν,
391 3479 490 3530 καὶ
523 3480 722 3548 μέχρις
745 3481 977 3550 αἵματος
1015 3483 1154 3551 πρὸς
1201 3481 1300 3549 τὴν
1343 3481 1618 3550 ἁμαρτίαν
1652 3484 1792 3535 ἀντι-

201 3571 571 3624 κατάστασιν.
608 3575 673 3625 Ol
695 3572 813 3641 μὲν
847 3575 977 3643 γὰρ,
1011 3575 1196 3643 φησιν,
1222 3574 1784 3643 ἐτυμπανίσθησαν,

202 3665 277 3714 σὺ
312 3663 792 3734 προσδεξάμενοι
812 3667 928 3733 τὴν
959 3667 1410 3734 ἀπολύτρωσιν,
1448 3667 1548 3719 ἵνα
1598 3668 1789 3734 κρείτ-

204 3771 388 3819 τονος
421 3755 818 3824 ἀναστάσεως
863 3760 1165 3828 τύχωσιν*
1211 3759 1402 3827 ἕτεροι
1440 3758 1509 3811 δὲ
1545 3759 1790 3827 ἐμπαιγ-

199 3846 338 3916 μῶν
365 3849 469 3900 καὶ
502 3851 812 3918 μαστίγων
832 3851 1048 3919 πεῖραν
1073 3851 1316 3916 ἔλαϐον,
1346 3851 1434 3905 ἔτι
1456 3849 1524 3903 δὲ
1552 3848 1790 3918 δεσμῶν

205 3941 308 3994 καί
340 3941 661 4010 φυλακῆς·
711 3944 1151 4013 ἐλιθάσθησαν,
1177 3946 1586 4013 ἐπρίσθησαν,
1630 3944 1790 3996 ἐπειο

1894 3203 2037 3266 cula,
2081 3215 2129 3254 et
2172 3217 2442 3266 carceres;
2490 3201 2720 3267 lapidati
2761 3211 2908 3264 sunt,
2941 3203 3070 3255 secti
3103 3212 3250 3264 sunt,
3282 3203 3472 3254 tentati

1894 3302 2038 3356 sunt,
2071 3293 2124 3344 in
2163 3292 2419 3344 occisione
2467 3291 2636 3360 gladii
2668 3293 2866 3345 mortui
2889 3304 3033 3348 sunt.
3077 3291 3474 3348 Circumierunt

1892 3385 1946 3437 in
1983 3385 2210 3444 metatis,
2258 3385 2310 3436 in
2351 3383 2572 3449 pellibus
2613 3385 2862 3450 caprinis,
2901 3394 3122 3454 egentes,
3153 3385 3470 3454 angustiati,

1893 3476 2093 3544 afﬂicti,
2117 3475 2303 3543 quibus
2330 3477 2520 3545 dignus
2553 3492 2656 3530 non
2676 3488 2788 3530 erat
2830 3484 3061 3530 mundus
3088 3478 3127 3531 ⁸.
3161 3477 3270 3532 Deo
3302 3477 3468 3530 uimi-v

1890 3583 2008 3622 rum
2053 3570 2420 3638 permittente,
2449 3580 2505 3622 ut
2542 3569 2766 3636 probata
2799 3586 2989 3624 eorum
3032 3569 3167 3626 ﬁdes
3215 3579 3270 3624 et
3307 3571 3464 3625 forti-

1890 3666 2016 3717 tudo
2065 3663 2370 3719 clarissime
2415 3664 2770 3728 clucesceret,
2813 3664 2918 3718 illis
2963 3664 3180 3733 quidem
3212 3665 3266 3717 ln
3301 3665 3470 3733 majo-

1889 3769 2005 3809 rem
2042 3755 2303 3808 bonorum
2338 3753 2775 3818 retributionem,
2798 3754 3078 3822 majusque
3097 3754 3268 3807 diabol
3308 3755 3470 3808 tleile-

1891 3863 1988 3902 cus
2015 3857 2070 3901 et
2108 3850 2388 3908 damnum,
2417 3848 2574 3900 nobis
2602 3860 2728 3898 vero
2770 3845 3130 3912 omnibusque
3151 3846 3239 3910 qui
3267 3844 3318 3898 in
3346 3844 3470 3899 vita

1892 3939 2055 4008 hujus
2095 3937 2332 3991 stadium
2369 3938 2724 4000 desecndnnt,
2754 3937 2807 3989 in
2838 3936 3110 4002 patientia:
3135 3936 3465 4004 exemplmn.

204 4032 557 4098 ιὰσθησαν,
583 4035 655 4087 ἐν
679 4037 846 4104 φόνῳ
869 4038 1169 4105 μαχαίρας
1196 4037 1525 4102 ἀπέθανον,
1559 4034 1890 4102 περιῆλθον
1919 4032 1990 4084 ἐν
2016 4029 2352 4100 μηλωταῖς,
2400 4031 2471 4082 ἐν
2523 4029 2737 4098 αἰγίοις
2797 4028 3112 4096 δέρμασιν,
3188 4028 3473 4093 ὑστερού-

209 4142 402 4189 μενοι,
451 4129 828 4196 θλιϐόμενοι,
883 4133 1354 4200 κακοχούμενοι,
1406 4126 1493 4184 ὧν
1549 4132 1661 4184 οὐκ
1717 4123 1794 4197 ἦν
1832 4126 2002 4192 ἄξιος
2032 4129 2064 4180 δ
2114 4126 2366 4193 κόσμος·

2456 4123 2562 4175 Τοῦ
2615 4121 2752 4175 Θεοῦ
2801 4123 3208 4190 συγχωροῦντος
3259 4120 3344 4172 ἴνα
3407 4118 3468 4170 τὸ

205 4220 457 4288 δοκίμιον
486 4223 584 4291 τῆς
617 4225 857 4286 πίστεως
881 4227 980 4277 καὶ
1005 4227 1229 4295 ἀνδρίας
1262 4228 1486 4281 ἐκείνων
1518 4226 1789 4296 λαμπρῶς
1829 4224 1969 4292 ἄγαν
1998 4225 2273 4291 ἀναφανῇ,
2308 4223 2387 4282 είς
2416 4219 2682 4289 μειζόνων
2742 4217 2844 4287 μὲν
2896 4216 3127 4278 ἐκείνοις
3197 4215 3464 4268 ἀντίδοσιν

209 4315 454 4380 ἀγαθῶν,
489 4317 752 4385 αίσχύνην
780 4320 834 4370 δὲ
871 4319 1040 4372 πλείω
1067 4320 1162 4372 καὶ
1200 4316 1368 4390 ἧτταν
1399 4320 1494 4372 τοῦ
1525 4320 1791 4390 πονηροῦ,
1833 4317 2140 4387 ὑπόδειγμα
2187 4315 2245 4367 δὲ
2277 4313 2572 4386 καρτερίας
2615 4313 2768 4382 ἡμῖν,
2821 4311 2916 4364 καὶ
2961 4310 3096 4362 πᾶσι
3151 4309 3267 4370 τοῖς
3349 4305 3468 4376 μετ’

210 4407 455 4467 ἐκείνους
479 4410 558 4470 εἰς
591 4408 651 4460 τὸ
679 4409 774 4461 τοῦ
812 4410 924 4478 βίου
954 4413 1145 4464 τούτου
1179 4413 1616 4483 παρερχομένοις
1648 4413 1880 4467 στάδιον.

185 4531 201 4560 τ
285 4498 350 4566 β’.
390 4501 500 4551 Καὶ
531 4501 584 4552 τί
633 4501 716 4555 δεῖ
767 4505 898 4571 περὶ
941 4502 1144 4557 τούτων
1173 4506 1350 4572 λέγειν
1382 4523 1396 4571 ;
1427 4506 1594 4566 Αὐτὸς
1625 4507 1732 4575 γάρ
1764 4508 1790 4557 ό

1964 4505 2022 4559 2.
2061 4501 2202 4570 Quid
2227 4517 2354 4555 vero
2383 4501 2578 4554 attinet
2599 4500 2664 4554 de
2697 4497 2781 4552 bis
2812 4493 3032 4550 dicere?
3053 4494 3172 4562 ipse
3193 4493 3335 4546 enim
3363 4490 3464 4543 Dn-

217 4590 421 4660 Κύριος
459 4593 682 4660 μείζονα
729 4593 796 4646 δι’
827 4596 974 4662 ἡμᾶς
1005 4597 1110 4648 ὐπὸ
1142 4597 1248 4649 τῶν
1281 4597 1616 4665 ἀγνωμόνων
1647 4597 1790 4666 ὑπήο

222 4697 407 4746 νεγκεν
459 4683 750 4748 Ἰουδαίων,
810 4686 998 4755 ὥσπερ
1041 4687 1150 4739 τῶν
1210 4687 1370 4758 ιερῶν
1413 4689 1788 4757 διηγουμένων

222 4774 566 4844 Εὐαγγελίων
591 4779 812 4830 ἀκούειν
839 4777 1018 4842 ἔξεστι
1050 4781 1206 4832 πᾶσι.
1233 4781 1343 4832 Καὶ
1375 4782 1484 4850 γὰρ
1509 4782 1662 4832 οὐδὲν
1689 4781 1785 4832 οὖα·

221 4870 405 4937 δαμῶς
437 4871 564 4926 οὕτε
596 4874 704 4925 τῶν
739 4874 876 4944 πρὸς
921 4876 1146 4944 ἀτιμίαν
1182 4875 1479 4944 φερόντων,
1522 4873 1645 4926 οὔτε
1678 4875 1787 4926 τῶν

223 4962 410 5031 ὀδύνην
460 4965 714 5033 ἐμποιεῖν
768 4965 1084 5034 δυναμένων
1133 4966 1328 5018 εἴασαν
1371 4965 1790 5034 ἀνεπιχείρητον

225 5055 322 5106 καὶ
346 5056 597 5126 ἀκίνητον
632 5056 754 5108 κατ’
784 5056 952 5108 αὐτοῦ
980 5073 996 5088 ·
1026 5056 1128 5108 νῦν
1168 5057 1288 5126 μὲν,
1311 5055 1790 5127 ψευδομαρτυρίας

227 5147 647 5212 συρράπτοντες,
690 5148 786 5201 νῦν
815 5150 870 5202 δὲ
911 5149 1402 5219 διαλοιδορούμενοι
1447 5148 1542 5199 καὶ
1595 5147 1793 5216 χλευά-

227 5235 429 5301 ζοντες.
461 5242 814 5310 ἑμπαιγμοὺς
850 5242 947 5292 καὶ
974 5242 1243 5310 μάστιγας
1269 5239 1402 5307 πρὸς
1435 5238 1644 5300 τούτοις
1673 5240 1792 5290 ἐπι-

226 5326 632 5400 δαψιλευόμενοι
655 5348 672 5363 ·
705 5335 796 5384 καὶ
833 5332 966 5384 ποτὲ
1010 5333 1108 5401 μὲν
1131 5332 1230 5400 τὴν
1263 5332 1412 5384 θείαν
1445 5332 1660 5399 ἐκείνην
1691 5332 1787 5382 καὶ

228 5421 456 5490 φρικτὴν
481 5422 724 5494 κεφαλὴν
773 5424 1044 5492 καλάμοις
1078 5423 1394 5490 τύπτοντες,
1426 5423 1556 5476 ποτὲ
1587 5423 1644 5476 δὲ
1670 5422 1789 5474 στέ-

353 5559 548 5618 ³11ρ1π.
579 5582 634 5631 ι,
675 5563 866 5620 35-38.
943 5604 960 5620 .

303 5679 382 5746 (εἰ)
431 5683 705 5739 Craterum.
764 5686 920 5742 Deest
975 5682 1252 5750 Vaticano,
1311 5681 1446 5737 ἀλλά
1478 5699 1562 5750 γε,
1594 5697 1654 5736 ac
1713 5696 1792 5748 prt

1895 5695 1995 5736 rrea
2031 5679 2190 5750 hujus
2253 5679 2354 5734 loci
2388 5678 2653 5734 sententia
2697 5676 2877 5730 hiulca
2927 5690 2941 5726 :

231 5746 573 5808 Blessincnsu

1899 4597 2076 4650 minus
2105 4605 2325 4664 propter
2357 4609 2457 4648 nos
2512 4591 2684 4645 multo
2712 4589 2917 4656 majora
2973 4588 3039 4640 ab
3087 4585 3314 4655 ingratis
3365 4582 3463 4636 Ju-

1896 4687 2026 4740 daeis
2068 4700 2255 4755 passus
2284 4693 2390 4748 est,
2435 4689 2493 4736 ut
2541 4697 2606 4734 ex
2656 4679 2828 4734 saetis
2861 4676 3164 4740 Evangeliis
3208 4673 3259 4728 id
3310 4686 3465 4724 enar-

1897 4779 2139 4831 rantibus
2175 4778 2364 4830 audire
2403 4775 2653 4829 omnibus
2685 4774 2827 4826 licet.
2859 4768 3005 4823 Nihil
3041 4769 3185 4822 enim
3220 4767 3360 4835 quod
3392 4763 3457 4816 ad

1894 4872 2245 4939 ignominiam
2295 4857 2609 4939 pertineret,
2645 4875 2738 4918 aut
2781 4864 2924 4933 quod
2957 4862 3196 4916 dolorem
3231 4860 3460 4925 aliquem

1891 4965 2087 5018 atlerre
2109 4971 2311 5030 posset,
2341 4960 2604 5013 intactum
2634 4957 3030 5021 immotumque
3053 4962 3238 5007 contra
3287 4951 3459 5016 ipsum

1897 5057 2262 5125 reliquerunt;
2315 5053 2473 5106 modo
2522 5050 2739 5120 quidem
2789 5049 2922 5102 falsa
2977 5044 3265 5100 commenti
3312 5041 3466 5096 testi-

1893 5151 2092 5208 monia,
2146 5146 2304 5198 modo
2353 5144 2638 5196 illudentes
2665 5150 2716 5193 et
2744 5141 3164 5201 subsannanlcs,
3215 5135 3280 5187 ad
3320 5137 3455 5192 liter,

1896 5236 2185 5307 opprobria
2245 5244 2300 5290 et
2354 5234 2564 5302 ﬂagella
2625 5233 2834 5287 abunde
2892 5229 3237 5299 inﬂigentes,
3300 5226 3461 5278 modo

1899 5331 2059 5383 etiam
2090 5329 2331 5382 divinum
2365 5327 2491 5379 illud
2547 5327 2993 5392 trememlntnque
3042 5331 3201 5390 caput
3241 5316 3463 5370 arundi-

1897 5423 2058 5477 nibtts
2089 5423 2473 5490 percutientes,
2519 5419 2676 5472 modo
2722 5418 2963 5486 spineam
3002 5417 3328 5482 appunentes
3372 5421 3464 5460 co-

2993 5669 3351 5742 suppleviinus
3393 5685 3459 5724 ex
