3948 6200
489 274 600 341 295

1450 283 1940 347 THEOPHANIS
1980 281 2323 346 EPISCOPI
2364 285 2647 354 NlC/ENI

3632 295 3738 360 296

496 405 710 459 rouam,
740 398 802 448 ut
831 392 990 450 simul
1031 402 1085 450 et
1141 396 1324 451 dolore
1370 395 1706 464 afficeretur,
1747 410 1800 455 ct
1852 400 2071 467 injuria.

2180 418 2344 469 φανον
2410 406 2779 475 περιτιθέντες
2830 406 3123 462 ἀκάνθινον
3183 405 3378 479 ὀδύνης
3436 408 3572 479 ὁμοῦ
3646 413 3739 466 καὶ

497 481 665 537 Porro
701 480 754 537 in
791 482 1027 538 divinam
1063 483 1209 539 illam
1234 483 1455 550 faciem,
1483 502 1607 556 quae
1652 486 1892 543 iucreata
1935 490 2071 544 divi-

497 574 687 628 nitatis
734 574 903 643 gloria
955 582 1010 627 et
1054 574 1231 641 gratia
1290 575 1578 645 plusquam
1631 579 1762 634 solis
1812 581 1946 635 radii
2017 580 2069 635 in

496 661 716 718 Thabor
742 662 962 730 efl‘ulsit,
1009 679 1169 733 quam
1236 668 1602 735 apostolorum
1649 672 1872 726 maximi
1926 673 2074 728 clare

498 755 767 822 inspicere
799 771 901 811 non
931 765 1243 824 patuerunt,
1277 760 1367 814 tali
1408 762 1699 831 ignominia
1736 774 1789 818 et
1825 764 2074 832 petulan-

498 848 574 901 tia
619 846 933 901 debacchati
985 859 1134 914 sunt,
1166 862 1222 904 ut
1255 850 1322 904 ad
1351 862 1508 921 sputa
1553 863 1602 907 et
1652 854 1837 921 alapas
1866 856 1932 909 ab
1960 872 2073 909 sce-

500 940 648 992 lestis
682 939 787 991 illis
832 940 1179 1009 accipiendas
1217 954 1361 998 esset
1410 945 1708 1013 preposita.
1744 947 1821 999 Ac
1855 947 2071 999 demum

500 1030 736 1083 medium
795 1029 938 1083 inter
993 1030 1329 1089 facinorosos
1407 1036 1697 1101 homines,
1759 1037 1961 1105 nudum
2019 1040 2072 1092 in

498 1138 662 1176 cruce
709 1125 1127 1192 snspemlerunt.
1160 1125 1362 1180 Verum
1419 1142 1514 1181 nec
1553 1129 1631 1181 sic
1684 1128 1901 1196 quidem
1932 1127 2070 1181 iram

502 1214 853 1281 furoremque
885 1215 1176 1280 satiaruut,
1205 1218 1299 1271 sed
1333 1219 1402 1273 ibi
1440 1234 1656 1289 quoque
1685 1219 1868 1274 divino
1897 1220 1998 1281 ori,
2044 1235 2073 1273 a

498 1320 608 1375 quo
639 1307 793 1361 melle
826 1317 881 1361 et
902 1308 1045 1372 favo,
1075 1318 1133 1363 ut
1165 1312 1240 1363 ait
1267 1311 1533 1379 Propheta
1554 1311 1596 1377 δ’
1630 1314 1873 1369 dulciora
1908 1315 2073 1369 verba

497 1409 839 1461 emanarunt.
872 1415 993 1455 cum
1033 1401 1284 1456 irrisione
1308 1402 1381 1456 fel
1410 1412 1464 1458 et
1491 1416 1701 1465 acetum
1738 1406 2071 1461 obtulerunt.

501 1490 569 1543 Et
594 1505 723 1543 vero
771 1504 872 1545 nec
900 1501 1022 1559 post
1071 1491 1187 1559 ejus
1221 1502 1476 1558 mortem,
1526 1496 1861 1553 iracundiam
1921 1499 2077 1553 remi-

501 1588 713 1635 serunt.
769 1581 873 1635 Sed
928 1583 1082 1637 hasta
1139 1584 1414 1640 vivificqu
1460 1584 1606 1641 latus
1658 1588 2073 1651 transfixerunt,

503 1673 645 1727 unde
703 1675 837 1728 exiit
894 1675 1060 1730 totius
1108 1660 1260 1732 orbis
1319 1678 1591 1747 expiatio,
1650 1694 1774 1749 qua).
1820 1681 2075 1737 universo

503 1767 703 1821 mundo
728 1767 893 1822 vitam
923 1768 1172 1838 largitur,
1199 1784 1391 1840 nempe
1420 1773 1643 1840 sanguis
1667 1782 1721 1827 et
1742 1788 1902 1843 aqua.

570 2026 627 2080 5.
652 2024 773 2080 llarc
790 2025 955 2096 igitur
974 2029 1153 2082 omnia
1174 2031 1601 2098 considerantes,
1617 2048 1648 2087 ο
1663 2035 1867 2099 dilecti,
1883 2048 1934 2093 et
1952 2053 2074 2094 car-

504 2117 589 2170 nis
625 2118 921 2185 voluptates
949 2129 1009 2174 ut
1055 2122 1215 2174 noxia
1284 2137 1488 2178 venena
1515 2127 1747 2183 vitemus
1777 2168 1793 2189 .
1820 2139 1874 2183 et
1901 2131 2077 2187 illatas

504 2208 830 2262 tentationes
883 2217 1107 2264 strenue
1164 2211 1500 2280 perferamus
1533 2229 1635 2279 ,ut
1687 2221 1821 2274 socii
1873 2222 2075 2277 Christi

502 2299 796 2369 passionis.
849 2311 903 2354 et
936 2316 1029 2370 per
1061 2303 1202 2356 hanc
1229 2305 1413 2373 gloria:
1445 2307 1619 2375 ipsius
1654 2321 1935 2366 consortes
1964 2312 2077 2366 elli-

501 2392 728 2453 ciamnr,
762 2391 806 2445 si
837 2392 955 2445 ideo
984 2394 1368 2461 compatimur,
1401 2406 1459 2449 ut
1482 2395 1643 2450 simul
1691 2398 2074 2467 glorificemur.

503 2481 655 2534 Sicut
696 2482 839 2534 enim
895 2483 962 2534 ah
989 2496 1082 2535 ore
1115 2483 1419 2538 meretricis
1452 2486 1555 2538 mel
1586 2487 1795 2542 stillare
1835 2489 2071 2554 videtur,

502 2571 692 2624 deinde
721 2586 849 2623 vero
879 2571 971 2645 ,σὺ
1007 2571 1070 2625 iis
1090 2573 1182 2641 qui
1213 2573 1339 2626 illud
1372 2575 1749 2641 degustarunt,
1789 2575 1908 2631 felle
1934 2594 2080 2632 ama-

501 2663 615 2716 rius
645 2664 910 2731 reperitur
939 2702 954 2725 ,
980 2663 1058 2717 sic
1090 2664 1159 2716 ah
1216 2665 1465 2719 erunibus
1496 2666 1618 2720 vita:
1640 2668 1948 2723 carnalibus
1981 2685 2079 2724 vo-

503 2754 820 2819 luptatibus,
876 2766 1068 2819 nempe
1095 2752 1360 2806 ebrietate
1383 2790 1399 2815 ,
1425 2752 1656 2819 deliciis,
1689 2764 1743 2809 et
1771 2740 1923 2824 luxu,
1958 2772 2078 2812 om-

502 2848 664 2913 nique
691 2844 913 2897 libidine
940 2858 1003 2897 ac
1028 2842 1465 2912 intemperantia,
1495 2847 1777 2899 verborum
1798 2848 2082 2903 obscoeno-

503 2954 620 2990 I‘UIII
651 2935 977 3004 vaniloquio,
1016 2934 1311 3002 rapacitate
1336 2944 1391 2987 et
1442 2935 1723 3004 iujustilia,
1753 2941 2002 3007 superbia
2027 2952 2080 2995 et

501 3030 756 3093 elatione,
785 3038 835 3082 et
862 3030 906 3082 si
939 3028 1067 3095 quid
1094 3027 1236 3079 aliud
1255 3042 1401 3081 sana:
1450 3028 1710 3084 doctrina:
1738 3033 2074 3097 adversatur,

502 3120 728 3172 dulcedo
756 3120 1003 3187 quaedam
1051 3128 1214 3187 atque
1240 3118 1487 3187 voluptas
1515 3120 1669 3175 initio
1691 3122 1975 3191 superficie
2001 3135 2077 3179 te-

505 3224 603 3261 nus
631 3208 818 3261 inferri
846 3208 1055 3262 videtur
1090 3249 1105 3273 ,
1134 3208 1473 3277 postmodum
1505 3224 1637 3263 vero
1683 3211 1808 3265 felle
1842 3215 2079 3267 amarius

504 3298 840 3354 diffunditur.
887 3299 1073 3355 Omnis
1132 3313 1260 3354 vero
1306 3300 1597 3370 disciplina
1635 3311 1688 3356 et
1720 3303 1997 3359 tribulatio
2022 3307 2076 3361 in

502 3393 914 3462 prteseutiarum
948 3408 1055 3444 IIOII
1079 3390 1293 3445 videtur
1322 3406 1449 3447 esse
1474 3393 1681 3463 gaudii,
1720 3397 1816 3450 sed
1852 3397 2076 3461 doloris,

503 3482 597 3536 sed
623 3487 836 3534 tandem
897 3496 992 3548 per
1013 3496 1131 3535 eam
1193 3483 1507 3537 exercitatis
1564 3486 1851 3552 pacificqu
1902 3489 2081 3543 reddit

498 3573 720 3642 iustitia:
764 3572 1020 3626 fructum.
1074 3571 1199 3626 Ideo
1227 3587 1365 3642 opus
1393 3583 1478 3628 est
1514 3576 1801 3643 patientia.
1824 3574 1883 3631 Si
1911 3579 2073 3645 enim,

505 3664 700 3732 inquit,
728 3668 1053 3731 perferemus
1084 3702 1100 3728 ,
1125 3671 1174 3717 et
1234 3666 1570 3732 regnabimus
1599 3669 1643 3720 ³.
1677 3666 1872 3722 llorlor
1896 3680 2073 3724 autem

503 3771 622 3820 vos,
653 3770 686 3809 ο
711 3757 927 3821 fratres,
1000 3764 1058 3809 ut
1090 3770 1183 3810 eos
1246 3758 1593 3824 dignoscatis,
1643 3761 1687 3813 si
1719 3764 1809 3830 qui
1845 3763 2077 3832 suntqui

504 3839 806 3901 discordias
835 3858 891 3901 el.
934 3848 1188 3902 scandala
1262 3852 1312 3902 iu
1344 3850 1641 3905 Ecclesiam
1683 3853 1884 3909 Christi
1921 3856 2077 3909 indu-

502 3954 629 3993 cere
647 3951 934 4004 conantur,
956 3956 1259 4007 vanamque
1279 3942 1525 3997 lueresitu
1544 3945 1644 4015 (5),
1665 3961 1782 4015 quae
1795 3950 1977 4018 procul
1998 3958 2079 4003 est

505 4046 534 4082 ιι
562 4028 808 4084 doctrina
847 4032 1098 4100 spiritus,
1122 4035 1286 4088 veluti
1313 4035 1807 4103 malumzizauium
1834 4042 2081 4097 dissenti-

504 4133 634 4173 nare
681 4129 914 4175 tentant.
976 4121 1065 4175 Isti
1110 4122 1274 4191 igitur
1322 4124 1391 4178 ab
1421 4126 1549 4179 ovili
1600 4128 1803 4182 Christi
1827 4141 2077 4200 tanquam

503 4210 613 4278 lupi
642 4211 981 4279 expelluntur
1005 4227 1033 4264 a
1068 4214 1222 4266 vobis
1252 4230 1266 4277 ;
1303 4229 1409 4267 nou
1441 4219 1582 4270 enim
1650 4221 1861 4281 melius.
1898 4225 1941 4276 si
1974 4242 2077 4279 uou

2176 496 2391 564 ὕϐρεως
2431 498 2616 553 ἕνεκα.
2650 502 2742 563 Εἰς
2771 500 2829 554 δὲ
2878 501 2939 553 τὸ
2977 502 3120 555 θεῖον
3173 502 3349 555 έκεῖνο
3371 502 3661 574 πρόσωπον
3681 508 3741 558 τὸ

2176 590 2319 658 ὑπὲρ
2354 592 2452 653 τὰς
2483 590 2714 661 ἡλιακὰς
2749 591 2924 658 αὐγὰς
2972 592 3258 662 ὲκλάμψαν
3290 595 3349 646 ὲν
3378 595 3645 664 Θαόωρίῳ
3675 601 3739 667 τῇ

2173 681 2419 752 ἀκτίστῳ
2467 682 2567 745 τῆς
2609 682 2864 753 θεότητος
2900 683 3027 754 δόξῃ
3073 684 3168 735 καὶ
3219 684 3425 754 χάριτι,
3464 686 3643 756 ἤνπερ
3695 688 3742 739 οἱ

2176 772 2467 841 πρόκριτοι
2500 774 2607 827 τῶν
2638 775 2955 828 ἀποστόλων
2991 776 3091 828 οὑκ
3123 774 3464 845 ἠδυνήθησαν
3500 777 3745 845 ἐναργῶς

2174 865 2436 928 κατιδεῖν,
2477 869 2735 937 τοιαύτην
2760 867 2978 930 ἀδοξίαν
3012 867 3106 919 καὶ
3135 868 3423 936 παροινίαν
3462 869 3744 936 κατέχεον,

2175 956 2250 1018 ὠς
2294 958 2621 1027 προκεῖσθαι
2671 960 2783 1021 τοῖς
2811 956 3110 1027 ἀλιτηρίοις
3155 958 3383 1019 ἐκείνοις
3416 960 3495 1020 είς
3538 960 3742 1024 ἐμπτυο

2178 1049 2349 1116 σμοὺς
2376 1048 2471 1102 καὶ
2500 1048 2846 1119 ῥαπίσματα.
2885 1050 2994 1102 Καὶ
3016 1050 3165 1112 τέλος
3189 1049 3283 1101 καὶ
3312 1049 3478 1117 μέσον
3505 1050 3746 1119 κακούρ-

2176 1156 2289 1206 γων
2319 1140 2531 1208 ἀνδρῶν
2576 1142 2670 1194 ἐπὶ
2714 1140 2809 1193 τοῦ
2848 1140 3085 1213 σταυροῦ
3126 1141 3332 1209 γυμνὸν
3381 1140 3743 1210 ἀπῃώρηεαν.

2179 1231 2287 1283 Καὶ
2316 1232 2426 1284 οὐδ’
2468 1231 2611 1286 οὑτω
2657 1232 2820 1301 κόρον
2864 1232 3120 1302 εἰλήφασι
3161 1234 3258 1301 τῆς
3293 1232 3488 1299 μανίας
3526 1231 3743 1285 καὶτοῦ

2178 1322 2375 1393 θυμοῦ,
2411 1323 2549 1379 ἀλλὰ
2595 1324 2760 1378 κάκεί
2808 1326 3149 1395 προσέφερον
3203 1324 3321 1393 μετ’
3355 1323 3611 1394 είρωνίας
3666 1324 3747 1391 τῷ

2177 1416 2309 1489 θείῳ
2368 1418 2623 1488 στόματι,
2657 1413 2831 1488 οὗπερ
2886 1417 3159 1490 προῆλθον
3202 1417 3269 1471 τά
3310 1417 3451 1487 ὑπὲρ
3486 1417 3606 1485 μέλι
3651 1416 3749 1468 καὶ

2176 1512 2391 1584 κηρίον,
2423 1514 2568 1566 κατὰ
2589 1513 2681 1565 τὸν
2729 1514 3057 1583 Προφήτην,
3087 1512 3403 1580 γλυκύτερα
3454 1509 3631 1578 λόγια,
3660 1527 3750 1578 χοι

2174 1606 2277 1675 λήν
2321 1621 2379 1657 τε
2415 1606 2510 1658 καὶ
2553 1605 2694 1670 ὅξος.
2725 1605 2799 1659 Οὑ
2840 1604 2947 1676 μὴν
2987 1603 3103 1657 ἀλλ’
3147 1603 3267 1656 οὑδὲ
3328 1604 3467 1671 μετὰ
3522 1601 3752 1655 θάνατον

2107 1736 2150 1792 Β
2181 1698 2347 1751 αὑτοῦ
2382 1697 2481 1767 τῆς
2513 1699 2683 1769 ὀργῆς
2731 1696 3086 1765 ωθυφῆκαν,
3133 1695 3271 1749 ἀλλὰ
3514 1696 3610 1792 τὴν
3640 1695 3752 1792 ζω-

2180 1792 2385 1861 ηιρόρον
2435 1788 2677 1860 πλευρὰν
2714 1789 3099 1859 ὲξεκέντησαν,
3131 1789 3255 1842 ὅθεν
3308 1788 3499 1854 ἐξῆλθε
3550 1788 3611 1838 τὸ
3647 1786 3753 1855 τῆς

2173 1884 2510 1954 οἰκουμένης
2540 1883 2842 1955 καθάρσιον
2874 1884 2970 1936 καὶ
3013 1881 3362 1951 παγκοσμίου
3403 1881 3548 1951 ζωῆς
3583 1896 3754 1951 χορη-

2173 1980 2272 2046 γὸν
2297 1976 2437 2048 αἷμα
2471 1979 2566 2031 καὶ
2598 1978 2763 2047 ὕδωρ.
3209 1984 3212 1985 ⁷

2244 2078 2312 2139 γ’.
2347 2072 2516 2125 Ταῦτ’
2557 2068 2652 2125 οὖν
2686 2073 2905 2125 ἅπαντα
2951 2067 3279 2132 ἐννοοῦντες,
3322 2070 3623 2136 ἀγαπητοὶ,
3656 2064 3756 2117 καὶ

2175 2165 2271 2228 τὰς
2302 2164 2499 2233 ἡδονὰς
2525 2167 2625 2234 τῆς
2658 2164 2861 2233 σαρκὸς
2890 2162 2965 2226 ὡς
2998 2162 3299 2232 δηλητήρια
3330 2162 3597 2230 φάρμακα
3623 2157 3757 2225 (psti-

2176 2275 2386 2327 γωμεν,
2425 2258 2518 2309 καὶ
2549 2257 2677 2320 τοὺς
2707 2257 3086 2325 ἐπαγομένους
3108 2253 3451 2323 πειρασμοὺς
3485 2252 3755 2320 γενναίως

2177 2353 2508 2419 ἐνέγκωμεν,
2548 2350 2634 2402 ἵνα
2689 2348 2935 2401 κοινωνοὶ
2982 2345 3268 2415 γενώμεθα
3321 2345 3430 2396 τῶν
3480 2343 3574 2394 τοῦ
3618 2343 3756 2410 Χρι-

2176 2441 2307 2494 στοῦ
2342 2441 2707 2512 παθημάτων,
2739 2441 2835 2492 καὶ
2859 2438 2950 2491 διὰ
2977 2438 3137 2490 τοῦτο
3170 2437 3265 2490 καὶ
3302 2436 3399 2503 τῆς
3428 2436 3640 2487 ἐκείνου
3670 2434 3755 2484 δύο

2179 2534 2298 2604 511:,
2348 2535 2507 2601 εἴπερ
2541 2533 2964 2603 συμπάσχομεν,
2994 2532 3081 2584 ἵνα
3129 2529 3225 2582 καὶ
3279 2526 3751 2593 συνδοξασθῶμεν.

2178 2626 2391 2695 ’Ὠσπερ
2438 2625 2549 2694 γὰρ
2584 2626 2694 2677 ἀπὸ
2741 2625 3009 2694 στόματος
3056 2621 3315 2690 γυναικὸς
3366 2620 3569 2689 πόρνης
3624 2619 3752 2687 μέλι

2180 2721 2400 2783 στάζειν
2440 2721 2608 2783 δοκεῖ,
2640 2719 2867 2789 ὕστερον
2894 2718 3077 2789 μέντοι
3104 2716 3425 2785 πικρότερον
3449 2713 3611 2782 χολῆς
3634 2715 3754 2773 τοῖς

2181 2812 2543 2884 μετασχοῦσιν
2575 2811 2913 2881 εὑρίσκεται,
2950 2809 3093 2861 οὕτω
3121 2808 3218 2861 καὶ
3246 2807 3355 2859 ἀπὸ
3383 2806 3600 2857 πάντων
3636 2804 3753 2855 τῶν

2177 2907 2272 2961 τοῦ
2312 2906 2428 2976 βίου
2483 2904 2765 2975 σαρκικῶν
2811 2902 3033 2973 ἡδονῶν,
3071 2901 3177 2953 κᾶν
3223 2899 3394 2968 μέθην
3423 2898 3604 2966 εἴπῃς,
3641 2895 3753 2948 κᾶν

2180 2998 2413 3069 τρυφὴν,
2465 3000 2560 3050 καὶ
2613 2997 2877 3066 βλακείαν
2928 2994 3025 3049 καὶ
3080 2996 3263 3047 πᾶσαν
3314 2991 3608 3045 ἀκολασίαν
3653 2990 3753 3041 καὶ

2102 3072 2147 3130 C
2181 3092 2467 3161 ἀμετρίαν,
2500 3092 2603 3143 κᾶν
2636 3087 3018 3159 αἰσχρολογίαν
3042 3103 3102 3140 τε
3127 3086 3224 3139 καὶ
3254 3082 3614 3155 μωρολογίαν,
3642 3079 3754 3134 κᾶν

2180 3186 2438 3253 ἁρπαγάς
2465 3199 2523 3235 τε
2574 3181 2934 3244 καὶάδικίας,
2970 3181 3072 3232 κᾶν
3111 3174 3415 3247 ὑπεροψίαν
3445 3173 3752 3240 καὶτύφον,

2181 3279 2274 3330 καὶ
2305 3277 2357 3328 εί
2393 3294 2444 3329 τι
2478 3276 2669 3345 ἕτερον
2705 3273 3009 3327 ἀντίκειται
3042 3273 3107 3342 τῇ
3144 3267 3465 3340 ὑγιαινούσῃ
3498 3266 3756 3318 διδασκαα

2179 3369 2289 3441 λίᾳ,
2322 3368 2641 3437 γλυκύτητα
2671 3384 2796 3420 τινα
2827 3366 2922 3419 καὶ
2949 3363 3143 3435 ἡδονὴν
3171 3359 3458 3429 καταρχὰς
3494 3357 3756 3421 ὲξεπιπο·

2179 3464 2277 3533 λῆς
2301 3465 2449 3516 δοκεῖ
2489 3463 2704 3531 φέρειν,
2762 3460 2988 3530 ὕστερον
3025 3459 3208 3528 μέντοι
3235 3456 3560 3523 πικρότερον
3589 3451 3754 3521 χολῆς

2179 3560 2279 3617 τὰς
2317 3556 2598 3617 ἀναδόσεις
2625 3556 2941 3625 ἐργάζεται.
2974 3552 3131 3607 Πᾶσα
3158 3551 3215 3604 δὲ
3252 3547 3469 3602 παιδεία
3500 3545 3597 3599 καὶ
3636 3547 3756 3598 θλί-

2182 3652 2295 3721 ψις,
2326 3653 2460 3722 πρὸς
2500 3650 2598 3719 μὲν
2626 3649 2687 3701 τὺ
2722 3648 2915 3719 παρὸν,
2954 3646 3014 3699 οὑ
3046 3646 3195 3699 δοκεῖ
3212 3645 3387 3714 χαρᾶς
3420 3638 3581 3703 εἶναι,
3614 3641 3757 3693 ἀλλὰ

2182 3745 2358 3815 λύπης
2379 3761 2391 3773 ·
2438 3743 2664 3813 ὕστερον
2687 3742 2744 3794 δὲ
2777 3742 2991 3811 καρπὸν
3030 3739 3304 3809 εἰρηνικὸν
3329 3738 3442 3798 τοῖς
3473 3734 3542 3788 δι’
3578 3732 3757 3802 αὑτῆς

2178 3838 2655 3907 γεγυμνασμένοις
2700 3835 2995 3887 ἀποδίδωσι
3040 3831 3407 3899 δικαιοσύνης.
3447 3828 3547 3881 Διὰ
3590 3825 3758 3878 τοῦτο

2182 3933 2462 4002 ὑπομονῆς
2501 3930 2693 3999 χρεία’
2744 3929 2811 3982 El
2840 3926 2949 3995 γὰρ
2985 3924 3386 3993 ὑπομένομεν,
3440 3919 3596 3987 φησὶ,
3650 3918 3757 3969 καί

2174 4026 2663 4091 βασιλεύσομεν.
2688 4016 3014 4090 Παρακαλῶ
3038 4017 3095 4071 δὲ
3137 4017 3305 4085 ὑμᾶς,
3348 4011 3590 4078 ἁδελςοὶ,
3621 4026 3757 4061 σκο-

2186 4119 2312 4169 πεῖν
2346 4117 2399 4168 εί
2427 4130 2569 4175 τινες
2599 4111 2946 4181 διχοστασίας
2980 4111 3076 4162 καὶ
3111 4105 3385 4159 σκάνδαλα
3416 4104 3495 4165 είς
3530 4102 3630 4170 τὴν
3652 4099 3755 4153 τοῦ

2181 4207 2420 4279 Χριστοῦ
2472 4207 2798 4275 Ἐκκλησίαν
2828 4203 3084 4271 ἐἰσάγειν
3113 4198 3476 4269 ἐπιχειροῦσι,
3526 4195 3623 4247 καὶ
3652 4194 3757 4263 τὴν

503 4302 667 4352 etiam
695 4304 867 4369 pejus,
900 4302 1078 4356 allecti
1119 4315 1243 4358 sunt
1269 4308 1486 4373 perfidis
1513 4308 1732 4377 Judzcis,
1759 4315 1848 4381 qui
1886 4316 1938 4369 itt
1966 4318 2075 4371 dei-

2182 4302 2479 4372 κενοφανῆ,
2528 4303 2594 4371 ἢν
2624 4301 2815 4368 πόρρω
2848 4298 2948 4367 τῆς
2980 4294 3330 4354 διδασκαλίας
3380 4289 3474 4343 τοῦ
3506 4287 3755 4357 πνεύμα-

509 4391 718 4442 flcatam
781 4392 1183 4463 gratiosatuque
1253 4395 1465 4451 Domini
1512 4401 1704 4455 faciem
1752 4406 2071 4463 debacchati

508 4490 653 4535 sunt.
718 4484 798 4536 llli
856 4489 997 4539 cuitu
1033 4486 1084 4539 iu
1137 4487 1326 4541 facient
1361 4489 1554 4559 ipsam,
1594 4505 1850 4564 tanquam
1888 4499 1941 4553 in
1972 4501 2071 4553 ho-

509 4574 668 4627 minis
700 4578 818 4641 puri
860 4577 1050 4632 facient
1081 4579 1330 4647 lujuriam
1364 4583 1682 4651 intulerunt,
1726 4596 1973 4659 quamvis
2004 4596 2069 4649 ad

505 4665 843 4723 divinitatem
882 4672 1192 4741 magnitudo
1212 4674 1456 4728 criminis
1485 4684 1787 4745 perveniret
1808 4682 1905 4755 (4).
1925 4684 2070 4743 Idem

576 4805 598 4835 ⁸
641 4803 783 4859 Psal.
820 4822 977 4864 xvut.
1017 4807 1105 4863 ll.
1184 4811 1203 4841 '
1234 4809 1274 4864 ll
1304 4811 1446 4866 Tim.
1473 4830 1533 4874 ll,
1576 4814 1660 4867 1'2.

576 4923 651 5001 (ξι)
688 4922 991 5001 “namque
1009 4930 1273 4986 Ιιαινοδὶιιι.
1316 4933 1488 4987 Lacus
1527 4935 1636 4998 hic,
1673 4944 1732 4985 ut
1769 4933 1948 5001 editus
1969 4944 2073 4998 est,

509 4997 728 5065 totidem
777 5000 965 5065 verbis
1029 5002 1255 5054 habetur
1312 5005 1362 5055 in
1396 4997 1748 5065 Messaneusi,
1787 4997 2079 5060 Vaticanus

506 5060 655 5142 addit
708 5063 817 5142 “rod
865 5067 1129 5142 Βαρλαάμ
1153 5088 1212 5123 τε
1237 5072 1333 5124 καὶ
1377 5074 1712 5133 Ἀκινδύνου,
1736 5060 1809 5125 ⁷(18
1839 5088 1944 5142 (ιυο
1966 5077 2078 5130 dixi

510 5132 561 5181 in
587 5132 853 5205 Διίιοιιιυιιίιι
887 5132 1138 5205 epistula.

508 5230 511 5233 -
580 5199 657 5269 (4)
691 5199 1006 5281 Ρει-υειιὶίει.
1051 5208 1217 5281 lleete
1239 5210 1437 5265 docent
1474 5213 1704 5280 theologi
1758 5224 1971 5269 veteres
2027 5225 2082 5268 et

510 5279 859 5337 recentiores,
911 5289 1031 5343 post
1056 5279 1482 5335 itu-arnatinueut
1510 5279 1674 5337 Verbi
1705 5285 1939 5338 divinam
1979 5300 2077 5337 na-

514 5352 683 5416 turam
718 5346 961 5397 humana:
995 5347 1064 5398 ita
1092 5352 1461 5417 conjunctatn,
1496 5366 1553 5404 ut
1582 5370 1675 5418 per
1702 5355 2078 5409 eomtuttuiea-

510 5418 707 5491 fluitent
734 5425 1116 5491 proprietatum
1151 5420 1407 5491 quidquid
1455 5422 1671 5476 Christo
1699 5423 1983 5491 (εοιιιιιθιίε.
2012 5424 2080 5477 de

515 5477 621 5554 llen
647 5477 761 5554 dict
786 5477 973 5548 possit,
1018 5498 1069 5538 et
1099 5477 1354 5554 quidquid
1396 5490 1526 5551 Deo,
1566 5496 1631 5545 de
1668 5477 1906 5547 Cltrialn.
1946 5477 2080 5545 llinc

514 5551 561 5597 tu
595 5551 824 5603 euttciliu
860 5558 1018 5608 tcrtio
1073 5551 1256 5624 impias
1282 5559 1383 5609 illa.-
1410 5570 1462 5610 et
1500 5566 1659 5613 rudes
1718 5563 1949 5615 Nestnrii
1984 5578 2078 5612 Vu-

512 5634 600 5667 u:s
634 5628 893 5673 damnata-
920 5639 1063 5699 sunt,
1097 5642 1319 5693 nempe:
1379 5625 1511 5679 Eum
1545 5634 1634 5697 qui
1686 5634 1871 5699 spatiis
1938 5649 2079 5699 mett-

514 5699 673 5743 strtus
701 5696 942 5757 adolevit,
972 5696 1134 5749 Deum
1166 5713 1267 5749 tum
1316 5696 1669 5762 appellavero.
1712 5696 1775 5754 Et
1829 5702 1965 5755 ιιιωε
1996 5698 2081 5754 Ne

2182 4416 2273 4461 τος
2296 4397 2510 4466 αἵρεσιν
2539 4392 2895 4460 ὑποσπείρειν
2925 4389 3114 4455 ὥσπερ
3150 4403 3199 4438 τι.
3239 4383 3479 4449 ζιζάνιον
3514 4379 3756 4446 πονηρὸν

2181 4491 2612 4561 ἁποπειρῶνται.
2663 4482 2821 4540 Οὗτοι
2868 4486 3047 4535 τοίνυν
3086 4481 3181 4549 τῆς
3217 4476 3309 4529 τοῦ
3354 4472 3593 4543 Χριστοῦ
3639 4470 3756 4521 sto!-

2184 4604 2325 4658 μνης
2354 4586 2430 4646 ὼς
2462 4583 2615 4636 λύκοι
2647 4576 3031 4633 διωκέσθωσαν
3059 4574 3146 4641 ὑφ’
3180 4570 3334 4639 ὑμῶν
3364 4584 3377 4597 ·
3416 4567 3511 4620 καὶ
3538 4566 3648 4636 γὰρ
3672 4564 3755 4616 οὑ.

2181 4683 2268 4735 δὲν
2319 4680 2544 4749 ἄμεινον
2596 4674 2904 4728 διάκεινται
2931 4669 3041 4722 τῶν
3090 4667 3170 4728 εἰς
3215 4664 3278 4718 τὸ
3309 4661 3652 4730 τεθεωμὲνον
3692 4674 3754 4709 τε

2179 4937 2425 5007 glorieris
2454 4971 2471 4998 ,
2496 4931 2705 4995 ludere,
2751 4929 2933 5007 _Deu_m
2960 4942 3072 5007 nou
3095 4922 3434 5007 cruciﬁmisfi.
3461 4922 3591 5007 Quae
3624 4920 3751 5007 inde

2182 4992 2564 5077 procedebant,
2585 5071 2596 5077 _
2624 4992 2789 5077 (μέθῃ,
2826 5001 2995 5077 sicut
3042 4997 3175 5075 duas
3200 4993 3465 5049 essentias
3489 4992 3750 5077 substan—

2182 5067 2413 5144 iiasquc,
2456 5076 2534 5144 ita
2567 5067 2701 5124 duas
2739 5067 3052 5144 ilLChristo'
3084 5067 3747 5144 personasconsrtitueret:

2184 5161 2246 5199 ac
2275 5130 2500 5213 p'roiudc
2524 5156 2720 5207 corpus
2772 5138 2978 5214 Christi
3035 5130 3457 5214 dabernaculum
3480 5130 3752 5214 Θεότητος

2183 5203 2425 5278 voc-aret,
2476 5203 2757 5280 ipsumque
2813 5206 3091 5280 Detttttltv
3154 5203 3752 5280 depdmcp_xatot-.ciz-

2184 5268 2353 5337 σαντα
2380 5268 2567 5351 (⁷ηιιὶλι1
2631 5268 2851 5351 totidem
2881 5276 3064 5329 verbis
3090 5268 3311 5351 cavetur
3357 5268 3422 5324 ab
3455 5268 3748 5351 lguatinin

2177 5342 2403 5424 cpistola
2445 5342 2519 5404 'ad
2576 5350 2994 5424 Pltilippcnses),
3048 5348 3325 5424 Christum
3372 5351 3552 5424 autern
3601 5342 3749 5393 nulla

2180 5412 2423 5475 u'aitioue
2474 5412 3046 5483 admissa;-ltominem
3101 5414 3425 5469 solitarium.
3486 5412 3614 5475 Qua:
3645 5424 3750 5483 vox

2180 5491 2482 5552 Vincentio,
2534 5480 2801 5545 Cassiano
2839 5528 2854 5549 ,
2889 5487 3212 5554 Gelasioque
3258 5487 3513 5552 frequens
3564 5485 3615 5533 iu
3648 5480 3753 5559 huc

2177 5574 2520 5629 argumento:
2573 5573 2624 5612 et
2654 5560 2807 5621 hujus
2854 5560 3056 5631 erroris
3088 5571 3308 5631 causnia
3336 5564 3710 5631 Sexto‘conctlt
3741 5567 3755 5596 ι

2179 5627 2459 5690 ἸῚῗΙυιιιιιιῃ
2488 5633 2538 5681 iu
2570 5632 2908 5697 professione
2940 5628 3082 5688 fidei,
3129 5627 3443 5680 ηοιι.ἰιι‹ιιιιιι
3477 5627 3751 5697 damnata.

2183 5702 2314 5755 Vtile
2355 5700 2637 5767 Cyrillum,
2666 5716 2715 5752 Ill
2746 5709 2902 5766 epist.
2930 5700 2993 5750 ad
3029 5697 3363 5755 Nestorium,
3391 5708 3509 5761 qua:
3543 5696 3751 5759 llicipil:
