3948 6200
358 333 462 396 31:5

1717 331 2087 394 EPISTULA
2122 337 2204 397 Ii.

3495 339 3600 406 3οϋ

359 463 444 499 τοι
470 443 537 496 δὲ
565 444 618 496 ει
641 441 728 510 μὴ
756 439 1104 510 εὐλόγησάν
1118 459 1215 511 με,
1241 442 1357 496 ἀπὸ
1377 441 1445 495 δὲ
1472 442 1698 511 κουρᾶς
1721 445 1928 512 dar-(Br

2032 449 2235 514 bitum;
2264 450 2390 518 quin
2426 450 2532 504 imo
2556 465 2739 505 eorum
2769 449 3043 505 chartulas
3067 451 3427 518 discindebat,
3463 454 3598 526 Syn-

353 553 466 606 μου
503 532 959 602 ἐθερμάνθησαν
997 533 1142 602 ὦμοι
1184 535 1405 598 αὐτῶν,
1450 536 1521 588 τὰ
1562 538 1661 588 καὶ
1717 538 1789 590 τὰ
1816 538 1925 592 πά-

356 634 529 696 θοιμι.
570 628 682 681 Καὶ
735 628 932 681 πάλιν·
1005 629 1068 680 Ἠ
1106 629 1258 696 θύρα
1300 645 1421 695 μου
1480 630 1660 683 παντὶ
1685 632 1926 686 ἐλθόντι

356 721 632 788 ἀνέῳκτο,
667 719 765 773 καὶ
798 722 911 773 οὐκ
946 719 1125 773 εἴασα
1164 721 1471 774 ἀδύνατον
1509 723 1782 787 ἐξελθεῖν
1812 725 1928 792 τὴν

356 813 540 879 θύραν
561 826 680 880 μου
703 809 912 874 κόλπῳ
951 808 1125 873 κενῷ.
1174 808 1313 861 Ἀλλ’
1366 809 1489 864 οὐδὲ
1519 813 1630 874 τοῖς
1660 830 1928 882 χρεωφει-

356 904 532 965 λέταις
560 903 762 973 ἀπῄτει
792 903 853 954 τὸ
905 901 1139 962 δάνειον.
1191 901 1326 954 ἀλλὰ
1383 904 1479 956 καὶ
1510 904 1578 957 τὰ
1605 907 1714 958 τῶν
1748 907 1926 975 χρεῶν

357 996 656 1065 γράμματα
668 994 965 1064 διερῤήγνυ
985 1009 1000 1025 ·
1022 993 1384 1062 Συγγραφὴν
1409 994 1531 1065 γὰρ,
1553 997 1740 1065 φησὶν,
1759 995 1929 1065 εἶχον

355 1087 501 1140 κατά
534 1104 698 1152 τινος
714 1088 912 1154 ῥήξας
953 1087 1174 1152 αὐτὴν,
1206 1086 1486 1142 ἀπέδωκα
1514 1088 1700 1141 οὐδὲν
1726 1090 1929 1142 λαϐὼν

353 1183 510 1247 παρὰ
541 1174 1001 1248 χρεωφειλέτου.
1037 1180 1148 1232 Καὶ
1180 1181 1288 1249 μὴν
1322 1182 1563 1243 τοιοῦτος
1593 1180 1688 1244 ὢν,
1722 1182 1926 1234 εἴποτε

353 1269 524 1336 τούτῳ
586 1270 939 1338 συμϐέϐηκεν
985 1271 1253 1339 ἁμαρτεῖν
1307 1271 1577 1334 ἀκουσίως
1633 1273 1692 1324 οὐ
1743 1273 1797 1326 δὲ
1829 1273 1928 1339 τῆς

352 1362 799 1432 ἑξομολογήσεως
822 1361 1032 1414 τούτων
1075 1362 1294 1431 ἠμέλει,
1346 1361 1699 1417 ἁλλ’ἃπαντα
1736 1364 1930 1432 ὲξηγόυ

353 1474 475 1527 ρευε
508 1456 602 1508 καὶ
626 1454 750 1506 οὐδὲ
774 1455 908 1524 πρὸς
932 1453 1028 1506 ἕνα
1065 1455 1246 1520 μόνον,
1295 1454 1430 1507 ἀλλά
1478 1456 1691 1507 πολλῶν
1723 1457 1930 1525 ἔμπρο-

323 1529 501 1611 ’σθεν,
552 1546 700 1599 οὕτω
727 1548 822 1615 τῆς
858 1547 1225 1615 εὐαγγελικῆς
1260 1546 1546 1615 ἀκριϐείας
1581 1548 1782 1616 εἴχετο,
1819 1530 1928 1615 ζπρὸ

351 1635 443 1688 τοῦ
478 1634 816 1702 Εὑαγγελίου
852 1635 945 1687 καὶ
970 1635 1066 1687 τοῦ
1096 1636 1260 1704 νόμου
1288 1634 1589 1704 βεϐιωκώς·
1630 1637 1765 1704 φησὶ
1797 1639 1926 1706 γάρ·

353 1732 422 1783 El
459 1729 532 1783 δὲ
563 1729 662 1782 καὶ
696 1727 974 1824 “papth
1007 1729 1310 1824 ακουσίως
1330 1729 1572 1797 ἔκρυψα
1605 1729 1720 1797 τὴν
1742 1731 1925 1798 ἀμαρ-

277 1881 291 1895 α
354 1823 492 1874 τίαν
528 1836 674 1888 μου,
697 1793 790 1874 '02}
814 1793 946 1886 -τὰρ
999 1818 1326 1886 διετράπην
1347 1793 1730 1888 παλυοχλίαν
1770 1793 1927 1883 Ξτλῆ-
1962 1793 2004 1862 Β

353 1918 524 1980 θους,
565 1913 676 1967 τοῦ
711 1912 798 1983 μὴ
845 1914 1245 1982 ἐξαγορεῦσαι
1273 1913 1532 1968 ἐνώπιον
1559 1914 1779 1969 αὐτῶν.
1821 1916 1931 1983 Τῆς

351 2007 410 2059 δὲ
444 2003 816 2074 μνησικακίας
847 2005 1101 2056 τοσοῦτον
1129 2001 1195 2076 ἦν
1217 2004 1468 2074 ἀνωτὲρα
1493 2005 1524 2072 ἡ
1551 2004 1700 2076 ψυχὴ
1734 2005 1828 2058 τοῦ
1847 2006 1932 2058 δι-

352 2099 540 2160 καίου,
573 2098 657 2150 ὅτι
685 2097 810 2149 οὐδὲ
840 2099 961 2158 ταῖς
1017 2099 1329 2166 συμφοραῖς
1379 2116 1510 2151 πστε
1558 2099 1668 2150 τῶν
1721 2099 1933 2169 ἐχθρῶν

352 2191 780 2260 ἑπευφραίνετο,
835 2189 972 2241 ἀλλὰ
1031 2191 1438 2258 παραπλησίοις
1494 2193 1603 2254 τοῖς
1675 2191 1932 2258 ἀγαπῶσι

351 2283 623 2338 διέκειτοο
650 2283 784 2351 φησὶ
809 2283 920 2350 γάρ
943 2298 956 2312 ⁸
985 2283 1052 2334 El
1084 2281 1152 2334 se
1189 2282 1285 2335 καὶ
1319 2282 1615 2350 ἐπιχαρὴς
1641 2281 1936 2351 ἐγενόμην

353 2375 625 2444 πτώματι
679 2369 913 2442 ἐχθρῶν
944 2392 1084 2442 μου,
1127 2374 1226 2427 καὶ
1265 2370 1433 2428 εἶπεν
1483 2375 1521 2441 ἠ
1565 2374 1781 2441 καρδιά
1815 2386 1934 2442 μου

358 2463 538 2537 Εὖγε,
581 2467 842 2520 ἄκουσαι
891 2465 1004 2534 ἄρα
1068 2465 1136 2519 τὸ
1175 2462 1286 2532 οὖς
1339 2484 1453 2535 μου
1492 2467 1609 2532 τὴν
1667 2467 1934 2534 κατάραν

355 2559 580 2628 μου.Τὺ
607 2558 662 2609 δὲ
704 2558 992 2626 συμπαθὲς
1023 2559 1117 2611 καὶ
1147 2558 1420 2627 φίλοικτον
1450 2559 1586 2628 πρὶς
1621 2561 1746 2620 τοὺς
1771 2577 1934 2611 κακο-

361 2649 711 2719 πραγοῦντας
741 2647 824 2711 τις
880 2651 942 2702 οὐ
997 2649 1368 2718 θαυμάσειενς
1418 2651 1548 2704 Ἐπὶ
1584 2650 1761 2704 «arti
1797 2651 1928 2720 γὰρ,

361 2744 550 2809 φησῖν,
603 2741 883 2805 ἀδυνάτῳ
935 2741 1252 2807 ἔκλαυσα,
1320 2742 1625 2807 ἐστέναξα
1675 2742 1744 2795 δὲ
1790 2742 1935 2796 ἰδὼν

360 2831 551 2900 ἄνδρα
575 2833 648 2885 ἐν
667 2832 974 2901 ἀνάγκαις.
1013 2835 1289 2896 Ὡσαύτως
1318 2835 1573 2897 πλούσιος
1600 2835 1677 2887 ὣν
1707 2835 1934 2904 σφόδρα,

361 2923 422 2976 οὐ
467 2924 611 2992 μέγα
664 2925 758 2978 ἐπὶ
791 2927 964 2994 τούτῳ
1001 2926 1238 2993 ἐφθόνει,
1308 2927 1428 2979 οὐδὲ
1463 2931 1529 2998 τῇ
1563 2928 1791 2997 δυνάμει
1836 2929 1935 2991 τῆς

367 3015 555 3072 ἑαυτοῦ
575 3016 894 3086 περιουσίας
918 3014 987 3090 ἦν
1017 3016 1316 3085 πεποιθὼς,
1339 3017 1475 3089 ὅπερ
1497 3023 1546 3073 oi
1579 3020 1821 3074 πλεῖστοι
1844 3019 1937 3071 νῦν

477 3201 523 3236 ³⁸
548 3200 650 3256 Job
675 3216 822 3266 xxxx,
853 3202 944 3257 32.
1054 3204 1099 3238 "
1130 3202 1262 3258 ibid.
1299 3219 1493 3270 χχχιιι,
1521 3203 1614 3260 5-1.

1716 3203 1759 3234 ⁸⁸
1786 3200 1921 3260 ibid.
1959 3201 2049 3257 ‘29.

2025 543 2395 611 grapham(l4)
2441 543 2606 603 enim,
2659 541 2853 609 inquit,
2888 543 3162 607 habebam,
3188 553 3236 597 et
3295 545 3601 602 discindens

2027 630 2175 683 illam
2211 632 2430 701 largitus
2457 648 2592 695 sunt,
2623 631 2754 683 nihil
2779 647 2811 682 a
2851 630 3086 684 debitore
3135 634 3394 702 accipiens
3419 635 3480 688 ‘°.
3536 637 3603 688 Et.

2030 732 2207 777 tamen
2234 743 2353 780 eum
2391 724 2514 779 talis
2535 734 2698 785 esset,
2729 723 2772 776 si
2802 721 3019 790 quando
3051 723 3123 775 illi
3153 742 3258 779 non
3285 727 3600 797 sponte(l5)

2029 832 2258 887 peccare
2315 821 2651 885 contigisset,
2705 817 2925 869 llllltlme
2979 819 3238 872 renuehat
3286 835 3350 874 ea
3407 820 3599 872 delicta

2029 910 2310 964 conﬁteri:
2345 911 2476 979 quin
2509 909 2761 962 etomuia
2794 909 3084 972 fatebatur,
3125 926 3223 962 nec
3267 925 3451 964 coram
3495 926 3602 964 uno

2033 1012 2262 1064 tantum,
2291 1003 2381 1065 sed
2411 1011 2466 1056 et
2501 1016 2680 1054 coram
2732 1000 2936 1066 multis,
2989 1001 3125 1056 adeo
3169 1002 3343 1056 tidelis
3369 1018 3601 1072 evange-

2030 1093 2148 1147 licae
2176 1094 2468 1161 disciplina:
2491 1092 2808 1160 (16)}ustos
2827 1103 2964 1154 eral,
2993 1094 3229 1161 quiante
3252 1095 3600 1161 Evangelinm

2030 1195 2084 1240 et
2117 1186 2284 1256 legem
2314 1185 2466 1242 vixit.
2524 1186 2661 1238 Dicit
2710 1185 2885 1238 enim:
2918 1185 3072 1250 Quod
3104 1187 3149 1238 si
3180 1188 3341 1240 etiam
3369 1203 3486 1240 sum
3513 1187 3599 1240 in-

2029 1280 2165 1332 vitus
2195 1293 2489 1340 peccassem
2518 1275 2770 1330 abscondi
2812 1286 3080 1342 peccatum
3115 1293 3307 1341 meum,
3337 1293 3437 1330 non
3459 1278 3600 1348 enim

2027 1371 2214 1436 exponi
2242 1369 2448 1421 turbam
2484 1369 2865 1434 multitudinis,
2931 1378 2986 1420 ut
3016 1385 3117 1422 non
3147 1386 3452 1423 enarrat-em
3513 1387 3606 1424 co-

2031 1475 2145 1513 ram
2181 1460 2251 1513 cis
2284 1460 2350 1512 "'.
2387 1459 2428 1511 A
2457 1459 2718 1510 mentoria
2765 1469 2943 1511 autem
2969 1457 3286 1522 iniuriarum
3313 1458 3446 1527 justi
3480 1459 3601 1512 ani-

2031 1568 2116 1606 ma
2153 1561 2260 1604 tam
2286 1551 2444 1618 longe
2482 1551 2670 1602 aberat
2712 1560 2765 1601 ιιι
2812 1548 3152 1602 inimicorum
3202 1548 3600 1604 calamitatibus

2032 1657 2301 1712 nunquam
2335 1641 2614 1710 gauderet,
2660 1641 2767 1694 imo
2799 1640 3082 1694 nonaliter
3132 1655 3292 1709 quam
3320 1654 3446 1709 erga
3465 1641 3605 1694 ami-

2031 1753 2124 1792 cos
2159 1739 2209 1788 in
2244 1736 2362 1789 illos
2389 1735 2618 1789 allectus
2647 1744 2790 1788 esset
2819 1749 2834 1797 ;
2879 1733 2952 1786 ait
2972 1735 3114 1786 etiim
3139 1750 3154 1785 :
3181 1732 3334 1797 Quod
3366 1735 3410 1786 si
3433 1747 3484 1787 et
3513 1749 3606 1802 go-

2031 1832 2167 1884 visus
2192 1845 2305 1882 sum
2336 1830 2390 1881 in
2413 1844 2542 1880 casu
2575 1828 2912 1880 inimicorum
2941 1841 3200 1888 meorum,
3238 1835 3286 1880 et
3333 1826 3472 1878 dixit
3515 1841 3608 1878 cor

2029 1939 2223 1984 meum,
2246 1922 2408 1991 Euge,
2428 1921 2617 1974 audiat
2636 1921 2782 1972 auris
2800 1935 2910 1972 mea
2926 1918 3327 1992 detestationem
3345 1935 3516 1972 meam
3538 1919 3604 1972 ³⁸.

2029 2019 2439 2073 Condolentiam
2487 2031 2618 2070 vero
2665 2014 3310 2081 commiserationemque
3360 2028 3489 2082 erga
3525 2016 3607 2068 in-

2033 2108 2215 2163 felices
2257 2107 2380 2176 quis
2427 2121 2531 2158 non
2573 2103 2927 2158 admiretur?
2989 2101 3053 2155 In
3105 2103 3247 2155 omni
3307 2093 3466 2166 enim,
3517 2101 3603 2154 in-

2032 2201 2166 2269 quit,
2199 2199 2469 2265 impotenti
2505 2197 2646 2266 ﬂevi,
2689 2196 2863 2265 gemui
2889 2211 3006 2248 vero
3042 2193 3222 2247 videns
3269 2193 3527 2246 hominem
3550 2195 3603 2246 in

2038 2295 2433 2350 necessitatibus
2465 2295 2529 2348 ".
2580 2292 2840 2346 Similiter
2869 2307 2991 2344 cum
3037 2290 3190 2341 valde
3241 2289 3394 2341 dives
3441 2296 3604 2348 esset,

2035 2403 2140 2440 non
2172 2387 2294 2440 ideo
2337 2386 2700 2439 extollebatur
2740 2384 2945 2446 animo,
2975 2392 3062 2434 aut
3098 2379 3265 2450 copiis
3295 2377 3605 2435 divitiarum

2037 2488 2256 2527 suarum
2294 2471 2617 2534 conﬁdebat,
2659 2472 2800 2542 quod
2851 2470 3002 2524 multi
3036 2487 3179 2525 nunc
3206 2471 3411 2525 faciunt
3466 2471 3610 2524 divi-

2037 2576 2136 2622 tes.
2164 2567 2238 2620 De
2267 2567 2462 2635 quibus
2495 2565 2570 2617 ait
2605 2566 2791 2618 beatus
2845 2563 3119 2630 apostolus
3161 2563 3359 2616 Paulus
3424 2561 3610 2616 Timon

2036 2657 2158 2710 theo
2192 2655 2475 2709 scribens:
2511 2651 2768 2708 Divitibus
2804 2652 2961 2720 hujus
3006 2651 3187 2706 steculi
3225 2653 3486 2719 pra’cipue
3508 2666 3611 2704 non

2031 2748 2250 2807 sublime
2325 2763 2524 2811 sapere,
2573 2763 2735 2814 neque
2790 2760 3000 2812 sperare
3058 2746 3111 2796 in
3170 2745 3366 2797 incerto
3398 2744 3614 2796 divitia-

2033 2856 2174 2904 rum,
2228 2839 2316 2894 sed
2388 2839 2442 2890 iu
2508 2839 2610 2890 Deo
2661 2840 2790 2900 vivo,
2851 2838 2940 2904 qui
2987 2844 3208 2901 prrestat
3265 2833 3413 2888 nobis
3436 2837 3612 2887 omnia

2036 2932 2240 2985 abunde
2261 2932 2329 2984 ad
2354 2931 2636 2997 fruendum
2664 2930 2732 2980 ¹⁰.
2768 2929 2897 2981 Dicit
2924 2930 3064 2981 enim
3087 2928 3230 2982 idem
3251 2926 3567 2996 jnstus(l7)
3595 2943 3608 2977 :

2039 3022 2096 3076 Si
2158 3023 2206 3075 in
2263 3022 2492 3090 pretioso
2549 3019 2724 3088 lapide
2776 3035 2918 3087 spem
2970 3020 3124 3086 posui
3153 3033 3342 3083 meam,
3376 3026 3426 3071 et
3457 3016 3613 3072 laua-

2131 3203 2174 3234 ¹⁹
2200 3200 2304 3260 Joh
2337 3215 2464 3266 xxx,
2498 3197 2588 3253 25.
2669 3195 2756 3250 “l
2791 3197 2932 3249 Tim.
2955 3210 3032 3258 vt,
3065 3196 3128 3250 Π

428 3386 543 3457 (14)
590 3385 980 3456 Syngrapham.
1009 3383 1179 3437 Locus
1221 3384 1308 3457 hic
1337 3384 1552 3457 diverse
1587 3385 1825 3457 habetur
1875 3393 1926 3436 ct
1952 3382 1996 3444 C
2030 3388 2126 3436 hoc
2151 3399 2269 3451 ago,
2298 3383 2388 3435 sed
2411 3383 2547 3457 quod
2570 3381 2908 3457 odi_malum,
2933 3382 3029 3457 hoc
3054 3380 3404 3457 faciogquem
3430 3380 3606 3457 locum

365 3458 499 3526 apud
524 3453 805 3522 antiquos
834 3457 1190 3526 rexpositores
1229 3453 1465 3526 {hbitet
1496 3455 1550 3507 in
1581 3455 1771 3526 Latina
1808 3457 1927 3526 vul—

364 3524 506 3592 gata,
543 3536 596 3580 et
632 3528 771 3592 apud
826 3525 1198 3592 Septuaginta.
1238 3524 1344 3576 Nos
1383 3525 1731 3591 Theophanis
1766 3525 1928 3578 verba

365 3596 594 3651 reddere
650 3598 784 3649 satis
833 3595 1138 3652 habuimus,
1169 3609 1288 3661 qnxe
1329 3594 1544 3656 quidem
1590 3595 1747 3661 plana
1782 3604 1926 3646 sunt.

366 3668 522 3722 Deest
559 3668 704 3718 enim
741 3665 814 3721 id.
838 3665 980 3731 quod
1017 3664 1115 3715 hoc
1147 3663 1262 3716 loco
1290 3663 1662 3715 dilllcultatem
1693 3664 1928 3731 aliquam

364 3737 546 3796 habet,
592 3749 786 3798 nempe
813 3751 827 3789 :
858 3732 1223 3802 Syngrapham
1277 3734 1332 3785 in
1364 3733 1593 3786 [mineris
1631 3735 1929 3801 circumpo-

364 3823 510 3871 nens,
538 3819 792 3858 coronam
833 3804 1088 3872 legebam.
1123 3802 1519 3872 Quae/quidem
1575 3805 1734 3854 verba
1784 3805 1931 3856 varie

362 3875 712 3929 declarantur
747 3874 814 3925 ab
864 3870 1196 3940 auctoribus.
1240 3870 1608 3940 Olympiodori
1643 3873 1928 3938 expositio,

363 3960 522 4012 quam
553 3943 720 3996 habes
751 3945 802 3995 in
824 3943 1027 3996 Catena
1052 3943 1115 4012 in
1147 3939 1265 4001 Job,
1296 3939 1468 4009 nuper
1502 3957 1528 3993 a
1564 3941 1730 3994 Paulo
1751 3941 1933 4012 Comi-

362 4011 470 4070 tblo
502 4014 672 4073 eilita,
708 4014 837 4066 mihi
873 4027 982 4080 prae
1015 4011 1133 4066 aliis
1166 4013 1364 4079 placet,
1390 4019 1445 4061 ut
1471 4025 1594 4078 qua:
1639 4015 1807 4081 magis
1839 4011 1931 4066 lit-

363 4093 488 4139 ιρι-ω
520 4084 838 4141 conveniat.

429 4154 544 4222 (l5)
587 4150 710 4222 Non
752 4160 954 4218 sponte.
1003 4151 1134 4205 Fere
1169 4152 1241 4204 ita
1276 4151 1459 4220 legunt
1503 4159 1713 4207 veteres
1742 4168 1931 4208 omnes

361 4220 532 4279 Graeci
567 4230 622 4275 et
664 4220 872 4282 Latini,
916 4230 1111 4287 pneter
1159 4221 1539 4289 Augustinum,
1574 4222 1688 4289 qui,
1721 4233 1928 4290 sponte,

361 4293 681 4347 allirmative
717 4292 896 4345 habet.
946 4290 1113 4345 Porro
1154 4292 1254 4344 loci
1301 4292 1464 4360 hujus
1511 4295 1781 4346 sententia
1814 4310 1929 4346 ma-

361 4364 556 4417 nilesta
603 4368 722 4416 est.
762 4362 805 4413 si
858 4371 1136 4429 peccatum
1186 4362 1604 4415 involuntarium
1658 4364 1932 4430 acceperis

363 4448 457 4501 pro
492 4432 586 4484 illa
629 4431 925 4483 voluntatis
971 4431 1228 4491 motione,
1267 4447 1385 4500 (ιιιιιξ
1419 4447 1448 4484 a
1497 4433 1707 4500 peccati
1744 4432 1932 4488 foinite

364 4500 663 4564 inducitur,
714 4515 876 4566 (piam
927 4501 1320 4555 seusualitatem
1377 4503 1538 4558 etiam
1601 4512 1838 4564 vocant;
1877 4503 1929 4556 in

363 4587 488 4640 qua,
519 4587 646 4625 cum
699 4571 820 4638 ejus
853 4586 1042 4624 OlllllCS
1097 4572 1148 4622 in
1203 4574 1512 4625 universum
1570 4582 1746 4625 motus
1800 4578 1929 4636 (non

362 4657 453 4696 eos
482 4653 718 4700 tantum,
745 4656 880 4706 quos
920 4640 1126 4709 primos
1158 4651 1373 4702 vocant,
1397 4644 1448 4694 in
1477 4641 1672 4710 quibus
1699 4652 1757 4695 ut
1783 4644 1928 4695 nulla

2031 3450 2199 3511 divus,
2251 3456 2586 3518 Augustinus
2648 3453 2715 3504 de
2771 3453 2880 3521 jam
2923 3450 3069 3504 dicto
3120 3453 3259 3503 malo
3325 3450 3612 3517 c0ncupis-

2030 3527 2245 3586 centiaa,
2273 3533 2326 3576 et
2367 3524 2670 3590 pulsatione
2697 3521 3071 3576 scnsualitatis
3106 3522 3525 3590 interpretatur;
3559 3531 3614 3572 ct

2032 3600 2135 3650 hoc
2191 3589 2412 3661 quidem
2458 3593 2727 3644 internum
2771 3593 2970 3661 malum
3010 3592 3252 3657 apposite
3299 3589 3609 3661 Theologtts

2033 3659 2296 3734 ἐμφύλιον
2355 3661 2906 3734 πόλεμονηιιῑεεειάιε
2956 3659 3609 3734 bellum,appellavit__itt

2031 3726 2277 3789 oratione
2326 3733 2390 3782 ad
2423 3726 2587 3797 Greg.
2625 3730 2946 3800 Nysseuum.
2979 3730 3372 3800 Tertulliamts,
3405 3729 3474 3782 de
3505 3726 3611 3800 Re-

2032 3803 2374 3860 Surrcctione
2423 3798 3118 3866 carnis,delinquentium
3168 3798 3495 3850 habitantem
3553 3799 3609 3850 in

2032 3889 2190 3930 carne
2227 3879 2412 3934 nostra
2444 3879 2620 3922 vocat.
2675 3867 2790 3920 Non
2827 3871 3144 3927 omittemus
3183 3881 3390 3930 veteres
3428 3867 3605 3930 aliter,

2032 3955 2085 3998 et
2127 3942 2332 4008 largius
2387 3939 2664 4002 aliquanto
2709 3935 2920 3991 locutos
2965 3953 3087 3992 esse
3122 3939 3189 3991 de
3221 3937 3520 3992 voluntario
3559 3950 3606 3990 et

2032 4007 2412 4068 involuntario.
2478 4008 2714 4062 Basilius
2768 4007 2912 4062 enim
2957 4007 3380 4061 involuntarium
3412 4022 3606 4075 pecea-

2033 4096 2147 4139 tum
2209 4095 2400 4138 vocare
2455 4078 2664 4132 videtur
2705 4077 2824 4144 ejus
2876 4078 3075 4140 scorti,
3126 4078 3272 4146 quod
3325 4077 3606 4130 venditum

2032 4151 2213 4212 lenoni
2248 4160 2517 4219 quantum
2537 4163 2762 4212 corpore
2797 4146 3512 4219 facit;_voluutarimh_vero
3547 4146 3613 4199 il-

2036 4226 2160 4287 lius,
2205 4217 2347 4288 quod
2377 4219 2666 4284 voluptatis
2697 4233 2860 4271 causa
2909 4217 3146 4288 seipsnm
3184 4217 3374 4270 sceleri
3407 4219 3611 4288 manci-

2033 4302 2146 4364 pat.
2187 4287 2251 4344 Et
2305 4290 2558 4343 Clemens
2609 4288 2972 4342 Stromateus.
3022 4287 3174 4352 Quod
3223 4287 3608 4364 voluntarium.

2034 4357 2228 4431 inquit,
2267 4376 2370 4412 non
2401 4371 2499 4424 est,
2537 4373 2744 4431 poenam
2776 4374 2879 4409 non
2918 4369 3184 4431 meretur:
3235 4359 3287 4409 id
3339 4367 3518 4431 autem
3543 4357 3610 4431 in

2032 4427 2231 4500 duplici
2256 4446 2439 4498 genere
2463 4439 2558 4490 est,
2577 4430 2831 4500 alterum
2854 4429 2990 4480 enim
3015 4442 3108 4492 per
3136 4427 3496 4500 ignorantiam
3524 4427 3607 4492 ﬁt,

2033 4496 2272 4558 alterum
2291 4515 2381 4566 per
2409 4501 2532 4553 vim.
2563 4498 2638 4550 Ad
2676 4497 2926 4550 eutndem
2958 4512 3178 4550 sensum
3208 4496 3456 4559 tendunt,
3489 4511 3608 4566 qua:

2032 4588 2096 4626 ex
2124 4573 2351 4639 Didymo
2377 4580 2431 4624 et
2475 4570 2703 4639 Philone
2737 4565 3055 4639 referuntur
3097 4582 3127 4618 a
3179 4566 3511 4639 Datnasceno
3550 4565 3603 4617 iu

2035 4637 2346 4700 Parallelis,
2390 4654 2510 4703 cap.
2554 4638 2617 4690 de
2655 4637 2880 4703 peccatis
2919 4637 3331 4705 involuntariis.
3363 4637 3493 4700 Qum
3527 4645 3606 4705 tn-

363 4722 441 4764 est
464 4704 1043 4771 voluntatis—titillatio,
1065 4712 1138 4762 ita
1166 4704 1526 4776 uecolIensio,
1553 4711 1645 4765 sed
1671 4719 1724 4766 et
1749 4713 1923 4780 primo
1958 4720 2000 4773 ι)
2031 4729 2152 4766 men
2182 4710 2486 4777 theologica
2527 4722 2797 4780 gnotnone
2833 4706 3114 4760 dirigenda
3142 4715 3290 4780 sunt,
3325 4704 3388 4758 et
3434 4704 3608 4780 explie

363 4781 654 4844 secundos,
691 4795 884 4846 uelnpe
923 4795 954 4833 e
994 4781 1198 4847 quibus
1248 4781 1382 4835 labis
1413 4780 1618 4849 aliquid
1658 4791 1713 4834 et
1743 4792 1927 4835 reatus

357 4851 462 4917 iam
498 4850 759 4917 adhaeret)
793 4851 996 4904 evitare
1043 4851 1404 4904 humanarum
1449 4852 1645 4904 virium
1694 4867 1797 4904 non
1835 4855 1928 4915 sit,

359 4932 411 4974 et
473 4920 641 4987 justis
711 4922 844 4990 ipsis
907 4919 1270 4990 impossibile,
1325 4928 1384 4972 ut
1454 4921 1530 4973 ait
1593 4920 1926 4988 Gregorius,

361 4990 452 5044 lib.
491 5005 624 5043 xvut
660 4989 1122 5058 Moralium,'cap.
1153 4990 1207 5052 4,
1247 4991 1296 5043 in
1333 4991 1432 5043 hac
1459 4991 1675 5058 inquam
1706 5007 1933 5045 sensua-

356 5061 506 5124 litate
549 5059 622 5114 ita
667 5069 911 5127 accepta,
946 5071 1230 5127 peccatum
1280 5067 1590 5114 necessario
1639 5061 1838 5122 inesse.
1875 5073 1930 5116 et

361 5129 460 5184 hoc
490 5144 651 5182 sensu
679 5129 962 5183 collrctive
1000 5130 1247 5183 videlicet
1285 5132 1372 5199 (ut
1393 5129 1712 5198 loquuntur)
1742 5146 1928 5199 smnp-

357 5209 462 5251 tam
514 5199 775 5251 declinari
829 5213 932 5252 non
975 5214 1168 5266 posse,
1217 5198 1554 5252 subtilissimi
1613 5198 1924 5252 nostrorum

358 5270 578 5323 docent.
634 5267 972 5322 Refereudus
1032 5270 1136 5321 huc
1205 5269 1344 5322 idem
1410 5267 1543 5332 Job,
1592 5269 1698 5322 illis
1747 5271 1923 5324 verbis

358 5354 450 5405 cap
469 5339 536 5391 27
573 5354 585 5389 :
641 5337 761 5390 Non
783 5349 857 5392 est
899 5348 1110 5391 sanctus
1161 5340 1213 5391 in
1261 5350 1404 5391 terra
1433 5341 1522 5406 qui
1571 5356 1673 5392 non
1705 5351 1919 5401 peccet:

359 5421 577 5461 Sanctus
611 5407 882 5468 Joannes,
931 5409 1160 5476 cpistola
1195 5408 1253 5472 1,
1286 5425 1405 5475 cap.
1447 5424 1462 5462 l
1491 5427 1503 5460 :
1538 5409 1595 5462 Si
1626 5409 1918 5462 dixerimus

357 5481 601 5545 quoniam
630 5490 901 5546 peccatum
938 5495 1041 5531 non
1057 5479 1442 5544 hubemus,ipsi
1470 5497 1562 5531 nos
1591 5479 1914 5543 seducimur,

360 5561 477 5619 quae
512 5551 672 5601 verba
707 5563 810 5600 non
845 5549 1165 5601 humilitatis
1220 5565 1382 5602 causa
1417 5550 1612 5602 debere
1663 5551 1910 5619 intelligi,

361 5617 449 5670 sed
497 5621 641 5675 iuxta
679 5619 962 5670 veritatem
995 5619 1276 5671 sententiae
1325 5620 1682 5672 decreverunt
1727 5617 1917 5673 Patres

363 5685 671 5748 Ililtuitani,
691 5688 886 5747 can.6,
902 5696 955 5740 ct
973 5686 1231 5744 Africani.
1255 5689 1524 5740 canon.“
1540 5728 1552 5741 .
1573 5688 1769 5744 Paulus
1791 5691 1919 5742 itrut

365 5757 425 5811 ad
461 5755 613 5808 liciti.
650 5756 677 5807 7
708 5770 720 5807 :
761 5753 882 5816 Non
913 5757 1071 5822 enim,
1114 5758 1310 5827 inquit,
1357 5759 1494 5812 bonu
1520 5779 1573 5825 η,
1614 5760 1748 5829 quod
1786 5762 1921 5823 volo,

2031 4783 2220 4838 cauda.
2273 4775 2560 4834 Peccatum
2611 4777 2666 4830 in
2717 4775 2993 4830 voluntate
3027 4784 3129 4838 est,
3169 4786 3228 4828 ut
3279 4776 3332 4828 in
3384 4776 3606 4843 proprio

2029 4851 2282 4918 subjecto
2305 4890 2317 4914 ,
2347 4856 2400 4903 et
2430 4863 2621 4918 causa,
2643 4846 3118 4918 essentiiliterque
3139 4885 3153 4906 ,
3192 4847 3245 4898 iu
3283 4855 3406 4898 actu
3453 4844 3603 4918 lzberi

2026 4913 2234 4974 arbitrii
2267 4913 2542 4974 cOttsislit.
2571 4916 2836 4969 V'ideudus
2859 4915 3116 4979 Thomas,
3154 4918 3324 4984 prima
3347 4913 3604 4969 secunda:

2027 5008 2082 5061 q.
2115 4992 2198 5048 74.
2226 4993 2294 5043 ab
2322 5000 2426 5043 art.
2445 4989 2501 5061 75,
2529 5002 2648 5061 cum
2679 4988 3051 5061 sequentibus,
3076 4995 3131 5038 et
3160 4997 3286 5061 ante
3314 4984 3606 5061 Thomam,

2028 5055 2392 5130 Augustinus,
2442 5060 2493 5110 in
2543 5057 2608 5109 iis
2661 5057 2960 5124 przecipue,
2993 5070 3112 5125 quae
3159 5055 3380 5126 scripsit
3419 5063 3648 5118 contra,

2030 5132 2368 5190 Pelagianos.
3633 5132 3639 5190 ἓ

2097 5201 2208 5270 (16)
2240 5197 2571 5268 Evangelira:
2595 5197 2910 5270 disciplinae.
2936 5196 3219 5270 Frequens
3233 5207 3313 5270 est
3342 5197 3456 5270 haec
3485 5191 3605 5270 Johi
3639 5227 3644 5259 ;

2023 5263 2426 5325 σοιἰιιῐιιιιιιιειιιὶι
2466 5269 2603 5334 apud
2653 5263 2746 5320 eos
2783 5283 2973 5320 omnes
3023 5263 3113 5336 qui
3171 5268 3313 5318 illius
3366 5263 3642 5317 historia:-

2021 5341 2414 5400 mcminerunt,
2449 5353 2638 5405 nempe
2693 5338 3018 5392 observasse
3071 5338 3214 5388 tllnm
3253 5336 3453 5405 legent,
3483 5348 3603 5383 cum

2017 5425 2142 5464 an'e
2178 5413 2344 5474 legent
2379 5407 2557 5466 fuerit.
2582 5403 2681 5461 'Sic
2707 5406 3162 5477 Olympiodorus:
3202 5403 3352 5477 Nihil
3380 5405 3608 5477 promis-

2015 5498 2133 5533 sum
2164 5498 2195 5533 a
2225 5473 2332 5546 lege
2359 5495 2462 5532 non
2494 5489 2567 5530 αιι
2603 5480 2711 5546 ipse
2734 5473 3062 5537 consecutus,
3089 5477 3176 5542 qui
3204 5474 3411 5546 etiamsi
3441 5473 3608 5541 legem

2024 5567 2128 5604 non
2157 5551 2463 5609 audivisset,
2496 5549 2550 5600 in
2587 5559 2758 5600 mente
2787 5556 2963 5599 tamen
2995 5548 3161 5614 legent
3191 5545 3442 5612 scriptam
3470 5547 3608 5613 {erc-

2025 5625 2144 5680 bat,
2214 5621 2474 5687 legemque
2515 5619 2773 5679 servavit,
2821 5617 3058 5683 quamvis
3119 5629 3222 5666 non
3269 5631 3301 5666 a
3354 5617 3608 5684 magistro

2026 5691 2306 5758 acceperit.
2398 5743 2402 5746 .

2104 5752 2214 5832 (Π)
2257 5759 2463 5812 Justus.
2504 5757 2794 5810 Familiarc
2844 5762 2923 5809 est
2954 5752 3358 5832 Patribusjusti
3390 5754 3611 5826 nomine
