3948 6200
268 298 369 363 3ἓ1

1636 292 2011 353 EPISTULA
2042 292 2155 350 III.

3401 276 3509 348 32$

265 408 329 460 ἐν
372 408 467 460 καὶ
499 407 598 475 τῆς
634 407 947 477 ζωορχικῆς
975 405 1304 474 πληθυνθείη
1333 402 1581 472 Τριάδυς,
1614 403 1693 465 εἰς
1725 418 1852 453 κατ-

1959 396 2238 453 lectionem
2278 398 2493 467 quidem
2527 406 2786 461 vestram,
2817 406 2867 451 et
2899 396 3161 448 unitatem
3200 393 3507 465 ﬁdeij,.qute

276 498 551 568 αρτισμδν
585 499 685 568 μὲν
715 499 924 550 ἑαυτῶν
958 498 1047 550 καὶ
1080 497 1177 563 τῆς
1205 498 1282 556 είς
1329 495 1461 547 Θεὸν
1481 496 1705 562 ἑνότητα
1754 492 1843 544 πί-

268 610 463 655 στεως,
498 595 592 645 καὶ
624 591 761 660 πρὸς
812 593 919 642 πᾶν
962 589 1140 641 ὁτιοῦν
1179 586 1383 654 ἀγαθὸν
1425 585 1701 654 ὁμόνοιαν,
1746 583 1843 636 καὶ

268 681 655 749 ἀλληλουχίαν,
712 678 941 749 αῠξησιν
989 677 1045 730 δέ
1093 678 1188 730 καὶ
1240 674 1528 745 προκοπὴν
1580 674 1695 743 βίου
1748 675 1843 727 καλ⁸

270 773 509 834 πίστεως
527 772 633 823 τῶν
655 771 722 823 δι’
738 772 770 839 ἠ
780 771 896 837 μῶν
914 770 1031 837 Θεῷ
1056 767 1581 837 προσενηνεγμένων
1610 767 1701 819 καὶ
1730 766 1843 817 δια-

272 862 453 928 φόρως
506 861 895 929 φωτιζομένων
947 860 1040 911 καὶ
1088 858 1465 927 ἁγιαζομένων
1513 856 1841 925 ἀνθρώπων,

276 953 596 1023 προσθήκην
646 969 706 1004 τε
751 950 975 1019 διηνεκῆ
1010 950 1107 1002 καὶ
1150 949 1391 1002 ἐπίδοσιν
1441 949 1543 1017 τῆς
1588 949 1681 1002 τοῦ
1707 950 1843 1001 Θεοῦ

289 1041 617 1109 Ἐκκλησίας
652 1042 716 1093 ἐκ
763 1040 873 1092 τῶν
908 1038 1366 1109 προσερχομένων
1415 1040 1481 1107 τῇ
1530 1037 1654 1090 καθ’
1697 1040 1845 1107 ἡμᾶς

272 1131 564 1199 ἀμωμήτῳ
603 1131 807 1194 πίστει,
844 1130 904 1193 ἐξ
945 1130 1170 1198 ἀνιέρου
1208 1129 1354 1197 ζωῆς
1392 1129 1486 1180 καὶ
1517 1128 1843 1197 φθοροποιοῦ

274 1220 511 1289 πλάνης,
546 1223 639 1274 καὶ
669 1220 1012 1288 δυσσεϐείας,
1045 1223 1166 1284 ταῖς
1198 1220 1497 1289 ἡμετέραις
1523 1222 1844 1291 είσηγήσεσι

278 1315 371 1365 καὶ
413 1313 807 1375 διδασκαλίαις.
1142 1356 1149 1357 κ

347 1409 421 1457 α’.
481 1404 752 1474 Ἀνάγκην
806 1406 1188 1475 ἐπικειμένην,
1246 1403 1541 1475 ἀγαπητοὶ,
1599 1403 1693 1473 μοὶ
1751 1404 1846 1456 καὶ

276 1497 449 1548 πόθον
483 1498 683 1566 ἔχοντι,
714 1501 809 1553 καὶ
838 1500 1165 1569 σωματικῶς
1196 1501 1344 1569 ὑμῖν,
1378 1496 1453 1553 ὧν
1478 1500 1575 1568 τὴν
1610 1516 1847 1567 προστα-

275 1590 406 1639 σίαν
448 1589 720 1658 ἐδεξάμην
768 1592 919 1660 παρᾶ
956 1589 1194 1660 Χριστοῦ
1246 1590 1596 1642 συνεῖναιτὸν
1631 1592 1847 1644 ἅπαντα

270 1679 492 1747 χρόνον,
544 1681 591 1732 εί
625 1675 735 1733 οἷόν
772 1697 829 1733 τε
866 1684 959 1733 καὶ
998 1681 1066 1734 τὸ
1120 1684 1367 1750 λογικὸν
1409 1682 1634 1735 ἄδολον
1673 1682 1845 1751 τάλα,

274 1771 426 1822 κατὰ
463 1771 556 1822 τὸν
609 1771 752 1824 θεῖον
804 1774 980 1824 εἰπεῖν
1026 1772 1373 1837 Ἀπόστολον,
1406 1773 1646 1836 ποτίζειν
1695 1776 1845 1842 ἡμᾶς

274 1861 403 1912 καθ’
440 1862 676 1930 ἑκάστην
715 1863 801 1917 διὰ
834 1864 1107 1931 γλώσσης,
1140 1865 1394 1935 καθάπερ
1427 1866 1481 1917 εί
1504 1883 1648 1928 τινος
1679 1867 1846 1936 θηλῆς

271 1952 520 2021 δαψιλῶς
552 1953 915 2022 χορηγοῦντα,
952 1955 1156 2023 μᾶλλον
1194 1955 1250 2007 δὲ
1303 1959 1529 2025 στερεᾶς
1568 1958 1848 2023 μεταδιδό-

271 2057 365 2093 ναι
407 2044 633 2110 τροφῆς,
661 2043 720 2097 δν
747 2044 993 2110 ἀγγέλων
1020 2045 1243 2114 οἴδαμεν
1274 2047 1438 2116 ἄρτον
1465 2052 1845 2117 γεγυμνασμέο

272 2147 391 2192 νοις
422 2131 547 2200 ἤδη,
581 2134 719 2187 κατὰ
755 2134 987 2199 Παῦλον,
1015 2134 1101 2188 διὰ
1133 2136 1227 2205 τὴν
1251 2136 1362 2199 ἕξιν
1396 2138 1463 2189 τὰ
1496 2137 1846 2209 αίσθητήρια,

272 2220 353 2281 ὥς
386 2238 445 2272 τε
478 2223 552 2291 μὴ
586 2223 746 2291 μόνον
782 2224 929 2293 ὑμᾶς
976 2225 1226 2280 ἐντεῦθεν
1257 2226 1439 2290 αὔξειν
1474 2228 1617 2280 κατὰ
1654 2232 1848 2297 μικρὸν

274 2314 360 2374 είς
400 2314 601 2382 μέτρον
629 2316 726 2382 τῆς
758 2316 973 2386 ἡλικίας
1014 2317 1106 2369 τοῦ
1154 2318 1522 2387 πληρώματος
1564 2318 1660 2371 τοῦ
1712 2321 1849 2389 Χρι-

278 2402 437 2467 ατοῦ,
467 2406 601 2458 ἀλλὰ
633 2407 727 2457 καὶ
752 2409 865 2469 τοῖς
912 2410 1118 2469 λοιποῖς
1147 2412 1423 2461 κοινωνεῖν
1448 2411 1850 2479 ἀγαθοπρεπῶς

278 2492 550 2547 δύνασθαι
598 2497 707 2549 τῶν
760 2499 1043 2562 τοιούτων,
1088 2500 1208 2569 ἥτις
1248 2500 1314 2551 ἂν
1370 2500 1453 2568 είη
1490 2500 1584 2551 καὶ
1627 2500 1851 2569 βελτίων

278 2584 467 2654 πολλῷ
497 2586 574 2655 τῷ
616 2589 803 2657 μέτρῳ
853 2590 951 2658 τῆς
983 2589 1150 2657 ἄλλης
1192 2590 1441 2653 εὐποιίας
1494 2593 1586 2644 καὶ
1627 2594 1851 2661 μεταδό-

280 2690 449 2739 σεως,
474 2677 573 2729 ούκ
599 2681 680 2740 είς
706 2678 865 2747 ἔργον
898 2682 973 2749 μὴ
997 2681 1422 2750 προεληλυθέναι
1442 2684 1508 2735 τὰ
1538 2683 1631 2735 τοῦ
1658 2686 1852 2755 χρέους

277 2766 479 2820 τούτου
525 2771 619 2820 καὶ
671 2771 771 2837 τῆς
821 2772 1059 2838 ἐφέσεως
1112 2773 1241 2841 ἄχρι
1274 2772 1367 2825 τοῦ
1410 2773 1502 2825 νῦν
1554 2774 1852 2841 ἐξεγένετο,

277 2857 616 2929 κωλυομένῳ
668 2854 947 2931 διαφόροις
1002 2866 1094 2915 καὶ
1145 2865 1273 2916 ἄλλο
1305 2882 1362 2916 τε
1409 2866 1599 2927 ἄλλαις
1645 2868 1854 2932 αίτίαις

280 2946 343 2998 οὐ
372 2949 606 3015 φαύλαις
624 2954 737 3003 τισὶ
766 2954 867 3005 καὶ
882 2955 1220 3023 παρορᾶσθαι
1246 2955 1444 3018 ἀξίαις,
1476 2957 1550 3018 ὠς
1581 2958 1674 3010 καὶ
1704 2960 1854 3029 ὑμῶν

1945 486 1997 540 in
2038 486 2199 540 Deum
2242 498 2347 553 est,
2382 498 2438 541 et
2469 489 2532 541 ad
2562 497 2806 541 mutuam
2849 486 2901 539 in
2934 486 3080 539 omni
3113 484 3253 538 bono
3280 500 3509 539 concor-

1945 579 2089 632 diam
2122 587 2175 632 et
2203 578 2612 642 connexionem,
2652 580 2717 632 ad
2753 580 3142 633 incrementum
3200 589 3330 631 vero
3363 576 3507 638 vitae,

1944 677 1995 722 et
2031 669 2151 722 ﬁdei
2186 683 2393 734 eorum,
2424 671 2514 739 qui
2545 671 2653 724 Deo
2681 684 2775 738 per
2804 685 2901 724 vos
2930 668 3251 730 offeruntur,
3283 667 3511 721 diversi-

1947 759 2212 826 modeque
2244 761 2720 826 illuminantur,ac
2746 761 3172 823 sanctiﬁcantur,
3206 759 3511 813 assiduum-

1944 866 2049 919 que
2079 849 2335 906 Ecclesia:
2364 853 2458 907 Dei
2514 860 2860 923 augmentum
2888 891 2902 915 ,
2944 860 2996 905 et
3031 850 3467 923 propagationem
3492 888 3507 911 ι

1946 952 2164 1011 propter
2192 958 2286 998 eos
2317 946 2406 1013 qui
2442 945 2507 998 ad
2543 921 2783 999 nostram
2816 921 3295 997 incontammatam
3348 939 3507 992 tidem

1954 1050 2018 1086 ex
2057 1034 2263 1101 impura
2292 1036 2421 1097 vita,
2456 1046 2509 1089 et
2537 1036 2746 1105 perdito
2766 1047 2999 1097 errr-ore,
3024 1042 3185 1101 atque
3217 1031 3513 1100 impietate,

1945 1127 2427 1195 exhortationibus,
2463 1138 2516 1182 et
2556 1128 2893 1182 documentis
2919 1124 3115 1180 vestris
3143 1125 3423 1179 accedunt.

2002 1392 2053 1445 1.
2079 1390 2414 1446 Desideranti
2435 1393 2585 1456 mihi,
2607 1409 2638 1446 ο
2654 1394 2854 1456 dilecti,
2872 1407 2969 1460 pro
2987 1391 3517 1447 necessitatemune

1948 1484 2024 1536 ris
2050 1482 2176 1536 mihi
2199 1484 2456 1550 impositi,
2478 1484 2753 1539 vobiscum
2772 1485 3022 1553 (quorum
3050 1484 3284 1553 regimen
3308 1499 3337 1537 a
3358 1480 3519 1538 Chri-

1948 1583 2033 1628 sto
2060 1576 2297 1643 suscepi)
2326 1590 2556 1645 corpore
2590 1578 2751 1631 etiam
2787 1592 3001 1646 semper
3029 1591 3171 1640 esse,
3194 1577 3238 1630 si
3264 1577 3377 1629 ﬁeri
3403 1591 3520 1645 pos-

1951 1675 2055 1729 set,
2088 1676 2142 1719 et
2176 1660 2440 1720 rationale
2480 1669 2593 1721 sine
2615 1670 2735 1723 dolo
2780 1669 2863 1721 (ac
2904 1670 2987 1739 (ut
3019 1684 3141 1723 cum
3170 1666 3229 1723 Β.
3260 1668 3518 1736 Apostolo

1952 1758 2144 1824 loquar
2165 1758 2233 1825 ⁸⁸)
2262 1758 2414 1813 vobis
2464 1761 2706 1827 quotidie
2737 1763 2802 1815 ad
2839 1760 3132 1829 potandum
3166 1762 3403 1823 tradere,
3424 1775 3517 1826 per

1951 1846 2144 1915 lingua:
2170 1864 2366 1904 munus
2397 1860 2649 1918 tanquam
2679 1867 2774 1920 per
2808 1853 2970 1906 ubera
3002 1855 3270 1921 qucedam,
3299 1852 3525 1918 cepiose’

1951 1938 2273 2005 largiendo;
2320 1941 2431 1995 imo
2462 1956 2591 1997 vero
2641 1942 2869 1997 solidum
2919 1945 3121 2007 cibum,
3166 1958 3322 2012 quem
3353 1958 3519 2010 ange-

1951 2028 2125 2083 lorum
2180 2045 2373 2098 panem
2408 2048 2530 2088 esse
2580 2035 2853 2099 novimus,
2899 2036 3051 2088 vobis
3095 2033 3379 2103 impertiri,
3427 2032 3517 2101 qui

1949 2121 2123 2189 (juxta
2155 2121 2384 2177 Pauium
2412 2125 2477 2194 “)
2515 2140 2613 2194 pro
2644 2125 3034 2180 consuetudine
3061 2127 3388 2180 exercitatos
3422 2125 3521 2178 ha-

1951 2211 2089 2264 betis
2129 2227 2342 2276 sensus,
2383 2224 2436 2267 ut
2474 2230 2580 2267 non
2615 2219 2777 2269 modo
2810 2231 2906 2270 vos
2933 2216 3056 2269 inde
3088 2215 3290 2269 sensim
3322 2229 3521 2283 augea—

3553 1269 3565 1323 ί

1954 2304 2085 2355 mini
2118 2305 2184 2356 ad
2219 2320 2533 2359 mensuram
2580 2307 2753 2360 aetatis
2779 2306 3130 2375 plenitudinis
3163 2305 3391 2371 Christi,
3425 2308 3521 2360 sed
3556 2354 3567 2363 .

1952 2400 2006 2445 et
2044 2403 2268 2448 caeteros
2296 2395 2461 2463 (quod
2486 2395 2702 2464 quidem
2726 2396 2885 2464 longe
2910 2398 3261 2466 praestantius
3281 2406 3363 2454 est
3389 2413 3523 2465 qua-

1953 2482 2083 2536 libet
2113 2486 2215 2538 alia
2246 2487 2602 2542 beneficentia
2641 2503 2703 2542 ac
2745 2487 2991 2557 munere)
3026 2487 3254 2558 benigne
3302 2489 3521 2556 possitis

1953 2580 2265 2633 corumdem
2297 2580 2558 2635 bonorum
2581 2582 2869 2651 participes
2898 2582 3108 2646 facere;
3131 2582 3252 2647 hoc,
3277 2581 3517 2650 inquam,

1956 2670 2217 2736 debitum,
2280 2684 2334 2725 et
2390 2687 2563 2727 meum
2617 2673 2944 2727 desiderium
3005 2675 3068 2727 ad
3129 2688 3265 2742 opus
3322 2672 3526 2741 perdu-

1956 2777 2079 2817 cere
2112 2762 2248 2833 (26),
2282 2764 2411 2818 mihi
2460 2764 2639 2819 adhuc
2663 2782 2766 2818 non
2799 2765 2967 2830 licuit,
2990 2780 3112 2819 cum
3143 2766 3393 2832 diversis,
3424 2781 3527 2835 pro

1960 2854 2226 2908 varietate
2267 2865 2593 2921 temporum,
2620 2857 2796 2909 causis
2838 2855 3143 2922 impedirer,
3182 2855 3355 2923 iisque
3378 2856 3523 2909 haud

1960 2942 2216 3008 minimis,
2247 2953 2339 2997 aut
2368 2960 2487 3013 quae
2514 2946 2706 3014 negligi
2737 2946 3017 3011 deberent,
3055 2956 3111 2999 ut
3144 2958 3381 3001 vestrum
3412 2964 3523 3003 non

280 3039 534 3107 ἀκριϐῶς
590 3042 772 3093 ίσασιν
821 3044 918 3095 ούκ
961 3044 1149 3111 ὀλίγοι,
1186 3046 1271 3098 ἵνα
1308 3048 1380 3115 μὴ
1440 3047 1585 3115 λέγω
1633 3051 1849 3115 πάντες.

1961 3033 2135 3099 pauci,
2167 3048 2234 3086 ne
2263 3033 2439 3086 dicam
2464 3050 2671 3097 onines,
2690 3036 2889 3103 optime
2914 3046 3133 3091 norunt.
3160 3035 3280 3092 ldeo
3303 3038 3523 3092 decrevi

277 3129 387 3181 Διά
420 3146 499 3182 τοι
550 3131 710 3183 τοῦτο
748 3132 857 3185 δεῖν
909 3133 1082 3200 ἔγνων
1127 3136 1212 3188 διὰ
1273 3139 1615 3207 γραμμάτων
1660 3142 1856 3197 ὡσανεί

278 3238 455 3273 τινων
491 3223 805 3293 πορθμείων
838 3226 870 3294 ἢ
906 3226 1120 3295 κτηνῶν
1156 3228 1479 3297 ἀχθοφόρων
1512 3233 1604 3284 τὸν
1632 3234 1731 3302 τῆς
1773 3237 1856 3288 δι-

275 3313 584 3376 δασκαλίας
614 3315 869 3380 οὐράνιον
909 3316 1073 3385 ἄρτον
1115 3318 1247 3386 πρὸς
1287 3319 1430 3386 ὑμᾶς
1461 3325 1851 3393 παραπέμψαι,

278 3404 520 3472 καρδίαν
552 3405 770 3472 ἐκείνην
822 3405 999 3459 εἰδότα
1034 3407 1173 3459 κατὰ
1216 3409 1305 3461 τὸν
1341 3410 1633 3481 Προφήτην
1668 3416 1857 3483 στηρί-

280 3493 432 3556 ζειν,
467 3496 584 3565 ητις
616 3496 710 3549 καὶ
738 3497 868 3548 Θεὸν
892 3498 1054 3549 αὑτὸν
1077 3500 1210 3567 ὀρᾷν
1240 3499 1448 3565 πέφυκε
1514 3505 1607 3554 καὶ
1635 3504 1852 3573 καθαρὰ

278 3587 549 3652 γεγονυῖα
573 3603 585 3616 ’
626 3587 765 3655 ὅπερ
799 3587 865 3639 ἂν
896 3590 978 3656 είη
1011 3592 1109 3658 τῆς
1153 3590 1275 3642 καθ’
1304 3592 1446 3657 ἡμᾶς
1480 3591 1701 3663 λογικῆς
1729 3598 1861 3649 ’ταύ⁴

277 3693 387 3743 της
418 3674 597 3743 ψυχῆς
633 3676 693 3728 τὸ
726 3681 972 3745 κρεῖττον
1005 3680 1097 3730 καὶ⁵
1128 3678 1477 3751 ὑψηλότερον,
1513 3685 1568 3733 ἐν
1607 3680 1649 3751 ᾧ
1678 3701 1857 3756 παρα-

284 3767 484 3832 μένειν
513 3765 573 3816 τὸ
605 3766 857 3834 ζὼπυρον
888 3768 984 3835 τῆς
1015 3768 1185 3819 ἀϊδίου
1212 3768 1357 3835 ζωῆς
1385 3772 1583 3834 πάντες
1612 3778 1859 3831 πιστεύο-

285 3872 417 3923 μεν,
454 3856 639 3925 ὥσπερ
688 3858 985 3927 apparesan
1027 3876 1149 3912 τινα
1176 3861 1272 3927 τῆς
1323 3861 1622 3933 μελλούτης
1656 3866 1855 3920 ἀθανα-

284 3948 417 4008 σίας
450 3946 672 3999 δοθέντα
730 3949 817 4000 διὰ
869 3950 1262 4018 βαπτίσματος.
1299 3953 1390 4005 Διὸ
1442 3955 1566 4016 τοὺς
1605 3955 1703 4024 τῆς
1742 3958 1858 4010 δια-

284 4041 445 4098 νοίας
475 4037 710 4099 κόλπους
747 4039 1057 4101 ἀνοίξαντες
1091 4040 1341 4106 ἕκαστος,
1396 4043 1580 4105 καθὼς
1616 4044 1681 4096 ἂν
1711 4047 1860 4115 αὐτῷ

285 4125 547 4193 χωρητὺν
605 4127 715 4194 είη,
748 4125 855 4179 τῶν
883 4126 1138 4180 τοιούτων
1168 4130 1388 4196 ἀγαθῶν
1434 4131 1670 4200 δαψιλῶς
1695 4136 1862 4202 ἐμφο-

287 4217 517 4285 ρέθητε.
550 4216 763 4268 Γένοιτο
788 4215 845 4268 δὲ
872 4216 1043 4269 ταῦτα
1080 4221 1155 4287 μὴ
1185 4222 1345 4288 μόνον
1375 4225 1473 4291 τῆς
1503 4225 1644 4277 κατὰ
1673 4225 1861 4295 αἴσθηδ

292 4325 384 4359 σιν
421 4306 618 4376 ἡδονῆς
653 4308 749 4360 καὶ
788 4308 897 4361 τῶν
934 4311 998 4361 ἐκ
1028 4309 1231 4378 ταύτης
1262 4312 1496 4364 ἐπαίνων
1526 4316 1621 4366 καὶ
1652 4318 1860 4382 κρότων

1960 3136 2053 3189 per
2084 3122 2309 3185 litteras,
2348 3134 2603 3191 tanquam
2635 3139 2728 3192 per
2763 3125 3061 3179 naviculam
3095 3129 3402 3195 quamdam.
3431 3140 3524 3182 aut

1958 3214 2206 3267 oneraria
2235 3213 2501 3282 iumenta,
2525 3215 2797 3268 caelestem
2828 3216 3086 3269 doctrinae
3113 3232 3299 3285 panem
3336 3221 3401 3272 ad
3429 3235 3523 3272 vos

1961 3308 2347 3368 transmittere,
2386 3321 2601 3374 pauent,
2642 3308 2888 3375 inquam,
2919 3308 3011 3375 qui
3040 3321 3135 3360 cor
3162 3308 3288 3363 illud
3332 3326 3523 3365 secun-

1959 3395 2086 3449 dum
2128 3396 2453 3463 Prophetam
2496 3397 2821 3451 conﬁrmare
2862 3399 3013 3453 novit
3053 3399 3119 3462 ιτ,
3159 3404 3297 3471 quod
3332 3419 3523 3472 purum

1957 3488 2229 3553 cﬂ‘eetum,
2287 3491 2448 3543 Deum
2499 3493 2674 3560 ipsum
2727 3494 2911 3568 videre
2961 3506 3143 3562 aptum
3198 3508 3301 3561 est,
3363 3500 3527 3568 idque

1959 3588 2157 3633 nostra:
2183 3581 2463 3633 rationalis
2490 3583 2685 3637 anima:
2712 3585 2973 3653 optimum
2994 3595 3147 3640 estet
3167 3589 3522 3657 altissimum;

1962 3670 2012 3721 in
2066 3687 2172 3738 quo
2229 3684 2443 3726 attenta:
2492 3675 2613 3728 vita:
2657 3675 2975 3743 igniculum,
3024 3687 3276 3749 tanquam
3333 3684 3526 3752 pignus

1959 3762 2231 3828 quoddam
2296 3765 2488 3818 l‘uturze
2548 3767 2991 3832 immortalitatis,
3052 3784 3145 3837 per
3200 3756 3525 3839 baptismum

1959 3853 2165 3912 datum,
2221 3868 2559 3919 permanere,
2604 3873 2792 3910 oumcs
2835 3859 3126 3913 credimus.
3190 3863 3528 3932 Quapropter

1959 3944 2154 4012 singuli
2185 3948 2378 3999 mentis
2408 3946 2557 3999 sinus
2592 3946 2671 4018 (ut
2694 3949 2923 4016 quisque
2948 3950 3525 4022 potest)explicantes,

1960 4052 2025 4090 ex
2087 4036 2386 4103 liujnsmodi
2448 4038 2601 4092 bonis
2653 4040 2865 4093 abunde
2909 4044 3252 4099 saturamini.
3305 4043 3525 4102 Utinam

1962 4143 2090 4181 vero
2122 4128 2271 4182 vobis
2311 4128 2448 4191 hare,
2505 4145 2610 4182 non
2664 4132 2833 4183 solum
2885 4133 3174 4200 voluptatis
3226 4138 3528 4205 sensibilis,

1964 4220 2286 4288 laudumque
2340 4231 2393 4274 et
2452 4222 2754 4288 plausuum,
2812 4240 2931 4292 quae
2973 4226 3040 4279 ab
3091 4242 3153 4282 ea
3204 4232 3524 4297 procedunt,

1965 4328 2128 4366 causa
2163 4314 2293 4375 sint,
2324 4314 2674 4381 auditumque
2706 4318 3077 4372 tantummodo
3107 4322 3401 4388 oblectent,
3434 4326 3527 4379 sed

290 4400 448 4451 αἴτια
483 4398 676 4468 μέχρις
705 4400 877 4468 ἀκοῆς
904 4400 1001 4469 τὴν
1035 4401 1224 4468 τέρψιν
1249 4403 1572 4472 παρέχοντα,
1608 4405 1741 4458 ἀλλὰ
1770 4408 1852 4458 καἸ

1967 4414 2019 4457 et
2047 4405 2329 4470 spirituale
2359 4405 2668 4458 alimentum
2704 4406 3017 4470 conferant;
3051 4411 3245 4479 quippe
3270 4386 3533 4481 qumpuse

293 4491 611 4557 πνεύματα
632 4490 733 4557 τῆς
756 4491 1127 4556 ἀπολαύσεως,
1152 4491 1229 4560 τῷ
1257 4493 1354 4562 τῆς
1379 4495 1557 4565 ψυχῆς
1588 4496 1740 4565 βάθει
1770 4501 1867 4568 τὴν

290 4580 567 4649 ὠφέλειαν
601 4581 805 4632 ἐνιέναι
862 4581 1157 4651 δυνάμενα,
1205 4584 1299 4636 καλ⁸
1342 4587 1417 4648 ὡς
1465 4590 1628 4657 πόρον
1662 4591 1864 4657 ἀγαθὸν

296 4674 617 4741 ἐνεργῆσαι,
682 4671 1107 4741 μυριοπλασίους
1157 4676 1524 4744 προϐάλλοντα
1558 4680 1685 4743 τοὺς
1731 4698 1866 4750 καρ-

297 4766 462 4826 πούς.
511 4764 772 4834 ’Δρκτέον
804 4764 850 4815 δ’
874 4764 1144 4819 ἐντεῦθεν.

371 4852 440 4921 β’.
468 4853 684 4919 Ταύτης
742 4852 1144 4921 θεοπροϐλήτου
1184 4857 1215 4925 ἡ
1256 4858 1352 4926 τῆς
1404 4858 1523 4910 καθ’
1578 4862 1723 4930 ἡμᾶς
1772 4867 1864 4917 καὶ

299 4944 557 5012 οὐρανίου
591 4942 891 5013 ἱερωσύνης
925 4944 1229 5014 θεοπρεπὴς
1253 4947 1420 5012 ὄντως
1453 4949 1577 5013 ἀξία
1609 4955 1640 5021 ἡ
1670 4956 1863 5007 πανόλ-

302 5036 416 5095 6:0;
442 5035 627 5102 χάρις,
662 5035 693 5101 ἡ
730 5032 985 5101 θεόσοφος
1012 5035 1313 5102 ἐπιστήμη,
1337 5036 1476 5089 Οεῖὀν
1502 5056 1549 5089 τι
1572 5042 1664 5091 καὶ
1694 5042 1789 5093 ὑπε
1803 5061 1863 5113 ρ-

305 5127 435 5192 φυὲς
468 5125 657 5195 χρῆμα
708 5123 1046 5194 καθέστηκεν
1084 5124 1147 5174 ἐκ
1191 5126 1289 5192 τῆς
1346 5126 1491 5186 θείας
1520 5129 1731 5194 φύσεως
1767 5134 1861 5202 τῆς

306 5220 474 5271 ἁῖδίου
507 5217 693 5287 πηγῆς
726 5220 944 5271 πάντων
972 5219 1081 5270 τῶν
1111 5217 1325 5287 ἀληθῶς
1351 5220 1567 5286 ἀγαθῶν
1602 5228 1862 5296 προερχό-

1966 4505 2112 4561 sunt,
2159 4498 2210 4549 in
2254 4497 2544 4551 secretiora
2582 4499 2775 4552 animae
2821 4500 3105 4555 utilitatem
3147 4504 3422 4569 invehere,
3466 4522 3530 4559 ac

1972 4588 2132 4642 veluti
2165 4588 2380 4642 uberem
2412 4588 2556 4643 ferre
2590 4602 2933 4657 proventum,
2974 4596 3065 4663 qui
3100 4596 3358 4651 inﬁnities
3390 4599 3531 4651 mul-

1969 4679 2235 4746 tiplicatos
2265 4678 2439 4731 reddit
2464 4679 2686 4733 fruetus.
2718 4682 2903 4736 Nostri
2930 4693 3105 4737 autem
3136 4687 3403 4741 sermonis
3429 4690 3532 4740 iiii-

1968 4772 2099 4823 tium
2135 4769 2239 4821 tale
2270 4771 2355 4825 sit.

2036 4864 2092 4917 2.
2139 4862 2379 4931 Dignitas
2420 4879 2546 4918 vere
2587 4865 2767 4919 divina
2816 4867 3050 4922 caelestis
3078 4869 3236 4938 hujus
3272 4871 3442 4924 nostri
3478 4880 3534 4926 et

1966 4955 2035 5010 ab
2071 4957 2183 5025 ipso
2210 4956 2317 5009 Deo
2350 4956 2661 5025 proﬂuentis
2695 4961 2982 5014 sacerdOIii
3008 4960 3316 5017 beatissima
3338 4966 3532 5032 gratia,

1967 5060 2017 5101 et
2046 5048 2134 5100 Dei
2161 5048 2443 5115 sapientia,
2470 5050 2711 5104 divinum
2736 5051 3027 5120 quoddam,
3057 5064 3110 5108 et
3146 5059 3532 5124 praestantissi-

1969 5153 2110 5189 mum
2153 5148 2234 5191 est
2265 5155 2479 5204 munus,
2521 5155 2547 5191 a
2578 5142 2754 5195 divina
2787 5151 2973 5195 natura
3001 5182 3016 5209 ,
3045 5154 3245 5199 :eterno
3291 5146 3531 5199 omnium

1968 5243 2092 5283 vere
2163 5231 2425 5284 honorum
2500 5232 2650 5286 fonte
2711 5236 3053 5301 proveniens,
3107 5244 3161 5290 et
3204 5236 3359 5290 nobis
3419 5235 3533 5289 sola

399 5400 443 5433 “
465 5382 613 5456 Psal.
650 5415 747 5464 cn,
794 5400 880 5456 10.
956 5401 1000 5434 "
1033 5401 1224 5456 lPetr.
1268 5415 1327 5466 ll,
1350 5401 1404 5454 2.
1478 5399 1522 5433 ⁸⁸
1547 5402 1709 5459 ilebr.
1740 5422 1789 5471 v,
1824 5409 1843 5461 1

1965 5426 2052 5481 qq.
2132 5412 2176 5445 ⁵⁷
2204 5412 2349 5468 Psal.
2391 5429 2508 5479 cur,
2546 5415 2635 5469 15.

379 5587 512 5669 (26).
550 5590 631 5641 Ad
663 5605 793 5657 opus
820 5588 1119 5679 perducere:
1168 5588 1384 5660 Legitur
1413 5590 1462 5645 in
1498 5590 1754 5648 Vaticano
1776 5594 1852 5646 ούε

1959 5613 1970 5658 ;
2005 5596 2166 5669 ἔργον
2201 5619 2312 5670 μοι,
2361 5604 2450 5659 scd
2478 5603 2635 5671 plane
2665 5606 2952 5677 depravati:
2985 5621 2999 5671 ;
3030 5602 3400 5660 substituimus
3426 5603 3539 5679 μὴ,

307 5657 382 5713 ita
410 5660 553 5713 enim
594 5672 787 5715 sensus
819 5660 916 5714 loci
950 5662 1199 5724 [)OslUial.
