3948 6200
377 238 485 310 327

1395 217 1890 290 TIIEOPIIANIS
1923 224 2044 283 EPI
2059 219 2273 282 SCOPI
2316 214 2601 283 ΝῙΟᾹΞΝΙ

3529 203 3630 276 328

378 367 465 412 est.
512 351 692 412 nobis,
735 343 1033 414 fratrisque
1085 341 1252 397 nostri
1290 355 1486 394 nomen
1529 348 1753 394 nonest
1795 335 1946 390 dedi-

2093 334 2157 402 ὺχ
2188 332 2518 402 ὁμοιούςιος,
2551 329 2668 384 ἀλλ’
2700 325 2986 397 ὁμοούσιος
3019 326 3152 394 ἡμῖν
3177 321 3321 375 κατὰ
3342 321 3403 374 τὸ
3424 323 3633 392 ἀνθρὼ-

380 457 598 514 gnatus,
638 439 1014 506 deiﬁcavitqne
1049 443 1317 500 sumptam
1365 433 1432 483 ab
1473 445 1532 483 se
1567 440 1803 483 nOStram
1854 445 1950 479 na-

384 547 583 595 turam,
619 532 672 584 itt
699 529 852 596 cujus
881 525 1273 595 assumptiouis
1296 538 1360 576 ac
1387 521 1791 576 communionis
1828 534 1954 585 par-

383 639 489 680 tem
545 638 642 676 nos
699 631 889 684 vocat;
951 628 1008 670 ut
1058 612 1538 685 quemadmodum,
1593 623 1812 681 accepta
1867 610 1958 664 ille

383 717 622 782 primum
673 722 864 764 natura
901 715 1112 769 nostra,
1153 709 1325 759 tactus
1359 716 1439 758 est
1473 719 1599 758 vere
1647 703 1830 766 homo,
1885 703 1957 755 ita

383 819 437 860 et
468 822 569 859 nos
602 818 822 858 carnem
851 802 970 868 ejus
1005 799 1309 852 deilicatam
1358 796 1772 866 participantes,
1808 793 1962 848 deiﬁ-

384 897 489 950 cati
549 893 658 961 (5t)
741 892 990 945 homines
1042 884 1363 947 efﬁciamur,
1419 900 1483 938 ac
1534 894 1819 954 propterea
1865 884 1958 937 Dei

385 987 478 1039 lilii
509 984 806 1039 secundum
853 981 1108 1048 gratiam,
1149 978 1324 1046 ipsius
1364 993 1492 1031 vero
1540 976 1736 1031 fratres
1764 991 1964 1030 secun-

385 1080 512 1131 dum
547 1091 765 1130 carnem
800 1073 913 1144 (32)
937 1111 953 1139 ,
983 1087 1086 1126 non
1128 1073 1303 1126 solum
1337 1071 1479 1139 quod
1512 1070 1704 1123 attinet
1745 1070 1810 1122 ad
1858 1068 1962 1121 hu-

388 1171 732 1234 manitatem,
754 1165 996 1220 eamdem
1015 1177 1079 1217 cu
1090 1179 1136 1215 ιιι
1162 1163 1280 1230 ipso
1299 1162 1658 1216 substantiam
1679 1162 1960 1222 habentes,

389 1261 485 1314 sed
522 1269 576 1313 et
610 1256 1044 1319 similitudinem,
1072 1265 1341 1323 quatenus
1388 1253 1673 1322 glorificati
1713 1268 1776 1306 ac
1809 1251 1966 1305 deifi-

388 1350 497 1404 cati
542 1363 772 1412 sumus,
833 1345 1023 1412 sicque
1079 1342 1394 1397 cohzeredes
1447 1341 1632 1409 gloria:
1685 1340 1854 1409 ipsius
1912 1348 1967 1391 et

393 1427 565 1510 regni.
601 1437 816 1499 ell'ecti,
866 1433 1009 1501 quod
1055 1433 1270 1501 quidem
1317 1430 1568 1483 humana:
1601 1427 1967 1497 dispensatio-

397 1533 477 1586 nis
517 1531 628 1600 (33)
660 1527 845 1592 Verbi,
871 1527 963 1580 Dei
986 1538 1038 1580 et
1064 1525 1304 1579 hominis
1328 1523 1559 1592 ejusque
1592 1522 1646 1575 in
1676 1536 1772 1575 nos
1803 1520 1965 1574 bene-

395 1622 522 1686 t‘tcii,
569 1620 712 1689 quod
755 1628 988 1673 mentem
1032 1631 1248 1672 omnem
1280 1625 1333 1671 et
1381 1629 1689 1670 sermonem
1723 1615 1962 1677 excedit,

2059 441 2214 475 πινον
2243 423 2440 476 ἑαυτοῦ
2477 420 2717 492 γεγονώς
2743 437 2756 450 ·
2791 419 2886 470 καὶ
2917 416 3145 485 ἀδελφὸς
3179 414 3337 484 ἡμῶν
3369 415 3633 483 κληθῆναι

2058 514 2522 580 καταδεξάμενος,
2550 512 2644 566 καὶ
2673 510 2884 570 θεὼσας
2904 506 3002 577 τὴν
3023 506 3466 576 προσληφθεῖσαν
3491 505 3636 574 αὐτῷ

2062 605 2183 659 καθ’
2213 605 2359 673 ἡμᾶς
2397 603 2562 673 φύσιν
2616 590 2976 672 μεταδίδωσιν
3021 601 3155 668 ἡμῖν
3202 601 3281 660 εἰς
3334 597 3637 668 μετάληψιν

2061 698 2250 750 τοότου
2278 699 2370 749 καὶ
2405 695 2718 758 κοινωνίαν,
2769 693 2836 746 ἵν’
2869 691 3059 760 ὥσπερ
3091 687 3283 761 πρῴην
3320 689 3640 757 μεταλαϐὼν

2067 792 2276 852 ἐκεῖνος
2333 789 2432 855 τῆς
2485 781 2761 856 ἡμετέρας
2824 784 3040 851 φύσεως
3088 783 3311 849 γέγονεν
3357 783 3642 851 ἄνθρωπος

2063 879 2299 949 ἀληθῶς,
2326 879 2468 931 οὕτω
2495 879 2590 930 καὶ
2619 876 2807 946 ἡμεῖς,
2847 874 3211 944 μετασχόντες
3249 873 3345 943 τῆς
3372 873 3646 942 τεθεωμὲ-

2065 991 2161 1043 νης
2209 973 2421 1024 ἐκείνου
2457 969 2677 1037 σαρκὸς,
2727 966 3020 1037 γενώμεθα
3059 962 3338 1037 ἄνθρωποι
3369 965 3646 1034 τεθεωμέ-

2065 1082 2163 1133 νης
2194 1063 2407 1117 ἐκείνου
2447 1060 2672 1132 σαρκὸς,
2721 1059 3010 1129 γενώμεθα
3048 1057 3328 1127 ἄνθρωποι
3373 1057 3649 1126 τεθεωμέ-

2067 1178 2148 1212 νοι
2175 1175 2189 1189 ·
2230 1159 2326 1211 καὶ
2356 1157 2444 1210 διὰ
2483 1157 2641 1209 τοῦτο
2675 1155 2783 1208 υἱοὶ
2817 1154 2916 1223 μὲν
2943 1152 3078 1206 Θεοῦ
3103 1152 3245 1206 κατὰ
3274 1152 3460 1222 χάριν,
3491 1151 3647 1206 ἀδελ.

2068 1253 2158 1317 φοὶ
2193 1248 2247 1302 δὲ
2285 1250 2450 1302 αὑτοῦ
2496 1249 2637 1302 κατὰ
2695 1247 2898 1316 σάρκα,
2934 1245 2995 1298 οὐ
3050 1247 3211 1314 μόνον
3259 1245 3472 1315 ἔχοντες
3507 1244 3650 1314 πρὶς

2069 1343 2232 1396 αὑτὸν
2257 1343 2318 1395 τὸ
2348 1341 2661 1412 ὀμοοὺσιον,
2684 1340 2828 1394 κατὰ
2847 1340 2905 1391 τὸ
2925 1337 3290 1408 ἀνθρώπινον,
3312 1337 3448 1389 ἀλλὰ
3476 1337 3570 1388 καὶ
3589 1337 3654 1387 τὸ

2068 1433 2276 1502 ὅμοιον,
2304 1432 2447 1485 κατὰ
2465 1432 2525 1484 τὸ
2558 1431 2948 1500 δεδοξασμένον
2969 1447 3027 1483 τε
3057 1430 3150 1482 καὶ
3167 1427 3525 1496 τεθεωμένον·
3558 1428 3655 1480 καὶ

2068 1521 2158 1577 διὰ
2187 1523 2348 1577 τοῦτο
2385 1506 2830 1594 συγκληρονόμοι
2865 1523 2965 1592 τῆς
2995 1524 3207 1577 ἐκείνου
3241 1523 3401 1593 δόξης
3441 1522 3536 1574 καὶ
3559 1526 3666 1591 βασ-

2073 1617 2278 1678 σιλείας
2302 1617 2662 1686 ὑπάρχοντες,
2691 1617 2831 1687 ὅπερ
2863 1616 2978 1670 ἐστὶ
3014 1615 3243 1678 τὸτέλος
3276 1617 3375 1684 τῆς
3397 1617 3538 1668 κατὰ
3560 1616 3657 1667 τὸν

397 1684 518 1766 linis
551 1684 657 1766 est.
695 1711 764 1764 At
795 1711 940 1772 vide,
981 1711 1250 1778 quomodo
1301 1707 1656 1762 multiformis
1711 1707 1830 1776 ejus
1879 1722 1961 1760 sav

2089 1708 2361 1778 ἱνθρωπον
2405 1684 2724 1778 οἰκονομίας
2773 1684 2868 1761 τοῦ
2916 1707 3269 1778 θεανθρώπου
3313 1709 3522 1775 Λόγου,
3560 1710 3661 1761 καὶ

392 1804 596 1874 picntia
647 1801 750 1855 tale
781 1816 920 1870 opus
956 1803 1063 1856 Deo
1092 1815 1218 1856 vere
1261 1801 1482 1868 dignum
1518 1810 1794 1868 Operatur.
1829 1800 1964 1855 Cum

393 1916 423 1950 a
456 1905 677 1966 peccato
715 1893 1050 1950 Confractam
1086 1891 1200 1965 (54)
1235 1894 1537 1952 invenisset
1569 1907 1722 1947 suam
1769 1893 1968 1964 imagi-

400 2069 518 2106 mus
549 2053 601 2105 in
635 2051 862 2121 Dialogo
895 2058 1084 2106 contra
1114 2048 1512 2121 Luciferianos,
1559 2050 1648 2118 qui
1684 2060 1864 2121 tamen
1895 2048 1978 2117 (ut

400 2124 454 2175 in
484 2121 720 2175 Luciferi
759 2119 899 2176 netis
920 2119 1258 2189 demonstro)
1293 2135 1401 2189 non
1436 2123 1568 2174 satis
1597 2120 1978 2189 [hereticorum

403 2193 700 2245 versutiam
735 2192 890 2244 nobis
950 2186 1437 2257 explicuit.'liecte
1482 2201 1635 2244 notat
1665 2200 1825 2257 vetus
1874 2186 1972 2257 Na-

401 2263 646 2314 zianzeui
673 2254 1035 2320 scholiastcs,
1059 2260 1111 2310 in
1137 2259 1389 2312 oratione
1419 2260 1475 2320 5,
1507 2277 1533 2309 a
1560 2263 1769 2311 tversus
1802 2254 1978 2309 Julia-

404 2336 554 2392 imm,
583 2338 802 2383 sanctos
829 2330 1146 2396 scriptores,
1186 2329 1228 2380 si
1263 2330 1480 2395 quando
1512 2328 1747 2390 Verbum
1811 2325 1982 2396 simile

406 2400 558 2452 Patri
593 2402 800 2460 dicunt,
835 2393 1033 2451 addere
1056 2413 1148 2463 per
1183 2393 1383 2457 omnia.
1412 2399 1454 2449 si
1489 2400 1836 2451 simulacrum
1874 2393 1981 2447 Pa-

403 2471 503 2523 tris
537 2479 756 2527 vocant,
785 2467 1084 2536 adjungere
1105 2467 1163 2518 τὸ
1186 2465 1623 2534 ἀπαράλλακτον.

478 2539 592 2607 (51)
627 2535 864 2607 Dei/ient.
918 2536 982 2607 Et
1015 2537 1518 2607 phrasinhanc,_et
1539 2535 1864 2607 sententiam
1897 2547 1984 2607 re_-

407 2602 542 2674 petit
573 2602 731 2674 saape
757 2606 1120 2672 Theophanes
1169 2605 1221 2656 in
1250 2605 1350 2657 hac
1380 2605 1631 2672 epistola.
1661 2604 1775 2658 Nos
1807 2602 1975 2660 sencl

407 2679 668 2732 lectorem
732 2676 1068 2728 admonitum
1128 2674 1397 2737 volumus,
1443 2689 1550 2726 non
1603 2689 1726 2728 esse
1778 2686 1978 2726 novum

409 2745 662 2815 loquendi
691 2743 922 2815 modum
944 2742 1086 2815 apud
1112 2744 1400 2811 antiquos,
1429 2754 1482 2815 et
1517 2753 1735 2815 sanctos
1769 2740 1980 2815 Patres,

409 2836 441 2869 e
472 2810 712 2885 quorum
738 2813 954 2885 scriptis
983 2813 1149 2885 multa
1180 2810 1491 2885 testimonia
1519 2810 1976 2885 adducerelacile

411 2880 573 2939 esset.
611 2882 718 2936 Sed
748 2896 814 2935 ex
850 2881 1053 2934 Grecis
1079 2880 1507 2942 Nazianzenum,
1538 2897 1601 2934 ex
1632 2882 1837 2934 nostris
1869 2883 1980 2931 Au-

413 2954 684 3018 gustinum
725 2952 922 3004 citasse
949 2950 1189 3004 contenti
1220 2955 1444 3003 erimus.
1481 2951 1574 3004 llis
1603 2953 1750 3005 enim
1788 2964 1985 3003 navar-

2077 1803 2175 1871 τῆς
2205 1802 2342 1872 πρὸς
2372 1803 2534 1855 αὐτὸν
2569 1803 2709 1873 ὑπὲρ
2734 1805 2916 1854 πάντα
2956 1802 3081 1854 νοῦν
3109 1803 3204 1855 καὶ
3247 1802 3404 1868 λόγον
3437 1803 3662 1872 εὐεργε-

2079 1892 2200 1956 σίας
2232 1893 2420 1948 αὐτοῦ.
2472 1887 2613 1946 Ἀλλ’
2646 1893 2746 1964 ὅρα
2799 1885 2917 1958 πῶς
2952 1894 2984 1963 ἡ
3026 1893 3404 1958 πολυποίκιλος
3443 1895 3661 1948 ἐκείνου

2079 2057 2171 2109 bit.
2205 2052 2807 2120 IdemChrysostomus,
2837 2052 2891 2104 in
2910 2049 3152 2119 Epistola
3187 2051 3254 2104 ad
3285 2049 3661 2119 Colossense’s,

2080 2142 2206 2194 cap.
2234 2139 2294 2187 ιι,
2329 2135 2494 2191 atque
2543 2121 2700 2194 alibi,
2735 2123 2784 2194 i_n
2819 2123 2958 2175 hanc
3008 2122 3465 2194 significationem
3527 2138 3666 2179 voce

2081 2189 2180 2250 hac.
2222 2209 2351 2246 usus
2407 2189 2513 2245 est.
2585 2189 2763 2242 Latini
2811 2207 2918 2244 non
2977 2191 3149 2244 solum
3191 2192 3660 2259 dispensationem,-

2080 2263 2282 2318 Chrisli
2313 2260 3061 2332 incarnationemprocarnnt.
3083 2269 3139 2312 ut
3162 2261 3444 2332 interpres,
3474 2279 3592 2332 cap.
3620 2283 3665 2329 ι,

2081 2335 2147 2388 ad
2184 2333 2473 2399 Ephesios,
2510 2329 2617 2382 illis
2647 2328 2826 2399 verbis
2858 2347 2870 2383 :
2913 2328 2979 2381 In
3011 2330 3402 2397 dispensatione
3435 2328 3666 2385 olentia-4

2089 2397 2578 2468 diuis—temporum;
2605 2409 2659 2451 et
2691 2397 2951 2461 Hilarius,
2989 2400 3079 2452 lib.
3109 2414 3245 2452 xxu.
3279 2399 3355 2451 De
3384 2399 3663 2468 Trinitate,

2095 2490 2218 2526 cum
2253 2471 2329 2523 ait
2362 2487 2376 2523 :
2412 2469 2517 2524 Sed
2575 2477 2631 2520 ut
2684 2469 3037 2531 superioribus
3074 2469 3221 2522 libris
3252 2471 3524 2524 docuimus
3555 2475 3670 2526 dis-

2091 2541 2452 2609 pensationem
2517 2538 2774 2609 ass_umpti
2833 2540 3065 2604 carparis
3090 2539 3364 2609 (ltitereticii)
3422 2543 3664 2607 rapiunt,

2080 2606 2148 2666 ad
2182 2609 2551 2664 contumeliam
2590 2606 2889 2660 Divinitalis
2930 2626 2943 2662 :
2978 2617 3030 2662 et
3076 2608 3214 2661 infra
3255 2627 3267 2661 :
3302 2608 3413 2661 Nec
3455 2606 3668 2678 dispené

2081 2683 2218 2736 satio
2255 2681 2436 2747 afferet
2467 2691 2720 2730 errorem.
2766 2687 2818 2730 et
2845 2679 3045 2744 passim
3072 2691 3087 2742 ;
3150 2681 3243 2732 sed
3274 2691 3326 2733 et
3364 2684 3667 2735 a’conomite

2081 2766 2270 2822 vocem
2312 2751 2647 2822 retinuerunt
2689 2748 2740 2822 in
2775 2747 3046 2822 _eutudem_
3074 2762 3335 2822 _sensum,
3373 2749 3666 2822 Hierony—

2085 2837 2204 2876 mus
2256 2819 2307 2871 in
2364 2816 2588 2884 cpistola
2661 2818 2726 2868 ad
2774 2814 3203 2884 Pantiniachimn.
3262 2831 3312 2870 et
3364 2814 3665 2884 Oceanum,

2086 2892 2311 2958 loquens
2337 2883 2409 2939 de
2429 2884 2721 2958 Apollinari
2754 2901 2773 2958 :_
2805 2883 2862 2937 Is
2891 2887 3115 2958 (inquit)
3131 2887 3482 2958 dimidiatam
3509 2887 3664 2942 Chri~

2093 2956 2170 3012 sti'
2192 2957 2489 3010 introduxit
2521 2956 2999 3027 wconoiniamsea
3021 2956 3218 3027 scilicet
3255 2961 3483 3024 ratione,
3515 2963 3662 3027 quod

412 3009 534 3076 aliis
569 3021 1106 3091 secutitranahintus
1155 3019 1526 3091 dilficultatum
1562 3019 1989 3087 theologicarum
2015 3009 2061 3070 C
2094 3009 2326 3083 giving...
2357 3041 2632 3089 personam
2667 3022 2863 3077 Christi
2885 3009 3096 3078 Ἰιοηιίιιὶ
3123 3030 3346 3091 negavit,

417 3094 674 3148 tortices.
715 3090 834 3142 Non
867 3091 1107 3157 rapinam
1142 3090 1342 3158 (inquit
1369 3089 1699 3156 Augustinus
1733 3093 1784 3141 in
1813 3103 1975 3142 enar-

419 3163 627 3214 ratione
650 3160 840 3228 psalmi
884 3160 1058 3228 cxx1,)
1094 3158 1385 3213 arbitratus
1415 3171 1489 3212 est
1543 3158 1810 3222 Christus,
1871 3171 1980 3210 esse

413 3231 629 3299 (aqualis
680 3231 806 3283 Deo.
833 3228 897 3283 Ut
931 3239 1103 3282 autem
1137 3242 1193 3281 tu
1221 3229 1475 3295 efﬁciaris
1509 3231 1791 3298 particeps,
1811 3229 1864 3280 in
1901 3229 1978 3287 itl,

415 3306 589 3372 {actus
640 3311 712 3354 est
748 3302 856 3372 ipse
909 3301 1056 3367 prior
1105 3300 1365 3372 particeps
1416 3303 1512 3372 tui,
1564 3309 1618 3372 et
1651 3301 1701 3351 in
1756 3313 1977 3372 cxxxiii

419 3367 726 3440 psalmum:
762 3367 866 3422 Illa
899 3372 1115 3440 (inquit)
1143 3369 1393 3421 dit-initas
1426 3367 1575 3421 Patri
1597 3369 1813 3437 aqualis
1837 3369 1983 3440 facta

417 3451 516 3499 est,
554 3439 812 3506 particeps
868 3447 1062 3492 nostra:
1098 3439 1461 3498 mortalitatis,
1497 3454 1598 3490 non
1650 3440 1712 3489 de
1739 3455 1852 3499 suo,
1891 3439 1980 3488 sed

417 3512 480 3562 de
508 3521 708 3571 nostra,
740 3520 794 3560 ut
826 3520 876 3562 et
907 3527 998 3562 nos
1020 3509 1346 3576 efﬁcerentur
1373 3510 1653 3573 participes
1685 3507 1982 3559 divinitatis

420 3580 556 3646 ejus,
593 3594 693 3630 non
735 3581 798 3631 de
830 3589 1029 3644 nostro,
1071 3579 1162 3630 sed
1203 3579 1266 3629 de
1302 3579 1484 3642 ipsius.
1536 3576 1732 3631 Notum
1770 3586 1822 3630 et
1856 3578 1982 3628 illud

425 3648 612 3701 homil.
640 3649 693 3710 9,
725 3649 792 3702 de
825 3648 1119 3702 Nativitate
1147 3664 1162 3701 :
1192 3647 1384 3700 Factus
1431 3656 1507 3700 est
1540 3648 1676 3700 Deus
1717 3647 1891 3710 homo,
1926 3653 1982 3695 ut

421 3722 577 3770 homo
635 3719 779 3786 ﬁeret
842 3718 1007 3772 Deus.
1066 3717 1462 3779 Nazianzenus,
1521 3716 1579 3769 in
1632 3718 1881 3769 oratione
1930 3715 1984 3766 in

425 3789 650 3851 l’asclta,
688 3788 782 3840 καὶ
804 3791 882 3849 εις
907 3790 1004 3857 τὴν
1031 3787 1358 3857 βραδύτητα.
1415 3787 1594 3840 Simus
1657 3786 1890 3857 (inquit)
1911 3792 1984 3857 ut

422 3856 690 3921 Christus,
722 3853 972 3926 quoniam
1006 3853 1485 3924 Christusqnoque
1525 3853 1675 3909 sicut
1706 3871 1816 3907 nos.
1850 3853 1986 3921 [Cf/i-

425 3943 630 3979 ctamur
685 3928 762 3978 dii
822 3938 1029 3993 propter
1058 3930 1262 3994 ipsum,
1313 3926 1562 3992 quoniam
1623 3927 1730 3993 ipse
1784 3939 1986 3992 quoque

425 4006 640 4064 propter
672 4013 764 4049 nos
818 3991 993 4050 homo.
1040 3991 1102 4049 Et
1135 3999 1187 4049 in
1220 3991 1620 4062 elegantissima
1644 3991 1903 4046 oratione
1933 3997 1983 4044 in

430 4071 642 4118 tandem
677 4067 899 4118 Ctesarii
933 4069 1117 4120 t'ratris
1154 4083 1167 4118 :
1201 4064 1333 4118 Cum
1359 4064 1564 4115 Christo
1597 4064 1814 4130 (inquit)
1844 4077 1989 4128 sepe-

429 4137 636 4187 tiri‘me
667 4147 892 4201 oportet,
921 4151 1039 4187 cum
1069 4136 1276 4189 Christo
1311 4134 1567 4200 refugere,
1598 4132 1795 4186 Christi
1822 4136 1989 4183 calta:-

429 4207 604 4256 retlem
643 4220 771 4266 esse,
812 4202 1014 4254 Filium
1051 4203 1171 4265 Dei,
1225 4218 1378 4272 atque
1418 4202 1547 4254 adeo
1583 4201 1752 4254 Deum
1791 4202 1987 4272 ipsum.

437 4274 565 4326 Vide
621 4273 840 4326 Patrum
898 4268 1338 4334 commentarios,
1401 4272 1568 4324 Exod.
1619 4285 1732 4336 ut,
1780 4284 1913 4334 uti,
1948 4268 1986 4320 l.

434 4344 638 4407 ltegtnn
674 4355 759 4404 vt;
791 4341 933 4394 Psal.
969 4356 1191 4407 cxxxw,
1222 4356 1420 4395 cxxxv.

505 4410 617 4479 (32)
655 4411 954 4464 Secundum
998 4427 1228 4464 carnem.
1285 4409 1580 4464 Vaticanus
1621 4409 1784 4462 αὐτοῦ
1833 4409 1994 4478 μόνον

434 4489 541 4552 etc.
579 4481 960 4552 MessanenSIs,
997 4498 1061 4535 ex
1096 4495 1204 4550 quo
1235 4480 1604 4552 SUpplCVltltUS
1635 4479 1802 4533 αὑτοῦ
1853 4479 1997 4532 κατὰ

437 4549 635 4617 σάρκα,
666 4551 729 4602 οὐ
772 4551 955 4619 μόνον,
975 4561 1081 4606 etc.

511 4622 622 4689 (53)
667 4618 1111 4690 Dispensationis.
1154 4621 1375 4690 Antiqui
1409 4618 1578 4675 Graeci
1616 4619 1802 4677 Patres
1835 4623 1998 4678 vitam

436 4691 639 4746 Christi
679 4695 730 4746 in
765 4692 1095 4756 universum,
1132 4697 1482 4759 actionesque
1507 4691 1650 4752 illius
1682 4693 1999 4760 οἰκονομίαν

439 4773 810 4826 vocaverunt;
847 4763 896 4814 in
920 4778 1078 4829 quem
1111 4777 1328 4816 sensum
1359 4764 1524 4828 .apud
1582 4759 1999 4826 DamaSCcnmn,

441 4832 539 4884 lib.
577 4848 635 4885 ιιι
672 4850 685 4886 :
717 4832 1045 4900 ὀρθοδοξίας,
1079 4831 1392 4899 οἰκονομίας
1435 4833 1738 4900 μυστήριον
1784 4832 2001 4900 legitur,

443 4901 570 4954 etin
596 4901 818 4964 Basilio,
848 4904 899 4954 in
924 4901 1157 4969 Epistola
1188 4906 1252 4956 ad
1279 4902 1664 4963 (lacSat-ienses,
1689 4911 1850 4968 atque
1873 4903 2000 4956 alibi

445 4969 776 5038 frequenter.
808 4970 1070 5025 Cancrum
1099 4988 1219 5023 cttttt
1269 4976 1406 5023 inter
1433 4973 1614 5023 omnia
1645 4971 1847 5024 Ultrtsti
1877 4988 2006 5040 ope-

447 5055 530 5101 ra,
556 5043 847 5093 inaxintunt
887 5051 941 5094 et
968 5042 1466 5108 prastantissimum
1500 5042 1660 5094 fuerit
1685 5042 2003 5107 incarnano,

447 5111 653 5180 factum
689 5120 789 5173 εει,
823 5119 877 5163 ιιι
898 5111 1041 5162 κατὰ
1070 5111 1283 5180 ἐξοχὴν,
1314 5110 1594 5180 οἰκονομία
1621 5113 1692 5164 sit
1719 5113 2006 5179 άνθρώπη-

448 5195 558 5242 σις.
593 5178 1015 5249 Chrysostomus
1039 5219 1053 5242 ,
1089 5198 1148 5249 ιιι
1183 5178 1302 5247 cap.
1334 5179 1421 5242 15,
1453 5186 1518 5232 ad
1558 5180 1803 5233 Corinth.
1827 5178 1856 5233 ⁷ι
1893 5178 2008 5231 Ali-

449 5259 530 5302 ter
561 5248 777 5320 (inquit)
807 5251 1040 5319 loquitur
1074 5248 1299 5314 Paulus,
1332 5251 1544 5320 quando
1578 5253 1640 5302 de
1672 5253 1788 5302 sala
1816 5252 2010 5304 divini-

447 5330 556 5373 tate
585 5321 832 5389 loquitur,
867 5330 915 5373 et
970 5321 1126 5372 aliter
1172 5332 1382 5388 quando
1405 5324 1470 5372 de
1507 5321 1860 5388 (οἰκονομίας)
1897 5325 2007 5371 dis-

447 5394 772 5457 pensatione.
807 5392 875 5446 Et
926 5390 1193 5444 inferius:
1243 5389 1519 5443 Videamus
1564 5405 1682 5458 ergo
1717 5393 1798 5440 Inc
1854 5407 1921 5441 an
1951 5397 2012 5442 de

450 5461 568 5512 sola
628 5460 904 5514 divinitate
963 5459 1299 5528 loquatur,i)
1349 5463 1500 5528 p.3th
1553 5459 1655 5526 τῆς
1703 5460 2013 5527 οἰκονομίας

454 5531 814 5595 ἀποφαίνεται
853 5533 983 5598 περὶ
1037 5529 1205 5582 αὑτοῦ
1266 5527 1439 5582 ταντα
1478 5527 1622 5596 tit-asp
1693 5529 1878 5596 φησίν,
1938 5532 2014 5582 vel

454 5609 708 5661 quantum
741 5602 808 5653 ad
846 5600 1289 5667 dispensationem
1334 5602 1394 5650 de
1421 5601 1528 5667 ipso
1557 5606 1714 5663 dicat,
1739 5616 1852 5666 qna'
1886 5607 2026 5650 εει-ις

2157 3100 2268 3169 (Si)
2327 3095 2698 3169 Confractam,
2757 3093 2942 3169 licente
2970 3095 3322 3169 confractum
3355 3096 3414 3169 in
3456 3097 3672 3169 Atlatno

2085 3161 2179 3238 per
2218 3161 2495 3238 peccatum
2543 3163 2826 3238 imaginem
2855 3161 2964 3225 Dei,
2993 3179 3094 3238 non
3122 3165 3555 3238 veroa‘boLitam,
3587 3168 3667 3220 si-

2088 3233 2446 3291 militudinem
2480 3247 2605 3286 vero
2645 3234 2868 3304 penitus
2899 3233 3345 3304 amissam,disit
3383 3233 3673 3304 TheOpha-

2087 3324 2228 3369 nes;
2292 3321 2412 3357 nam
2459 3318 2582 3356 cum
2622 3301 2696 3354 illi
2748 3303 3018 3368 supererit
3068 3302 3445 3357 intellectualis
3495 3301 3668 3367 mens,

2085 3392 2246 3446 quam
2278 3374 2346 3446 ad
2372 3372 2450 3426 sui
2482 3371 2760 3446 eseinplar
2795 3372 2997 3446 crearit
3025 3371 3238 3446 Qpil'ex,
3268 3374 3463 3446 amissa
3493 3375 3668 3441 gratia

2087 3440 2366 3512 deperdita
2405 3442 2739 3512 quidemest
2779 3440 3095 3512 similitudo,
3148 3456 3268 3504 quae
3324 3443 3374 3492 in
3414 3440 3674 3494 innecen-

2085 3517 2158 3569 tia
2189 3515 2536 3574 consistebat,
2562 3520 2613 3563 et
2641 3511 2816 3574 itnago
2835 3511 2970 3576 ipsa,
2998 3525 3118 3577 qua:
3147 3520 3442 3572 manserat,
3472 3512 3540 3562 ita
3569 3514 3670 3562 oh-

2089 3596 2302 3639 scurata
2332 3593 2489 3648 atque
2512 3579 2833 3640 deformata,
2868 3590 2921 3631 ut
2955 3581 3260 3632 necessario
3285 3579 3672 3634 reformatione

2091 3655 2373 3718 indigeret.
2395 3650 2484 3705 Sic
2513 3651 2744 3714 explicat
2800 3648 3150 3716 Augustinus,
3200 3649 3293 3702 lib.
3329 3648 3362 3699 2
3392 3648 3673 3718 Βακτρια-

2089 3725 2311 3782 tionum,
2345 3737 2461 3773 eam
2497 3718 2846 3782 sententiam,
2886 3734 3043 3784 quant
3079 3719 3168 3770 lib.
3205 3719 3256 3771 6.
3290 3723 3353 3771 de
3387 3717 3574 3772 Genesi
3601 3719 3672 3770 ad

2093 3796 2348 3854 litteram,
2379 3804 2502 3856 cap.
2527 3788 2596 3840 27
2615 3798 2669 3842 et
2693 3788 2782 3850 28,
2802 3789 2851 3838 in
2885 3789 2987 3839 hoc
3006 3787 3235 3840 articulo
3263 3791 3582 3855 scripserat;
3614 3799 3673 3842 ut

2089 3864 2354 3915 scliberet
2385 3860 2452 3912 ab
2481 3857 2726 3924 Origcnis
2745 3871 2927 3926 errore
2953 3857 3003 3908 in
3032 3857 3432 3911 Commentario
3479 3861 3675 3926 capitis

2095 3947 2151 3983 ιιι
2183 3933 2478 3991 Ueneseos,
2527 3927 2613 3978 ubi
2635 3993 2644 3995 _
2668 3925 2940 3977 naturalia
2971 3937 2989 3995 (
3016 3941 3070 3976 nt
3109 3929 3344 3995 vocant)
3376 3925 3675 3993 perdidisse

2091 4006 2254 4054 etiam
2309 4000 2568 4050 Adamum
2617 3993 2794 4050 docet.
2844 3993 3012 4059 Quam
3063 3995 3288 4064 haeresim
3328 3993 3676 4064 Epiphanius

2091 4068 2315 4128 detexit.
2345 4078 2399 4120 et
2433 4064 2758 4134 improbavit
2790 4064 2841 4116 itt
2886 4065 3120 4134 epistola"
3141 4067 3206 4115 ad
3243 4063 3506 4120 JOannem
3537 4065 3669 4118 Ilie-

2097 4133 2561 4206 roSonmitanutu,
2585 4137 2651 4187 ab
2675 4134 2999 4206 llieronymo
3023 4135 3074 4187 in
3103 4133 3348 4187 Latinum
3373 4149 3675 4188 sermonem

2094 4203 2380 4261 conversa.
2447 4204 2615 4258 Porro
2677 4203 2745 4254 de
2801 4204 3034 4270 imagine
3091 4218 3144 4256 et
3185 4207 3562 4267 siunlituditae,
3612 4222 3676 4256 co

2099 4279 2276 4338 modo,
2333 4289 2438 4344 quo
2519 4275 2776 4334 diximus,
2826 4272 3080 4340 acceptis,
3137 4276 3436 4342 theologice
3491 4277 3677 4344 scribit

2027 4344 2070 4398 ι)
2104 4343 2425 4406 Bernartius,
2453 4357 2701 4397 sermone
2733 4357 2770 4400 ι,
2810 4343 2874 4394 de
2906 4344 3330 4396 Annuntialionc
3354 4345 3523 4397 beata:
3559 4343 3678 4395 Vir-

2100 4417 2241 4484 ginis
2274 4415 2468 4476 Mariae,
2508 4414 2557 4464 in
2588 4411 2729 4463 hunc
2759 4413 2971 4484 modum
3001 4430 3013 4464 :
3044 4412 3153 4480 Ego
3187 4414 3420 4464 divinam
3448 4416 3684 4465 arbitror

2099 4482 2211 4537 esse
2249 4486 2553 4552 imaginem,
2597 4496 2713 4548 qua:
2750 4482 2997 4532 nimirum
3040 4499 3141 4534 non
3170 4493 3362 4535 assuta
3397 4485 3487 4533 sed
3519 4485 3681 4534 insita

2101 4571 2254 4622 atque
2291 4551 2386 4621 ipsi
2411 4555 2659 4618 impressa
2690 4560 2912 4612 natnrte,
2945 4551 3107 4604 dividi
3160 4553 3430 4622 scintlique
3458 4569 3557 4604 non
3594 4569 3688 4618 po-

2105 4621 2221 4678 test.
2265 4627 2343 4676 Atl
2373 4625 2653 4689 imaginem
2679 4635 2856 4688 nempe
2882 4634 2930 4672 et
2960 4621 3356 4674 sintilitudinem
3387 4621 3480 4673 Dei
3511 4623 3687 4690 [artus

2100 4693 2368 4752 esthomo.
2389 4695 2441 4743 in
2467 4691 2692 4756 imagine
2719 4692 2929 4742 arbitrii
2961 4692 3277 4751 libertatem,
3339 4695 3552 4743 virtutes
3593 4692 3686 4742 hn-

2104 4763 2225 4815 bens
2253 4764 2305 4815 in
2344 4760 2734 4820 similitudine;
2763 4770 2807 4810 et
2837 4761 3127 4814 similitudo
3157 4763 3360 4830 quidem
3391 4763 3565 4827 periit,
3606 4779 3682 4814 rc-

2105 4842 2397 4885 rumtatnen
2418 4835 2470 4882 in
2487 4831 3014 4899 imaginepcrtranstt
3035 4835 3184 4883 homo
3207 4845 3224 4882 :
3242 4835 3410 4899 imago
3433 4833 3692 4896 siquidem

2105 4904 2159 4955 in
2206 4903 2438 4971 ge/tenna
2460 4901 2602 4971 __-ipsa
2640 4898 2720 4948 nri
2757 4911 2968 4965 potent,
3003 4917 3105 4952 non
3152 4916 3320 4963 exuri,
3353 4898 3569 4965 iarderi,
3600 4906 3691 4952 sed

2106 4968 2416 5025 non—deleri.
2447 4968 2573 5022 Hice
2597 4983 2717 5036 ergo
2739 4983 2839 5018 non
2862 4972 3139 5034 scinditur,
3159 4972 3248 5022 sed
3271 4971 3405 5037 ferte
3431 4976 3694 5038 ριηιωιιι,

2106 5055 2155 5095 et
2215 5056 2520 5110 quocunque
2573 5037 2859 5110 perveniat,
2905 5040 3086 5092 anima
3117 5041 3274 5092 simul
3315 5053 3361 5092 et
3417 5037 3529 5106 ipsa
3567 5046 3692 5094 erit.

2112 5109 2256 5164 Nam
2303 5113 2591 5164 similitudo
2642 5121 2742 5157 non
2776 5109 2874 5170 sic,
2924 5109 3013 5160 sed
3072 5125 3163 5161 ant
3209 5120 3382 5162 ntanet
3433 5113 3486 5162 in
3533 5113 3694 5173 bono,

2110 5194 2201 5232 aut
2245 5183 2288 5234 si
2337 5179 2621 5248 peccaverit
2670 5176 2867 5241 anima,
2903 5187 3140 5230 mutatur
3189 5180 3559 5233 miserabititer
3605 5183 3700 5248 ju-

2111 5253 2297 5303 mentis
2332 5247 2695 5315 insipientibus
2742 5249 2977 5299 similata
3005 5288 3017 5301 .
3050 5251 3325 5304 Hactenus
3361 5247 3696 5304 Bernartius.

2113 5317 2226 5372 Non
2271 5330 2445 5372 tamen
2494 5318 2870 5387 dubitaretur,
2923 5331 2982 5370 ιιι
3015 5321 3080 5371 ad
3134 5319 3420 5387 Ot'igencm
3458 5321 3698 5380 redeant,

2114 5404 2269 5457 posse
2308 5389 2445 5440 illius
2488 5390 2650 5459 Verba
2681 5385 2904 5459 inpium
2963 5404 3184 5442 sensum
3232 5385 3530 5458 explicari,
3560 5406 3701 5459 prae-

2114 5453 2299 5511 serum
2329 5473 2449 5510 cum
2484 5457 2684 5508 inaliis
2711 5453 2962 5511 Patribus
3023 5472 3132 5511 non
3190 5453 3354 5512 mulio
3413 5453 3701 5513 dissimilia

2118 5532 2470 5592 reperiantur.
2499 5529 2730 5584 lrcnaeus
2753 5527 2920 5593 enim,
2958 5529 3047 5580 lib.
3082 5544 3142 5581 ιιι
3179 5546 3296 5595 cap.
3329 5530 3419 5596 ‘20,
3472 5528 3535 5582 Ut
3562 5531 3701 5597 quod

2115 5599 2513 5666 perdideramus
2561 5601 2582 5666 (
2617 5608 2688 5648 ait
2719 5602 2737 5668 )
2779 5599 2830 5650 in
2862 5601 3064 5652 Adamo
3097 5601 3372 5668 (loquitur
3413 5603 3476 5655 de
3523 5602 3706 5654 incar-

3781 4045 3792 4150 ἰ
