3948 6200
434 327 540 396 321

1455 325 1950 387 THEOPHANIS
1993 323 2340 386 EPISCOPI
2387 325 2676 385 Nici-ENI

3585 332 3681 394 {=32

436 447 670 517 primum
712 457 773 497 ac
795 442 1093 497 secundum
1123 447 1364 494 ventrem
1396 456 1411 504 ;
1449 449 1598 495 tanto
1631 444 1773 494 enim
1822 456 2007 495 serun-

2123 438 2260 507 μετὰ
2295 439 2531 501 πίστεως
2565 441 2655 491 καὶ
2689 441 2835 503 υἱοὺς
2870 440 2970 509 μὲν
3002 441 3158 504 Θεοῦ,
3188 443 3448 512 ἀδελφοὺς
3475 441 3529 496 δὲ
3559 445 3680 514 Χρι·

437 544 562 605 dus,
598 552 790 605 nempe
829 535 951 589 fons
979 536 1032 588 in
1073 547 1180 600 quo
1212 546 1617 601 regeneramur,
1657 547 1779 587 cum
1814 531 2012 598 primo,

437 632 528 699 qui
567 630 774 683 scilicet
803 638 856 679 et
880 626 1044 678 Deum
1082 624 1297 693 excepit
1343 634 1398 678 ct
1458 625 1713 693 peperit,
1751 623 2014 690 dignitate

332 762 347 777 .
439 720 886 790 ittcmnparahilis
917 727 1020 780 est,
1051 728 1251 784 quanto
1302 714 1560 771 Dominus
1601 716 1692 784 qui
1737 730 1800 768 ex
1837 715 2014 784 primo

438 826 598 869 natus
650 821 753 878 est,
803 811 970 879 major
995 819 1077 863 est
1109 810 1173 864 iis
1205 809 1296 879 qui
1333 823 1399 863 ex
1426 807 1598 862 altero
1632 818 2011 871 renascuntur,

438 909 545 960 imo
588 919 718 958 vero
776 913 828 955 et
871 901 1061 968 magis.
1097 899 1232 953 Nam
1265 900 1354 966 qui
1407 914 1470 954 ex
1504 901 1742 952 secundo
1787 911 2012 964 regene-

440 1008 652 1061 rantur,
687 995 884 1048 fratres
911 994 1079 1060 illius,
1105 993 1192 1061 qui
1218 1007 1281 1046 ex
1313 992 1488 1060 primo
1516 1000 1671 1044 natus
1707 999 1808 1050 est,
1838 1001 1891 1042 et
1921 988 2010 1042 Dei

438 1090 532 1143 filii
596 1088 894 1142 secundum
959 1083 1190 1152 gratiam
1253 1080 1585 1144 eﬂiciuntur,
1637 1089 1690 1131 at
1740 1081 2012 1133 secundus

436 1184 623 1236 alveus
655 1195 774 1235 cum
801 1179 974 1245 primo
999 1175 1204 1227 nullam
1232 1172 1396 1227 talem
1423 1173 1588 1227 habet
1607 1171 2008 1241 cognationem.

434 1276 574 1342 Quin
611 1274 719 1327 imo
746 1273 888 1324 inter
914 1283 1032 1322 sese
1063 1269 1133 1319 ita
1165 1265 1438 1329 ditierunt,
1469 1277 1526 1316 ut
1560 1263 1770 1331 signum
1806 1259 2017 1315 extrin-

445 1382 628 1421 secum
669 1375 859 1418 natura
907 1359 1088 1414 differt
1117 1373 1144 1410 a
1175 1357 1423 1410 veritate.
1471 1354 1568 1409 llla
1599 1354 1740 1408 enim
1769 1359 1852 1406 est
1887 1366 2012 1404 vera

440 1457 534 1512 Dei
565 1454 754 1518 Mater,
789 1451 1040 1521 quoniam
1078 1462 1202 1501 vere
1233 1462 1297 1500 ex
1325 1446 1464 1512 ipsa,
1494 1445 1582 1512 qui
1611 1458 1770 1508 supra
1797 1458 2010 1495 onmem

435 1548 793 1603 substantiam
840 1551 943 1604 est,
986 1539 1222 1606 suscepit
1261 1537 1644 1592 substantiam.
1683 1536 1834 1601 Aqua
1886 1546 2012 1586 vero

435 1645 579 1696 sacri
615 1636 960 1707 baptismatis
1007 1634 1294 1701 accipitur,
1344 1640 1402 1684 ut
1457 1629 1718 1690 diximus,
1755 1637 2010 1694 tanquam

433 1737 645 1804 signum
697 1741 752 1786 et
804 1729 975 1798 figura
1025 1725 1225 1779 vivifici
1278 1723 1422 1776 illius
1480 1735 1544 1774 ac
1616 1720 1708 1773 Dei
1784 1719 2011 1787 hospitis

433 1829 659 1880 ventris.
705 1823 804 1876 Per
845 1819 989 1874 illam
1039 1831 1140 1872 nos
1188 1815 1308 1870 sine
1347 1812 1556 1868 carnali
1602 1811 2007 1881 conjunctione,

2117 529 2244 582 στοῦ
2280 530 2422 583 κατὰ
2451 531 2610 600 χάριν
2637 531 2725 585 διὰ
2757 533 2818 585 τὸ
2842 535 3039 588 ταυτόν
3067 535 3296 598 πως,ὼς
3332 534 3568 606 εἴρηται,
3586 538 3682 607 τῆς

2116 621 2424 690 γεννήσεως
2451 623 2932 694 ἀπεργαζομένην.
2987 624 3049 678 EE
3089 625 3184 678 καὶ
3211 624 3271 677 τὸ
3305 624 3562 694 διάφορον
3588 625 3680 696 τῆς

2115 712 2339 782 πρώτης
2364 713 2555 782 νηδύος
2583 715 2719 786 πρὸς
2751 714 2850 786 τήν
2877 715 3162 786 δευτέραν,
3180 715 3301 785 ήτοι
3320 717 3419 786 τῆς
3444 716 3679 788 θεοδόχον

2115 805 2210 859 καὶ
2237 804 2490 858 θεοτόκου
2525 806 2763 877 γαστρὸς
2815 807 2952 876 πρὸς
2994 806 3091 877 τὴν
3121 808 3507 874 ἁναγεννῶσαν
3541 809 3679 877 ήμᾶς

2114 897 2520 966 κολυμϐήθραν,
2569 899 2903 968 ἀσύγκριτόν
2932 901 3048 951 ἐστι
3083 902 3147 970 τῇ
3182 899 3330 970 ἀξίᾳ,
3357 901 3552 954 ὁπόσον
3573 902 3600 954 δ
3621 901 3679 952 ὲκ

2112 989 2211 1058 τῆς
2248 987 2469 1058 πρώτης
2516 990 2802 1060 γεννηθεὶς
2837 990 3062 1058 Κύριος.
3117 993 3252 1060 πρὸς
3284 995 3412 1054 τοὺς
3465 993 3680 1059 ἀναγενο

2113 1080 2388 1148 νωμένους
2424 1083 2487 1134 ὲκ
2519 1081 2617 1150 τῆς
2648 1082 2925 1151 δευτέρας
2961 1082 3160 1151 μᾶλλον
3200 1084 3258 1135 δὲ
3288 1086 3380 1136 καὶ
3423 1083 3599 1136 πλέον.
3621 1085 3678 1136 οε

2113 1171 2222 1239 γὰρ
2253 1171 2318 1222 ὲκ
2344 1171 2445 1239 τής
2476 1171 2736 1241 δευτέρας
2763 1171 3222 1242 ἀναγεννώμενοι,
3250 1173 3472 1243 ἀδελφοὶ
3495 1174 3585 1226 τοῦ
3620 1175 3680 1226 ἐκ

2112 1263 2214 1331 τῆς
2244 1262 2468 1334 πρώτης
2494 1263 2846 1332 γεννηθέντος
2882 1263 3015 1317 Υίοῦ
3042 1263 3132 1318 τοῦ
3155 1264 3289 1318 Θεοῦ
3320 1266 3680 1336 χρηματίζου-

2115 1373 2198 1408 σιν
2227 1356 2367 1408 κατὰ
2399 1357 2558 1426 χάριν
2577 1371 2589 1385 ο
2630 1358 2662 1425 ή
2694 1357 2748 1408 δὲ
2797 1357 3026 1427 δευτέρα.
3058 1358 3220 1428 νηδὺς
3250 1359 3385 1428 πρὸς
3412 1359 3511 1427 τὴν
3535 1359 3677 1428 πρώ-

2112 1462 2213 1514 την
2259 1445 2516 1513 οὐδεμίαν
2549 1445 2805 1514 τοιαύτην
2868 1449 3193 1513 συγγένειαν
3242 1447 3526 1516 κέκτηται,
3553 1447 3680 1500 ἀλλὰ

2112 1536 2368 1590 τοσοῦτόν
2398 1540 2547 1590 ἐστιν
2581 1539 2830 1608 ἀλλήλων
2873 1536 3078 1606 μεταξὺ
3132 1539 3195 1590 τὸ
3239 1539 3515 1607 διάφορον,
3562 1541 3677 1592 ὅσον

2115 1629 2388 1698 σύμϐολον
2432 1629 2757 1701 ὲξωτερικδν
2805 1629 3064 1700 διαφέρον
3097 1633 3163 1700 τῇ
3199 1629 3363 1696 φύσει
3411 1631 3547 1701 πρὸς
3583 1632 3676 1701 τήν

2112 1721 2395 1789 ἀλήθειαν.
2429 1711 2493 1772 Ἢ
2519 1723 2620 1788 μὲν
2649 1722 2758 1791 γάρ
2785 1723 2932 1774 ἐστιν
2955 1721 3160 1792 ἀληθὴς
3185 1721 3278 1775 τοῦ
3305 1721 3438 1774 Θεοῦ
3463 1725 3673 1793 Μήτηρ,

2113 1812 2200 1865 διὰ
2234 1813 2292 1864 τὸ
2326 1813 2536 1875 ἀληθῶς
2572 1812 2629 1877 ἐξ
2654 1814 2825 1878 αὐτῆς
2853 1814 3190 1882 οὖσιωθῆναι
3215 1813 3306 1866 τὸν
3337 1813 3675 1883 ὑπερούσιον.

433 1935 498 1974 ac
539 1917 750 1969 t-mlet‘is
803 1922 1010 1966 natura:
1056 1908 1330 1976 cperibus,
1367 1907 1416 1958 in
1453 1904 1546 1959 Dei
1594 1905 1734 1958 filios
1782 1903 2007 1958 mirifice

2113 1903 2185 1957 Τὸ
2213 1904 2268 1957 δὲ
2298 1904 2442 1973 ὕδωρ
2465 1903 2560 1956 τοῦ
2584 1903 2731 1956 θείου
2760 1905 3164 1974 βαπτίσματος,
3186 1906 3261 1970 ὡς
3292 1906 3560 1976 σύμϐολον
3587 1909 3678 1959 καὶ

432 2011 779 2083 rcgcncrati,
839 2004 1258 2070 conformesque
1309 1998 1532 2068 imagini
1590 1994 1853 2050 naturalis
1887 1992 2007 2046 Filii

2111 1997 2278 2061 τύπος
2313 1999 2811 2067 παραλαμϐάνεται
2863 2000 2963 2068 τῆς
2995 1999 3312 2068 ζωαρχικῆς
3366 1999 3460 2052 καὶ
3508 1999 3679 2052 θεοδό-

433 2107 547 2168 lict,
587 2104 674 2171 qui
704 2115 768 2152 ex
800 2100 915 2169 ipso
947 2094 1195 2164 virginali
1265 2093 1580 2159 intactoque
1606 2099 1763 2142 utero
1789 2086 2007 2156 prodiit,

2111 2107 2206 2162 χου
2238 2091 2430 2161 νηδύος
2457 2091 2696 2159 ἐκείνης,
2729 2091 2804 2153 ὡς
2827 2091 3062 2161 εἴρηται.
3089 2091 3186 2143 Διὰ
3221 2091 3281 2146 τὸ
3313 2093 3410 2146 καὶ
3443 2092 3586 2162 ἡμᾶς
3608 2092 3676 2143 ὲκ

431 2199 712 2257 elliritnur,
760 2209 822 2246 cx
874 2204 1012 2260 aqua
1062 2201 1192 2242 vero
1235 2185 1370 2240 nihil
1401 2183 1700 2250 accipimus
1751 2175 1892 2249 quod
1947 2179 2007 2234 ad

2111 2181 2298 2234 τούτου
2349 2184 2518 2252 χωρίς
2564 2183 2833 2251 σαρκικῆς
2885 2182 3179 2251 συναφείας
3223 2183 3320 2237 καὶ
3363 2185 3474 2238 τῶν
3508 2184 3676 2240 ἄλλων

432 2289 553 2342 novi
597 2287 830 2339 hominis
884 2291 938 2337 et
984 2282 1281 2336 secundum
1325 2277 1490 2330 Deum
1531 2273 1701 2330 creati
1757 2273 2007 2327 substan-

2111 2273 2204 2342 τῆς
2231 2272 2444 2338 φύσεως
2471 2272 2648 2342 ἔργων
2673 2273 3074 2342 ἀναγεννᾶσθαι
3100 2275 3396 2346 ὑπερφυῶς
3425 2278 3506 2340 είς
3530 2277 3676 2339 υἱοὺς

433 2382 710 2436 tiationrm
737 2378 1025 2448 pertineat.
1057 2374 1187 2428 Nam
1213 2373 1264 2427 id
1302 2381 1472 2426 totum
1503 2368 1644 2438 quod
1670 2367 1738 2422 ab
1769 2365 2007 2422 secunda

433 2476 535 2526 hac
588 2473 868 2525 creatione
922 2477 1083 2536 atque
1131 2463 1543 2535 rcgeneratione
1600 2466 1930 2529 praestatur,
1976 2471 2005 2510 a

423 2565 723 2636 prmsenlia
755 2562 928 2617 sancti
962 2559 1198 2630 Spiritus
1229 2557 1310 2611 fit.

2113 2365 2273 2428 Θεοῦ,
2299 2366 2395 2417 καὶ
2429 2364 2788 2434 συμμόρφους
2835 2364 2936 2436 τῆς
2987 2367 3196 2430 εἰκόνος
3227 2367 3322 2421 τοῦ
3356 2368 3516 2439 φύσει
3545 2366 3674 2422 Υίοῦ

2113 2457 2207 2510 τοῦ
2253 2457 2390 2510 Θεοῦ
2433 2457 2788 2528 γεννηθέντος
2828 2459 2893 2512 ὲκ
2928 2459 3028 2529 τῆς
3068 2459 3407 2532 παρθενικῆς
3461 2462 3671 2532 ἐκείνης

2103 2550 2199 2603 καὶ
2241 2549 2543 2620 ἀμωμήτου
2574 2551 2814 2620 γαστρός
2834 2565 2849 2581 ο
2880 2551 2945 2604 ὲκ
2979 2550 3088 2622 γὰρ
3137 2551 3231 2606 τοῦ
3276 2553 3468 2616 ὕδατος
3494 2554 3676 2624 ἡμεῖς,

429 2660 581 2715 οὐδέν
619 2677 671 2712 τι
723 2656 1084 2728 λαμϐάνομεν
1134 2653 1214 2716 εις
1259 2650 1519 2705 οὖσίωσιν
1565 2645 1661 2702 τοῦ
1697 2644 1889 2703 καινοῦ
1917 2643 2193 2699 καὶκατὰ
2248 2643 2384 2696 Θεὸν
2427 2642 2740 2707 κτισθέντος
2787 2644 3101 2715 ἀνθρώπου.
3130 2646 3204 2699 Τὸ
3270 2647 3380 2718 γὰρ
3426 2649 3530 2702 πᾶν
3577 2649 3677 2719 τῆς

426 2755 684 2825 τοιαύτης
734 2751 1002 2813 θεοειδοῦς
1054 2746 1472 2818 ἁναγεννήσεὼς
1526 2762 1586 2798 τε
1640 2744 1734 2796 καὶ
1787 2741 2169 2807 ἀναπλάσεως,
2249 2740 2282 2809 ή
2347 2739 2628 2809 παρουσία
2705 2737 2805 2791 τοῦ
2843 2738 3008 2808 ἁγίου
3041 2739 3366 2811 Πνεύματος
3425 2741 3670 2812 ἀπεργά-

431 2852 603 2917 ζεται.
1803 2871 1806 2876 -

501 2944 556 2998 4.
588 2940 932 3009 Quapropter
960 2932 1050 2988 ille
1088 2944 1186 3002 per
1232 2941 1388 2984 suam
1424 2923 1858 2981 incarnationem
1893 2934 2016 2990 qua:

430 3038 665 3086 mentem
703 3041 767 3079 ac
800 3024 1065 3078 rationem
1117 3032 1335 3073 omnem
1391 3021 1636 3082 superat,
1692 3011 1862 3066 nostri
1904 3009 2014 3063 fer-

430 3119 600 3180 menti
645 3115 954 3186 primitias,
1005 3112 1071 3165 ad
1126 3122 1399 3164 sumntum
1451 3103 1750 3160 divinitatis
1795 3100 2010 3167 extulit,

427 3213 669 3270 eﬂicieus
719 3221 933 3274 nempe,
971 3204 1022 3258 id
1062 3202 1209 3273 quod
1256 3216 1284 3253 a
1334 3213 1392 3254 se
1427 3197 1606 3252 fuerat
1645 3199 2005 3260 assumptum,

429 3318 539 3360 sua:
603 3298 905 3355 divinitatis
954 3307 1212 3358 consors,
1269 3288 1424 3344 nobis
1492 3285 1687 3343 deinde
1739 3283 2004 3338 unitatem

428 3404 636 3452 natura:
670 3391 921 3461 largitus,
963 3395 1018 3441 et
1065 3398 1253 3448 carne,
1306 3389 1361 3438 et
1411 3380 1675 3449 sanguine
1722 3375 2005 3432 nobiscum

426 3483 794 3556 participatis,
847 3473 1338 3535 consubstantialis
1397 3471 1555 3525 nobis
1615 3465 1842 3524 eﬂ‘ectus
1897 3472 2005 3519 est.

429 3578 535 3633 Per
569 3573 861 3631 secundam
910 3585 1040 3625 vero
1079 3576 1320 3623 nostram
1372 3564 1706 3619 creationem
1740 3573 1860 3628 qua:
1909 3569 2009 3626 per

428 3671 756 3739 baptismum
786 3666 865 3731 tit,
894 3662 1102 3730 recepit
1128 3673 1228 3714 nos
1257 3659 1308 3712 in
1353 3656 1551 3711 fratres
1580 3668 1647 3709 ex
1678 3651 1843 3708 simili
1874 3662 2008 3718 quo-

430 3762 553 3816 dam
586 3755 955 3829 generationis
1009 3751 1190 3815 modo,
1221 3746 1299 3802 uti
1333 3747 1608 3800 diximus:
1649 3742 1820 3797 solum
1861 3739 2005 3794 enim

429 3854 485 3907 in
535 3849 726 3919 spiritu
784 3854 1002 3901 renatos
1055 3843 1398 3896 fraternitate
1471 3837 1655 3902 donat,
1716 3833 1848 3888 deos
1893 3830 2006 3901 jam

427 3959 529 4014 per
557 3941 788 4012 gratiam
819 3939 993 3993 factos
1035 3943 1091 3991 et
1133 3944 1390 4002 tanquam
1434 3933 1656 3986 indutos
1716 3925 2004 3996 imaginem

429 4033 667 4088 cmlestis
717 4027 931 4092 Adaini,
987 4034 1047 4080 ut
1094 4025 1366 4093 quondam
1417 4020 1642 4075 terreni.
1691 4015 1830 4072 Hinc
1859 4015 2005 4070 enim

429 4125 667 4182 divinam
717 4122 950 4175 formam
993 4117 1289 4186 accipiunt,
1330 4122 1384 4169 et
1425 4113 1492 4166 ad
1534 4111 1701 4179 ipsius
1748 4107 2006 4164 humani-

429 4217 559 4273 tatis
592 4213 921 4282 exemplum,
954 4224 1073 4277 quae
1107 4209 1174 4261 ad
1213 4207 1535 4261 altissimum
1561 4200 1862 4257 divinitatis
1891 4214 2008 4270 gra-

427 4309 554 4362 dum
584 4313 767 4359 erecta
794 4311 897 4363 est,
933 4296 1280 4351 deificantur.
1314 4293 1657 4362 Quapropter
1686 4305 1792 4346 non
1817 4304 2008 4347 omnes

429 4395 680 4452 homines
717 4399 845 4444 sunt
895 4388 1094 4442 fratres
1141 4385 1371 4452 Domini,
1421 4385 1515 4440 sed
1565 4385 1601 4439 ii
1654 4391 1864 4439 tantum
1912 4381 2005 4453 qui

428 4487 604 4542 renati
632 4495 756 4539 sunt
787 4498 882 4554 per
902 4491 1150 4538 sanctum
1188 4480 1537 4548 baptismum,
1570 4487 1624 4533 et
1653 4484 2008 4533 servaverunt

430 4581 747 4636 dcil‘ormem
785 4574 1242 4648 pulchritudinem
1277 4573 1343 4627 ad
1380 4574 1540 4628 (luem
1589 4586 1762 4643 usque
1808 4573 2006 4627 imma-

2186 2921 2249 2976 δ’.
2288 2921 2454 2978 Ὅθεν
2486 2923 2574 2978 διὰ
2605 2926 2706 2996 μὲν
2731 2925 2831 2997 τῆς
2859 2926 3002 2998 ὑπὲρ
3058 2926 3186 2982 νοῦν
3218 2927 3312 2982 καὶ
3337 2928 3494 2998 λόγον
3523 2930 3678 2984 ἐνανο

2114 3010 2455 3084 θρωπήσεως
2518 3016 2707 3084 αὑτοῦ,
2751 3018 2851 3088 τὴν
2906 3017 3009 3088 μὲν
3063 3019 3322 3092 ἀπαρχὴν
3378 3021 3460 3083 είς
3507 3019 3678 3090 ἄκρον

2109 3102 2316 3158 ὲθέωσε
2345 3105 2440 3158 τοῦ
2466 3107 2741 3179 ἡμετέρου
2771 3109 3093 3180 φυράματος
3111 3111 3228 3179 ήτοι
3256 3109 3315 3163 τὸ
3337 3109 3470 3163 [διον
3506 3110 3677 3178 πρόσ-

2107 3195 2325 3266 λημμα,
2354 3197 2584 3266 δμόθεον
2613 3199 3076 3269 ἀπεργασάμενον
3109 3199 3297 3253 τοῦτο’
3328 3202 3462 3271 ήμῖν
3509 3200 3565 3252 δὲ
3612 3201 3677 3253 τὺ

2107 3284 2352 3354 δμοφυὲς
2412 3285 2752 3357 ἐδωρήσατο,
2815 3291 3156 3359 κοινωνήσας
3201 3291 3332 3358 ἡμῖν
3389 3289 3678 3361 παραπλη.

2112 3373 2241 3437 σίως
2274 3376 2476 3440 σαρκὸς
2495 3379 2592 3430 καὶ
2615 3377 2868 3444 αἵματος.
2890 3379 3206 3433 Κάντεῦθεν
3228 3381 3514 3450 ὀμοούσιος
3543 3383 3678 3451 ήμίν

2109 3467 2351 3535 γεγονὼς
2377 3467 2466 3522 διὰ
2494 3467 2551 3521 δὲ
2576 3469 2676 3539 τῆς
2705 3470 3064 3535 ἀναπλάσεως
3097 3472 3257 3542 ήμῶν
3303 3473 3402 3543 τῆς
3430 3474 3565 3527 κατὰ
3612 3456 3677 3526 τδ

2111 3559 2420 3628 βάπτισμα,
2464 3562 2545 3622 εἰς
2579 3561 2923 3633 ἀδελφότητα
2961 3565 3282 3634 προσήκατο
3319 3566 3414 3618 καὶ
3433 3566 3676 3635 ἀνήγαγε

2107 3650 2196 3704 διὰ
2217 3651 2277 3704 τὸ
2294 3651 2658 3723 όμοιότροπόν
2685 3669 2827 3719 πως,
2845 3653 2922 3717 ὡς
2946 3654 3187 3724 εἴρηται,
3205 3654 3302 3724 τῆς
3331 3656 3635 3724 γεννήσεως
3660 3673 3676 3687 ·

2106 3741 2234 3805 τοὺς
2257 3745 2369 3814 γὰρ
2397 3745 2885 3816 ἁναγεννωμένους
2923 3748 2982 3799 ἓν
3029 3746 3306 3814 πνεύματι
3353 3750 3550 3818 μόνους
3579 3748 3683 3816 τῆς

2112 3833 2474 3905 ἀδελφότητκ
2508 3835 2654 3901 ἀξιοῖ
2704 3836 2864 3900 Θεοὺς
2907 3835 3050 3890 κατὰ
3107 3837 3267 3907 χάριν
3309 3836 3561 3890 ἐντεῦθεν
3588 3852 3683 3904 γε-

2112 3928 2502 3997 γεννημένους,
2533 3928 2610 3993 ὡς
2638 3930 2980 3998 φορέσαντας
3038 3930 3138 4000 τὴν
3175 3931 3364 3984 εἰκόνα
3393 3930 3480 3983 τοῦ
3511 3931 3681 3982 ἐπου-

2117 4021 2302 4092 ρανίου
2355 4023 2532 4092 Ἀδὰμ
2579 4023 2772 4095 ὥσπερ
2827 4026 3022 4097 πρώην
3060 4026 3155 4080 τοῦ
3198 4027 3402 4095 χοϊκοῦ.
3453 4027 3526 4079 Τδ
3571 4028 3687 4097 γὰρ

2112 4113 2254 4168 θεῖον
2282 4111 2424 4178 εἶδος
2464 4117 2716 4172 ἐντεῦθεν
2755 4118 3116 4187 λαμϐάνουσι,
3168 4119 3307 4172 καθὸ
3326 4119 3567 4188 γίνονται
3593 4135 3690 4171 τε-

2109 4209 2377 4282 θεωμένοι
2405 4210 2594 4282 ὥσπερ
2645 4216 2725 4277 εἰς
2776 4214 2948 4282 ἄκρον
2993 4212 3200 4286 ἑθεώθη
3233 4215 3328 4268 καὶ
3377 4215 3440 4268 τὸ
3471 4213 3688 4283 ἀνθρώ-

2109 4317 2263 4354 πινον
2303 4299 2523 4357 τούτου.
2552 4302 2653 4356 Διὰ
2701 4303 2810 4373 γὰρ
2838 4303 2998 4357 τοῦτο
3039 4305 3103 4356 ού
3154 4307 3357 4368 πάντες
3405 4303 3687 4376 ἄνθρωποί

2108 4391 2246 4444 εἰσιν
2275 4391 2501 4461 ἀδελφοὶ
2527 4392 2622 4446 τοῦ
2668 4393 2900 4462 Κυρίου,
2955 4395 3073 4448 ἀλλ’
3119 4398 3166 4450 οί
3215 4397 3688 4466 ἀναγεννηθέντες

2107 4482 2197 4536 διὰ
2243 4484 2343 4539 τοῦ
2407 4485 2556 4538 θείου
2607 4485 3011 4556 βαπτίσματος,
3072 4491 3167 4542 καὶ
3229 4491 3578 4561 τηρήσαντες
3621 4491 3688 4543 τὸ

2110 4570 2344 4638 θεοειδὲς
2385 4575 2584 4640 κάλλος
2634 4576 2970 4646 ἀκηλίδωτον
3021 4577 3184 4648 μέχρι
3222 4578 3429 4641 τέλους.
3465 4580 3686 4648 Ὠσπερ

431 4671 688 4725 culatam.
730 4668 798 4724 Ut
847 4668 994 4722 enim
1029 4681 1126 4721 nos
1155 4679 1429 4734 nunquam
1479 4678 1669 4733 equos,
1707 4672 1801 4718 aut
1849 4675 2007 4718 canes

2118 4667 2229 4736 γὰρ
2257 4668 2440 4737 ἡμεῖς,
2466 4667 2527 4720 ού
2569 4668 2674 4722 κᾶν
2717 4686 2847 4721 ποτε
2891 4670 3224 4740 καλέσαιμεν
3264 4671 3526 4740 ἀδελφοὺς
3551 4672 3690 4734 τοὺς

428 4779 754 4820 vocaremus
786 4761 1010 4825 fratres,
1051 4775 1116 4814 eo
1151 4759 1295 4829 quod
1331 4767 1515 4813 nostra
1561 4772 1713 4822 caro,
1759 4759 1903 4811 sicut
1951 4761 2008 4810 et

431 4856 669 4918 illorum,
714 4868 782 4906 cx
813 4861 954 4905 terra
989 4859 1227 4916 constet,
1273 4846 1621 4916 mortalisque
1653 4847 1724 4901 sit
1750 4853 1804 4900 et
1835 4844 2011 4914 passi-

430 4947 578 5009 bilis,
626 4944 880 4998 sensibus
930 4951 982 4995 et
1034 4940 1346 5010 sanguineis
1377 4939 1527 4993 venis
1574 4946 1874 5005 compacta,
1928 4943 2010 4989 at-

428 5047 712 5105 tractoque
739 5049 835 5103 per
857 5033 1166 5102 pulmonem
1196 5045 1321 5086 aere
1343 5029 1502 5099 quasi
1532 5031 1583 5082 in
1611 5044 1668 5084 se
1700 5029 1814 5097 ipsa
1843 5027 2009 5080 vitam

429 5129 738 5190 includens,
771 5129 862 5180 sed
901 5125 1209 5194 adjemione
1251 5123 1479 5178 rationis
1529 5123 1596 5175 ab
1632 5122 1844 5174 illorum
1886 5117 2003 5172 alii-

430 5222 595 5274 nitate
627 5233 688 5271 ac
715 5218 1059 5271 fraternitate
1087 5216 1410 5278 ditferimus,
1443 5211 1773 5281 accipientes
1795 5220 2003 5263 tantum

427 5312 482 5365 in
523 5310 717 5362 horum
748 5309 1184 5361 communionem
1232 5319 1342 5365 eos,
1397 5304 1486 5372 qui
1538 5304 1748 5355 ratione
1793 5297 2005 5368 praediti

425 5412 593 5466 sunt;
629 5401 707 5454 sic
727 5407 779 5453 et
803 5398 1054 5452 Salvator
1087 5407 1269 5451 noster
1298 5403 1536 5448 nostram
1569 5407 1635 5447 ex
1668 5393 1844 5456 nobis,
1878 5406 2002 5445 cum

426 5493 814 5558 assutnpsisset
843 5499 1117 5551 naturam,
1175 5503 1278 5541 non
1314 5486 1454 5541 hanc
1485 5484 1711 5550 nudant,
1743 5492 1833 5537 aut
1858 5479 2001 5538 divi-

427 5605 511 5643 na:
536 5588 722 5658 gloria:
762 5596 1035 5653 expertem
1085 5599 1206 5638 esse
1255 5584 1445 5648 voluit,
1480 5583 1572 5636 sed
1618 5597 1736 5636 eam
1788 5597 1851 5635 ex
1883 5581 1994 5650 ipsa

430 5679 671 5733 unitioue
711 5679 901 5731 ditavit
925 5676 1120 5728 divina.-
1145 5684 1349 5727 natura:
1379 5673 1814 5744 proprietatibus.
1849 5674 1998 5726 Ideo—

429 5785 534 5840 que
588 5786 708 5825 cunt
762 5772 898 5825 banc
957 5768 1066 5822 Deo
1129 5766 1344 5833 dignam
1400 5765 1629 5834 gratiam
1691 5764 1998 5818 hominibus

2107 4760 2310 4822 ἵππους
2361 4759 2456 4811 καὶ
2486 4758 2654 4822 κύνας
2727 4761 2816 4814 διὰ
2873 4761 2931 4812 τδ
2966 4761 3064 4831 τὴν
3109 4762 3264 4832 ήμῶν
3308 4779 3366 4816 τε
3413 4762 3694 4816 κάκείνων

2111 4851 2293 4922 σάρκα
2325 4850 2725 4922 παραπλησίως
2755 4855 2818 4905 ὲκ
2849 4853 2951 4922 γῆς
2979 4856 3301 4923 ὑφεστάναι,
3335 4855 3432 4907 καὶ
3471 4853 3692 4926 Θνητὴν

2107 4943 2354 5006 δσαύτως
2375 4937 2517 4996 εἶναι
2559 4944 2652 4996 καὶ
2682 4945 2954 5015 παθητὴν,
2991 4946 3242 5016 αἰσθήσει
3288 4945 3696 5016 συνδεδεμένην

2109 5031 2204 5084 καὶ
2231 5031 2436 5099 ὀχετοῖς
2463 5031 2713 5102 αἱμάτων
2743 5035 2839 5085 καὶ
2870 5038 2935 5105 τῇ
2967 5035 3054 5105 δια
3088 5036 3182 5088 τοῦ
3217 5037 3518 5104 πνεύμονος
3545 5035 3697 5105 ὁ).κῇ

2108 5118 2206 5172 τοῦ
2240 5122 2426 5189 ἀέρος,
2457 5122 2553 5191 τὴν
2587 5121 2730 5191 ζωήν
2778 5121 2964 5193 ὥσπερ
2998 5126 3055 5176 ἐν
3111 5127 3278 5196 ἑαυτῇ
3336 5126 3704 5195 περικλείου-

2107 5228 2229 5275 σαν,
2255 5213 2393 5266 ἀλλὰ
2424 5215 2488 5282 τῇ
2538 5213 2830 5287 προσθήκῃ
2889 5216 2981 5268 τοῦ
3041 5215 3258 5286 λογικοῦ
3314 5219 3702 5288 διεστήκαμεν

2103 5304 2203 5364 τῆς
2255 5304 2523 5370 opes-uta;
2573 5304 2800 5356 ἐκείνων
2847 5307 2938 5359 καὶ
3004 5307 3385 5377 ἀδελφότητος,
3439 5309 3571 5370 τοὺς
3626 5307 3705 5361 τδ

2103 5393 2322 5460 λογικὸν
2355 5395 2515 5461 μόνον
2539 5395 2994 5467 πεπλουτηκότας
3025 5401 3104 5460 εἰς
3153 5401 3434 5452 κοινωνίαν
3473 5399 3707 5451 τούτων

2105 5483 2405 5566 δεχόμενοι,
2455 5483 2597 5535 οὕτω
2649 5487 2744 5538 καὶ
2797 5491 2824 5538 ό
2872 5489 3062 5558 Σωτὴρ
3103 5490 3260 5558 ήμῶν
3311 5489 3371 5552 ἐξ
3431 5489 3598 5558 ήμῶν
3630 5490 3711 5541 ’τὸ

2109 5573 2386 5643 ἡμέτερον
2417 5577 2883 5646 προσλαϐόμενος,
2922 5583 2980 5632 οὐ
3015 5583 3173 5649 ψιλὶν
3207 5584 3389 5650 ἐτήρει
3438 5582 3530 5634 καὶ
3581 5579 3714 5650 τῆς

2107 5667 2255 5728 θείας
2287 5666 2446 5734 δόξης
2475 5671 2764 5740 ἀμέτοχον,
2791 5674 2902 5727 ἀλλ’
2935 5675 2993 5738 ἐξ
3042 5675 3214 5743 αὐτῆς
3267 5676 3510 5736 ἐνώσεως
3570 5673 3718 5738 τοῖς

2107 5757 2362 5827 ἰδιώμασι
2396 5761 2492 5829 τῆς
2541 5763 2692 5826 θείας
2728 5767 3135 5838 κατεπλούτησε
3166 5770 3404 5837 φύσεως.
3441 5769 3554 5820 Καὶ
3597 5765 3719 5821 6.3
