3948 6200
220 349 325 416 337

1557 361 1933 422 EPISTOLA
1977 343 2116 422 ltt.‘

3385 364 3492 426 328

224 469 390 539 ρίσας
417 467 600 533 αὗτοτς
635 470 908 541 ἐνεργεῖν,
943 471 1038 528 καὶ
1069 474 1158 528 ara
1201 476 1358 531 τοῦτο
1409 478 1803 548 χειροτονήσας

1921 474 2144 530 alliciunt
2172 476 2238 533 ab
2268 475 2371 533 illis
2397 476 2738 534 efIiciendum
2772 479 2902 548 ipsis
2933 479 3202 545 attribuit,
3239 497 3302 537 ac
3332 497 3494 552 prop-

222 563 429 626 αύτοὺς
462 563 655 633 ὥσπερ
684 565 882 628 ἄλλους
935 567 1092 630 θεοὺς
1149 570 1243 622 καὶ
1287 570 1677 642 δημιουργοὺς,
1736 573 1802 640 τῇ

221 654 483 726 ἔνεργείᾳ
546 655 642 708 τοῦ
706 661 1056 728 παντουργοῦ
1108 659 1428 730 Πνεύματος
1471 663 1804 733 δυναμένους

223 747 413 799 ποιεῖν
471 746 539 799 τὰ
577 747 813 817 μεγίστα
835 750 934 820 τῆς
963 752 1112 814 θείας
1161 754 1444 824 δυνάμεως
1469 756 1627 826 ἔργα.
1693 757 1806 810 Καὶ

225 839 289 904 ἐξ
317 832 397 895 ὧν
442 841 684 908 μάλιστα
713 841 777 895 τό
804 858 864 895 τε
898 845 1144 898 ποικίλον
1167 848 1267 916 τῆς
1298 848 1492 918 σοφίας
1521 851 1615 903 καὶ
1645 850 1808 904 δυνά·

228 947 384 1001 μεως
406 931 504 985 τοῦ
538 932 680 986 Θεοῦ
720 934 967 1002 γνωστὸν
997 939 1229 1006 γίνεται,
1285 941 1378 993 καὶ
1409 941 1437 992 ὁ
1469 941 1569 1012 τῆς
1599 943 1808 1011 ἀγαθόν

223 1041 394 1093 τητος
420 1025 832 1095 ἀνεξιχνίαστος
866 1029 1033 1082 αὐτοῦ
1070 1030 1304 1096 πλοῦτος
1332 1033 1804 1100 ἀποκαλύπτεται,

225 1111 358 1166 δι’δ
411 1113 507 1166 καὶ
546 1114 576 1166 ὁ
611 1115 755 1179 θεῖος
806 1118 964 1188 ἔλεγε
1019 1121 1261 1186 Παῦλοςο
1320 1127 1608 1196 Συνεργοί
1658 1129 1808 1183 Θεοῦ

227 1204 446 1272 ἐσμεν.
485 1208 600 1260 Καὶ
636 1210 748 1280 γὰρ
778 1212 1002 1266 πάντων
1034 1213 1142 1269 τῶν
1180 1215 1361 1286 ἔργων
1413 1211 1491 1272 ὧν
1549 1221 1808 1292 ἐποίησεν

223 1297 255 1348 6
293 1297 432 1362 Θεὸς
455 1301 552 1353 καὶ
587 1301 698 1354 τῶν
720 1305 934 1373 νοητῶν
991 1309 1088 1360 καὶ
1131 1307 1241 1360 τῶν
1268 1309 1546 1380 αἰσθητῶν
1571 1311 1632 1364 τὸ
1690 1313 1810 1382 μεῖ-

226 1389 322 1454 ζόν
347 1393 501 1445 ἐστιν
548 1395 912 1465 ἁσυγκρίτοις
961 1401 1281 1472 ὑπεροχαῖς,
1328 1406 1360 1474 ἡ
1418 1405 1538 1459 θεία
1571 1405 1718 1478 ψυχή
1747 1425 1807 1461 τε

227 1482 324 1535 καὶ
346 1484 488 1553 σὰρξ
515 1487 611 1538 τοῦ
643 1489 952 1544 Δεσπότου.
983 1493 1049 1546 Τί
1071 1494 1179 1564 γὰρ
1210 1495 1396 1564 μεῖζον
1421 1497 1517 1551 τοῦ
1560 1498 1660 1568 τὴν
1679 1498 1806 1552 καθ’

225 1577 382 1644 ἡμεῖς
422 1575 610 1643 φύσιν,
679 1580 774 1633 τοῦ
810 1583 948 1635 θεοῦ
973 1586 1148 1654 Λόγου
1183 1588 1349 1656 φύσιν
1389 1590 1650 1658 γενέσθαι
1683 1591 1807 1646 καθ’

225 1666 427 1722 ἕνωσιν
458 1671 838 1742 ύποστατικήν
865 1692 879 1736 ;
913 1675 1077 1728 Ὅσον
1101 1675 1208 1746 ἄρα
1234 1678 1484 1750 διαφέρει
1511 1683 1571 1735 τὸ
1600 1683 1809 1752 ἀνθρώ-

227 1775 392 1812 πινον
420 1761 513 1814 τοῦ
544 1763 802 1832 Σωτῆρος
850 1765 960 1818 τῶν
1016 1769 1300 1840 Χερουϐὶμ
1357 1774 1449 1826 καὶ
1510 1775 1762 1846 Σεραφίμ
1791 1791 1806 1806 ·

227 1853 486 1922 διαφέρει
516 1853 574 1908 δὲ
607 1857 732 1912 ὅσον
771 1857 959 1912 δούλου
983 1835 1294 1932 δεσπότης-ο
1330 1835 1596 1920 τοσοῦτον.
1632 1835 1736 1921 καὶ⁸
1753 1868 1812 1920 τὸ
1844 1835 1885 1889 Β

233 1945 403 2014 ἔργον
425 1945 527 2014 τῆς
550 1947 704 2012 θείας
738 1951 1071 2021 σαρκώσεως
1103 1955 1380 2026 διενήνοχε
1417 1959 1518 2027 τῆς
1545 1960 1813 2030 δημιουρ-

228 2036 359 2102 γίας
393 2036 502 2089 τῶν
527 2039 919 2111 ὑπερκοσμίων
975 2044 1285 2115 δυνάμεων.
1327 2048 1499 2121 Τοῦτο
1541 2049 1726 2105 τοίνυν
1754 2054 1813 2107 τὸ

229 2129 654 2200 ἀνυπέρϐλητον
708 2135 875 2206 ἔργον
946 2140 1041 2192 καὶ
1089 2143 1200 2203 τοῖς
1241 2141 1565 2208 ἀποστόλοις
1610 2146 1813 2212 δμοίως

230 2223 480 2290 ἐνεργεῖν
507 2225 731 2293 δέδωκε,
800 2230 896 2281 καὶ
935 2231 1000 2282 δι’
1068 2231 1298 2286 ἐκείνων
1347 2235 1475 2299 τοὺς
1532 2237 1813 2307 διαδόχους

232 2315 468 2368 ἐκείνων
502 2317 598 2370 καὶ
628 2319 868 2389 καθεξῆς
897 2324 1020 2380 τοὺς
1045 2322 1267 2388 λοιποὺς
1301 2326 1465 2397 μέχρι
1498 2329 1595 2397 τῆς
1627 2329 1816 2383 τελευ-

230 2496 501 2560 ϐάνοντες
526 2502 591 2568 τῇ
628 2501 883 2574 ἐνεργείᾳ
899 2501 994 2556 τοῦ
1025 2504 1170 2557 θείου
1192 2507 1533 2576 Πνεύματος,
1554 2511 1636 2573 εἰς
1655 2510 1813 2579 σῶμα

228 2591 328 2640 καὶ
363 2583 510 2658 αἷμα
542 2593 897 2658 Δεσποτικὸν,
956 2589 1000 2648 ὦ
1035 2599 1129 2650 τοῦ
1193 2599 1505 2669 θαύματοςί
1544 2603 1816 2672 μεταϐάλ-

227 2679 430 2732 λουσι·
481 2683 576 2734 καὶ
633 2682 786 2738 λύειν
832 2687 927 2740 καὶ
981 2688 1202 2760 δεσμεῖν
1242 2692 1519 2763 ἁμαρτίας
1565 2693 1817 2760 ἐξουσίαν

226 2771 549 2840 εἰλήφασιν,
591 2775 620 2829 ὃ
654 2777 818 2845 μόνου
872 2782 1007 2835 Θεοῦ
1057 2783 1221 2856 ἔργον
1272 2786 1528 2858 ὑπάρχει.
1564 2789 1674 2842 Καὶ
1725 2791 1821 2843 ἀν-

229 2859 498 2929 θρώπους
545 2863 941 2935 λαμϐάνοντες,
973 2872 1062 2925 διὰ
1119 2874 1213 2927 τοῦ
1252 2873 1400 2929 θείου
1438 2875 1817 2948 βαπτίσματος

225 2953 703 3021 ἀναγεννῶσικαὶ
734 2953 1172 3018 ἀναπλάττουσιν
1209 2969 1289 3028 είς
1327 2970 1478 3033 υἱοὺς
1525 2973 1660 3027 Θεοῦ
1726 2978 1818 3029 καὶ

227 3046 396 3109 θεοὺς
434 3051 574 3102 κατά
602 3050 782 3120 χάριν,
811 3053 1004 3126 ὥσπερ
1074 3057 1139 3110 ἂν
1199 3058 1253 3110 εἴ
1292 3078 1376 3123 τις
1428 3063 1595 3118 ἵππον
1630 3066 1820 3122 λαϐὼν

229 2407 334 2474 τῆς
375 2407 472 2460 τοῦ
520 2411 790 2478 παρόντος
827 2413 966 2482 βίου.
1003 2416 1210 2486 Ἄρτον
1241 2417 1350 2488 γὰρ
1387 2418 1484 2471 καὶ
1511 2415 1656 2473 οἶνον
1676 2421 1815 2490 λαμ-
1855 2456 1859 2460 -

1917 577 2062 622 terea
2095 569 2300 624 creavit
2338 584 2432 625 eos
2477 570 2644 625 veluti
2670 570 2802 626 deos
2830 580 2884 626 et
2915 581 3218 639 ereatores,
3245 584 3492 642 potentes

1915 659 2118 715 virtute
2150 661 2542 728 omnipotentis
2573 662 2833 732 Spiritus,
2875 668 3111 718 maxima
3145 665 3338 718 divin-.e
3378 667 3491 717 vir-

1915 755 2049 811 tutis
2079 755 2292 812 ellieere
2322 772 2505 827 opera.
2540 757 2608 812 Et
2639 773 2765 814 vero
2796 774 2862 813 ex
2906 758 2975 814 iis
3001 758 3365 824 lmultiformis
3397 759 3492 814 Dei

1914 851 2180 920 sapientia
2236 861 2289 904 et
2340 851 2514 906 virtus
2547 851 2821 923 praecipue
2869 861 3110 922 apparet,
3165 861 3218 906 et
3267 852 3491 907 investi—

1915 943 2121 1013 gahiles
2152 943 2416 998 bonitatis
2451 943 2619 1012 ipsius
2652 943 2978 1011 deteguntur
3007 943 3226 998 divitiae.
3257 944 3492 1013 Ideoque

1917 1036 2106 1091 beatus
2151 1035 2364 1091 dicebat
2399 1035 2631 1090 Paulus:
2673 1035 2770 1090 Dei
2804 1045 3166 1104 cooperatores
3210 1053 3389 1090 sumus
3423 1038 3491 1091 δ’.

1918 1125 2127 1180 Etenim
2161 1126 2406 1180 omnium
2446 1141 2669 1195 operum
2726 1135 2830 1180 tam
2888 1125 3274 1196 spiritualium,
3330 1143 3493 1196 quam

1916 1231 2321 1286 corporeorum,
2348 1232 2466 1286 quae
2502 1216 2643 1272 Deus
2669 1216 2816 1283 fecit,
2847 1217 3140 1272 maximum
3173 1229 3255 1273 est
3289 1219 3497 1273 incom-

1917 1310 2143 1380 parabili
2172 1309 2511 1373 excellentia,
2540 1325 2695 1364 sacra
2721 1309 2899 1364 anima
2958 1319 3013 1365 et
3033 1325 3161 1364 caro
3190 1309 3490 1366 Domint'ca.

1915 1401 2058 1468 Quid
2111 1403 2256 1458 enim
2315 1401 2488 1470 majus
2551 1413 2654 1466 est,
2720 1417 2880 1472 quam
2943 1411 3182 1457 nostram
3239 1412 3490 1456 naturam

1918 1497 2212 1551 secundum
2233 1496 2486 1551 unionem
2508 1496 2902 1567 hypostatiesm
2926 1495 3037 1548 fieri
3063 1504 3310 1550 naturam
3335 1492 3492 1549 Verbi

1919 1587 2057 1644 Dei?
2101 1588 2371 1655 Quantum
2396 1603 2525 1658 ergo
2549 1596 2768 1657 praestat
2801 1588 2911 1657 (4i)
2947 1587 3258 1641 humanitas
3306 1585 3496 1640 Salva-

1919 1681 2050 1736 toris
2088 1681 2217 1751 ipsis
2251 1680 2545 1736 Cherubim
2585 1689 2637 1734 et
2689 1679 2973 1747 Seraphim
3021 1679 3264 1748 (prrestat
3314 1687 3493 1732 autem

1919 1781 2181 1840 quantum
2241 1786 2398 1826 servo
2453 1770 2772 1840 Dominus),
2812 1779 3021 1824 tantum
3080 1770 3243 1846 etiam
3301 1770 3496 1824 divinae

1915 1863 2094 1918 carnis
2154 1862 2434 1933 generatio
2494 1872 2716 1931 superat
2782 1861 3119 1917 creationem
3189 1861 3492 1916 caelestium

1914 1963 2265 2025 potestatum.
2296 1951 2408 2007 lloc
2435 1968 2563 2023 ergo
2598 1955 2856 2007 eximium
2898 1969 3035 2022 opus
3074 1953 3332 2023 apostolis
3365 1969 3497 2023 quo-

1915 2060 2019 2114 que
2063 2046 2427 2100 exercendum
2465 2047 2632 2111 dedit,
2671 2055 2723 2101 et
2770 2061 2865 2115 per
2911 2046 3029 2100 illos
3065 2061 3252 2100 eorum
3285 2057 3502 2100 succes-

1914 2137 2154 2202 soribus,
2192 2147 2248 2193 et
2281 2138 2542 2208 deinceps
2579 2139 2805 2206 reliquis
2846 2155 3015 2208 usque
3055 2140 3121 2192 ad
3153 2153 3502 2191 consumma-
3547 2201 3550 2204 Α

1917 2234 2119 2288 tionem
2154 2232 2318 2301 hujus
2363 2233 2509 2286 vitai.
2564 2231 2763 2285 Panem
2813 2233 2957 2285 enim
3009 2227 3066 2285 et
3122 2231 3306 2283 vinum
3360 2229 3501 2283 acci-

1917 2329 2150 2397 pientes,
2185 2327 2384 2380 virtnte
2434 2326 2672 2394 Spiritus
2733 2325 2904 2378 sancti
2958 2324 3010 2377 in
3062 2337 3257 2391 corpus
3287 2331 3342 2374 et
3375 2337 3503 2376 san-

1916 2421 2134 2491 guinem
2189 2419 2549 2482 Dominieum,
2583 2434 2615 2472 ο
2673 2433 2782 2470 rem
2842 2414 3261 2470 admirabilem!
3323 2423 3502 2468 trans-

1919 2519 2150 2576 mutant,
2190 2510 2432 2564 solvendi
2486 2509 2648 2563 etiam
2700 2517 2755 2561 et
2808 2507 3003 2576 ligandi
3061 2516 3308 2576 peccata,
3358 2506 3502 2575 quod

1919 2603 2138 2674 quidem
2171 2602 2344 2658 solius
2391 2601 2484 2656 Dei
2522 2611 2604 2656 est
2637 2615 2794 2666 opus,
2834 2601 2934 2669 ipsi
2987 2606 3308 2669 potestatem
3345 2614 3496 2653 acce-

1918 2707 2139 2764 perunt.
2194 2693 2300 2748 Sed
2348 2701 2402 2746 et
2448 2693 2697 2746 homines
2751 2705 2845 2759 per
2900 2705 3115 2743 sacrmn
3171 2690 3498 2760 baptismum
3541 2704 3562 2726 ~-

1919 2794 2267 2856 regenerant,
2311 2795 2472 2854 atque
2507 2784 2558 2838 in
2603 2783 2690 2837 Dei
2731 2782 2868 2836 filios
2912 2781 3152 2849 deosque
3202 2781 3499 2836 secundum

1921 2879 2148 2948 gratiam
2185 2878 2506 2942 reformant,
2535 2889 2638 2929 non
2688 2875 2849 2928 aliter
2878 2889 3038 2943 quam
3071 2872 3115 2926 si
3151 2873 3271 2942 quis
3302 2887 3499 2942 equum

1922 2971 1974 3025 in
2004 2981 2251 3026 naturam
2284 2970 2521 3025 hominis
2554 2976 2982 3032 transmutaret;
3036 2967 3147 3021 imo
3175 2981 3300 3021 vero
3335 2964 3502 3018 multo

1924 3058 2136 3133 majora
2183 3063 2295 3117 haec
2357 3071 2479 3115 sunt
2535 3061 2786 3116 omnith
2818 3059 2886 3114 iis
2916 3074 3035 3129 qua:
3063 3059 3324 3113 hactenus
3357 3058 3499 3111 dicta
3563 3068 3569 3076 '

229 3138 582 3206 μετέπλασεν
624 3144 705 3206 είς
755 3145 920 3213 φύσιν
981 3148 1296 3218 ἀνθρώπου,
1338 3153 1543 3222 μᾶλλον
1619 3156 1676 3210 δὲ
1730 3159 1818 3212 καὶ

1929 3164 2096 3222 sunt;
2135 3154 2312 3224 majus
2346 3153 2491 3208 enim
2523 3161 2607 3207 est
2649 3168 2841 3218 panem
2890 3161 2943 3206 et
2979 3151 3162 3205 vinum
3210 3151 3261 3203 in
3307 3165 3503 3218 corpus

227 3230 424 3303 ⁸πολλῷ
456 3232 632 3302 μείζω
658 3235 832 3291 ταῦτα
863 3237 971 3291 τῶν
1000 3241 1211 3296 πολλῶν
1241 3245 1573 3316 εἰρημένων.
1605 3249 1811 3316 Μεῖζον

225 3324 346 3395 γάρ
376 3327 496 3380 ἐστι
530 3327 591 3380 τὸ
621 3329 712 3382 τὸν
759 3330 927 3399 ἄρτον
979 3335 1074 3385 καὶ
1123 3329 1268 3389 οἶνον
1311 3339 1390 3401 εἰς
1460 3340 1622 3410 σῶμα
1670 3342 1815 3396 θεῖον

225 3417 572 3486 μεταϐαλεῖν
596 3421 690 3473 καὶ
713 3422 1003 3494 ἄνθρωπον
1045 3424 1169 3480 θεὸν
1211 3429 1354 3487 κατά
1381 3431 1542 3501 χάριν
1568 3437 1816 3507 ποιῆσαι,

223 3510 262 3578 ἦ
294 3510 531 3581 οὐρανὸν
569 3514 668 3567 καὶ
700 3515 971 3585 ἀγγέλους
994 3519 1248 3590 ποιῆσαι.

307 3605 374 3667 ζ’.
409 3607 632 3677 Ταύτην
657 3605 771 3674 οὖν,
799 3608 1098 3680 ἀγαπητοὶ,
1147 3615 1247 3684 τὴν
1270 3616 1679 3692 δημιουργικὴν
1724 3624 1818 3676 καὶ

223 3699 491 3752 θεοποιδν
538 3702 700 3771 χάριν
750 3703 843 3755 καὶ
869 3703 1102 3775 δύναμιν
1166 3707 1259 3760 τοῦ
1317 3711 1526 3777 ἀγαθοῦ
1569 3715 1818 3786 Πνεῦμα-

223 3810 327 3855 τος
370 3795 496 3863 ἥτις
548 3796 796 3864 ἐνεργεῖν
853 3797 922 3850 τὰ
995 3799 1169 3867 μείζω
1224 3801 1447 3859 πάντων
1503 3808 1820 3878 κτισμάτων

224 3886 293 3935 ὲν
327 3882 530 3952 ἀκαρεῖ
554 3883 801 3953 δύναται,
834 3887 862 3940 δ
903 3889 1104 3958 ίερεὺς,
1128 3883 1187 3959 ιῶ
1215 3893 1313 3955 τῆς
1360 3895 1487 3965 περὶ
1527 3897 1676 3966 ἡμᾶς
1725 3900 1820 3955 τοῦ

226 3973 379 4026 Θεοῦ
415 3975 594 4058 Λόγου
629 3977 1039 4047 φιλανθρωπίας
1080 3982 1175 4034 καὶ
1224 3984 1472 4054 δωρεᾶςι
1515 3989 1823 4060 ἀναμφιϐό-

227 4066 346 4128 λως
393 4065 708 4136 κομίζεται,
735 4069 845 4122 Καὶ
871 4067 980 4141 γὰρ
1035 4073 1132 4124 καὶ
1183 4060 1340 4136 οὗτος
1395 4077 1597 4145 ὁμοίως
1657 4080 1823 4150 ἄρτον

231 4160 336 4210 καὶ
377 4153 524 4210 οἶνον
558 4157 878 4229 λαμϐάνων,
918 4165 984 4231 τῇ
1039 4164 1327 4239 ὲνοικούσῃ
1380 4168 1557 4240 τούτῳ
1603 4170 1691 4224 διὰ
1729 4173 1823 4226 τοῦ

231 4247 542 4334 χρίσματος
568 4249 666 4318 τῆς
700 4251 1001 4320 ἱερωσύνης
1047 4251 1169 4324 θεία
1220 4256 1470 4326 δυνάμει,
1528 4262 1609 4324 είς
1666 4264 1826 4334 σῶμα

235 4339 335 4390 καὶ
382 4333 523 4405 αἷμα
552 4340 885 4409 μεταϐάλλει
915 4345 1251 4399 Δεσποτικόν
1284 4364 1298 4378 ’
1337 4351 1529 4418 μεῖξον
1569 4333 1826 4407 ἐντεῦθεν

238 4431 612 4500 ἱργαζόμενος
681 4432 863 4502 ἔργον,
888 4435 964 4498 ὡς
1028 4437 1325 4503 δέδεικται,
1376 4439 1408 4510 ἢ
1449 4443 1609 4513 εἴπερ
1654 4445 1827 4516 am.

240 4524 365 4585 λους
401 4524 500 4575 καὶ
524 4523 794 4593 οὐρανοὺς
854 4524 1093 4589 δυνατῶς
1151 4522 1265 4598 εἶχε
1309 4529 1684 4602 δημιουργεῖν.
1723 4531 1832 4586 Καὶ

247 4617 409 4668 πάλιν
442 4615 734 4686 ἄνθρωπον
795 4617 1095 4686 λαμϐάνων
1146 4619 1362 4690 θνητὸν,
1398 4624 1486 4676 διὰ
1539 4625 1635 4678 τοῦ
1685 4625 1831 4678 θείου

255 4705 636 4774 βαπτίσματος
656 4705 794 4773 [υἱὸν
823 4709 957 4761 Θεοῦ
996 4711 1092 4763 καὶ
1131 4710 1250 4763 θεὸν
1281 4713 1422 4766 κατὰ
1456 4715 1620 4784 χάριν
1663 4717 1832 4787 ἐργά-

247 4797 399 4859 ζεται
426 4815 442 4830 ·
487 4799 675 4867 μεῖζον
709 4799 1080 4870 ἐργαζόμενος
1123 4801 1306 4872 ἔργον,
1359 4802 1400 4873 ἥ
1426 4806 1593 4874 ἐἴπερ
1622 4808 1832 4876 ἀνεγεί-

250 4905 361 4957 ρειν
388 4880 892 4958 νεκροίιςὲδὺνατο,
936 4894 1032 4945 καὶ
1055 4893 1122 4945 τὰ
1167 4894 1530 4966 λελωϐημένα
1579 4902 1674 4952 καὶ
1738 4917 1833 4951 πε-

249 4979 553 5049 πηρωμένα
599 4968 695 5034 τοῦ
722 4982 980 5051 σώματος
1013 4984 1151 5055 μέλη
1181 4987 1310 5054 ὑγιᾶ
1342 4988 1435 5040 καὶ
1478 4990 1643 5056 ἄρτια
1669 4990 1831 5044 καθιο

253 5075 379 5143 στᾷν
424 5059 592 5142 λδγῳ,
625 5075 690 5128 El
730 5074 826 5128 οῦν
859 5071 970 5129 ἔδει
1003 5078 1242 5147 φανῆναί
1289 5059 1414 5133 τινα
1455 5081 1548 5133 ἐπὶ
1591 5081 1690 5149 τῆς
1724 5085 1828 5152 γῆς

252 5171 558 5240 ἄνθρωπον,
587 5170 859 5239 ἀγγέλους
877 5172 974 5226 καὶ
1002 5173 1268 5242 οὐρανοὺς
1306 5173 1660 5245 δημιουργεῖν
1681 5176 1826 5248 λόγῳ

251 5261 568 5330 δυνάμενον,
591 5263 689 5315 καὶ
717 5266 947 5334 νεκροὺς
975 5265 1283 5336 ἀνεγείρειν
1329 5267 1422 5320 καὶ
1451 5267 1648 5321 ἀνίατα
1675 5267 1821 5339 πάθη

260 5353 464 5416 ἰᾶσθαι,
495 5355 684 5408 ὁποῖον
711 5357 882 5425 ἐχρῆν
920 5355 1013 5410 τὸν
1057 5358 1300 5411 τοιοῦτον
1356 5356 1498 5412 εῖναι
1526 5376 1540 5425 ;
1569 5359 1825 5430 Καθαρὺν

258 5445 345 5497 καὶ
403 5447 501 5518 τὴν
549 5449 757 5519 ἀρετὴν
809 5449 1216 5521 ἀπαράμιλλον,
1251 5451 1394 5506 ὥστε
1440 5454 1696 5525 τοιαύτην
1727 5451 1823 5506 τοῦ

307 5627 352 5659 ³³
375 5625 538 5682 lCor.
559 5627 612 5694 5,
644 5629 700 5694 9,

1917 3257 2290 3304 transmutare
2319 3248 2598 3300 divinum.
2635 3245 3022 3314 hominemque
3075 3243 3237 3298 deum
3288 3244 3502 3298 elliecre

1918 3343 2210 3400 secundum
2238 3342 2491 3414 gratiam,
2521 3354 2682 3411 quam
2709 3339 2905 3394 cmlum
2928 3346 2982 3394 et
3005 3337 3223 3407 angelos
3246 3351 3456 3392 creare.

1991 3609 2044 3665 7.
2069 3609 2216 3664 llanc
2259 3606 2442 3674 igitur,
2463 3618 2494 3658 ο
2515 3603 2846 3668 charissimi,
2868 3601 3115 3673 opificem
3162 3617 3223 3654 ac
3247 3603 3506 3656 deificari-

1922 3710 2026 3755 tem
2063 3699 2235 3755 sancti
2266 3697 2499 3769 Spiritus
2540 3695 2768 3766 gratiam
2794 3703 2846 3747 et
2869 3692 3147 3758 virtutem,
3174 3708 3293 3761 qua:
3315 3693 3366 3746 in
3392 3693 3505 3746 ictu

1920 3795 2062 3852 oculi
2085 3807 2273 3850 creare
2304 3803 2514 3862 potest,
2544 3789 2775 3842 maxima
2799 3797 3026 3856 quaeriue
3049 3795 3423 3840 creaturarum
3451 3786 3506 3857 (o

1924 3903 2164 3944 amorem
2201 3895 2255 3940 et
2308 3882 2719 3940 beneﬁcentiam
2739 3897 2866 3950 erga
2898 3895 2996 3935 nos
3023 3878 3181 3934 Verbi
3207 3879 3294 3934 Dei
3319 3881 3358 3946 ί)
3387 3881 3508 3936 sine

1923 3977 2087 4034 dubio
2121 3975 2322 4041 accipit
2345 3972 2619 4026 sacerdos.
2654 3970 2786 4023 Nam
2823 3980 2876 4023 et
2907 3969 2998 4023 ille
3026 3967 3279 4023 similiter
3309 3983 3506 4037 panem

1924 4077 1976 4126 et
2005 4067 2183 4122 vinum
2217 4065 2489 4131 accipiens
2517 4078 2613 4131 per
2641 4061 3030 4116 iuhab'tantetu
3059 4059 3114 4113 in
3141 4060 3509 4122 sc,n‘1ediante

1924 4159 2210 4226 sacerdotii
2249 4155 2523 4218 unctione,
2555 4169 2762 4208 sacram
2807 4154 3060 4205 virtutem
3095 4151 3144 4203 in
3186 4150 3404 4204 carnem
3453 4159 3508 4205 et

1926 4248 2245 4318 sanguinem
2265 4253 2563 4300 connnutat
2591 4243 2925 4297 Dominicum
2959 4258 2974 4307 ;
3008 4239 3183 4309 majus
3216 4249 3506 4310 propterea

1927 4357 2191 4398 exercens
2242 4355 2398 4409 opus,
2441 4352 2601 4406 quam
2651 4335 2697 4390 si
2750 4335 2972 4403 angelos
3017 4343 3070 4388 et
3102 4335 3282 4402 :cmlos
3321 4348 3508 4388 creare

1931 4444 2134 4505 posset.
2187 4432 2393 4486 Deinde
2442 4427 2722 4484 mortalem
2777 4426 3054 4494 accipiens
3103 4424 3375 4479 hominem
3412 4438 3510 4493 per

1887 4516 1910 4555 ’
1935 4537 2182 4584 sanctum
2205 4525 2553 4592 baptismum,
2573 4519 2661 4572 Dei
2677 4517 2896 4582 Filium,
2919 4516 3191 4588 Deumque
3209 4521 3506 4574 secundum

1930 4620 2158 4689 gratiam
2189 4615 2373 4680 efficit,
2408 4613 2578 4683 majus
2607 4609 2848 4666 eﬂicieus
2879 4626 3036 4679 opus,
3072 4627 3233 4681 quam
3266 4612 3310 4665 si
3359 4627 3508 4666 mor-

1933 4720 2053 4763 tuos
2080 4708 2388 4769 suscitaret,
2427 4711 2479 4758 et
2521 4703 2702 4757 luxata
2738 4718 2800 4757 ac
2841 4702 3030 4756 mutila
3058 4704 3302 4773 corporis
3337 4719 3508 4758 mem-

1930 4803 2025 4856 bra
2088 4799 2308 4852 sanitati
2361 4805 2415 4851 et
2457 4794 2758 4866 integritati
2808 4794 2926 4850 solo
2958 4794 3123 4849 verbo
3176 4796 3506 4852 restitueret.

1932 4895 1988 4950 Si
2018 4895 2179 4965 igitur
2212 4894 2350 4946 inter
2374 4905 2473 4945 nos
2502 4891 2664 4944 homo
2715 4896 2882 4956 esset,
2917 4891 3006 4959 qui
3039 4891 3262 4960 angelos
3311 4891 3507 4946 caelos-

1928 4981 2034 5058 que
2053 4991 2214 5044 verbo
2233 5002 2418 5042 creare
2438 4992 2639 5056 posset,
2659 4985 2924 5039 suscitare
2939 4995 3201 5049 mortuos,
3219 4993 3273 5038 et
3293 4984 3511 5037 incura-

1929 5079 2128 5137 bilibus
2160 5079 2366 5134 morbis
2398 5077 2623 5144 mederi,
2657 5076 2870 5146 qualem
2906 5091 3029 5130 cum
3053 5091 3171 5132 esse
3187 5075 3510 5144 oporteret?

1924 5191 2085 5246 quam
2106 5189 2296 5245 purum
2313 5178 2364 5225 et
2385 5171 2505 5224 vita:
2524 5171 2791 5239 probitate
2809 5177 2934 5224 ante
2951 5168 3505 5224 omnesexcellentcm

1923 5283 2113 5337 nempe
2143 5278 2199 5320 ut
2226 5267 2366 5320 hanc
2393 5266 2484 5320 Dei
2512 5265 2764 5318 virtutem
2817 5270 2981 5331 atque
3025 5261 3315 5329 potentiam
3341 5259 3512 5313 susci—

1931 5370 2083 5430 peret
2121 5358 2380 5426 fieretque
2409 5364 2533 5426 post
2567 5355 2733 5410 Deum
2777 5355 2915 5410 alter
2955 5353 3206 5408 creator?
3238 5350 3295 5405 Si
3319 5348 3510 5402 millies

1935 5451 2179 5524 profecto
2213 5451 2286 5506 illi
2319 5451 2560 5520 quotidie
2585 5465 2682 5522 pro
2699 5449 2919 5506 Christo
2946 5448 3078 5504 mori
3104 5441 3506 5512 liceret,adhuc

323 5789 433 5862 (tt)
481 5789 727 5844 Prwslat.
787 5789 1086 5846 Vaticanus
1136 5791 1300 5846 habet
1337 5791 1618 5864 διάφορον.
1657 5791 1818 5850 Mess:

1921 5792 2027 5850 usis
2061 5792 2307 5864 διαφέρει
