3948 6200
466 309 577 373 339

1505 313 2002 412 TIIEOPHANIS
2032 318 2376 408 EPISCOPI
2423 314 2709 378 NICENI

3631 307 3731 375 3m

469 438 650 484 tamen
711 427 933 484 minime
990 427 1209 498 dignum
1268 443 1406 499 Opus
1465 421 1861 503 faceretfqnp
1916 439 2040 490 tanti

2158 435 2295 490 Θεοῦ
2335 431 2571 502 δύναμιν
2617 429 2881 496 δέξασθαι
2918 426 3012 481 καὶ
3053 423 3235 493 ἀξίαν,
3271 425 3366 481 καὶ
3405 426 3732 498 δημιουργὸν

466 521 711 577 muneris
751 522 978 590 gratiam
1012 531 1413 600 compensaret.
1449 523 1517 598 At
1548 526 1854 584 sacerdotis
1883 544 2044 600 opera

467 619 675 689 majora
710 607 781 674 iis
824 618 1018 692 multo;
1050 632 1114 671 ac
1162 601 1287 686 sine.
1320 619 1425 673 ulla
1459 604 1867 691 eomparatione
1911 638 2049 692 prm-

466 713 736 766 stantiora
779 723 918 774 esse,
951 699 1230 788 OStensnm
1284 721 1391 766 est.
1427 695 1663 780 Qualem
1717 714 1882 783 igitur
1926 697 2048 786 esse

468 805 657 858 deceat
683 817 809 858 eum
840 801 935 876 qui
987 794 1280 859 sacerdotii
1317 795 1546 879 gratiam
1597 809 1826 880 accepit,
1880 794 2045 876 quam
2085 799 2090 803 ’

469 895 708 950 divinum
754 910 818 951 ac
849 909 985 964 pene
1015 897 1322 962 cteleStem,
1357 891 1482 955 hinc
1513 901 1847 970 perpendere
1893 901 2044 957 licet.

466 985 666 1040 Christi
725 997 876 1058 certe
922 1003 1042 1043 esse
1080 989 1238 1044 debet
1290 975 1754 1061 perfectissimus
1785 983 2046 1060 imitator,

466 1078 720 1147 illiusque
756 1079 808 1133 in
861 1095 1026 1134 carne
1078 1068 1242 1150 primi
1307 1075 1578 1160 pontiﬁcis
1639 1093 1803 1156 atque
1854 1085 2048 1165 horum

466 1185 749 1227 sacrorum
802 1173 1104 1250 sacerdotis
1161 1184 1213 1244 et
1259 1176 1552 1232 initiatoris
1596 1178 1751 1256 sequi
1797 1177 2046 1256 vestigia.

471 1260 742 1337 Quocirca
787 1265 930 1319 haud
968 1257 1178 1340 erraret
1202 1260 1418 1337 aliquis,
1450 1255 1483 1323 o
1529 1251 1737 1338 dilecti,
1767 1251 1819 1338 si.
1844 1253 2050 1346 diceret

466 1353 830 1410 sacerdOtium
897 1371 1020 1412 esse
1083 1359 1174 1411 Dei
1229 1347 1559 1415 eﬂ‘ectrieem
1623 1361 1903 1435 virtutem,
1965 1348 2048 1436 vel

465 1446 710 1503 divinam
741 1449 1026 1505 scientiam
1062 1465 1159 1522 pro
1191 1451 1294 1506 (ine
1320 1441 1648 1516 habentem,
1681 1463 1736 1506 ut
1769 1454 2048 1520 hominem

465 1539 664 1595 emciat
718 1539 878 1595 deum
923 1541 1221 1596 secundum
1265 1542 1514 1612 gratiam,
1549 1544 1888 1599 eonformem
1921 1559 2048 1599 vero

469 1620 689 1703 imagini
743 1631 866 1686 Filii
923 1633 1012 1688 Dei
1049 1635 1345 1689 secundum
1405 1646 1684 1702 naturam,
1736 1637 1898 1705 idque
1951 1651 2048 1706 per

466 1722 620 1793 signa
680 1725 927 1792 quaedam
966 1733 1220 1796 tanquam
1273 1741 1370 1796 per
1401 1719 1790 1792 instrumenta,
1850 1718 2048 1797 panem

2119 518 2342 600 ~Erapov
2380 527 2522 581 εἶναι
2577 526 2717 595 μετὰ
2743 524 2897 589 Θεὸν,
2947 522 3167 584 πάντως
3205 522 3254 574 εί
3314 521 3576 592 μυριάκις
3613 523 3732 592 ἐνῆν

2153 623 2306 690 αὑτῷ
2361 619 2490 675 καθ’
2538 619 2781 687 ἑκάστην
2844 616 2988 679 ὑπὲρ
3044 612 3288 683 Χριστοῦ
3343 613 3729 684 ἀποθνήσκειν,

2152 701 2254 772 οὑκ
2294 717 2359 770 ἂν
2401 713 2624 777 ἐπάξιον
2709 709 2872 780 ἔργον
2935 710 3016 769 είς
3077 705 3434 760 ἀνταπόδοσιν
3497 708 3595 772 τῆς
3635 709 3734 761 δω-

2157 791 2288 881 ρεᾶς
2335 806 2541 873 ταύτης
2577 803 2919 873 εἰργάσατο.
2987 799 3148 876 Ἀλλά
3188 801 3256 855 τὰ
3304 797 3454 868 τιαρά
3516 797 3609 871 τοῦ
3656 801 3731 879 is.

2157 901 2293 972 ρέως
2325 896 2631 966 τελούμενα
2699 889 2872 964 μείζω
2896 891 3004 946 τῶν
3033 892 3292 944 τοιούτων
3314 888 3494 963 ἔργων
3554 887 3730 957 πολλῷ

2151 994 2248 1048 καὶ
2305 989 2628 1060 ἀσυγκρίτῳ
2664 985 2741 1055 τῷ
2778 987 2964 1056 μέτρῳ
3012 983 3284 1042 δεδείκται
3313 977 3475 1033 εἶναι.
3518 979 3730 1052 Ὀποίον

2150 1070 2245 1146 οὑν
2291 1083 2372 1138 δεῖ
2426 1083 2521 1136 τὸν
2573 1080 2671 1150 τὴν
2709 1081 2872 1156 χάριν
2916 1077 3018 1147 τῆς
3081 1074 3380 1146 ἱερωσύνης
3443 1072 3734 1142 δεξάμενον

2155 1175 2300 1240 θεῖόν
2329 1156 2456 1229 τινα
2489 1159 2591 1246 καὶ
2633 1155 2894 1242 ὑπερφυῆ
2937 1163 3103 1232 εἶναι,
3168 1167 3437 1238 πάρεστιν
3486 1163 3732 1239 ἐντεῦθεν

2151 1252 2492 1336 λογίζεσθαι,
2542 1265 2762 1326 πάντως
2795 1262 2894 1340 τοῦ
2917 1260 3159 1341 Χριστοῦ
3217 1249 3470 1329 μιμητὴν
3509 1257 3730 1324 ἀκριϐέ-

2153 1377 2372 1423 στατον,
2400 1343 2497 1411 καὶ
2538 1341 2640 1427 τῆς
2690 1351 2746 1409 ἐν
2803 1356 2968 1426 σαρκὶ
3026 1352 3308 1432 πολιτείας
3349 1352 3564 1422 ἐκείνου
3611 1349 3734 1404 κατ’

2155 1443 2302 1523 ἴχνος
2347 1452 2645 1522 ἑπόμενον,
2679 1436 2775 1502 τοῦ
2801 1446 3022 1520 πρώτου
3044 1444 3352 1518 ἀρχιερέως
3389 1445 3486 1497 καὶ
3517 1445 3732 1512 ίερουρ⁴

2150 1544 2270 1612 γοῦ,
2301 1541 2410 1610 τῶν
2464 1541 2723 1596 τοιούτων
2759 1540 2852 1594 καὶ
2897 1539 3253 1608 τελετάρχου.
3294 1535 3457 1590 Ὅθεν
3514 1537 3619 1589 οὑκ
3667 1535 3732 1588 ἀν

2150 1651 2235 1698 τις
2293 1627 2535 1702 ἀμάρτοι
2592 1630 2692 1700 τὴν
2738 1617 3067 1699 ἱερωσύνην,
3117 1622 3420 1695 ἀγαπητοὶ,
3474 1622 3739 1692 δημιουρ-

2150 1705 2317 1796 γικὴν
2347 1723 2517 1777 εἰπὼν
2546 1721 2779 1794 δύναμιν
2803 1721 2896 1776 τοῦ
2946 1717 3109 1783 Θεοῦ,
3143 1718 3176 1788 ἢ
3217 1717 3532 1790 ἐπιστήμην
3557 1715 3734 1779 θείαν,

464 1829 596 1870 vero
619 1824 674 1871 et
700 1816 881 1870 vinum
913 1831 1053 1884 aqua
1108 1819 1455 1872 eommistnm
1497 1810 1548 1873 in
1587 1809 1806 1888 corpus.
1836 1827 1891 1874 et
1916 1833 2040 1872 san-

2151 1782 2305 1880 τέλος
2323 1815 2556 1885 ἔχουσαν
2589 1813 2653 1868 τὸ
2685 1782 2772 1868 διά
2794 1829 2957 1865 τινων
2994 1782 3288 1888 συμϐόλων
3564 1808 3737 1879 όργάο

465 1904 683 1977 guinem
730 1907 1074 1984 Dotninicum
1111 1917 1454 1974 transmntet,
1505 1919 1835 1979 renatosque
1868 1910 2046 1964 homi-

466 1986 561 2052 nes
595 2005 692 2068 p’er
719 1999 1045 2068 baptismum
1083 2001 1247 2069 capiti
1284 2001 1506 2058 Christo
1535 2000 1597 2056 iit
1628 2003 1866 2057 membra
1913 2018 2043 2082 cogn-

462 2089 717 2158 glutinet.
750 2089 932 2156 Quare
960 2109 1080 2146 cum
1114 2108 1274 2148 nemo
1311 2096 1492 2150 carnis
1521 2096 1758 2151 vinculis
1793 2096 2046 2153 detentus

465 2171 593 2236 vere
641 2181 834 2254 dignus
864 2183 1277 2238 administrator
1307 2185 1501 2241 horum
1550 2187 2043 2256 supernatnraliutn

465 2275 847 2346 mysteriorum
905 2275 1137 2330 inveniri
1195 2278 1368 2345 possit
1427 2270 1670 2349 (ctenim
1727 2289 1783 2333 et
1836 2280 2046 2348 angelis

464 2367 597 2438 ipsis
644 2377 699 2422 et
755 2366 1130 2423 desiderabilia
1206 2368 1320 2424 haec
1379 2360 1504 2425 sunt
1551 2359 2042 2442 ct‘formidanda),

464 2458 758 2531 puritatem
786 2459 1001 2528 saltem,
1024 2475 1186 2530 quam
1212 2462 1497 2532 acquirere
1523 2463 1835 2539 hominibus
1859 2465 2041 2533 datur,

2160 1927 2292 1974 νων,
2325 1908 2450 1962 θεὸν
2484 1908 2587 1978 μέν
2619 1906 2765 1961 κατά
2796 1904 2960 1976 χάριν
2985 1903 3077 1958 τὸν
3129 1893 3419 1973 ἄνθρωπον
3480 1901 3738 1971 ἀπεργά-

2151 1999 2344 2064 ζεσθαι
2393 1998 2491 2052 καὶ
2521 1998 2850 2068 σύμμορφον
2902 1995 3002 2064 τῆς
3036 1993 3245 2056 εἰκόνος
3285 1993 3378 2045 τοῦ
3435 1991 3577 2045 κατά
3625 1989 3740 2060 φύ-

2153 2088 2239 2147 σιν
2273 2083 2401 2146 Υίοῦ
2454 2089 2550 2144 τοῦ
2584 2089 2744 2152 θεοῦ,
2782 2089 2875 2141 τὸν
2911 2086 2959 2140 δ’
3009 2086 3175 2155 ἄρτον
3234 2084 3328 2138 καὶ
3375 2078 3521 2138 οἶνον
3577 2083 3739 2158 ῦδατι

2150 2161 2593 2255 κεκερασμένον,
2627 2182 2708 2245 είς
2733 2180 2894 2250 σῶμα
2927 2179 3022 2233 καὶ
3065 2171 3207 2246 αἷμα
3253 2175 3613 2246 μεταϐάλλειν
3629 2176 3738 2227 Aa-

2151 2275 2555 2341 σποτικὸν,καὶ
2597 2274 2725 2337 τοὺς
2772 2270 3243 2341 ἀναγεννηθέντας
3289 2269 3615 2338 ἀνθρώπους
3644 2265 3742 2320 διὰ

2153 2367 2536 2441 βαπτίσματος
2569 2363 2961 2436 προσαρμόσαι
3003 2362 3077 2425 ὡς
3112 2361 3248 2432 μέλη
3308 2363 3375 2431 τῇ
3413 2360 3626 2430 κεφαλῇ
3656 2358 3739 2429 τῷ

2146 2443 2394 2532 Χριστῷ.
2435 2458 2599 2524 Ὅθεν
2629 2457 2863 2526 ἐπείπερ
2889 2455 3067 2518 οὐδεὶς
3094 2452 3204 2508 τῶν
3235 2453 3336 2523 τῆς
3371 2452 3576 2520 σαρκὸς
3644 2449 3740 2504 δε-

463 2543 844 2617 eontemnere,
893 2563 984 2606 aut
1035 2554 1285 2622 rejicere,
1333 2571 1433 2610 nec
1473 2570 1571 2624 pro
1600 2557 1806 2613 viribus
1834 2547 2040 2612 "conari

2147 2554 2325 2623 σμίων
2372 2551 2447 2616 ὡς
2481 2541 2713 2620 «ἀληθῶς
2760 2548 2912 2613 ἄξιος
2967 2546 3251 2616 οἰκονόμος
3306 2545 3414 2599 τῶν
3469 2543 3743 2597 τοιούτων

465 2642 768 2699 Salvatoris
826 2642 878 2697 in
935 2630 1100 2698 terris
1166 2645 1288 2698 vitae
1345 2645 1655 2700 institutum
1721 2640 2040 2701 imitandum

2146 2637 2446 2717 ὑπερφυῶν
2505 2640 2824 2725 μυστηρίων
2873 2639 2940 2694 ἂν
2991 2637 3283 2714 εὑρεθείη·
3336 2639 3429 2690 καὶ
3478 2639 3588 2706 γὰρ
3631 2642 3738 2692 καὶ

464 2735 568 2789 sibi
603 2750 927 2805 proponere,
969 2733 1020 2789 id
1057 2744 1203 2790 certe
1251 2736 1448 2806 ingrati
1484 2738 1590 2792 erit
1619 2728 1794 2793 animi
1830 2730 2040 2794 divinae

2144 2741 2258 2803 τοῖς
2313 2734 2568 2804 ἀγγέλοις
2619 2735 2807 2798 αὐτοῖς
2861 2732 3176 2802 ἐπιθυμητὰ
3233 2730 3304 2785 τά
3351 2727 3576 2784 τοιαῦτα
3629 2731 3737 2784 καὶ

463 2807 696 2896 rumque
757 2841 939 2880 rerum
982 2829 1401 2897 contemptoris,
1450 2829 1677 2898 ideoque
1707 2829 2040 2887 intolerabili

2147 2823 2352 2900 φρικτά
2388 2823 2744 2896 καθεστήκει,
2775 2825 2876 2908 τῆς
2907 2824 3040 2894 γοῦν
3087 2822 3449 2894 ἐνδεχομένης
3485 2820 3738 2891 καθαρά-

465 2917 734 2996 supplicio
766 2918 1013 2988 dignum.
1047 2919 1146 2974 Cui
1191 2935 1424 2991 namque
1453 2925 1637 2978 datum
1674 2933 1758 2979 est
1787 2911 2040 2991 multum,

2142 2923 2305 2992 τήτος
2338 2909 2452 2982 τοῖς
2481 2917 2801 2987 ἀνθρώποις
2837 2915 3211 2984 καταφρονεῖν
3247 2931 3310 2966 τε
3350 2913 3449 2968 καὶ
3479 2911 3736 2966 ἀνασαλ-

463 3009 691 3062 multutn
741 3009 904 3064 etiam
948 3009 1195 3082 exigetur
1240 3011 1307 3067 ab
1337 3027 1422 3067 eo.
1467 3014 1545 3070 Ac
1573 3024 1728 3069 vetus
1783 3016 2039 3070 nimirum

2143 3011 2358 3088 λεσῡαι,
2387 3009 2482 3062 καὶ
2527 3001 2602 3080 μὴ
2635 3006 2889 3060 σπεύδειν
2917 3009 3017 3077 ὅση
3064 3005 3298 3074 δύναμις
3340 3003 3443 3073 τὴν
3482 3004 3572 3056 ἐπὶ
3620 3002 3739 3070 γῆς

461 3098 595 3154 illud
630 3097 978 3156 llebrzeorum
1008 3103 1374 3159 sacerdotium
1429 3104 1600 3174 ilgnra
1633 3114 1750 3160 erat
1779 3116 1834 3161 et
1863 3105 2040 3176 imago

2147 3102 2240 3157 τοῦ
2269 3101 2521 3172 Σωτῆρος
2562 3100 2844 3162 πολιτείας
2873 3097 3189 3169 μιμεῖσθαι,
3233 3097 3434 3162 πολλῆς
3464 3098 3735 3163 ἀγνωμο-

460 3194 634 3274 nostri
669 3193 837 3262 hujus
883 3193 1131 3251 sublimis
1164 3206 1328 3267 atque
1357 3197 1636 3264 caelestis;
1685 3195 2040 3270 sanguinibus

2144 3193 2312 3264 σύνης
2339 3193 2405 3248 ἂν
2434 3191 2520 3264 εἴη
2539 3191 2635 3246 καὶ
2661 3191 2769 3245 τῶν
2797 3191 2960 3245 θείων
2983 3190 3476 3262 καταφρονήσεως,
3507 3188 3604 3240 καὶ
3633 3187 3736 3256 διὰ

460 3285 604 3339 enim
662 3295 718 3341 et
772 3288 1086 3342 animalium
1140 3298 1347 3344 tantum
1425 3287 1802 3347 occisionibns‘
1845 3285 2043 3348 licebat

461 3378 562 3443 illi,
595 3394 700 3432 non
747 3379 963 3445 animae,
1012 3380 1106 3435 sed
1138 3383 1386 3452 corporis
1430 3385 1672 3440 maculas
1703 3397 1757 3441 et
1788 3375 2042 3456 inquina-

461 3479 638 3524 menta
668 3483 918 3540 purgare.
957 3469 1029 3526 Ut
1072 3473 1214 3528 enim
1247 3489 1356 3529 uno
1398 3478 1563 3530 verbo
1611 3477 1812 3544 dicam,
1857 3478 2038 3532 omnia

459 3574 581 3629 quae
611 3575 706 3629 per
735 3561 868 3616 illud
917 3562 1139 3631 ﬁebant,
1174 3564 1366 3620 umbra
1402 3577 1579 3634 erant,
1613 3577 1673 3623 ut
1718 3569 1936 3624 divinus
1964 3569 2040 3623 ait

457 3652 756 3736 Apostolus
793 3655 862 3722 ⁸³,
915 3653 1218 3726 futurorum
1267 3657 1558 3722 bonorum,
1620 3658 1822 3716 nostris
1876 3659 2054 3728 rebus

461 3751 614 3822 tanto
648 3737 895 3812 inferior,
928 3757 1188 3822 quantum
1241 3747 1396 3804 abest
1448 3763 1477 3802 a
1526 3750 1668 3805 caelo
1711 3758 1875 3806 terra.
1909 3749 2038 3813 ldeo

455 3819 556 3914 pro
613 3835 785 3890 nostri
846 3819 1145 3908 eorumque
1204 3839 1496 3896 sacerdotii
1533 3827 1872 3908 diversitate,
1909 3825 2037 3898 cum

456 3926 773 4008 sacerdotes
806 3926 935 3982 item
966 3927 1137 3983 nostri
1170 3937 1226 3983 et
1277 3929 1494 3987 illorum
1528 3947 1623 4000 pro
1646 3941 1761 3986 rata
1790 3923 2039 4001 portione

455 4011 1018 4090 diﬂ‘eranthnantum
1042 4031 1188 4080 certe
1211 4023 1278 4078 ab
1298 4025 1504 4096 angelis
1524 4025 1774 4082 homines
1791 4026 2035 4094 absunt),

457 4121 637 4166 tamen
670 4111 858 4195 Nadab
892 4099 1111 4194 quidam
1140 4122 1195 4168 et
1221 4115 1395 4169 Abiud
1428 4116 1544 4182 ﬁlii,
1571 4116 1827 4196 Aaronis,
1855 4101 2039 4196 sacer;

458 4201 744 4274 dotesqne,
778 4189 897 4258 cum
923 4191 1194 4258 nefarium
1231 4195 1503 4274 queddam
1538 4193 1696 4276 opus
1725 4191 2036 4278 perpetras-

457 4303 602 4359 sent,
635 4294 757 4359 igne
813 4292 990 4346 alieno
1023 4293 1240 4348 adolere
1277 4297 1403 4350 thus
1471 4296 1577 4350 Deo
1632 4299 1894 4368 aggressi,
1921 4295 2037 4354 vio-

456 4383 580 4458 lane
609 4384 743 4459 legis
773 4398 960 4452 poenas
992 4385 1198 4453 absque
1224 4373 1374 4440 mnta
1407 4385 1716 4454 luerunt“,
1749 4373 1817 4444 ab
1843 4375 2033 4447 eodem

2140 3287 2300 3340 τοῦτο
2327 3278 2606 3348 κολάσεως
2633 3283 2787 3352 ἀξιον
2810 3285 3115 3354 ἀφορήτου.
3151 3275 3222 3359 ’ῼ
3251 3283 3357 3351 γὰρ
3380 3281 3536 3354 ἐδόθη
3561 3280 3734 3343 πολὺ,

2141 3377 2281 3433 πολὺ
2348 3378 2446 3431 καὶ
2479 3361 2958 3448 ἀπαιτηθήσεται.
3010 3375 3207 3430 Καίτοι
3238 3375 3270 3446 ἡ
3297 3373 3407 3427 τῶν
3451 3371 3733 3440 Ἑϐραίων

2141 3470 2310 3526 πάλαι
2370 3469 2644 3541 ἱερωσύνη
2679 3453 2918 3532 ’τοττόᾉ
2950 3468 3166 3540 ὑπῆρχε
3219 3467 3313 3522 καὶ
3349 3466 3586 3535 ῐνδαλμα
3623 3465 3732 3533 τῆς

2140 3564 2263 3619 καθ’
2290 3567 2441 3636 ἡμᾶς
2471 3563 2680 3634 ταύτης
2702 3563 2912 3634 ὑψηλῆς
2937 3581 2995 3616 τε
3028 3564 3122 3617 καὶ
3154 3562 3412 3634 οὐρανίου
3431 3577 3448 3592 ⁸
3478 3561 3574 3616 καὶ
3612 3561 3734 3632 γὰρ

2140 3643 2337 3730 αἵμασι
2393 3658 2489 3711 καὶ
2552 3658 2794 3726 σφαγαῖς
2857 3656 3022 3725 μόνον
3097 3655 3253 3720 ζώων
3330 3655 3546 3724 ἀλόγων
3592 3653 3731 3723 ἐξῆν

2137 3751 2311 3825 ταύτῃ
2342 3743 2628 3825 καθαίρειν
2674 3751 2734 3803 ού
2779 3749 2882 3820 τῆς
2910 3749 3113 3819 ψυχῆς,
3150 3748 3289 3804 ἀλλὰ
3321 3749 3416 3802 τοῦ
3462 3746 3732 3818 σώματος

2141 3821 2573 3916 μολυσμοὺςᾏιαὶ
2613 3842 2859 3911 κηλῖδας.
2902 3843 3012 3919 Καὶ
3044 3841 3119 3902 ὡς
3149 3840 3282 3897 ἔπος
3316 3842 3509 3903 εἰπεῖν,
3538 3840 3732 3894 πάντα

2137 3919 2207 3991 τά
2229 3933 2548 4004 τελούμενα
2573 3933 2640 3987 δι’
2667 3922 2842 4002 αὐτῆς
2874 3934 3037 3987 σκιὰν
3085 3927 3225 4004 εἶχε,
3249 3931 3393 3987 κατά
3435 3932 3523 3984 τὸν
3571 3931 3729 3984 θεῖον

2123 4015 2499 4092 .’Ᾱπόστολον,
2533 4014 2642 4080 τῶν
2690 4012 2994 4096 μελλόντων
3035 4015 3261 4093 ἀγαθῶν
3307 4023 3564 4078 τοσοῦτον
3607 4022 3730 4076 τῶν

2141 4115 2428 4188 ἡμετέρων
2461 4115 2774 4182 ἐνδέουσαν,
2811 4114 3009 4169 ὁπόσον
3041 4116 3108 4187 γῆ
3144 4115 3284 4185 πρὸς
3338 4116 3430 4168 τδν
3459 4113 3724 4184 οὐρανόν.

2137 4209 2248 4263 καὶ
2268 4209 2356 4262 διά
2377 4208 2536 4262 τοῦτο
2559 4208 2695 4280 πρὸς
2715 4208 2774 4263 τὺ
2791 4209 3047 4277 διάφορον
3067 4210 3163 4282 τῆς
3185 4207 3344 4279 ήμῶν
3363 4225 3423 4262 τε
3444 4208 3726 4262 κάκείνων

2139 4293 2442 4369 ἱερωσύνης
2481 4299 2589 4354 τῶν
2617 4300 2810 4370 ἱερέων
2838 4300 2996 4370 ἡμῶν
3025 4316 3084 4353 τε
3123 4301 3404 4353 κάκείνων
3430 4298 3722 4366 ἀναλόγως

2135 4393 2506 4461 διαφερόντων
2549 4392 2720 4462 ἤγουν
2748 4393 2874 4445 ὅσον
2926 4390 3178 4459 ἀγγέλων
3223 4389 3523 4459 ἄνθρωποι,
3567 4391 3725 4459 ὅμως

458 4473 580 4542 igne
635 4471 782 4526 illico
819 4474 1124 4542 combusti;
1157 4474 1356 4560 quibus
1392 4491 1494 4532 nec
1534 4488 1688 4548 pater
1719 4469 1900 4536 Aaron
1933 4498 2030 4553 po-

2142 4481 2325 4548 Ναδάὸ
2357 4501 2440 4547 τις
2468 4484 2563 4538 καὶ
2597 4483 2812 4538 ’Λειοὺδ
2840 4485 2952 4537 υίοὶ
2995 4483 3207 4556 Ἀαρὼν
3230 4484 3383 4545 ὄντες
3406 4483 3503 4535 καὶ
3525 4482 3721 4552 ίερείς,

458 4557 568 4619 tnit
601 4559 876 4633 opitulari.
936 4565 1076 4632 Quid
1138 4557 1267 4624 vero
1298 4557 1461 4640 opus
1514 4580 1600 4627 est
1660 4571 1906 4642 pluribus
1949 4564 2032 4639 ⁸⁵,

455 4659 674 4731 quando
713 4667 766 4715 et
817 4661 930 4730 ipse
961 4653 1165 4722 ‘Aaron
1203 4677 1233 4716 a
1291 4651 1400 4719 Deo
1455 4663 1682 4732 electus,
1716 4653 1770 4721 et
1824 4665 2032 4737 primus

457 4753 598 4822 apud
633 4752 753 4808 illos
789 4753 1054 4830 pontifex,
1083 4754 1224 4825 apud
1258 4741 1426 4811 Deum
1455 4771 1585 4812 vero
1611 4759 1886 4816 secundus
1911 4769 2033 4829 post

455 4837 716 4922 llloysem,
752 4861 871 4901 cum
907 4846 1095 4901 leviter
1131 4833 1302 4926 Deum~
1330 4832 1676 4926 oﬂ'endisset,
1704 4851 2030 4906 miserabili-

455 4923 539 4991 ter
598 4939 706 4991 vita
759 4938 1006 5008 privatus
1064 4931 1168 5002 est,
1223 4921 1336 4994 nec
1373 4924 1544 4998 fratre
1574 4923 1792 5011 quidem
1827 4929 2025 5014 'Mnyse

455 5025 603 5105 illum
655 5041 686 5081 e
737 5025 1001 5099 supplicio
1063 5015 1296 5106 liberare
1330 5033 1543 5087 valente
1562 5033 1652 5087 δεῖ)
1703 5025 2027 5100 Quid'vero

453 5117 649 5172 deinde
683 5117 798 5173 Heli
849 5119 1145 5176 sacerdos?
1178 5120 1328 5176 Licet
1370 5121 1459 5179 ille
1501 5124 1677 5182 bonus
1707 5127 1759 5181 in
1789 5141 1848 5182 se
1881 5114 2028 5183 esset

450 5203 509 5292 et,
534 5209 1052 5282 irreprebensibilis,
1086 5220 1307 5283 pr0pter
1337 5215 1506 5270 solam
1547 5201 1766 5272 suorum
1791 5215 2026 5294 ﬁliorum

449 5289 792 5371 iniquitatem
870 5301 991 5358 diro
1081 5297 1275 5360 mortis
1336 5321 1534 5377 genere
1590 5307 1753 5364 vitam
1819 5291 2024 5378 ﬁnivit;

449 5403 613 5464 atque
649 5384 807 5480 certe
837 5394 955 5450 illos
982 5396 1163 5453 verbis
1215 5413 1359 5469 smpe
1410 5402 1770 5471 corripuerat,
1805 5391 2023 5473 tametsi

449 5490 556 5541 non
611 5502 800 5544 severe
849 5498 903 5543 et
932 5489 1193 5559 graviter,
1233 5487 1291 5544 ut
1337 5483 1673 5561 'oportuera‘t,
1705 5485 2021 5566 Castigarat.

451 5575 508 5630 Si
569 5579 731 5650 igitur
782 5579 1163 5652 delinquentes
1209 5582 1284 5637 illi
1342 5584 1435 5653 qui
1495 5583 1597 5640 sub
1645 5584 1780 5656 legis
1830 5587 2020 5644 umbra

2133 4565 2374 4652 ἀθεσμόν
2398 4577 2452 4630 τί
2487 4564 2618 4652 ποτε
2653 4576 3096 4647 διαπεπρακότες
3131 4574 3427 4647 (ἀλλοτρίῳ
3452 4575 3563 4645 γάρ
3580 4576 3725 4644 πυρὶ

2133 4669 2332 4740 θυμιᾷν
2358 4668 2680 4738 ἐπεχείρουν
2697 4668 3037 4737 παρανόμως
3058 4665 3198 4735 Θεῷ)
3217 4664 3541 4734 παρα-πόδας
3558 4665 3723 4728 δίκας

2131 4764 2235 4833 τῆς
2285 4761 2636 4833 παρανομίας
2695 4761 3144 4831 εἰσπράττονται,
3180 4761 3569 4832 παρανάλωμα
3618 4760 3720 4815 τοῦ

2131 4833 2304 4928 ⁴πυρὸς
2335 4854 2546 4908 ἐκείνου
2595 4847 2885 4921 γεγονότες
2934 4851 3154 4924 ἀθρόον,
3186 4837 3284 4908 καὶ
3325 4854 3439 4907 οὐδ’
3499 4852 3725 4923 Ἀαρὼν
3777 4873 3784 4882 -

2130 4931 2336 5018 ῆρκέσε
2367 4946 2507 5015 πρὸς
2562 4945 2844 5016 σωτηρίαν
2897 4945 3086 5020 αὐτοῖς
3137 4948 3166 4999 6
3213 4945 3421 5018 πατὴρ.
3467 4943 3634 5010 Ἀλλά
3664 4944 3722 4997 τί

2126 5039 2232 5111 χρὴ
2261 5041 2389 5112 περὶ⁹
2414 5039 2621 5115 τούτων
2646 5038 2849 5106 λέγειν,
2875 5039 3013 5092 ὅπου
3039 5055 3102 5108 γε
3135 5041 3233 5094 καὶ
3265 5037 3479 5108 Ἀαρὼν
3526 5036 3722 5117 αὐτὸς,

2128 5131 2157 5184 6
2177 5129 2476 5201 ’θεόκριτος
2517 5113 2613 5185 καὶ
2661 5130 2878 5210 πρῶτος
2902 5121 3033 5206 παρ’
3049 5129 3276 5206 ἐκείνοις
3307 5128 3601 5210 ἀρχιερεύς
3621 5115 3658 5161 Ἀ
3686 5129 3723 5182 6

2128 5223 2237 5292 γὰρ
2273 5209 2550 5285 Μωῦσέως
2587 5208 2738 5290 παρά
2781 5219 2903 5292 Θεῷ
2923 5220 3214 5299 δεύτερος·
3251 5207 3452 5292 μικρόν
3487 5236 3541 5289 τι
3579 5237 3720 5290 προ-

2136 5299 2488 5396 σκεκρουκὼς
2513 5314 2592 5385 τῷ
2626 5313 2744 5386 Θεῷ
2773 5315 2871 5393 τῆς
2894 5313 3040 5391 ζωῆς
3075 5313 3326 5386 ἐλεεινῶς
3356 5315 3718 5386 ἀπορρήγνυ-

2133 5423 2246 5484 ται,
2300 5406 2439 5477 μηδὲ
2499 5406 2746 5470 Μωσέως
2809 5405 2908 5484 τοῦ
2963 5405 3199 5482 ἀδελφοῦ
3247 5405 3572 5476 δυνηθέντος
3630 5405 3719 5471 £8-

2133 5477 2356 5550 ελέσθαι
2414 5483 2605 5552 τοῦτον
2671 5501 2771 5570 τῆς
2805 5480 3077 5568 τιμωρίας
3117 5517 3132 5563 ;
3171 5479 3237 5552 Τί
3272 5497 3328 5551 δέ
3368 5495 3518 5553 Ἠλεὶ
3573 5497 3717 5561 μετά

2129 5588 2312 5644 ταῦτα
2323 5591 2351 5644 6
2386 5590 2604 5661 ίερεύς;
2636 5590 2816 5646 καίτοι
2854 5589 2978 5645 καθ’
3003 5591 3198 5648 ἐαυτὸν
3220 5591 3427 5662 ἀγαθὸς
3445 5592 3715 5665 ὑπάρχων

439 5835 483 5845 ._
636 5758 852 5818 Coloss.
890 5781 948 5829 ιι,
991 5764 1073 5818 l7.
1101 5766 1222 5853 an"
1253 5764 1426 5823 Levit.
1458 5785 1510 5835 χ,
1544 5769 1561 5823 ι
1591 5785 1744 5842 seqq.
1824 5768 2170 5840 "Nummi,
2245 5774 2313 5830 24
2335 5790 2488 5850 seqq.
2569 5776 2613 5812 ³⁸
2648 5776 2667 5830 l
2706 5770 2839 5845 Reg.
2872 5790 3059 5844 xxxiv,
3095 5775 3116 5831 l
3150 5788 3306 5847 seqq.
