3948 6200
239 328 344 394 3H

1601 328 1971 392 EPISTOLA
2005 331 2034 392 Ι
2040 331 2124 392 II;

3414 329 3526 393 342

241 447 340 500 καὶ
361 444 678 516 ἄμεμπτος,
720 442 810 496 διὰ
852 442 949 515 τὴν
993 445 1102 499 ⁸ιιιῖἱιν
1136 445 1346 500 παίδων
1393 445 1554 516 μόνον
1595 464 1838 517 παρανο-

1943 456 2116 512 erant,
2145 458 2196 502 et
2225 446 2505 502 hominum
2533 443 2712 498 adhuc
2743 444 2974 514 spiritali
3034 453 3190 500 relate
3231 445 3518 501 infantium

243 534 380 607 μίαν
411 533 576 606 δεινῷ
606 534 826 606 θανάτῳ
857 537 1231 608 καταστρέφει
1262 537 1353 592 τὸν
1386 537 1501 608 βίον
1527 554 1542 569 ·
1590 539 1829 609 καίτοιγε

243 624 514 688 πολλάκις
541 624 730 692 λόγοις
757 624 1043 694 ἐπιτιμίας
1067 625 1178 678 τῶν
1207 627 1414 680 παίδων
1451 626 1760 697 ἁπτόμενος
1784 628 1832 680 εἱ

244 716 345 768 καὶ
387 714 465 786 μὴ
493 713 744 784 σφοδρῶς
775 716 870 768 καὶ
909 716 984 778 ὡς
1021 717 1190 786 ἐχρῆν
1221 718 1594 788 ἐπιπλήττων.
1632 718 1695 770 Ei
1740 711 1832 771 οῦν

249 808 491 870 ἐκείνοις
514 811 584 879 τῇ
639 810 772 880 σκιᾷ
816 809 1316 882 παρακαθημένοις
1369 811 1465 866 τοῦ
1506 812 1698 882 νόμου,
1740 813 1835 864 καὶ

245 899 464 966 νηπίων
490 897 590 968 τὴν
614 900 1003 971 πνευματικὴν
1033 901 1255 970 ἠλικίαν
1287 901 1632 964 διδασκάλοις
1661 900 1836 972 ὑπάρ-

247 1006 409 1058 χουσι
440 990 536 1044 καὶ
561 996 970 1062 μυσταγωγοὶς,
998 994 1227 1048 τοιαῦτα
1260 995 1474 1064 φοϐερὰ
1505 996 1600 1048 καὶ
1629 994 1838 1048 ἀναπό-

245 1082 461 1151 δραστα
493 1085 880 1156 παρανομοῦσι
927 1087 997 1140 τὰ
1043 1087 1326 1156 ἐπιτίμια,
1381 1088 1542 1142 ὁποῖα
1582 1085 1647 1140 ἂν
1702 1081 1833 1149 εἷεν,

249 1174 552 1241 ἀγαπητοὶ,
575 1177 689 1237 τοῖς
723 1176 1134 1248 τελεσιουργοῖς
1167 1177 1276 1230 τῶν
1304 1177 1603 1248 ὑπερφυῶν
1633 1195 1840 1246 μυστη-

253 1263 410 1334 ρίων,
448 1268 545 1318 καὶ
579 1271 692 1332 τοῖς
740 1269 992 1338 ἀγγέλων
1053 1270 1524 1342 συλλειτουργοῖς,
1561 1263 1665 1324 και
1697 1271 1836 1324 Θεοῦ

251 1359 564 1424 συνεργοῖς,
596 1361 689 1412 καὶ
718 1361 797 1430 τῷ
833 1362 935 1431 τῆς
965 1361 1246 1426 υἱοθεσίας
1290 1362 1567 1432 πνεύματι
1600 1363 1839 1427 τελείους

245 1447 350 1518 τὴν
408 1451 554 1502 κατὰ
587 1452 828 1523 Χριστὸν
887 1455 1107 1524 ἡλικίαν
1169 1455 1524 1510 ἀναδείκνυσι
1571 1457 1700 1519 τοὺς
1748 1455 1840 1510 ὑπ’

245 1537 434 1590 αὐτῶν
469 1540 860 1611 τελουμένους,
894 1545 968 1616 μὴ
1001 1547 1061 1598 τὸ
1095 1547 1359 1617 θεουργὸν
1389 1548 1492 1617 τῆς
1535 1548 1840 1618 ἱερωσύνης

241 1629 464 1698 χρίσμα
500 1635 730 1704 τηροῦσι
777 1637 1018 1707 καθαρὸν
1064 1642 1159 1694 καὶ
1205 1640 1501 1710 ἀκίϐδηλον
1529 1641 1605 1704 ὡς
1661 1641 1793 1710 ὲνῆν
1822 1683 1837 1707 ,

243 1721 419 1776 Ὅσον
480 1726 586 1798 γὰρ
639 1729 701 1781 τὸ
757 1729 1022 1801 διάφορον
1075 1735 1198 1786 κατ’
1248 1733 1410 1801 ἀξίαν
1455 1735 1556 1803 τῆς
1605 1735 1840 1804 νομικῆς

1938 540 2186 611 magistri
2219 550 2274 594 et
2310 548 2698 608 praeceptores,
2731 545 2841 590 tam
2873 536 3160 591 horrendis
3192 539 3520 592 inevitabili-

1936 635 2148 702 busque
2180 631 2355 700 poenis
2397 629 2603 683 multati
2640 639 2784 694 sunt,
2818 645 2938 698 quae
2973 629 3211 695 tandem,
3237 645 3269 684 ο
3303 630 3514 695 dilecti,

1938 728 2162 774 manent
2204 717 2468 787 supplicia
2501 718 3001 784 supernatat-alium
3048 730 3523 774 sacramentorum

1940 811 2246 876 ministros,
2275 810 2593 881 angelorum
2623 826 2942 876 conservos,
2977 809 3072 866 Dei
3109 821 3522 882 cooperatores,

1939 903 2142 971 quique
2170 917 2261 957 eos
2289 916 2428 970 quos
2475 901 2750 974 mysteriis
2802 900 3043 962 initiant.
3085 916 3181 970 per
3213 902 3522 969 adoptionis

1940 993 2189 1063 spiritum
2236 990 2510 1062 perfectos
2547 991 2848 1046 secundum
2903 991 3104 1046 Christi
3150 1002 3361 1047 attatem
3412 992 3522 1048 elli-

1941 1085 2115 1146 eiunt,
2169 1085 2272 1140 nisi
2333 1084 2580 1138 deificum
2635 1085 2780 1137 illaut
2833 1085 3125 1139 sacerdotii
3180 1085 3521 1150 unctionem,

1943 1189 2206 1248 quantum
2243 1177 2356 1232 ﬁeri
2389 1185 2567 1246 potest
2602 1192 2792 1246 puram
2835 1186 2889 1230 et
2923 1177 3297 1247 incorruptam
3342 1192 3522 1232 serva-

1950 1271 2166 1326 verint?
2199 1270 2410 1337 Quanta
2440 1280 2526 1324 est
2555 1271 2698 1323 enim
2734 1269 2918 1337 legalis
2940 1279 2991 1322 et
3022 1271 3316 1325 Christiani
3344 1286 3520 1326 sacer-

1945 1363 2076 1418 dotii
2111 1361 2442 1423 diﬂ'erentia,
2489 1370 2637 1417 tanta
2688 1363 2741 1415 in
2781 1371 3011 1428 utroque
3047 1362 3172 1415 vitae
3222 1361 3426 1430 puritas
3472 1370 3522 1416 et

1944 1453 2273 1509 excellentia
2311 1454 2664 1522 proportione
2700 1453 3037 1522 respondens
3078 1453 3346 1522 exigetur.
3396 1451 3524 1506 Ideo

1945 1554 1999 1602 et
2030 1546 2278 1601 Salvator
2310 1554 2496 1599 noster
2525 1544 2738 1600 dicebat
2774 1563 2786 1598 :
2831 1545 2945 1598 Nisi
2983 1544 3329 1598 abundaverit
3358 1543 3523 1613 justi.

1947 1642 2021 1694 tia
2074 1649 2242 1694 vestra
2287 1639 2568 1708 plusquam
2622 1637 2930 1693 Scribarum
2985 1649 3033 1692 et
3105 1637 3522 1704 Pharisaeorum,

1946 1749 2050 1788 non
2076 1734 2343 1786 intrabitis
2372 1733 2427 1787 in
2474 1749 2690 1802 regnum
2715 1733 2960 1785 caelorum
2994 1732 3061 1785 ⁸⁷.

240 1817 555 1914 ἱερωσύνης
580 1823 715 1892 πρὸς
738 1824 835 1896 τὴν
861 1828 1281 1898 κατὰΧριστὺν,
1313 1831 1571 1886 τοσοῦτον
1593 1832 1627 1901 ὴ
1652 1830 1969 1901 καθαρότης
1998 1846 2056 1882 τε
2105 1830 2200 1881 καὶ
2236 1828 2497 1914 ἀκρίϐεια
2566 1829 2659 1882 τοῦ
2729 1828 2846 1897 βίου
2920 1830 2982 1882 ἐν
3027 1829 3311 1897 ἑκατέροις
3385 1828 3524 1881 dwa-

240 1911 422 1979 λόγως
442 1913 906 1987 ἀπαιτηθήσεται.
931 1921 1023 1974 Διδ
1045 1922 1141 1975 καὶ
1167 1925 1197 1971 ὁ
1221 1923 1416 1995 Σωτὴρ
1435 1925 1468 1994 ἡ
1479 1925 1596 1994 μῶν
1615 1924 1802 1992 ἔλεγεν
1819 1939 1832 1953 ⁶
1882 1921 2029 1978 Ἐὰν
2069 1921 2156 1991 μὴ
2232 1911 2621 1990 περισσεύσῃ
2693 1919 3056 1987 δικαιοσύνη
3113 1919 3280 1990 ὑμῶν
3335 1919 3526 1974 πλέον

239 2006 367 2060 τῶν
396 2010 805 2080 Γραμματέων
825 2016 921 2069 καὶ
940 2019 1306 2087 Φαρισαίων,
1351 2023 1424 2075 οὐ
1441 2019 1528 2091 μὴ
1546 2020 1862 2087 εἰσέλθητε
1899 2020 1988 2086 είς
2011 2017 2126 2086 τὴν
2151 2018 2482 2084 ,ϐασιλείαν
2521 2013 2640 2070 τῶν
2669 2013 2967 2082 οὐρανῶν.

310 2096 390 2164 η’.
415 2101 520 2152 Διὰ
552 2102 712 2156 τοῦτο
747 2109 1103 2176 προσεκτέον,
1131 2111 1425 2179 ἀγαπητοὶ,
1452 2112 1548 2165 καὶ
1577 2110 1843 2182 τηρητέον
1877 2117 1921 2172 Β

237 2191 480 2246 [manv
512 2195 570 2248 τὸ
594 2197 788 2251 ἑαυτοῦ
815 2202 1032 2270 σκεῦος,
1059 2202 1134 2265 ὼς
1161 2205 1188 2256 ὀ
1215 2204 1358 2267 θεῖος
1390 2203 1602 2268 Παῦλός
1637 2199 1834 2275 φησιν,

241 2287 299 2339 ἐν
331 2287 619 2359 ἁγιασμῷ,
654 2292 856 2362 μᾶλλον
889 2293 946 2348 δὲ
971 2293 1034 2348 τὸ
1058 2295 1151 2349 τοῦ
1183 2295 1322 2350 Θεοῦ
1352 2297 1567 2362 σκεῦος.
1603 2297 1696 2370 Μὴ
1725 2298 1836 2370 γὰρ

240 2380 346 2431 οὐκ
391 2379 540 2433 ἔστιν
575 2384 608 2452 ὴ
649 2384 742 2436 τοῦ
778 2386 972 2456 ἱερέως
1013 2388 1138 2459 χεὶρ
1189 2389 1314 2443 θεία
1344 2389 1502 2454 λαϐἱς
1549 2393 1834 2462 ἁπτομένη

237 2469 338 2522 ⁴τοῦ
374 2472 718 2527 Δεσποτικοῦ
745 2475 1035 2546 σώματος;
1063 2480 1136 2533 Ἣ
1175 2479 1250 2552 μὴ
1283 2481 1344 2534 τὸ
1381 2483 1556 2552 στόμα
1587 2482 1679 2536 καὶ
1713 2482 1837 2536 ὅλον

237 2563 305 2619 τὸ
338 2564 503 2635 σῶμα
533 2566 795 2640 ποτήριον
845 2569 992 2642 ίερδν
1040 2573 1333 2644 δεχόμενον
1376 2576 1438 2628 τὸ
1466 2572 1561 2629 τοῦ
1597 2577 1836 2648 Χριστοῦ

243 2657 414 2726 σῶμα
439 2659 532 2712 καὶ
559 2655 722 2730 αἷμα,
752 2663 935 2733 πολλῷ
959 2667 1288 2739 τιμιώτερον
1317 2669 1426 2724 τῶν
1454 2668 1678 2740 ἀψύχων
1710 2670 1835 2723 τού-

240 2763 357 2800 των
410 2748 644 2804 λαϐίδων
690 2755 786 2808 καὶ
820 2757 1132 2829 ποτηρίων;
1160 2759 1270 2831 ὅσῳ
1292 2760 1351 2814 τὸ
1374 2761 1614 2816 αὐτὸκαὶ
1645 2761 1840 2824 σκεῦος

243 2841 338 2892 καὶ
375 2841 539 2908 μέλος
582 2845 646 2897 ὲκ
703 2847 904 2916 μέρους
935 2850 1029 2902 τοῦ
1061 2851 1470 2922 ὑποδεχομένου
1505 2854 1598 2907 καὶ
1633 2857 1839 2907 Δεσπο-

239 2931 408 2986 τικοῦ
462 2935 718 3004 σώματος
753 2938 1001 3008 γίνεται;
1040 2943 1178 2997 Εἰπέ
1226 2961 1320 3016 μοι
1360 2941 1454 3000 οῦν
1488 2945 1626 3017 πρὸς
1663 2946 1833 2999 Θεοῦο

238 3024 311 3077 Et
337 3043 425 3090 τις
448 3029 519 3081 τὰ
549 3029 670 3099 ἱερὰ
691 3031 862 3086 ταῦτα
893 3033 987 3087 καὶ
1017 3035 1150 3102 ἆγια
1176 3035 1368 3105 σκεύη,
1394 3037 1492 3108 τὴν
1518 3037 1669 3092 θείαν
1692 3037 1838 3107 λέγω

239 3114 440 3170 λαϐἰδα
474 3121 570 3172 καὶ
600 3120 660 3172 τὸ
682 3123 945 3194 ποτήριον
972 3125 1224 3198 τολμηρᾷ
1255 3127 1452 3201 γνώμῃ
1487 3129 1717 3197 μολῦναι
1742 3130 1838 3183 καὶ

237 3205 453 3261 ὁπσοῦν
485 3211 893 3282 ἐπιχειρήσειεν
922 3216 1238 3287 ἀκάθαρτόν
1252 3237 1302 3270 τι
1323 3220 1416 3271 καὶ
1443 3219 1839 3289 μιαρδναὺτοῖς

237 3300 528 3369 ιμϐαλὼν,
558 3305 660 3357 οὐκ
689 3305 758 3360 ἂν
796 3307 1053 3372 ἀσεϐείας
1081 3311 1179 3363 καὶ
1210 3312 1310 3378 τῆς
1334 3310 1571 3381 ἐσχάτης
1603 3329 1838 3380 παρανο-

242 3392 380 3462 μίας
406 3394 569 3448 αὑτὸν
603 3398 992 3470 ὲγραψάμεθα,
1027 3400 1124 3454 καὶ
1155 3401 1367 3469 μυρίων
1397 3403 1647 3458 θανάτων
1683 3404 1836 3474 ἐκρί-

239 3502 423 3556 ναμεν
492 3486 666 3553 ἄξιον,
701 3491 989 3561 τολμηρῶς
1052 3492 1146 3545 καὶ
1205 3492 1386 3554 ἀθέως
1443 3493 1512 3546 τὰ
1570 3492 1839 3562 ἱερώτατα

239 3577 704 3648 καθυϐρίσαντα;
749 3583 808 3636 'O
843 3584 902 3636 τὸ
933 3583 1214 3637 θειότατον
1255 3585 1364 3650 ἄρα
1401 3585 1502 3657 τὴς
1537 3585 1840 3658 ἱερωσύνης

240 3670 470 3734 σκεῦος,
527 3674 589 3725 τὸ
641 3674 720 3745 τῷ
772 3675 901 3746 θείῳ
963 3677 1386 3750 κεχρυσωμένον
1447 3679 1839 3749 Πνεῦματι,τδ

237 3762 433 3828 πολλῷ
461 3764 570 3817 τῶν
598 3765 822 3837 ἀψύχων
841 3768 1007 3836 ἱερῶν
1046 3769 1121 3832 ὡς
1151 3769 1370 3842 εἴρηται
1401 3770 1724 3842 τιμιώτερον
1762 3769 1839 3835 ὡς

238 3855 338 3908 καὶ
381 3856 624 3926 Χριστοῦ
685 3861 868 3927 μέλος,
903 3864 1282 3932 καταμιαίνων
1315 3863 1613 3934 μολυσμοῖς
1645 3863 1835 3916 ἄλλοτε

238 3946 452 4014 ἄλλοις,
492 3950 666 4020 πόσης
700 3951 766 4004 ἂν
795 3954 882 4020 εἴη
911 3955 1193 4019 κολάσεως
1224 3954 1406 4020 ἄξιοςς
1453 3955 1563 4008 Καί
1597 3973 1680 4008 τοι
1713 3972 1776 4022 γε
1809 3957 1837 4008 ὀ

243 4038 394 4101 θεῖος
426 4041 728 4108 ἀπόστολος
758 4045 972 4108 Παῦλος
997 4047 1058 4098 οὐ
1097 4046 1257 4116 μόνον
1299 4047 1431 4118 περὶ
1463 4046 1572 4099 τῶν
1616 4047 1831 4117 ἱερέων,

242 4132 386 4185 ἀλλὰ
417 4135 543 4201 περὶ
569 4135 790 4189 πάντων
821 4137 1010 4202 ἁπλῶς
1045 4139 1262 4192 πιστῶν
1306 4139 1544 4193 τοιαῦτα
1581 4139 1834 4209 φοϐερῶς

243 4225 503 4277 ἀπειλεῖ·
553 4228 674 4280 Οὐκ
728 4228 933 4283 οίδατε
967 4231 1097 4298 γὰρ,
1145 4230 1336 4300 φησιν,
1396 4231 1486 4283 ὅτι
1536 4229 1683 4296 ναὸς
1727 4230 1835 4284 τοῦ

247 4315 403 4369 Θεοῦ
453 4317 618 4384 ἐστε,
678 4319 778 4374 καὶ
821 4320 887 4374 τὸ
923 4324 1166 4390 Πνεῦμα
1213 4321 1319 4375 τοῦ
1369 4319 1518 4375 Θεοῦ
1565 4320 1722 4375 οίκεῐ
1765 4322 1835 4374 ἐν

247 4407 438 4474 ὐμῖν;
477 4409 548 4462 ΕΖ
576 4426 667 4476 τις
691 4410 798 4465 τὸν
825 4412 976 4469 ναὸν
1009 4414 1119 4468 τοῦ
1155 4413 1304 4468 Θεοῦ
1336 4414 1586 4482 φθείρει,
1633 4415 1843 4483 φθερεῖ

249 4502 471 4555 τοῦτον
503 4505 535 4557 ό
561 4507 728 4571 Θεός.

320 4593 347 4644 θ
361 4631 376 4645 .
393 4595 494 4646 Διά
508 4595 664 4648 τοῦτο
677 4597 777 4660 τὰς
794 4597 893 4666 μὲν
910 4598 1194 4670 ἱερατικὰς
1213 4603 1422 4671 χεῖρας,
1445 4602 1595 4666 θείας
1613 4602 1834 4666 λοιϐίδας

259 4684 440 4750 οῦτας,
459 4687 535 4748 ὡς
556 4687 793 4756 εἴρηται,
819 4690 921 4760 χρὴ
942 4691 1268 4761 καθαρεύειν
1290 4693 1470 4763 πάσης
1492 4694 1590 4762 μὲν
1602 4693 1830 4762 κλοπῆς,

2026 2111 2078 2166 8.
2099 2110 2442 2180 Quapropter
2468 2119 2521 2162 et
2555 2109 2954 2172 incumbamus,
2986 2124 3016 2161 ο
3048 2109 3250 2173 dilecti,
3284 2121 3336 2164 et
3368 2127 3524 2166 suum

1937 2205 2168 2276 quisque
2194 2219 2310 2268 vas,
2343 2212 2400 2258 ιιι
2427 2203 2500 2256 ait
2533 2202 2730 2258 beatus
2761 2199 2983 2266 Paulus,
3010 2202 3061 2255 in
3095 2203 3526 2274 sanctificatione

1938 2299 2154 2357 studeat
2190 2311 2536 2361 conservare,
2569 2297 2678 2350 imo
2713 2297 2890 2366 potius
2929 2295 3020 2350 Dei
3060 2311 3154 2353 vas
3183 2297 3251 2350 ⁸⁸.
3289 2297 3369 2351 An
3397 2312 3525 2353 vero

1940 2391 2240 2452 sacerdotis
2267 2406 2460 2446 manus
2489 2406 2594 2444 non
2622 2401 2876 2446 estsarer
2908 2389 3127 2459 quidam
3171 2390 3386 2460 forceps
3417 2391 3525 2446 Do-

1937 2487 2198 2542 minicum
2219 2499 2417 2555 corpus
2435 2483 2788 2554 pertingens?
2812 2483 3001 2538 Nonne
3029 2500 3091 2539 os
3129 2492 3185 2540 et
3210 2492 3384 2540 totum
3409 2499 3524 2540 cor-

1937 2596 2043 2651 pus
2070 2588 2153 2636 est
2173 2579 2392 2648 quidam
2418 2593 2573 2633 sacer
2594 2577 2756 2642 calix,
2786 2576 3075 2632 continens
3101 2575 3303 2634 Christi
3328 2592 3526 2647 corpus

1938 2680 1992 2725 et
2015 2670 2356 2741 sanguinem,
2386 2669 2559 2723 multo
2582 2667 2957 2724 honorabilius
2980 2667 3112 2736 ipsis
3137 2667 3389 2724 inanimis
3412 2667 3526 2722 lor-

1939 2763 2152 2834 cipibus
2187 2771 2240 2816 et
2275 2761 2509 2840 poculis,
2538 2777 2659 2815 eum
2703 2760 2842 2814 idem
2882 2766 2938 2814 et
2967 2775 3084 2826 vas,
3122 2768 3178 2815 et
3220 2759 3522 2815 membrum

1942 2855 2119 2926 aliqua
2149 2870 2215 2910 ex
2247 2867 2398 2925 parte
2425 2852 2660 2924 suscepti
2703 2853 2967 2908 Dominiei
2998 2854 3243 2923 corporis
3272 2853 3401 2907 tiat?
3432 2850 3527 2910 Dic

1940 2963 2070 3019 ergo
2102 2946 2231 3002 mihi
2269 2962 2363 3015 per
2384 2945 2586 3010 Deum,
2618 2945 2662 3000 si
2694 2947 2816 3014 quis
2845 2955 3197 3000 sacrosancta
3232 2945 3347 2999 lucc
3371 2959 3523 3010 vasa,

1939 3039 2205 3104 divinum,
2238 3039 2485 3108 inquam,
2520 3037 2783 3106 forcipem
2821 3037 2935 3106 (4‘2)
3003 3047 3056 3094 et
3084 3039 3308 3094 calicem
3333 3038 3525 3093 audaci

1942 3132 2124 3187 animo
2179 3130 2610 3199 coinquinasset,
2655 3138 2710 3184 et
2761 3129 3034 3197 impuram
3069 3145 3182 3184 rein
3209 3131 3524 3200 quampiam

1943 3233 2108 3292 atque
2164 3222 2494 3275 immundam
2531 3233 2698 3272 ausus
2734 3218 2929 3273 luisset
2974 3219 3027 3273 in
3070 3219 3156 3273 illa
3211 3220 3521 3285 infundere,

1942 3329 2120 3380 nonne
2154 3313 2296 3366 hunc
2327 3311 2620 3379 impietatis
2660 3311 3000 3380 extremique
3041 3311 3264 3366 sceleris
3297 3326 3526 3365 accusa-

1945 3422 2162 3471 remus,
2213 3405 2548 3476 dignumque
2578 3403 2971 3473 iudicaremus,
3004 3405 3092 3472 qui
3135 3404 3279 3458 mille
3329 3405 3524 3459 morti-

1943 3501 2046 3554 bus
2078 3499 2250 3552 lueret
2300 3511 2490 3567 pinnas
2513 3496 2657 3566 quod
2688 3497 2991 3552 insolenter
3023 3507 3076 3553 et
3117 3498 3282 3568 impie
3323 3512 3408 3552 res
3435 3512 3524 3552 sa-

1943 3590 2278 3645 cratissimas
2312 3588 2607 3644 violasset?
2659 3589 2760 3656 Qui
2797 3605 2926 3660 ergo
2980 3591 3390 3645 sanctissimum
3436 3605 3522 3644 sa-

1942 3681 2168 3734 cerdotii
2210 3694 2324 3745 vas,
2367 3678 2508 3749 quod
2543 3687 2626 3734 est
2685 3693 2878 3735 saneto
2913 3681 3120 3750 Spiritu
3175 3682 3522 3744 deauratutn,

1942 3771 2196 3841 quodque
2242 3771 2412 3824 multo
2443 3780 2526 3826 est
2560 3771 2958 3835 honorabilius,
2993 3771 3070 3824 uti
3120 3772 3378 3832 diximus,
3407 3772 3523 3824 ina-

1942 3862 2106 3916 nimis
2147 3860 2340 3924 sacris,
2372 3862 2574 3930 quippe
2613 3863 2757 3929 quod
2810 3871 2894 3915 est
2952 3862 3154 3916 Christi
3194 3863 3521 3926 membrum,

1939 3955 2105 4010 variis
2145 3953 2368 4008 maculis
2409 3954 2772 4008 diversimode
2807 3954 3078 4022 inquinat,
3110 3968 3217 4022 quo
3253 3954 3523 4022 supplicio

1939 4045 2134 4115 dignus
2177 4043 2318 4098 erit?
2361 4044 2530 4112 Atqui
2575 4054 2726 4098 certe
2778 4044 2966 4096 beatus
3000 4042 3276 4112 apostolus
3323 4041 3522 4096 Paulus

1938 4152 2047 4192 non
2076 4135 2250 4192 solum
2281 4135 2682 4200 sacerdOtibns,
2719 4136 2810 4189 sed
2845 4135 2898 4187 in
2931 4134 3239 4189 universum
3268 4134 3524 4188 omnibus

1939 4228 2214 4296 ﬁdelibus,
2247 4229 2362 4284 huic
2409 4229 2595 4282 eadem
2630 4227 3054 4282 formidabiliter
3089 4228 3520 4283 iuterminatur:

1940 4321 2172 4376 Nescitis
2204 4321 2367 4383 enim,
2402 4321 2500 4384 ait,
2528 4321 2667 4390 quod
2712 4319 2810 4374 Dei
2853 4320 3104 4389 templum
3151 4321 3300 4384 estis,
3328 4332 3373 4373 et
3405 4319 3526 4388 Spi-

1939 4414 2072 4467 ritus
2111 4411 2207 4466 Dei
2235 4412 2438 4466 habitat
2468 4411 2522 4466 in
2556 4412 2733 4466 vobis?
2762 4411 2822 4466 Si
2848 4397 2966 4481 quis
2999 4412 3250 4480 templum
3273 4411 3370 4465 Dei
3399 4429 3522 4467 cor-

1939 4507 2150 4571 rumpit,
2179 4511 2470 4574 corrumpet
2496 4506 2632 4557 hunc
2657 4505 2794 4558 Deus
2821 4505 2886 4558 ’9.

2011 4599 2067 4652 9.
2111 4594 2236 4650 Ideo
2288 4596 2654 4651 sacerdotales
2700 4611 2914 4661 manus,
2945 4611 3063 4662 quae
3108 4597 3250 4651 sacri
3291 4596 3526 4664 forcipes

1939 4699 2091 4750 sunt,
2126 4689 2419 4742 ut-dict‘um
2455 4699 2556 4762 est,
2593 4697 2810 4757 Oportet
2863 4703 3026 4756 puras
3083 4702 3204 4742 esse
3255 4688 3323 4741 ab
3373 4691 3521 4742 omni

258 4779 435 4848 πάσης
465 4779 508 4831 δ’
543 4781 800 4850 ἁρπαγῆς
843 4784 938 4834 καὶ
984 4783 1304 4850 πλεονεξίας
1331 4798 1346 4812 ⁸
1389 4786 1523 4855 μηδὲ
1575 4787 1653 4855 τῷ
1680 4784 1833 4854 θυμῷ

1943 4781 2105 4841 furto,
2139 4780 2206 4834 ab
2246 4780 2391 4832 Omni
2446 4779 2632 4848 rapina
2702 4768 3054 4848 itnprobaquc
3103 4779 3394 4848 cupiditate
3427 4779 3524 4832 bo-

203 4871 289 4938 οῆ
319 4873 385 4941 τῇ
418 4871 693 4944 ἐπιθυμίᾳ.
742 4873 1285 4945 ὲξυπηρετουμένας,
1338 4876 1528 4939 κακῶς
1565 4876 1834 4930 ἅπτεσθαι

1945 4889 2136 4926 norum
2166 4871 2491 4938 alienorum,
2529 4888 2703 4942 neque
2747 4873 3108 4926 iuservieutes
3141 4872 3258 4938 irae,
3295 4880 3388 4925 aut
3430 4872 3524 4928 dc-

247 5065 260 5099 ᾏ

361 5077 380 5108 ⁷
405 5076 594 5134 Matth.
627 5097 682 5147 ν,
728 5079 820 5135 20.
897 5080 989 5134 ⁵⁸1
1024 5079 1222 5137 Thess.
1255 5099 1327 5149 tv,
1353 5082 1407 5137 4.
1493 5080 1539 5113 ⁵⁸
1565 5079 1583 5132 ι
1607 5078 1736 5135 Cor.
1762 5093 1842 5145 ιιι,
1875 5077 1963 5132 16.

356 5286 442 5356 42)
472 5286 773 5356 Forcipem.
821 5288 1055 5345 Utuntur
1096 5291 1268 5346 Graeci
1314 5291 1675 5345 instrumento
1703 5303 1837 5356 quo-

255 5357 384 5410 dam
413 5369 512 5429 tum
535 5362 601 5413 ad
623 5361 990 5417 extrahendas
1014 5377 1044 5414 e
1060 5363 1228 5416 calice
1260 5362 1504 5429 corporis
1522 5359 1836 5428 particulas,

259 5438 382 5478 tum
408 5428 470 5482 ad
500 5431 1013 5486 subministrandam
1036 5428 1439 5487 Eucharistiam
1474 5429 1693 5500 populo,
1730 5432 1834 5484 sub

255 5504 484 5569 utraque
500 5500 680 5568 specie
710 5503 1164 5569 communicanti;
1200 5503 1346 5557 illius
1368 5501 1539 5556 forma
1563 5507 1646 5554 est
1677 5502 1741 5552 ad
1765 5502 1832 5554 li-

256 5564 404 5632 gulae
417 5564 838 5640 similitudinem,
869 5572 942 5626 ita
967 5581 1024 5626 ut
1047 5564 1334 5640 intinctam
1351 5569 1832 5640 sanguiuecorpus

1933 5298 2143 5345 atomus
2177 5290 2376 5360 λογχὴν
2408 5291 2704 5346 lanceolam
2735 5307 2932 5348 Vocare
2977 5293 3216 5358 videtur,
3265 5291 3307 5345 si
3359 5291 3518 5345 modo

1937 5362 2004 5416 de
2041 5361 2449 5434 ltocAintelligit,
2477 5372 2533 5434 et
2558 5377 2662 5417 non
2691 5363 2758 5434 de
2785 5363 2894 5427 illa,
2915 5379 3020 5434 qua
3047 5373 3172 5418 ante
3190 5361 3517 5418 sacriﬁcium

1941 5432 2099 5504 panis
2129 5429 2492 5504 fermentatus
2527 5433 2576 5485 in
2609 5432 2908 5504 particulas
2932 5429 3138 5504 'postea
3189 5445 3518 5504 consecran-

1930 5502 2028 5555 das
2061 5501 2348 5568 scinditur,
2395 5517 2514 5569 quae
2555 5499 2696 5556 nunc
2741 5499 2970 5558 formam
3003 5505 3161 5558 habet
3188 5500 3388 5566 ,cultri,
3429 5499 3518 5554 lito

1331 5570 1832 5642 .sangttine‘corpus
1935 5587 2039 5642 que
2095 5573 2197 5626 hoc
2229 5572 2277 5624 in
2305 5572 2524 5642 parvula
2555 5573 2787 5642 quadam
2823 5590 3028 5638 mensa,
3068 5589 3230 5641 quam
3267 5570 3364 5642 ipsi
3395 5585 3520 5642 pro-

257 5649 448 5701 capere
467 5648 521 5693 et
549 5638 786 5712 retinere
811 5641 998 5712 possit,
1018 5638 1422 5712 'vocantque'illi
1449 5638 1591 5710 nunc
1616 5638 1828 5712 λαϐίδα,
1931 5638 2107 5712 thesin
2159 5638 2421 5712 vocant.”
2449 5638 2616 5696 Verba
2681 5638 3177 5712 Chrysostomi,‘in
3254 5638 3520 5710 principio

259 5715 332 5782 με
348 5715 610 5786 ιιιιιοειιειξἱ
634 5708 764 5786 Quae
786 5711 1002 5778 quidem
1026 5708 1281 5786 vexantia
1297 5708 1529 5786 videtur,
1553 5724 1660 5786 non
1683 5711 1826 5764 enim
1927 5711 2183 5786 Liturgiac
2205 5720 2350 5776 sunt,
2374 5711 2445 5764 Et
2469 5713 2706 5786 incidens
2737 5708 2977 5786 Iaiiceala
3002 5708 3332 5784 signaculum
3356 5708 3516 5782 punis

260 5777 328 5829 in
347 5780 559 5848 antiquis
573 5777 825 5836 Patribus
843 5795 962 5838 eam
975 5783 1202 5851 reperiri
1218 5783 1562 5840 crediderim.
1589 5781 1824 5850 Chrysa.
1945 5785 1996 5838 in
2015 5777 2244 5849 quatuor
2259 5798 2324 5847 pa
2334 5790 2434 5838 νισι
2462 5784 2512 5837 in
2535 5784 2756 5847 figuram
2783 5785 2973 5839 crucis.
