3948 6200
425 381 530 444 3i3

1444 393 1939 456 TIIEOPHANIS
1981 398 2290 460 EPISt‘JUl‘
2307 405 2322 461 ι
2370 405 2618 464 NICEN
2634 407 2658 464 iw

3579 410 3682 474 3H

426 500 627 556 siderio
663 504 806 559 male
833 507 1082 575 tangendi
1118 521 1331 573 carnes,
1358 525 1495 577 quas
1525 511 1679 565 nefas
1707 521 1808 578 est,
1836 513 1886 564 id
1915 525 1983 566 est

2103 520 2320 590 σαρκῶν
2371 517 2446 575 ὦν
2495 527 2556 577 ού
2600 524 2779 593 θέμις,
2831 523 3078 578 τουτέστι
3113 523 3252 593 μήτε
3285 524 3493 594 δημίων
3526 526 3680 599 δίκην

427 593 681 647 manibus
711 594 969 650 adversus
1000 596 1197 651 fratres
1236 608 1488 666 tauquam
1527 600 1811 656 lictoribus
1843 613 1998 656 uten-

427 684 508 748 di,
562 684 670 737 imo
711 687 906 752 potius.
952 696 1010 741 ut
1047 689 1373 745 habentibus
1404 707 1431 743 a
1469 692 1574 746 Deo
1631 694 1998 747 medicinalem

426 773 654 840 gratiam
695 774 746 826 in
785 775 1046 829 medelam
1079 778 1405 834 animarum.
1435 781 1539 838 Sed
1575 798 1670 837 nec
1696 784 1850 838 decet
1879 785 1998 839 libi-

421 861 624 914 dinosm
652 861 946 930 voluptatis
977 881 1139 921 causa
1172 871 1464 925 extendere
1498 885 1590 926 eas
1622 872 1671 925 in
1708 887 1996 927 exsecran-

421 953 546 1005 dum
580 960 778 1007 tactum
803 972 818 1021 ;
842 972 956 1023 eas,
982 959 1230 1027 inquam,
1251 977 1366 1030 quae
1393 975 1620 1018 mortem
1653 966 1860 1021 Domini
1907 984 1999 1035 per

421 1037 766 1096 formidabile
821 1045 921 1099 hoc
953 1056 1006 1101 et
1030 1049 1392 1107 inenarrabile
1420 1054 1747 1108 sacriﬁcium
1783 1072 1992 1110 annun-

422 1131 582 1192 tiant,
613 1142 776 1200 atque
807 1136 925 1188 ideo
958 1150 1183 1195 mortua:
1213 1142 1622 1216 immobilesque
1655 1162 1773 1201 esse
1801 1148 1994 1202 debent

418 1221 484 1274 ad
511 1239 738 1293 pmnem
787 1228 1077 1286 obscenam
1127 1235 1478 1305 voluptatem,
1529 1249 1724 1292 coalra
1769 1255 1897 1295 vero
1927 1243 1992 1294 ad

418 1332 579 1371 omne
610 1334 742 1389 opus
778 1326 975 1379 bonum
1006 1340 1268 1399 promptae
1297 1347 1358 1386 ac
1387 1345 1608 1402 parata}.
1639 1334 1992 1391 Sacerdotem

420 1409 605 1477 itaque
644 1414 732 1478 qui
797 1430 894 1484 pro
931 1420 1170 1487 peccatis
1221 1423 1336 1478 suis
1387 1439 1436 1477 et
1486 1426 1666 1494 populi
1717 1429 1995 1482 erroribus

418 1498 707 1566 (mediator
735 1508 877 1559 enim
926 1520 1008 1565 est
1041 1511 1134 1566 Dei
1182 1525 1236 1568 et
1291 1516 1592 1586 hominum)
1648 1519 1989 1587 deprecatur,

421 1592 608 1647 tollere
638 1596 838 1668 ubique
869 1615 963 1656 eas
992 1604 1058 1657 ad
1106 1605 1274 1659 Deum
1303 1620 1515 1675 Oportet
1543 1609 1886 1677 innocentes,
1924 1614 1992 1667 ab

416 1685 493 1736 ira
531 1697 584 1739 et
616 1688 1096 1760 disceptationibus
1139 1714 1368 1764 vacuas,
1411 1716 1539 1779 erga
1583 1702 1828 1758 homines
1863 1719 1991 1758 vero

419 1777 540 1832 illas
585 1783 902 1852 extendere,
957 1788 1022 1842 ad
1076 1788 1303 1846 aﬂlictos
1344 1777 1558 1862 quidem
1597 1798 1887 1864 juvandOS.
1924 1799 1989 1853 ad

2109 611 2347 682 χρῆσθαι
2370 613 2597 676 ταύταις
2621 615 2764 668 κατὰ
2785 615 2893 668 τῶν
2908 615 3176 685 ἀδελφῶν,
3205 617 3454 687 ἰατρικὴν
3482 620 3680 686 μᾶλλον

2107 701 2270 770 χάριν
2305 703 2561 770 ἐχούσαις
2611 706 2762 776 παρά
2801 705 2939 758 Θεοῦ
2992 708 3070 767 είς
3125 705 3425 776 Θεραπείαν
3470 709 3676 779 ψυχῶν,

2109 793 2249 862 μήτε
2304 794 2373 847 δι’
2428 796 2622 864 ἡδονὴν
2661 796 2967 849 ἀκόλαστον
3022 798 3286 850 ἐκτείνειν
3347 799 3550 863 ταύτας
3599 804 3678 864 εἰς

2110 886 2254 956 ἁφὴν
2281 889 2676 955 ἀποτρόπαιον,
2707 889 2801 943 τοῦ
2835 891 3040 959 Κυρίου
3071 893 3164 944 τὸν
3202 891 3436 944 θάνατον
3481 894 3678 959 ἀγγελ-

2105 979 2302 1041 λούσας
2323 979 2412 1034 διὰ
2431 980 2529 1048 τῆς
2546 982 2784 1050 φρικτῆς
2799 982 2892 1035 καὶ
2910 983 3308 1053 ἀνεκδιηγήτου
3329 984 3476 1052 ἱερου
3486 986 3644 1051 ργίας
3660 1002 3674 1016 ο

2104 1072 2197 1121 καὶ
2235 1069 2324 1124 διά
2372 1071 2531 1123 τοῦτο
2596 1071 2797 1141 νεκρὰς
2853 1073 2948 1126 καὶ
2991 1073 3195 1136 ταύτας
3247 1073 3342 1126 καὶ
3384 1075 3677 1142 ἀκινήτους

2103 1159 2426 1226 ὀφειλούσας
2477 1162 2748 1232 ὑπάρχειν
2795 1163 2931 1232 πρὸς
2965 1165 3144 1217 πᾶσαν
3193 1164 3427 1233 αἰσχρὰν
3462 1165 3676 1236 ἡδονὴν,

2101 1250 2238 1303 ἀλλὰ
2270 1253 2406 1320 πρὸς
2430 1254 2611 1305 πᾶσαν
2641 1253 2854 1324 ἀγαθὴν
2879 1255 3142 1324 ἐργασίαν
3165 1293 3180 1318 ,
3219 1256 3424 1323 μᾶλλον
3455 1256 3678 1326 πρόχει-

2104 1359 2198 1411 ρον
2261 1343 2531 1414 ὑπάρχειν
2575 1346 2669 1398 καὶ
2711 1346 3030 1416 πρόθυμον
3067 1349 3162 1400 καὶ
3211 1346 3300 1399 διὰ
3343 1346 3505 1400 τοῦτο
3541 1349 3678 1417 πρὸς

2102 1434 2231 1487 Θεὸν
2265 1436 2366 1501 μὲν
2397 1437 2574 1503 αἴρειν
2609 1436 2814 1500 ταύτας
2840 1437 2994 1500 ὁσίας
3029 1438 3085 1488 ὲν
3119 1438 3285 1489 παντὶ
3319 1437 3470 1506 τόπῳ
3504 1438 3671 1506 χωρὶς

2099 1527 2269 1599 ὀργῆς
2293 1529 2390 1583 καὶ
2414 1528 2787 1598 διαλογισμῶν
2812 1529 3104 1599 εὐχόμενον
3133 1529 3274 1599 ὑπέρ
3297 1545 3356 1581 τε
3382 1529 3490 1582 τῶν
3525 1529 3670 1582 ἰδίων

2102 1621 2520 1691 ἁμαρτημάτων
2584 1623 2680 1674 καὶ
2747 1623 2855 1676 τῶν
2907 1621 3004 1675 τοῦ
3069 1622 3201 1675 λαοῦ
3264 1623 3629 1691 ἀγνοημάτων
3655 1636 3669 1650 ο

2105 1715 2334 1783 μεσίτης
2362 1715 2471 1784 γὰρ
2496 1715 2630 1768 Θεοῦ
2655 1715 2748 1768 καὶ
2778 1714 2876 1769 ἀνθ
2889 1715 3087 1783 ρώπων
3134 1714 3443 1782 καθέστηκε
3470 1733 3484 1746 ·
3535 1717 3673 1788 πρὸς

2097 1801 2152 1854 δὲ
2195 1802 2321 1865 τοὺς
2367 1803 2689 1874 ἀνθρώπους
2761 1805 3027 1858 ἐκτείνειν
3079 1807 3160 1868 εἱς
3259 1805 3518 1875 βοήθειαν
3575 1807 3673 1875 μὲν

417 1880 648 1937 aegrotos
700 1876 974 1942 visendos,
1032 1882 1096 1933 ad
1155 1883 1516 1967 sublevandos
1569 1893 1811 1954 egentes.
1870 1885 1983 1943 ﬂ;e(

2099 1894 2615 1962 καταπονουμένων,
2642 1895 2934 1965 ἐπίσκεψιν
2968 1896 3026 1950 δὲ
3058 1895 3456 1960 ἀσθενούντων,
3500 1899 3673 1967 μετά-

416 1963 560 2015 enim
598 1966 964 2021 sacerdotalcs
1000 1986 1194 2026 manus
1245 1955 1418 2029 multo
1466 1978 1658 2032 melius
1687 1993 1990 2049 expurgare

414 2054 610 2120 solent,
645 2072 803 2124 quam
855 2059 1075 2131 hyssom
1111 2080 1320 2120 omnes.
1358 2065 1424 2120 Et
1472 2067 1635 2122 illotis
1684 2080 1830 2125 certe
1891 2072 1992 2124 im-

414 2149 738 2218 mundisque
791 2155 1041 2208 manibus
1077 2155 1254 2212 nullus
1289 2173 1522 2224 unquam
1555 2171 1808 2216 sacerdos
1832 2177 1989 2217 sacra

414 2241 672 2308 mysteria
731 2245 996 2313 attingere
1055 2249 1276 2313 au:'eat,
1333 2251 1433 2304 nisi
1487 2253 1633 2321 prius
1685 2269 1823 2322 aqua
1856 2256 1990 2309 bene

411 2329 530 2384 illas
585 2337 846 2390 terserit:
885 2354 1067 2393 nonne
1134 2341 1299 2410 igitur
1337 2343 1456 2396 illas
1508 2346 1779 2411 prmdictis
1832 2346 1990 2401 bonis

409 2423 652 2480 studiose
675 2430 971 2484 emundare
1005 2431 1174 2486 multo
1211 2436 1380 2504 magis
1409 2439 1653 2504 oportet?
1691 2437 1811 2493 Haec
1844 2441 1986 2494 enim

411 2528 519 2568 non
581 2520 766 2573 carnis
827 2522 1017 2577 sordes
1076 2533 1169 2578 aut
1228 2526 1571 2594 superﬁciem
1629 2529 1742 2597 ejus
1782 2541 1987 2584 tantum

408 2609 728 2678 emundant,
773 2614 866 2667 sed
923 2614 1109 2667 intima
1144 2616 1338 2670 anima)
1378 2618 1502 2672 nive
1534 2621 1842 2673 candidiora
1875 2623 1989 2675 eﬁi-

403 2700 582 2755 ’ciunt.
618 2701 791 2756 llosce
819 2705 984 2771 igitur
1012 2705 1283 2760 animatos
1327 2716 1378 2760 et
1433 2709 1792 2764 sacerdotales
1826 2711 1987 2766 forci-

407 2803 520 2857 pes,
555 2805 587 2844 0
616 2791 822 2857 dilecti,
885 2807 1118 2862 purgare
1149 2809 1283 2864 opus
1319 2805 1421 2860 est,
1456 2807 1616 2865 atque
1647 2799 1721 2853 ita
1767 2799 1983 2855 demum

409 2883 583 2936 sacris
641 2885 920 2952 mysteriis
981 2885 1290 2940 admovere.
1354 2888 1408 2940 Si
1460 2889 1602 2942 enim
1638 2888 1747 2944 Oza
1795 2891 1882 2946 ille
1917 2894 1983 2960 ⁸ο,

408 2986 531 3024 cum
565 2973 831 3041 tetigisset
869 2974 1035 3046 (quod
1071 2991 1178 3030 non
1213 2978 1432 3045 licebat)
1466 2995 1672 3048 arcam,
1719 2997 1836 3050 quae
1871 2999 1986 3037 um-

407 3061 506 3117 bra
549 3071 758 3118 tantum
798 3077 852 3120 et
898 3067 1068 3137 ﬁgura
1096 3079 1235 3133 erat,
1260 3071 1438 3139 periit,
1473 3075 1671 3142 quanta
1720 3073 1829 3144 (45)
1863 3090 1984 3128 cum

405 3157 712 3210 reverentia
741 3167 795 3212 et
834 3160 1027 3216 timore
1085 3173 1245 3230 atque
1276 3163 1608 3218 demissione
1636 3167 1797 3220 animi
1831 3182 1985 3221 acce.

407 3248 539 3302 dere
567 3259 782 3318 oportet
826 3251 890 3304 ad
948 3253 1275 3322 exemplaria
1310 3271 1371 3309 ac
1402 3256 1644 3310 coelestia
1674 3268 1727 3312 et
1758 3257 1861 3311 illis
1887 3273 1982 3326 ap-
2012 3235 2056 3292 θ

406 3339 812 3409 propinquare?
847 3342 986 3408 Quid
1022 3359 1184 3412 porro
1217 3345 1354 3400 calix
1387 3349 1474 3416 qui
1515 3348 1753 3402 divinum
1783 3364 1982 3420 cet-pus

405 3441 462 3486 et
493 3434 808 3502 sanguinem
834 3437 1035 3506 excipit
1066 3436 1394 3505 Salvatoris;
1425 3455 1505 3505 os,
1536 3441 1776 3512 inquam,
1802 3458 1982 3496 sacer-

406 3525 574 3589 dotis,
621 3540 726 3594 qua
789 3528 1004 3582 tandem
1059 3531 1269 3586 ratione
1323 3532 1647 3602 expiandum
1700 3535 1818 3588 est?
1876 3534 1981 3589 Sed

409 3626 588 3681 operte
640 3616 870 3684 pretium
903 3617 1006 3671 erit
1039 3628 1091 3671 et
1143 3633 1204 3673 ea
1241 3634 1358 3689 qua:
1393 3622 1660 3688 inﬁciunt,
1688 3633 1743 3677 et
1791 3639 1983 3679 rursus

409 3719 528 3772 qua:
561 3720 791 3777 purgare
820 3717 1068 3777 possunt,
1127 3709 1178 3764 in
1214 3712 1446 3767 medium
1498 3714 1761 3784 proferre,
1814 3730 1983 3784 eaque

406 3795 659 3851 omnibus
711 3797 1041 3865 patefacere,
1094 3810 1152 3854 ut
1194 3801 1259 3856 ab
1289 3802 1394 3859 illis
1425 3805 1570 3858 omni
1607 3805 1786 3860 studio
1815 3806 1984 3860 absti-

405 3889 667 3953 nendum,
721 3887 833 3943 hrec
866 3905 994 3944 vero
1023 3890 1280 3946 alacriter
1312 3903 1478 3964 atque
1517 3896 1671 3951 avide
1716 3896 1981 3964 arripien-

407 3981 472 4033 da
508 3992 630 4034 esse
664 3995 999 4050 moneamus.
1034 3980 1376 4038 lmmunditia
1414 4001 1542 4055 ergo
1573 3988 1684 4042 oris
1719 3996 1804 4042 est
1835 3988 1980 4042 blas-

316 4103 318 4106 τ
402 4070 642 4139 phemia,
697 4079 752 4126 et
805 4071 1005 4141 ingrati
1060 4075 1228 4128 animi
1281 4077 1443 4132 verba
1496 4079 1548 4131 in
1588 4079 1752 4132 Deum
1811 4079 1978 4148 impie

404 4163 610 4231 prolata
642 4179 704 4216 ex
736 4165 896 4218 nimia
927 4167 1148 4235 perﬁdia
1182 4169 1309 4222 etin
1343 4171 1731 4225 tentationibus
1761 4173 1981 4242 pusilla-

402 4256 686 4321 nimitate;
740 4249 1117 4325 jusjurandum
1154 4259 1339 4325 etiam,
1369 4271 1415 4313 et
1451 4261 1620 4317 multo
1651 4265 1820 4334 magis
1854 4281 1979 4335 per»

397 4343 626 4410 jurium,
649 4345 793 4412 quod
825 4344 1112 4401 manifesta
1141 4360 1222 4402 cst
1255 4348 1345 4402 Dei
1381 4351 1687 4422 almegatio.
1716 4354 1978 4413 Similiter

403 4437 743 4489 mendacium
793 4437 1061 4506 pessimus
1093 4440 1289 4495 diaboli
1348 4442 1506 4504 fetus,
1547 4448 1781 4517 antiquae
1813 4465 1974 4505 causa

400 4526 745 4594 perditionis,
781 4543 902 4583 esca
953 4534 1158 4600 peccati
1201 4543 1250 4586 et
1305 4536 1492 4590 mortis
1539 4539 1838 4607 primorum
1880 4559 1974 4612 pa-

404 4628 645 4685 rentum,
677 4622 1028 4692 omniumque
1051 4626 1140 4693 qui
1167 4626 1256 4681 illo
1289 4635 1511 4684 utuntur
1537 4635 1766 4708 perditio
1797 4655 1809 4690 :
1849 4636 1974 4690 Per-

402 4713 494 4767 des
525 4714 684 4778 enim,
710 4715 908 4784 inquit,
933 4734 1108 4772 omnes
1137 4721 1226 4788 qui
1252 4721 1536 4789 loquuntur
1558 4712 1886 4782 mendacium
1906 4730 1970 4784 “.

403 4805 482 4858 Ad
537 4804 654 4859 lucc
716 4819 897 4862 autem
935 4810 1292 4875 obtrectatio,
1359 4814 1588 4883 injuria,
1649 4819 1973 4886 convicium,

405 4913 525 4965 qua:
576 4899 776 4953 radicis
829 4914 1027 4955 amarae
1082 4903 1362 4970 humanm,
1400 4906 1607 4962 scilicet
1659 4910 1976 4979 inimicitiae,

406 4990 748 5043 amarissima
787 5000 914 5046 sunt
950 4993 1190 5060 profecto
1218 4999 1482 5064 germina,
1518 5000 1610 5052 sed
1653 5011 1707 5053 et
1733 5002 1980 5058 obsceni-

408 5091 513 5144 tas,
575 5082 993 5153 stultiloquium,
1053 5087 1376 5152 scurrilitas,
1429 5104 1548 5156 quze
1580 5092 1646 5145 ad
1706 5109 1819 5148 rem
1872 5113 1976 5152 non

407 5171 702 5237 pertinent,
731 5172 936 5229 clamor
973 5185 1025 5229 et
1063 5177 1235 5230 malus
1256 5193 1436 5233 sermo
1472 5181 1608 5253 (44).
1644 5183 1780 5240 Nam
1810 5197 1866 5242 ιιι
1909 5191 1977 5246 ab

406 5263 492 5316 his
528 5263 756 5333 aliisque
813 5266 1118 5336 hujusmodi
1184 5270 1343 5324 rebus
1400 5273 1770 5332 abstineamus
1825 5297 1981 5336 sacer

399 5370 498 5408 nos
532 5356 778 5410 hortatur
807 5358 1098 5426 Apostolus
1125 5361 1193 5415 θ’.
1220 5360 1282 5414 Et
1307 5364 1428 5431 jure
1463 5369 1676 5436 quidem
1707 5388 1719 5423 :
1753 5373 1794 5424 si
1831 5375 1974 5428 cnim

2093 1983 2239 2038 δοσιν
2287 1984 2343 2037 δὲ
2395 1985 2489 2038 καὶ
2522 1987 2786 2058 χορηγίαν
2830 1987 2937 2042 τῶν
2982 1989 3280 2058 δεομένων.
3329 1989 3513 2043 Ταῦτα
3562 1989 3672 2060 γάρ

2095 2078 2382 2150 καθαίρειν
2404 2079 2502 2142 τὰς
2527 2082 2812 2150 ίερατικέις
2835 2075 2944 2135 οἵδε
2970 2083 3162 2152 χεῖρας
3191 2082 3448 2135 ὑσσώπου
3471 2082 3672 2146 παντὸς

2094 2168 2323 2240 βέλτιον.
2354 2171 2464 2224 Καί
2485 2187 2568 2223 τοι
2594 2172 2847 2234 ἀνίπτοις
2878 2173 2974 2226 καὶ
2999 2171 3416 2243 ρερυπωμέναις
3476 2174 3669 2242 χερσὶν

2091 2263 2268 2326 οὐδεὶς
2322 2262 2388 2316 ἂν
2445 2265 2737 2332 ἀνάσχοιτο
2787 2264 2896 2317 τῶν
2947 2265 3137 2334 ἱερέων
3186 2282 3319 2317 ποτε
3367 2264 3474 2318 τῶν
3508 2265 3670 2318 θείων

2093 2355 2332 2425 ἅψασθαι
2392 2359 2737 2426 μυστηρίων,
2781 2357 2887 2419 ἕως
2938 2355 3005 2409 ἂν
3057 2355 3212 2410 ὕδατι
3245 2356 3454 2419 ταύτας
3487 2357 3673 2420 καλῶς

2091 2447 2446 2517 ἀπονίψηται,
2502 2449 2562 2500 ού
2613 2447 2795 2516 πολλῷ
2833 2447 2926 2500 οὖν
2971 2448 3174 2516 μᾶλλον
3209 2451 3323 2509 τοῖς
3355 2446 3670 2517 εἰρημένοις

2090 2541 2317 2609 ἀγαθοῖς
2372 2541 2658 2611 καθαίρειν
2717 2541 2923 2604 ταύτας
2986 2543 3076 2596 διὰ
3132 2542 3372 2610 σπουδῆς
3425 2542 3671 2594 τίθεσθαι

2091 2635 2195 2703 χρή
2220 2649 2234 2697 ;
2273 2635 2331 2685 ού
2372 2635 2547 2703 ῥύπον
2585 2635 2813 2704 σαρκὸς,
2843 2633 2966 2686 οὐδὲ
2993 2635 3091 2702 τὴν
3120 2633 3442 2700 ἐπιφάνειαν
3468 2634 3674 2703 ταύτης

2087 2723 2410 2793 δυναμένοις
2458 2723 2621 2793 μόνον
2669 2723 2985 2786 ἑκπλύνειν,
3069 2724 3206 2776 ἀλλά
3257 2723 3326 2776 τά
3405 2718 3539 2792 βάθη
3568 2723 3675 2791 τῆς

2087 2815 2285 2885 ψυχῆς,
2309 2815 2483 2884 χιόνος
2511 2814 2900 2886 λαμπρότερον
2930 2816 3280 2884 ἀποφαίνειν.
3313 2818 3420 2869 Καὶ
3443 2815 3546 2884 γὰρ
3569 2816 3671 2878 τὰς

2088 2905 2366 2976 ἐμψύχους
2395 2906 2492 2959 καὶ
2523 2907 2805 2976 ἱερατικὰς
2835 2907 2988 2971 θείας
3009 2907 3256 2972 λοιϐίδας,
3285 2907 3427 2961 οὕτω
3457 2907 3671 2976 καθαρ-

2087 2999 2230 3066 τέον,
2262 2999 2559 3070 ἀγαπητοὶ,
2617 2999 2711 3054 καὶ
2763 2997 2907 3053 οὕτω
2937 3002 3051 3062 τοῖς
3099 3000 3266 3070 ἱεροῖς
3297 2999 3673 3068 προσακτέον.

2087 3091 2151 3144 Εἰ
2185 3094 2295 3163 γάρ
2339 3092 2504 3157 Ὀζᾶν
2558 3094 2769 3156 ἐκεῖνος
2815 3092 2915 3162 τῆς
2977 3093 3241 3155 σκιώδους
3278 3092 3372 3145 καὶ
3422 3091 3671 3159 τυπικῆς

2088 3183 2324 3238 κιϐωτοῦ
2391 3185 2555 3254 μόνον
2611 3183 3023 3254 ἀψάμενος,ώς
3075 3183 3137 3236 ού
3195 3184 3379 3252 θέμις,
3417 3182 3675 3252 ἀπώλετο

2091 3277 2458 3349 παραχρῆμα,
2513 3275 2655 3347 μετά
2705 3277 2884 3346 πόσης
2917 3275 3210 3339 εὐλαὸεἱας
3243 3277 3337 3328 καὶ
3369 3275 3536 3344 φόϐου
3567 3278 3673 3330 καὶ

2089 3368 2353 3436 συστολῆς
2423 3370 2537 3431 τοῖς
2585 3367 2917 3437 ἀρχετύποις
2965 3367 3056 3420 καὶ
3102 3366 3377 3437 οὐρανίοις
3429 3367 3656 3436 προσέρ-

2086 3457 2279 3526 χεσθαι
2304 3456 2423 3510 δέον
2456 3461 2552 3512 x11
2578 3457 2960 3526 προσεγγίζειν
2985 3475 3000 3524 ς
3031 3457 3094 3509 Τί
3123 3458 3176 3510 δὲ
3207 3457 3266 3510 τὸ
3283 3457 3534 3510 δεκτικὸν
3565 3457 3671 3509 τοῦ

2087 3546 2231 3600 θείου
2255 3545 2504 3616 σώματός
2532 3565 2589 3600 τε
2615 3549 2706 3600 καὶ
2730 3547 2962 3618 αἵματος
2984 3547 3079 3600 τοῦ
3106 3548 3359 3616 Σωτῆρος
3381 3548 3668 3615 ποτήριον,

2084 3639 2144 3691 τὸ
2195 3641 2368 3706 στόμα
2395 3640 2540 3708 λέγω
2588 3640 2682 3693 τοῦ
2716 3641 2929 3712 ἱερέως,
2968 3641 3255 3711 καθαίρειν
3307 3642 3448 3710 χρής
3483 3639 3670 3693 Καλὸν

2085 3732 2216 3799 γὰρ,
2239 3731 2335 3785 καὶ
2378 3731 2446 3785 τὰ
2477 3732 2799 3802 μολύνοντα,
2833 3736 2928 3787 καὶ
2959 3732 3247 3804 καθαίρειν
3299 3732 3456 3784 πάλιν
3503 3731 3668 3784 τοῦτο

2083 3822 2357 3891 δυνάμενα
2380 3823 2681 3892 προθέντας
2701 3827 2781 3887 εἱς
2803 3824 2968 3893 μέσον
2986 3826 3078 3878 καὶ
3103 3823 3240 3892 δῆλα
3261 3839 3328 3874 πε
3341 3824 3666 3894 ποιηκόςεας,

2083 3914 2192 3967 τῶν
2241 3915 2339 3982 μὲν
2373 3915 2676 3986 ἀπέχεσθαι
2709 3917 2856 3986 πάσῃ
2887 3918 3088 3986 σπουδῇ
3125 3919 3432 3988 παραινεῖν,
3463 3915 3569 3967 τῶν
3601 3915 3669 3970 δὲ

2087 4008 2504 4074 μεταποιεῖσθαι
2576 4008 2898 4079 προθύμως.
2987 4009 3332 4079 Ἀκαθαρσία
3405 4010 3500 4078 μὲν
3562 4004 3667 4060 οἶμα

2083 4101 2348 4169 στόματος
2371 4099 2437 4153 ἂν
2465 4101 2550 4168 είη
2604 4099 2926 4172 βλασφημία
2953 4103 3044 4154 καὶ
3071 4101 3150 4165 είς
3173 4101 3308 4154 θεὸν
3336 4097 3669 4171 ἀχαριστίας

2084 4193 2328 4262 ῥήματα,
2362 4191 2419 4258 ἐξ
2465 4192 2866 4263 ἀγνωμοσύνης
2911 4193 3114 4262 πολλῆς
3146 4193 3246 4246 καὶ
3289 4191 3668 4261 μικροψυχίας

2081 4281 2169 4336 διά
2219 4296 2341 4334 τινα
2391 4281 2700 4350 πειρασμὸν
2780 4282 2980 4344 ἀδίκως
3039 4283 3518 4351 ἀναπεμπόμενα’
3573 4281 3668 4341 ἔτι

2081 4375 2243 4445 ὅρκος
2272 4375 2364 4426 καὶ
2403 4374 2584 4445 πο).λῷ
2622 4376 2781 4429 πλέον
2814 4377 3092 4447 ἐπιορκία,
3129 4376 3359 4447 ἄρνησις
3395 4375 3667 4443 ἄντικρυς

2079 4460 2212 4518 οὖσα
2244 4465 2402 4520 Θεοῦ.
2448 4465 2724 4530 Ὡσαύτως
2763 4467 2960 4536 ψεῦδος
2993 4469 3053 4519 τὸ
3086 4467 3180 4519 τοῦ
3224 4467 3458 4536 πονηροῦ
3493 4480 3666 4535 πονη-

2013 4573 2052 4626 D
2085 4558 2305 4629 ρότατον
2325 4558 2567 4628 γέννημα
2590 4559 2650 4612 τὸ
2682 4561 2775 4628 τῆς
2807 4559 3042 4630 ἀρχαίας
3073 4560 3244 4613 αῖτιον
3265 4559 3561 4622 ἀπωλεξαῖ,
3597 4559 3665 4609 τὸ

2077 4652 2269 4719 δέλεαρ
2297 4653 2391 4722 τῆς
2420 4653 2832 4723 προπατορικῆς
2857 4653 3136 4723 ἁμαρτίας
3161 4653 3256 4705 καὶ
3282 4653 3375 4704 τοῦ
3399 4652 3659 4712 θανάτου,

2078 4746 2169 4797 καὶ
2203 4746 2333 4796 πᾶσι
2370 4747 2480 4806 τοῖς
2529 4747 2830 4814 χρωμένοις
2877 4747 3146 4798 ἀπώλεια.
3209 4744 3475 4809 Ἀπολεῖς
3517 4743 3656 4809 γὰρ,

2078 4836 2232 4907 φησι,
2261 4837 2491 4902 πάντας
2521 4837 2658 4902 τοὺς
2678 4837 3022 4904 λαλοῦντας
3049 4838 3114 4889 τι)
3140 4836 3389 4905 ψεῦδος.
3425 4835 3561 4903 Πρὸς
3595 4835 3659 4887 δὲ

2079 4930 2290 4991 τούτοις
2320 4930 2642 4995 καταλαλιά,
2678 4932 2770 4982 καὶ
2804 4929 2983 5000 ὕϐρις,
3025 4931 3120 4984 καὶ
3152 4929 3432 5000 λοιὸωρία,
3458 4929 3522 4980 τὰ
3555 4927 3663 4992 τῆς

2083 5023 2286 5090 πικρᾶς
2333 5021 2510 5090 ῥίζης,
2542 5022 2638 5090 τῆς
2692 5021 3105 5092 μισανθρωπίας
3157 5020 3660 5092 φημἰ,πικρ’3τατα

2079 5111 2246 5174 ὅντως
2275 5110 2636 5181 βλαστήματα
2654 5126 2667 5140 ⁸
2693 5111 2753 5164 οὐ
2783 5113 2943 5181 μόνον
2975 5111 3054 5175 δὲ,
3082 5111 3220 5164 ἀλλά
3244 5107 3661 5178 καὶάἰσχρότης

2080 5202 2179 5255 καὶ
2231 5203 2542 5273 μωρολογία
2600 5203 2694 5256 καὶ
2729 5202 3066 5272 εὐτραπελία
3105 5201 3174 5255 τά
3216 5201 3315 5254 οὐκ
3353 5200 3656 5265 ἀνήκοντα,

2079 5295 2172 5346 καὶ
2203 5297 2417 5366 κραυγὴ
2450 5295 2543 5348 καὶ
2573 5295 2732 5363 λόγος
2771 5296 3000 5367 σαπρὸς,
3037 5297 3159 5348 ἐπεὶ
3189 5296 3284 5347 καὶ
3312 5291 3516 5345 τούτων
3557 5291 3658 5344 καὶ

2079 5383 2187 5436 τῶν
2205 5386 2462 5437 τοιούτων
2485 5387 2740 5440 ἁπάντων
2764 5387 2792 5439 ὁ
2813 5387 2953 5451 θεῖος
2989 5386 3122 5440 Ἀπό
3135 5385 3315 5449 ςτολος
3346 5382 3651 5453 ἀπέχεσθαι

477 5471 523 5502 ⁸⁸
559 5469 600 5524 ll
624 5469 762 5542 Reg.
786 5487 863 5539 vt,
907 5473 931 5525 1
961 5488 1120 5545 seqq.
1201 5476 1243 5507 ⁶¹
1276 5476 1426 5535 Psal.
1453 5498 1501 5546 v,
1544 5483 1596 5538 7.
1676 5488 1719 5519 ε’
1750 5489 1952 5557 Ephes.
1979 5508 2052 5560 tv,
2083 5496 2147 5549 Η
2187 5512 2341 5568 seqq.

607 5589 841 5679 Quanta.
862 5589 1159 5679 Vaticanus
1174 5599 1377 5679 ardeae.
1397 5602 1760 5679 Messa‘nensis
1776 5607 1969 5679 πόσης.

472 5659 582 5730 (44)
609 5661 782 5741 Μαίας
807 5679 998 5741 sermo.
1017 5667 1188 5741 Λόγος
1208 5659 1437 5741 σαπρὸς,
1471 5673 1679 5727 verbum
1697 5659 1969 5741 ’putridiii'u

397 5741 576 5818 sonpt,
602 5731 702 5818 sed
732 5748 832 5818 pos
873 5731 1193 5818 retinuinius
1224 5731 1808 5818 La_t_'inain_vulgatatn,
1847 5731 1969 5818 quae

398 5802 577 5864 verba,
600 5802 686 5855 iila
723 5802 982 5873 Apostoli,
1016 5807 1082 5863 ad
1107 5826 1224 5879 qua:
1263 5812 1441 5868 allusit
1475 5802 1952 5887 Tlteopltattes,'ad

2083 5615 2278 5692 Epltes.
2306 5635 2382 5684 tv,
2411 5621 2524 5682 Πᾶς
2547 5620 2706 5689 λόγος
2747 5624 2957 5692 σαπρὸς
2986 5621 3050 5676 ὲκ
3079 5617 3175 5692 τοῦ
3200 5619 3466 5688 στόματος
3489 5618 3643 5686 ὑμῶν

2081 5687 2156 5755 μὴ
2193 5689 2582 5759 ἐκπορευέσθω
2603 5687 2630 5754 ,ἡ
2647 5687 2879 5748 reddidit
2919 5709 2933 5746 :
2965 5691 3146 5748 Omnis
3173 5687 3343 5746 sermo
3377 5695 3548 5744 male:
3576 5705 3644 5743 ex

2077 5774 2165 5812 ore
2206 5773 2371 5814 vestro
2397 5778 2497 5815 non
2521 5763 2793 5832 procedat.
