3948 6200
303 234 423 297 3ί9

1710 230 2081 293 EPISTULA
2124 232 2239 296 Ill.

3467 230 3569 300 350

304 348 402 399 καὶ
446 340 735 415 μαντειῶν,
767 336 851 406 οἷς
880 338 1001 395 οὐδὲ
1037 344 1162 404 τοὺς
1223 343 1517 412 λογισμοὺς
1560 341 1696 406 ὅλως
1760 346 1883 396 ἔπιε

2011 348 2282 414 ιὶίιοιιεψιο
2339 346 2736 401 incantationes
2830 358 2892 399 ac
2965 343 3364 410 divinationes,
3440 361 3570 414 quas

306 436 538 491 ϐάλλειν
565 436 837 506 προσήκει
886 433 981 488 καὶ
1025 432 1124 501 τὴν
1158 433 1389 504 καρδίαν
1419 435 1485 503 τῇ
1550 435 1739 505 μνήμη
1788 452 1888 487 κα·-

306 528 737 597 ταρῤυπαίνεινο
785 526 850 579 '0
870 525 1122 597 ,ϐλέπων
1181 526 1313 597 γὰρ,
1378 526 1561 594 φησὶν,
1629 526 1889 595 γυναῖκα

309 622 467 689 πρὸς
496 620 565 674 τὸ
598 618 972 687 ἐπιθυμῆσαι
994 617 1212 685 αὐτὴν,
1239 617 1356 687 ἤδη
1393 619 1755 687 ἐμοίχευσεν
1783 621 1891 673 αὺ-

311 708 431 775 τὴγ
464 716 532 760 εν
553 705 626 773 τῇ
651 706 868 775 καρδίᾳ
897 708 1111 762 αὐτοῦ.
1161 706 1304 777 Πρὸς
1332 708 1560 761 θάνατον
1582 707 1638 760 δὲ
1698 710 1889 779 ἁμαρ-

312 799 431 850 τίαι
454 798 668 866 είρηται
695 796 763 848 τὰ
792 795 1040 861 τοιαῦτα,
1078 797 1159 849 ὅτι
1185 796 1279 849 τὸν
1312 796 1515 850 ἁλόντα
1540 798 1771 867 τοιούτῳ
1786 798 1894 851 τινὶ

314 888 485 941 πάθει
514 890 602 939 καὶ
636 887 1077 956 πλημμελήματι
1129 889 1282 957 ἱερέα
1332 886 1595 941 ἀδύνατόν
1650 892 1768 943 ἔστι
1798 890 1895 959 τὴν

315 977 627 1047 ἱερωσύνην
654 976 826 1041 ἀξίως
851 976 1181 1047 κεκτῆσθαί,
1212 977 1316 1032 κᾶν
1377 979 1608 1049 νεκροὺς
1658 979 1897 1051 ἀναστή-

319 1087 460 1125 σειε.
510 1072 622 1124 Kal.
656 1069 832 1124 ταῦτα
865 1069 965 1141 μὲν
993 1074 1109 1132 τοῖς
1144 1070 1385 1139 ἱερεῦσιν
1419 1071 1606 1134 ἁπλῶς
1643 1072 1779 1127 πᾶσι
1802 1070 1898 1124 καὶ

312 1164 435 1224 τοῖς
474 1162 685 1224 λοιποῖς
715 1162 903 1225 ἄλλοις
932 1163 1047 1223 τοῖς
1072 1162 1166 1215 τοῦ
1220 1162 1368 1217 θείου
1420 1162 1753 1235 ἠξιωμένοις
1804 1162 1899 1233 βή-

320 1270 519 1324 ματος.
567 1252 723 1306 Ἐπεὶ
754 1254 848 1306 καὶ
898 1254 1111 1314 τούτοις
1150 1254 1360 1314 σκοπὸς
1385 1255 1523 1324 πρὸς
1554 1256 1647 1308 τδν
1692 1254 1899 1308 τέλειον

322 1343 539 1413 βαθμὸν
567 1343 667 1409 τῆς
699 1342 1005 1413 ἱερωσύνης
1050 1338 1406 1414 ἀναδραμεῖν.
1434 1344 1545 1398 Καὶ
1605 1344 1695 1403 διὰ
1739 1342 1902 1399 τοῦτο

312 1435 428 1507 χρὴ
474 1437 586 1498 τοῖς
617 1435 931 1506 εἰρημένοις
990 1432 1182 1504 ἱδρῶσι
1225 1435 1319 1489 καὶ
1378 1437 1565 1498 πόνοις
1616 1424 1904 1507 παραπλη-

320 1522 462 1582 σίως
512 1522 627 1582 τοῖς
671 1520 1071 1592 πρεσϐυτέροις
1120 1523 1504 1605 ἐγκαρτερεῖν,
1562 1524 1658 1578 καὶ
1692 1524 1903 1588 τούτοις

313 1612 557 1672 εὐτόνως
604 1612 1099 1680 συναγωνίζεσθαι·
1149 1618 1216 1668 Οἱ
1299 1606 1413 1686 γὰρ
1470 1616 1697 1684 καλῶς,
1743 1618 1899 1687 φησὶ,

326 1702 833 1772 διακονήσαντες,
884 1705 1129 1770 βαθμὸν
1184 1706 1426 1775 δαυτοῖς
1482 1710 1676 1764 καλὸν
1745 1724 1904 1778 περι·
1936 1687 1975 1740 Β

321 1795 661 1859 ποιοῦνται,
698 1796 797 1849 καί
831 1796 1077 1865 πολλὴν
1102 1800 1453 1868 παρῤησίαν
1481 1792 1551 1855 ἐν
1574 1790 1785 1856 πίστει
1828 1800 1903 1869 τῇ

319 1888 399 1942 ἐν
426 1884 660 1955 Χριστῷ
696 1886 925 1955 Ἰησοῦ.
954 1891 1020 1942 Οἱ
1046 1889 1102 1942 δὲ
1139 1890 1437 1962 λογισμοὺς
1463 1892 1774 1963 ἀνθρώπων
1808 1895 1904 1948 καὶ

324 1977 526 2048 ψυχῶν
553 1979 967 2049 ἀρρωστήματα
994 1982 1132 2048 πρὸς
1156 1980 1234 2051 τῷ
1265 1981 1365 2050 τῆς
1421 1984 1718 2053 ἱερωσύνης
1750 1986 1906 2056 χαρί-

321 2088 497 2141 σματι
533 2070 859 2142 θεραπεύειν
906 2071 1168 2143 λαχόντες
1225 2073 1379 2128 λύειν
1420 2092 1479 2129 τε
1532 2075 1627 2129 καὶ
1683 2076 1906 2147 δεσμεῖν

320 2161 609 2231 ἁμαρτίας
639 2161 895 2227 ἐξουσίαν
920 2164 1208 2234 εἰληφότες
1241 2167 1393 2236 παρὰ
1416 2166 1677 2237 Χριστοῦ,
1712 2168 1905 2222 ἐτικαί

324 2253 583 2317 πλείονος
616 2254 973 2326 δεηθήσονται
1022 2256 1120 2326 τῆς
1180 2259 1445 2326 σπουδῆς,
1485 2261 1583 2314 καὶ
1621 2259 1729 2312 τῶ
1782 2258 1904 2312 κατ’

322 2343 537 2415 ἀρετὴν
590 2344 832 2417 ἱδρώτων
880 2348 977 2402 καὶ
1036 2348 1237 2411 πόνων,
1314 2350 1426 2420 ὅσῳ
1500 2351 1596 2403 καὶ
1657 2348 1906 2420 μείζονος

322 2434 596 2507 ἠξίωνται
623 2438 830 2507 δωρεᾶς
885 2456 944 2493 τε
974 2444 1070 2493 καὶ
1098 2442 1277 2510 δόξης.
1310 2443 1421 2496 Καὶ
1461 2443 1549 2497 διὰ
1584 2443 1744 2497 τοῦτο
1773 2444 1905 2498 πολ-

324 2530 434 2601 λὴν
475 2530 579 2600 μὲν
613 2531 863 2598 ἐξέτασιν
906 2534 1004 2588 καὶ
1056 2536 1289 2607 μελέτην
1334 2537 1613 2607 ὀφείλουσι
1640 2539 1907 2608 διηνεκῶς

324 2623 606 2678 ποιεῖσθαι
635 2624 744 2679 τῶν
796 2626 958 2695 ἱερῶν
1005 2627 1099 2679 καὶ
1133 2627 1297 2681 θείων
1326 2631 1587 2697 κανόνων,
1622 2630 1764 2684 ὥστε
1797 2648 1905 2702 μη-

327 2715 426 2768 δέν
443 2732 495 2767 τι
518 2714 725 2769 τούτων
747 2716 906 2779 ἐκτὸς
935 2717 1141 2787 τολμᾷν
1159 2717 1615 2791 διαπεπραχέναι,
1646 2722 1783 2777 ἀλλὰ
1803 2742 1906 2777 κα-

329 2804 444 2868 θὼς
473 2806 544 2859 ἂν
571 2806 771 2860 ἐκεῖνοι
798 2807 1171 2878 διαγορεύοιεν
1204 2808 1305 2873 τὰς
1333 2811 1440 2865 τῶν
1471 2812 1778 2883 ἀνθρώπων
1796 2815 1905 2885 ψυ-

328 2898 435 2965 lac
468 2897 799 2967 θεραπεύειν
843 2900 1245 2969 ἐπιμελεῖσθαι.
1276 2902 1389 2971 Πρὸ
1427 2903 1483 2956 δὲ
1507 2904 1713 2958 τούτων
1738 2904 1904 2975 ἐργά-

1989 440 2206 508 quidem
2235 453 2336 493 nec
2368 437 2699 508 cogitatione
2722 436 3003 506 complecti
3037 436 3212 499 decet,
3248 445 3342 489 aut
3385 451 3572 490 earnm

1991 530 2249 585 memoria
2268 545 2362 584 eor
2380 530 2755 599 eoinquinare,
2772 529 2973 583 dictum
2998 538 3081 582 est
3101 528 3246 583 enim
3268 546 3280 581 :
3305 527 3410 593 Qui
3432 528 3572 581 vide-

1992 618 2061 672 rit
2092 617 2361 671 mulierem
2384 616 2453 670 ad
2475 615 2949 683 concupiscendum
2984 632 3120 678 eam,
3138 616 3256 682 jam
3282 616 3570 668 masc/tatus

1991 719 2068 763 est
2112 725 2227 762 eam
2259 710 2314 762 in
2345 709 2500 761 corde
2546 723 2641 761 suo
2685 708 2751 761 ⁷⁸.
2792 706 2857 760 Εῑ
2915 708 3029 760 haec
3075 708 3293 774 quidem
3340 718 3564 775 peccata

1995 799 2271 853 mortifera
2338 800 2544 862 dicunt,
2598 813 2663 852 eo
2710 797 2853 865 quod
2910 798 3252 853 sacerdotem
3324 800 3568 868 ejusmo-

1995 893 2046 944 di
2085 886 2267 962 aliquo
2318 890 2505 944 morbo
2536 890 2803 944 delictove
2846 899 3187 957 corruptum,
3238 890 3573 958 impossibile

1995 984 2069 1038 sit
2114 982 2479 1037 sacerdotium
2535 980 2695 1047 digne
2726 979 3025 1047 possidere,
3082 979 3301 1032 etiamsi
3333 990 3575 1033 mortuos

1996 1074 2304 1129 snseitaret.
2328 1072 2453 1126 Haze
2469 1085 2596 1126 vero
2626 1071 2880 1124 omnibus
2903 1071 3302 1147 sacerdotibus,
3332 1086 3577 1123 commn-

1998 1163 2140 1217 niter
2180 1162 2319 1215 dicta
2350 1160 2486 1222 sint,
2547 1158 2869 1225 eaaterisqne
2912 1157 3053 1219 aliis,
3087 1157 3177 1225 qui
3211 1158 3351 1210 sacri
3384 1157 3574 1212 altaris

1999 1254 2223 1323 gradum
2251 1251 2524 1305 consecuti
2560 1250 2853 1319 sunt.Nam
2886 1257 2941 1315 et
2988 1248 3107 1303 istis
3156 1262 3351 1313 scopns
3390 1256 3472 1301 est
3506 1249 3571 1301 ad

1999 1332 2302 1416 perfectum
2329 1344 2621 1399 sacerdotii
2648 1341 2874 1411 gradum
2902 1342 3204 1409 pervenire.
3228 1338 3290 1392 Et
3316 1342 3434 1393 ideo
3458 1340 3580 1393 illos

2001 1442 2214 1501 oportet
2250 1431 2537 1486 sudoribus
2584 1440 2744 1495 atque
2769 1426 3046 1480 laboribus
3074 1441 3227 1494 teque
3258 1442 3320 1479 ac
3344 1426 3576 1495 presby-

2006 1536 2149 1582 teros
2200 1539 2322 1595 sese
2356 1523 2506 1585 dare,
2534 1532 2586 1575 et
2619 1535 2722 1574 una
2747 1535 2869 1573 eum
2908 1518 3047 1595 ipsis
3080 1526 3304 1583 strenue
3326 1527 3535 1571 certare
3564 1532 3579 1569 :

2006 1618 2110 1683 Qui
2136 1594 2429 1670 euimbene
2472 1612 2893 1666 ministraverint
2944 1594 3084 1677 (49),
3126 1594 3322 1674 inquit,
3358 1608 3584 1676 gradum

2006 1705 2198 1759 bonum
2242 1703 2341 1758 sibi
2392 1702 2682 1771 nequirent,
2715 1710 2762 1752 et
2814 1698 3037 1750 multam
3084 1697 3341 1763 ﬁduciam
3374 1698 3426 1749 in
3456 1695 3580 1763 ﬁde,

2005 1810 2123 1865 qua:
2154 1802 2227 1846 est
2259 1792 2313 1845 in
2353 1788 2565 1844 Christo
2594 1786 2806 1841 Iesu".
2836 1785 3045 1852 Quibus
3071 1800 3197 1840 vere
3226 1784 3585 1853 cogitationes

2007 1886 2285 1941 hominum
2336 1883 2748 1947 animarumque
2773 1879 2991 1933 morbos
3024 1877 3309 1932 sacerdotii
3331 1876 3474 1932 dono
3502 1891 3587 1931 sa.

2006 1991 2140 2031 nare
2168 1976 2353 2029 datum
2387 1982 2492 2036 est,
2523 1981 2576 2025 et
2610 1969 2852 2026 solvendi
2888 1978 3130 2038 peccata,
3161 1978 3213 2022 et
3249 1969 3446 2037 ligandi
3482 1983 3583 2037 po-

2003 2077 2258 2125 testatem
2283 2064 2554 2120 aChrism
2594 2070 2941 2131 acceperunt,
2981 2060 3171 2129 majori
3215 2060 3378 2113 etiam
3420 2073 3585 2113 cons.

2007 2173 2066 2217 tu
2121 2178 2187 2216 ac
2249 2160 2431 2215 studio
2508 2158 2847 2227 indigebunt,
2910 2154 3315 2221 majoribusque
3369 2152 3587 2206 virtutis

2007 2253 2298 2309 sudoribus
2328 2265 2391 2304 ac
2421 2249 2720 2311 laboribus,
2757 2256 2965 2318 quanto
2992 2245 3185 2313 majori
3215 2246 3357 2299 dono
3388 2254 3444 2299 et
3474 2244 3591 2312 glo-

2007 2345 2086 2400 ria
2126 2344 2277 2414 digni
2305 2340 2472 2397 habiti
2500 2349 2649 2395 sunt.
2683 2339 2861 2409 Atque
2895 2338 3017 2391 ideo
3053 2330 3283 2389 multam
3331 2348 3587 2405 perscru-

2010 2436 2266 2492 tationem
2298 2448 2361 2488 ac
2396 2432 2805 2487 meditationem
2856 2443 3139 2483 sacrorum
3172 2428 3589 2492 divinorumque

2006 2542 2272 2584 canonum
2312 2525 2572 2581 adhibere
2612 2522 2830 2577 assidue
2882 2522 3103 2583 debent,
3137 2528 3192 2572 ut
3221 2518 3355 2572 nihil
3394 2525 3590 2587 praeter

2007 2624 2127 2680 illos
2161 2621 2396 2677 audeant
2424 2619 2627 2681 facere,
2664 2617 2759 2671 sed
2786 2615 2939 2683 quta
2987 2627 3174 2667 eorum
3217 2620 3422 2667 statuta
3469 2610 3589 2664 ani-

2007 2715 2110 2770 mis
2160 2712 2442 2769 hominum
2506 2708 2766 2765 curandis
2811 2705 3153 2761 incumbant.
3209 2705 3348 2757 Ante
3404 2703 3585 2755 omnia

2007 2822 2135 2863 vero
2165 2805 2484 2881 operarium.
2501 2815 2623 2857 esse
2648 2807 2858 2868 oportet
2889 2794 3441 2866 irreprehensibil'em,
3467 2806 3587 2847 sese

2008 2900 2127 2955 aliis
2139 2902 2334 2954 bonum
2350 2894 2629 2964 exemplar
2645 2892 3011 2951 exhibentem,
3033 2889 3097 2942 ad
3117 2888 3413 2943 docendum
3434 2900 3593 2955 para-

330 3007 444 3059 την
466 2989 899 3059 ἀνεπαίσχυντον
928 2987 1091 3058 εἶναι,
1120 2994 1293 3047 τύπον
1329 2993 1496 3048 καλὸν
1550 2995 1745 3049 ἑαυτὸν
1792 2998 1906 3061 τοῖς

2013 3006 2150 3057 ιιιιιι,
2182 2989 2524 3061 hospitalem,
2550 2986 2805 3047 amicum,
2843 2982 3139 3039 dolentium
3169 2980 3589 3043 consolatorem,

333 3082 523 3146 ἄλλοις
559 3083 888 3152 παρέχοντα,
932 3083 1269 3148 διδακτικδν,
1333 3086 1637 3154 φιλόξενον,
1701 3088 1908 3141 λυπου-

335 3176 527 3244 μένοις
558 3174 1011 3245 παραμυθητικόν
1036 3190 1049 3204 ⁸
1074 3176 1437 3246 ἀντεχόμενον
1462 3179 1548 3232 ἀεὶ
1600 3179 1692 3232 τοῦ
1747 3181 1907 3247 λόγου

333 3266 443 3336 τῆς
465 3266 891 3337 παρακλήσεως,
943 3269 1270 3337 πενομένοις
1326 3270 1714 3339 μεταδοτικὸν,
1749 3272 1913 3342 εὐθη-

330 3360 621 3426 νουμένοις
667 3357 1068 3428 χαλιναγωγδν,
1124 3360 1198 3430 μὴ
1283 3360 1565 3432 πάροινον,
1630 3362 1910 3437 τουτέστιν

333 3450 629 3521 ὑϐριστὴν,
667 3451 806 3504 κατά
852 3451 951 3521 τὴν
973 3452 1069 3505 τοῦ
1119 3452 1265 3505 θείου
1312 3453 1527 3507 Παύλου
1561 3453 1907 3523 παραίνεσιν,

335 3539 417 3612 μὴ
449 3539 718 3610 πλήκτην,
755 3540 831 3610 μὴ
876 3541 1263 3612 αἰσχροκερδῆ,
1299 3543 1416 3597 ἀλλ’
1481 3544 1729 3613 ἐπιεικῆ,
1769 3544 1914 3614 ἅμα·

332 3647 454 3703 χον,
487 3632 547 3685 ἐν
603 3630 878 3700 πραότητι
923 3631 1247 3686 παιδεύοντα
1308 3634 1435 3700 τοὺς
1476 3634 1912 3707 ἀντιδιατιθεμέ-

331 3740 489 3789 νους,
535 3723 609 3793 μή
640 3740 776 3776 ποτε
803 3723 877 3791 δῷ
905 3724 1089 3788 αύτιίς
1143 3727 1170 3777 ό
1202 3724 1336 3789 Θεὸς
1368 3726 1666 3795 μετάνοιαν
1690 3729 1768 3789 εἰς
1799 3728 1915 3779 ἐπί-

330 3832 545 3884 γνωσιν
598 3813 881 3885 ἀληθείας,
917 3816 1011 3869 καὶ
1046 3816 1395 3885 ἀνανήψωσιν
1427 3817 1491 3869 ἐκ
1523 3818 1627 3886 τῆς
1678 3816 1772 3870 τοῦ
1799 3818 1915 3871 δια-

330 3904 495 3957 ϐόλου
520 3903 771 3972 παγίδος,
790 3904 1171 3975 ἐζωγρημένοι
1207 3905 1299 3958 ὑπ’
1326 3905 1491 3960 αὑτοῦ
1524 3906 1605 3969 εἰς
1623 3906 1684 3959 τὸ
1706 3904 1914 3959 ἐκείνου

331 3996 575 4064 θέλημα.
614 3995 800 4049 Ταῦτα
860 3997 1041 4052 πάντα
1102 3995 1403 4061 ποιοῦντες,
1466 3998 1766 4066 ἀγαπητοὶ,
1819 3996 1916 4050 καὶ

328 4088 483 4158 ὑμᾶς
517 4087 716 4150 αὐτοὺς
750 4085 980 4150 σώσετε,
1047 4086 1147 4140 καὶ
1194 4088 1321 4151 τοὺς
1366 4087 1665 4150 ἀκούοντας
1739 4088 1914 4158 ὑμῶν.

2018 3086 2183 3139 verba
2214 3079 2609 3137 exhortationis
2633 3086 2855 3147 semper
2879 3075 2987 3130 sibi
3014 3075 3360 3135 retinentem,
3395 3086 3594 3140 panpe-

2020 3176 2171 3230 ribus
2210 3174 2543 3241 largitorem,
2572 3168 2861 3237 opulentos
2900 3165 3249 3225 frtenantem,
3289 3175 3392 3215 non
3442 3160 3595 3215 vino-

2020 3268 2249 3330 lentum,
2270 3265 2322 3319 id
2341 3272 2424 3319 est
2440 3261 2703 3331 injurinm
2727 3257 2861 3329 (50);
2876 3256 3027 3325 juxta
3048 3252 3157 3310 divi
3176 3251 3326 3308 Pauli
3350 3252 3595 3306 adhorta-

2020 3364 2221 3415 tionem
2247 3358 2312 3422 ⁷⁸,
2347 3370 2454 3410 non
2488 3365 2890 3423 percussorem,
2929 3363 3036 3403 non
3071 3347 3245 3415 turpis
3277 3345 3411 3399 lucri
3441 3344 3595 3414 cupi-

2019 3454 2170 3514 dum,
2215 3450 2310 3505 sed
2343 3448 2552 3512 mitem,
2599 3445 2718 3499 sine
2745 3442 3105 3499 contentione
3157 3450 3281 3493 cum
3328 3436 3593 3491 modestia

2020 3542 2403 3611 eorripientem
2454 3552 2548 3594 eos
2581 3537 2673 3607 qui
2718 3535 2981 3590 resistunt
3012 3534 3252 3595 veritati,
3284 3547 3353 3586 ne
3380 3532 3596 3599 quando

2022 3638 2166 3690 Deus
2192 3636 2282 3689 det
2328 3632 2437 3687 illis
2461 3627 2841 3699 paenitentiam
2874 3625 2987 3696 (5t)
3048 3625 3114 3677 ad
3159 3622 3593 3693 cognoscendam

2022 3728 2330 3790 veritatem,
2357 3733 2411 3777 et
2472 3721 2797 3790 resipiscant
2846 3734 2874 3772 a
2917 3715 3121 3771 diaboli
3157 3715 3387 3784 laqueis,
3428 3729 3595 3783 aquo

2022 3811 2223 3888 captivi
2256 3824 2508 3872 tenentur
2553 3814 2620 3869 ad
2659 3812 2830 3881 ipsius
2857 3808 3215 3865 voluntatem.
3254 3807 3382 3862 “(ec
3415 3806 3595 3861 omnia

2024 3912 2309 3973 facientes,
2343 3922 2375 3961 o
2401 3904 2610 3968 dilecti,
2653 3912 2710 3957 et
2740 3916 2838 3956 vos
2870 3901 3019 3970 ipsos
3072 3898 3376 3961 salvahitis,
3420 3905 3474 3951 et
3503 3910 3599 3975 eos

2022 4003 2113 4072 qui
2154 4016 2247 4055 vos
2277 3999 2524 4053 audiunt.
2557 3995 2723 4050 Orate
2782 4003 2965 4049 autem
2999 4001 3053 4048 et
3104 4006 3200 4059 pro
3234 3987 3389 4043 nobis
3411 3988 3596 4049 etiam,

2023 4094 2160 4150 utin
2222 4092 2338 4150 dies
2402 4106 2489 4146 res
2537 4100 2734 4144 nostra:
2764 4088 2831 4141 ad
2878 4088 3271 4141 incrementum
3322 4078 3597 4149 Evangelii

330 4176 715 4250 Προσεύχεσθε
746 4177 802 4230 δὲ
833 4178 1081 4241 καὶπερὶ
1119 4178 1300 4247 ἡμῶν,
1369 4179 1462 4233 ἵνα
1494 4181 1562 4233 τὰ
1618 4181 1738 4234 καθ’
1770 4180 1941 4251 ἡμᾶς’

330 4272 413 4333 εἰς
444 4266 737 4337 προκοπὴν
764 4265 860 4319 τοῦ
896 4266 1231 4335 Εὑαγγελίου
1257 4267 1351 4320 τοῦ
1371 4268 1612 4337 Χριστοῦ
1641 4273 1916 4340 προέρχη-

2021 4186 2224 4243 Christi
2280 4187 2417 4239 bene
2483 4182 2801 4251 procedant,
2854 4187 3023 4246 utque
3065 4176 3312 4245 expedite
3366 4188 3460 4244 per
3504 4186 3601 4242 pa-

2026 4280 2280 4333 tientiam
2312 4275 2648 4346 pr0positum
2681 4273 2843 4327 nobis
2867 4282 3261 4339 percurramus
3296 4272 3595 4330 certamen,

331 4378 424 4415 ut
464 4359 589 4412 καθ’
616 4359 881 4428 ἑκάστην,
932 4362 1029 4411 καὶ
1081 4360 1231 4422 ὅπως
1265 4359 1549 4423 εὐσταλῶς
1608 4360 1678 4413 δι’
1708 4361 1906 4429 ὑπομο-

2025 4373 2380 4443 inspicientes
2417 4368 2469 4422 in
2512 4366 2631 4423 tidei
2666 4373 2943 4419 auctorem
3003 4371 3059 4416 et
3104 4364 3596 4416 consummatorem

331 4457 435 4525 νῆς
488 4453 778 4524 τρέχωμεν
801 4454 891 4505 τὸν
942 4452 1301 4523 προκείμενον
1329 4454 1463 4523 ἡμῖν
1520 4453 1729 4522 ἀγῶνα,
1785 4455 1906 4523 ἀφο-

2018 4466 2203 4521 .iesum
2255 4460 2556 4523 Christum,
2624 4466 2681 4510 ut
2728 4466 2782 4511 et
2840 4462 3096 4524 pastores
3138 4462 3194 4507 et
3241 4449 3381 4504 ovile
3438 4444 3607 4502 simul

337 4550 551 4616 ριῖιντες
580 4547 660 4608 εἰς
699 4545 791 4599 τὸν
816 4546 914 4614 τῆς
945 4546 1186 4603 πίστεως
1214 4544 1461 4615 ἀρχηγὸν
1510 4548 1603 4598 καὶ
1631 4547 1906 4615 τελειωτὴι

2020 4556 2231 4613 caelesti
2260 4551 2545 4607 mansione
2574 4548 2719 4616 digni
2771 4545 2965 4608 simus,
2998 4544 3050 4598 in
3100 4543 3215 4612 ipso
3243 4540 3461 4595 Christo
3492 4536 3601 4591 Do-

332 4636 557 4707 Ἰησοῦν
586 4636 849 4704 Χριστὸν,
884 4636 960 4699 ὼς
987 4636 1054 4689 ἂν
1085 4636 1183 4689 καὶ
1213 4637 1472 4706 ποιμένες
1525 4636 1621 4692 καὶ
1667 4638 1906 4709 ποίμνιοι

2023 4648 2175 4703 mino
2218 4652 2430 4709 nostro,
2490 4641 2574 4697 cui
2620 4639 2789 4710 gloria
2831 4644 2886 4692 et
2920 4634 3237 4705 imperium,
3287 4632 3341 4686 in
3400 4627 3599 4685 sarcula

298 4727 440 4814 ιτῆς
475 4728 540 4779 ὲν
576 4726 900 4797 παραδείσῳ
961 4726 1206 4814 μάνδρας
1254 4727 1630 4800 ἀξιωθείημεν
1670 4729 1729 4783 ὲν
1767 4728 1906 4799 αὐτῷ

2028 4712 2379 4796 saeculorum.
2404 4734 2604 4789 Amen.

303 4811 566 4899 ξΧριστῷ
592 4816 670 4887 τῷ
699 4818 889 4889 Κυρίῳ
922 4819 1101 4890 ὴμῶν,
1124 4811 1167 4887 ᾧ
1198 4820 1378 4889 ήδόξα
1407 4821 1503 4873 καί⁵
1531 4820 1593 4873 τὸ
1617 4821 1816 4891 κράτος
1840 4822 1919 4884 είς

310 4918 313 4921 ’
341 4915 463 4976 τοὺς
494 4912 706 4976 αἰῶνας
732 4912 842 4969 τῶν
866 4915 1104 4969 αἰώνων.
1159 4916 1354 4986 Ἀμήν.

413 5096 457 5126 ’⁸
489 5093 685 5151 Matth.
729 5107 787 5161 ι’,
815 5092 907 5148 28.
982 5092 1078 5150 "1
1104 5093 1247 5153 Tim.
1288 5113 1379 5163 ιιι,
1408 5095 1496 5152 15.
1576 5096 1620 5127 ⁷*
1651 5095 1669 5150 1
1697 5094 1840 5151 Tim.
1871 5111 1906 5150 ιι

2011 5123 2033 5160 ι,
2078 5092 2111 5145 4
2134 5107 2147 5157 ;
2170 5088 2215 5144 ιι
2241 5087 2388 5144 Tim.
2422 5101 2483 5153 tt,
2509 5086 2603 5141 25.

421 5228 531 5297 (49)
567 5227 674 5293 Qui
719 5228 846 5283 bene
896 5231 1406 5289 administraverint.
1463 5233 1669 5289 Alludit
1709 5234 1775 5288 ad
1806 5234 1924 5288 dia-
2019 5225 2466 5290 meliosum,sive
2498 5220 2906 5297 convitiatorem
2944 5220 3204 5297 re_ddi;_at
3255 5233 3357 5270 non
3384 5214 3605 5297 quidem

346 5283 530 5361 conos,
565 5283 707 5367 quos
750 5283 1924 5359 bene"uidit-istim;inominisws'ui—memores
2023 5283 2409 5367 Theophanes,
2450 5295 2526 5367 ιιέὶ
2558 5293 2735 5346 sentio
2778 5283 3278 5367 tribuebat/inoo,
3335 5300 3454 5338 nam
3493 5283 3609 5367 vini

347 5358 655 5445 (διᾳκονίω,
704 5370 969 5445 ministro)
1031 5358 1266 5445 oportet.
1302 5358 1504 5445 Eadem
1547 5358 1923 5445 ethymologla:
2024 5369 2069 5424 is
2096 5358 2215 5445 esse
2250 5358 2403 5423 solet
2428 5362 2674 5427 eﬁ‘ectus,
2697 5371 2753 5415 ut
2791 5362 2857 5415 ad
2889 5358 3178 5443 jurgiavel
3208 5360 3439 5411 inermes
3471 5366 3601 5422 pro-

350 5439 558 5512 ratione
583 5439 899 5512 cauom}?
928 5438 1144 5496 concilii
1200 5458 1252 5498 ιν
1300 5438 1767 5512 Carthaginiensis,
1799 5438 1923 5499 et"
2024 5438 2223 5512 trudat.

2096 5508 2208 5577 (51)
2248 5504 2641 5560 Paenitentiam.
2675 5499 2896 5577 Mutilus
2919 5506 2973 5577 et
3006 5498 3339 5577 depravatus
3363 5493 3611 5577 habetur

2032 5562 2121 5632 hic
2145 5562 2294 5631 lo'cus
2315 5578 2367 5631 in
2391 5585 2623 5643 utroque
2646 5568 2967 5643 exemplari.
3021 5562 3125 5619 seu
3147 5574 3269 5643 cum
3293 5566 3462 5643 verba
3489 5566 3607 5621 sint

2028 5646 2291 5711 Apostoli,
2326 5661 2390 5701 ex
2417 5658 2483 5702 eo
2526 5632 2891 5709 simulavimus
2930 5646 2983 5691 et
3023 5632 3454 5691 emendaviums.
3592 5650 3593 5657 η

350 5504 593 5582 Toietan.
625 5508 889 5582 339,1th
916 5513 995 5582 eis
1041 5513 1319 5569 ministros
1339 5528 1397 5568 se
1420 5504 1560 5578 esse,
1608 5504 1921 5582 agnoscere.

418 5578 539 5706 (50?,
569 5577 857 5647 lnjurium.
920 5580 1037 5645 Non
1070 5587 1139 5636 ita
1187 5582 1341 5639 facile
1388 5577 1718 5637 invenias'iu
1758 5599 1925 5651 expo-

418 5650 501 5705 ori
546 5663 608 5706 us
630 5648 780 5706 Pauli
811 5666 997 5706 vocem
1028 5652 1304 5706 πάροινον.
1348 5652 1697 5706 iniuriosum.
1727 5660 1919 5706 contu-

356 5648 780 5729 sitoribusPauli
811 5666 997 5711 vocem
1028 5652 1304 5710 πάροινον.
1348 5652 1697 5712 iniuriosum.
1727 5648 1919 5712 contu-
