  <div class='ocr_page' id='page_1' title='image "/cluster/home/n/w/nwhite01/storage/ocr_20150623/150/hvd.32044073498826/182.png"; bbox 0 0 3948 6200; ppageno 0'>
   <div class='ocr_carea' id='block_1_1' title="bbox 317 291 427 354">
    <p class='ocr_par' dir='ltr' id='par_1_1' title="bbox 317 291 427 354">
     <span class='ocr_line' id='line_1_1' title="bbox 317 291 427 354; baseline 0.018 -2"><span class='ocrx_word' id='word_1_1' title='bbox 317 291 427 354; x_wconf 71' lang='grc'><strong>353</strong></span> 
     </span>
    </p>
   </div>
   <div class='ocr_carea' id='block_1_2' title="bbox 1473 294 2399 362">
    <p class='ocr_par' dir='ltr' id='par_1_2' title="bbox 1473 294 2399 362">
     <span class='ocr_line' id='line_1_2' title="bbox 1473 294 2399 362; baseline 0.006 -6"><span class='ocrx_word' id='word_1_2' title='bbox 1473 294 1760 359; x_wconf 74' lang='lat' dir='ltr'>ORATIO</span> <span class='ocrx_word' id='word_1_3' title='bbox 1811 297 2399 362; x_wconf 47' lang='lat' dir='ltr'><strong>EUQHARISTICA.</strong></span> 
     </span>
    </p>
   </div>
   <div class='ocr_carea' id='block_1_3' title="bbox 3440 309 3544 373">
    <p class='ocr_par' dir='ltr' id='par_1_3' title="bbox 3440 309 3544 373">
     <span class='ocr_line' id='line_1_3' title="bbox 3440 309 3544 373; baseline -0.01 -1"><span class='ocrx_word' id='word_1_4' title='bbox 3440 309 3544 373; x_wconf 77' lang='lat' dir='ltr'><strong>35i</strong></span> 
     </span>
    </p>
   </div>
   <div class='ocr_carea' id='block_1_4' title="bbox 319 401 1892 486">
    <p class='ocr_par' dir='ltr' id='par_1_4' title="bbox 319 401 1886 479">
     <span class='ocr_line' id='line_1_4' title="bbox 319 401 1886 479; baseline 0.001 -21"><span class='ocrx_word' id='word_1_5' title='bbox 319 406 592 461; x_wconf 79' lang='grc' dir='ltr'><strong>ἀθάνατον</strong></span> <span class='ocrx_word' id='word_1_6' title='bbox 689 408 747 460; x_wconf 83' lang='grc' dir='ltr'><strong>τὺ</strong></span> <span class='ocrx_word' id='word_1_7' title='bbox 779 408 951 462; x_wconf 82' lang='grc' dir='ltr'>κακόν</span> <span class='ocrx_word' id='word_1_8' title='bbox 978 425 990 441; x_wconf 89' lang='grc'><strong>·</strong></span> <span class='ocrx_word' id='word_1_9' title='bbox 1020 409 1244 478; x_wconf 82' lang='grc' dir='ltr'>ὕστερον</span> <span class='ocrx_word' id='word_1_10' title='bbox 1269 408 1321 462; x_wconf 80' lang='grc' dir='ltr'><strong>δὲ</strong></span> <span class='ocrx_word' id='word_1_11' title='bbox 1357 409 1516 463; x_wconf 68' lang='grc' dir='ltr'>πάλιν</span> <span class='ocrx_word' id='word_1_12' title='bbox 1558 409 1886 479; x_wconf 77' lang='grc' dir='ltr'><strong>σπλάγχνοις</strong></span> 
     </span>
    </p>
   </div>
   <div class='ocr_carea' id='block_1_5' title="bbox 1997 401 3552 486">
    <p class='ocr_par' dir='ltr' id='par_1_5' title="bbox 1997 413 3552 486">
     <span class='ocr_line' id='line_1_5' title="bbox 1997 413 3552 486; baseline 0.008 -24"><span class='ocrx_word' id='word_1_13' title='bbox 1997 421 2132 464; x_wconf 73' lang='lat' dir='ltr'><strong>esset</strong></span> <span class='ocrx_word' id='word_1_14' title='bbox 2187 413 2422 474; x_wconf 87' lang='lat' dir='ltr'><strong>malum,</strong></span> <span class='ocrx_word' id='word_1_15' title='bbox 2464 426 2559 480; x_wconf 91' lang='lat' dir='ltr'><strong>pro</strong></span> <span class='ocrx_word' id='word_1_16' title='bbox 2614 427 2678 466; x_wconf 87' lang='lat' dir='ltr'><strong>eo</strong></span> <span class='ocrx_word' id='word_1_17' title='bbox 2730 428 2834 482; x_wconf 90' lang='lat' dir='ltr'><strong>quo</strong></span> <span class='ocrx_word' id='word_1_18' title='bbox 2918 418 3255 486; x_wconf 85' lang='lat' dir='ltr'><strong>prosequeris</strong></span> <span class='ocrx_word' id='word_1_19' title='bbox 3309 419 3552 476; x_wconf 75' lang='lat' dir='ltr'><strong>homines</strong></span> 
     </span>
    </p>
   </div>
   <div class='ocr_carea' id='block_1_6' title="bbox 321 500 1893 573">
    <p class='ocr_par' dir='ltr' id='par_1_6' title="bbox 321 500 1893 573">
     <span class='ocr_line' id='line_1_6' title="bbox 321 500 1893 573; baseline -0.001 -19"><span class='ocrx_word' id='word_1_20' title='bbox 321 501 560 570; x_wconf 70' lang='grc' dir='ltr'>ἀφάτοις</span> <span class='ocrx_word' id='word_1_21' title='bbox 593 501 700 555; x_wconf 91' lang='grc' dir='ltr'><strong>σῶν</strong></span> <span class='ocrx_word' id='word_1_22' title='bbox 739 502 1061 573; x_wconf 81' lang='grc' dir='ltr'>οἰκτιρμῶν,</span> <span class='ocrx_word' id='word_1_23' title='bbox 1105 503 1342 568; x_wconf 79' lang='grc' dir='ltr'>παγγενὶ</span> <span class='ocrx_word' id='word_1_24' title='bbox 1393 500 1577 554; x_wconf 72' lang='grc' dir='ltr'>τοῦτον</span> <span class='ocrx_word' id='word_1_25' title='bbox 1627 501 1893 555; x_wconf 81' lang='grc' dir='ltr'>ἀνακαλε-</span> 
     </span>
    </p>
   </div>
   <div class='ocr_carea' id='block_1_7' title="bbox 326 593 1892 664">
    <p class='ocr_par' dir='ltr' id='par_1_7' title="bbox 326 593 1892 664">
     <span class='ocr_line' id='line_1_7' title="bbox 326 593 1892 664; baseline 0.002 -19"><span class='ocrx_word' id='word_1_26' title='bbox 326 593 566 659; x_wconf 80' lang='grc' dir='ltr'>σάμενος</span> <span class='ocrx_word' id='word_1_27' title='bbox 595 594 660 646; x_wconf 84' lang='grc' dir='ltr'><strong>ὲκ</strong></span> <span class='ocrx_word' id='word_1_28' title='bbox 691 593 790 663; x_wconf 80' lang='grc' dir='ltr'><strong>τῆς</strong></span> <span class='ocrx_word' id='word_1_29' title='bbox 827 595 1027 664; x_wconf 79' lang='grc' dir='ltr'>πικρᾶς</span> <span class='ocrx_word' id='word_1_30' title='bbox 1051 593 1363 664; x_wconf 69' lang='grc' dir='ltr'><strong>τυραννίδος</strong></span> <span class='ocrx_word' id='word_1_31' title='bbox 1393 593 1486 646; x_wconf 84' lang='grc' dir='ltr'><strong>τοῦ</strong></span> <span class='ocrx_word' id='word_1_32' title='bbox 1517 593 1645 664; x_wconf 74' lang='grc' dir='ltr'>ᾅδου</span> <span class='ocrx_word' id='word_1_33' title='bbox 1674 595 1762 646; x_wconf 69' lang='grc' dir='ltr'>καὶ</span> <span class='ocrx_word' id='word_1_34' title='bbox 1782 595 1892 648; x_wconf 88' lang='grc' dir='ltr'>τῶν</span> 
     </span>
    </p>
   </div>
   <div class='ocr_carea' id='block_1_8' title="bbox 320 683 1892 756">
    <p class='ocr_par' dir='ltr' id='par_1_8' title="bbox 320 683 1892 756">
     <span class='ocr_line' id='line_1_8' title="bbox 320 683 1892 756; baseline 0.003 -22"><span class='ocrx_word' id='word_1_35' title='bbox 320 683 543 753; x_wconf 83' lang='grc' dir='ltr'>δεσμῶν</span> <span class='ocrx_word' id='word_1_36' title='bbox 590 683 814 754; x_wconf 77' lang='grc' dir='ltr'>τρόποις</span> <span class='ocrx_word' id='word_1_37' title='bbox 845 683 1160 755; x_wconf 73' lang='grc' dir='ltr'><strong>οἰκονομίας</strong></span> <span class='ocrx_word' id='word_1_38' title='bbox 1205 687 1470 756; x_wconf 76' lang='grc' dir='ltr'><strong>ἀρρήτου.</strong></span> <span class='ocrx_word' id='word_1_39' title='bbox 1531 687 1714 755; x_wconf 81' lang='grc' dir='ltr'>ὅμοιος</span> <span class='ocrx_word' id='word_1_40' title='bbox 1761 687 1892 754; x_wconf 76' lang='grc' dir='ltr'>ἡμῖν</span> 
     </span>
    </p>
   </div>
   <div class='ocr_carea' id='block_1_9' title="bbox 322 777 1890 847">
    <p class='ocr_par' dir='ltr' id='par_1_9' title="bbox 322 777 1890 847">
     <span class='ocr_line' id='line_1_9' title="bbox 322 777 1890 847; baseline 0.003 -20"><span class='ocrx_word' id='word_1_41' title='bbox 322 777 470 830; x_wconf 75' lang='grc' dir='ltr'>κατὰ</span> <span class='ocrx_word' id='word_1_42' title='bbox 500 777 677 838; x_wconf 76' lang='grc' dir='ltr'>πάντα</span> <span class='ocrx_word' id='word_1_43' title='bbox 707 780 1019 846; x_wconf 80' lang='grc' dir='ltr'>γενόμενος,</span> <span class='ocrx_word' id='word_1_44' title='bbox 1052 779 1114 830; x_wconf 83' lang='grc' dir='ltr'><strong>ὲκ</strong></span> <span class='ocrx_word' id='word_1_45' title='bbox 1161 777 1498 847; x_wconf 78' lang='grc' dir='ltr'>παρθενικῆς</span> <span class='ocrx_word' id='word_1_46' title='bbox 1535 778 1627 829; x_wconf 71' lang='grc' dir='ltr'><strong>καὶ</strong></span> <span class='ocrx_word' id='word_1_47' title='bbox 1653 777 1890 846; x_wconf 78' lang='grc' dir='ltr'>ἁμολύνο</span> 
     </span>
    </p>
   </div>
   <div class='ocr_carea' id='block_1_10' title="bbox 323 870 1892 942">
    <p class='ocr_par' dir='ltr' id='par_1_10' title="bbox 323 870 1892 942">
     <span class='ocr_line' id='line_1_10' title="bbox 323 870 1892 942; baseline 0.001 -21"><span class='ocrx_word' id='word_1_48' title='bbox 323 886 419 922; x_wconf 86' lang='grc' dir='ltr'><strong>του</strong></span> <span class='ocrx_word' id='word_1_49' title='bbox 457 871 696 941; x_wconf 80' lang='grc' dir='ltr'>γαστρὸς</span> <span class='ocrx_word' id='word_1_50' title='bbox 738 873 910 942; x_wconf 71' lang='grc' dir='ltr'>χωρὶς</span> <span class='ocrx_word' id='word_1_51' title='bbox 943 872 1237 941; x_wconf 80' lang='grc' dir='ltr'>ἁμαρτίας,</span> <span class='ocrx_word' id='word_1_52' title='bbox 1261 871 1356 923; x_wconf 76' lang='grc' dir='ltr'><strong>καὶ</strong></span> <span class='ocrx_word' id='word_1_53' title='bbox 1391 870 1616 924; x_wconf 81' lang='grc' dir='ltr'>θάνατον</span> <span class='ocrx_word' id='word_1_54' title='bbox 1646 870 1892 924; x_wconf 78' lang='grc' dir='ltr'>ἑκούσιον</span> 
     </span>
    </p>
   </div>
   <div class='ocr_carea' id='block_1_11' title="bbox 325 961 1891 1033">
    <p class='ocr_par' dir='ltr' id='par_1_11' title="bbox 325 961 1891 1033">
     <span class='ocr_line' id='line_1_11' title="bbox 325 961 1891 1033; baseline 0 -19"><span class='ocrx_word' id='word_1_55' title='bbox 325 962 652 1029; x_wconf 79' lang='grc' dir='ltr'>ὑπομείνας,</span> <span class='ocrx_word' id='word_1_56' title='bbox 691 965 784 1016; x_wconf 68' lang='grc' dir='ltr'><strong>καὶ</strong></span> <span class='ocrx_word' id='word_1_57' title='bbox 816 964 903 1015; x_wconf 76' lang='grc' dir='ltr'><strong>διὰ</strong></span> <span class='ocrx_word' id='word_1_58' title='bbox 931 962 1022 1014; x_wconf 83' lang='grc' dir='ltr'>τοῦ</span> <span class='ocrx_word' id='word_1_59' title='bbox 1053 961 1284 1016; x_wconf 70' lang='grc' dir='ltr'>θανάτου</span> <span class='ocrx_word' id='word_1_60' title='bbox 1327 963 1684 1033; x_wconf 75' lang='grc' dir='ltr'><strong>καταργήσας</strong></span> <span class='ocrx_word' id='word_1_61' title='bbox 1710 962 1803 1014; x_wconf 65' lang='grc' dir='ltr'><strong>τὸν</strong></span> <span class='ocrx_word' id='word_1_62' title='bbox 1831 962 1891 1014; x_wconf 83' lang='grc' dir='ltr'>τὸ</span> 
     </span>
    </p>
   </div>
   <div class='ocr_carea' id='block_1_12' title="bbox 325 1052 1887 1125">
    <p class='ocr_par' dir='ltr' id='par_1_12' title="bbox 325 1052 1887 1125">
     <span class='ocr_line' id='line_1_12' title="bbox 325 1052 1887 1125; baseline 0 -20"><span class='ocrx_word' id='word_1_63' title='bbox 325 1054 533 1125; x_wconf 80' lang='grc' dir='ltr'>κράτος</span> <span class='ocrx_word' id='word_1_64' title='bbox 559 1054 751 1124; x_wconf 75' lang='grc' dir='ltr'>ἔχοντα</span> <span class='ocrx_word' id='word_1_65' title='bbox 781 1054 877 1106; x_wconf 81' lang='grc' dir='ltr'><strong>τοῦ</strong></span> <span class='ocrx_word' id='word_1_66' title='bbox 910 1054 1166 1120; x_wconf 78' lang='grc' dir='ltr'><strong>Θανάτου,</strong></span> <span class='ocrx_word' id='word_1_67' title='bbox 1192 1053 1336 1106; x_wconf 84' lang='grc' dir='ltr'>τοῦτ’</span> <span class='ocrx_word' id='word_1_68' title='bbox 1363 1053 1476 1105; x_wconf 80' lang='grc' dir='ltr'>ἔστι</span> <span class='ocrx_word' id='word_1_69' title='bbox 1511 1053 1601 1106; x_wconf 80' lang='grc' dir='ltr'><strong>τὸν</strong></span> <span class='ocrx_word' id='word_1_70' title='bbox 1622 1052 1887 1106; x_wconf 68' lang='grc' dir='ltr'>διάϐολον*</span> 
     </span>
    </p>
   </div>
   <div class='ocr_carea' id='block_1_13' title="bbox 319 1141 1888 1217">
    <p class='ocr_par' dir='ltr' id='par_1_13' title="bbox 319 1141 1888 1217">
     <span class='ocr_line' id='line_1_13' title="bbox 319 1141 1888 1217; baseline 0 -20"><span class='ocrx_word' id='word_1_71' title='bbox 319 1145 460 1197; x_wconf 78' lang='grc' dir='ltr'>διότι</span> <span class='ocrx_word' id='word_1_72' title='bbox 490 1146 591 1198; x_wconf 81' lang='grc' dir='ltr'>οὐκ</span> <span class='ocrx_word' id='word_1_73' title='bbox 637 1141 705 1217; x_wconf 76' lang='grc' dir='ltr'><strong>ἦν</strong></span> <span class='ocrx_word' id='word_1_74' title='bbox 729 1147 952 1200; x_wconf 77' lang='grc' dir='ltr'>δυνατὸν</span> <span class='ocrx_word' id='word_1_75' title='bbox 985 1146 1306 1217; x_wconf 83' lang='grc' dir='ltr'>κρατεῖσθαί</span> <span class='ocrx_word' id='word_1_76' title='bbox 1335 1163 1393 1198; x_wconf 88' lang='grc' dir='ltr'>σε</span> <span class='ocrx_word' id='word_1_77' title='bbox 1415 1147 1505 1198; x_wconf 72' lang='grc' dir='ltr'>τὸν</span> <span class='ocrx_word' id='word_1_78' title='bbox 1532 1145 1771 1215; x_wconf 74' lang='grc' dir='ltr'>ἀρχηγὸν</span> <span class='ocrx_word' id='word_1_79' title='bbox 1793 1143 1888 1213; x_wconf 83' lang='grc' dir='ltr'><strong>τῆς</strong></span> 
     </span>
    </p>
   </div>
   <div class='ocr_carea' id='block_1_14' title="bbox 320 1233 1890 1303">
    <p class='ocr_par' dir='ltr' id='par_1_14' title="bbox 320 1233 1890 1303">
     <span class='ocr_line' id='line_1_14' title="bbox 320 1233 1890 1303; baseline 0.001 -18"><span class='ocrx_word' id='word_1_80' title='bbox 320 1233 473 1300; x_wconf 73' lang='grc' dir='ltr'><strong>ζωῆς</strong></span> <span class='ocrx_word' id='word_1_81' title='bbox 504 1233 597 1285; x_wconf 78' lang='grc' dir='ltr'>ὑπ’</span> <span class='ocrx_word' id='word_1_82' title='bbox 620 1235 809 1297; x_wconf 80' lang='grc' dir='ltr'><strong>αὑτοῦ,</strong></span> <span class='ocrx_word' id='word_1_83' title='bbox 852 1238 944 1288; x_wconf 69' lang='grc' dir='ltr'>καὶ</span> <span class='ocrx_word' id='word_1_84' title='bbox 971 1236 1060 1288; x_wconf 82' lang='grc' dir='ltr'><strong>διὰ</strong></span> <span class='ocrx_word' id='word_1_85' title='bbox 1098 1235 1254 1288; x_wconf 82' lang='grc' dir='ltr'>τοῦτο</span> <span class='ocrx_word' id='word_1_86' title='bbox 1279 1235 1635 1303; x_wconf 79' lang='grc' dir='ltr'>συνεξεμέσαι</span> <span class='ocrx_word' id='word_1_87' title='bbox 1658 1236 1890 1303; x_wconf 80' lang='grc' dir='ltr'><strong>ποιήσας</strong></span> 
     </span>
    </p>
   </div>
   <div class='ocr_carea' id='block_1_15' title="bbox 318 1317 1890 1396">
    <p class='ocr_par' dir='ltr' id='par_1_15' title="bbox 318 1317 1890 1396">
     <span class='ocr_line' id='line_1_15' title="bbox 318 1317 1890 1396; baseline 0.002 -23"><span class='ocrx_word' id='word_1_88' title='bbox 318 1321 516 1374; x_wconf 74' lang='grc' dir='ltr'>τοῦτον</span> <span class='ocrx_word' id='word_1_89' title='bbox 552 1324 648 1376; x_wconf 65' lang='grc' dir='ltr'>σὺν</span> <span class='ocrx_word' id='word_1_90' title='bbox 675 1325 756 1377; x_wconf 67' lang='grc' dir='ltr'><strong>σοι</strong></span> <span class='ocrx_word' id='word_1_91' title='bbox 786 1327 880 1376; x_wconf 79' lang='grc' dir='ltr'><strong>καὶ</strong></span> <span class='ocrx_word' id='word_1_92' title='bbox 908 1324 1002 1388; x_wconf 71' lang='grc' dir='ltr'><strong>οὓς</strong></span> <span class='ocrx_word' id='word_1_93' title='bbox 1033 1318 1224 1396; x_wconf 79' lang='grc' dir='ltr'>πρώην</span> <span class='ocrx_word' id='word_1_94' title='bbox 1259 1327 1518 1379; x_wconf 77' lang='grc' dir='ltr'><strong>κατέπιεν</strong></span> <span class='ocrx_word' id='word_1_95' title='bbox 1551 1325 1792 1396; x_wconf 68' lang='grc' dir='ltr'>ἰσχύσαςο</span> <span class='ocrx_word' id='word_1_96' title='bbox 1828 1317 1890 1376; x_wconf 77' lang='grc' dir='ltr'>οὗ</span> 
     </span>
    </p>
   </div>
   <div class='ocr_carea' id='block_1_16' title="bbox 320 1413 1890 1487">
    <p class='ocr_par' dir='ltr' id='par_1_16' title="bbox 320 1413 1890 1487">
     <span class='ocr_line' id='line_1_16' title="bbox 320 1413 1890 1487; baseline 0.002 -23"><span class='ocrx_word' id='word_1_97' title='bbox 320 1417 390 1482; x_wconf 75' lang='grc' dir='ltr'>τῇ</span> <span class='ocrx_word' id='word_1_98' title='bbox 424 1413 717 1487; x_wconf 76' lang='grc' dir='ltr'>δυναστείᾳ</span> <span class='ocrx_word' id='word_1_99' title='bbox 753 1415 920 1468; x_wconf 79' lang='grc' dir='ltr'>πύλαι</span> <span class='ocrx_word' id='word_1_100' title='bbox 952 1417 1052 1484; x_wconf 82' lang='grc' dir='ltr'>μὲν</span> <span class='ocrx_word' id='word_1_101' title='bbox 1087 1417 1293 1470; x_wconf 83' lang='grc' dir='ltr'>ἐκείνου</span> <span class='ocrx_word' id='word_1_102' title='bbox 1341 1418 1542 1486; x_wconf 81' lang='grc' dir='ltr'>χαλκαῖ</span> <span class='ocrx_word' id='word_1_103' title='bbox 1574 1415 1890 1486; x_wconf 61' lang='lat' dir='ltr'><strong>sweeple-</strong></span> 
     </span>
    </p>
   </div>
   <div class='ocr_carea' id='block_1_17' title="bbox 322 1504 1890 1578">
    <p class='ocr_par' dir='ltr' id='par_1_17' title="bbox 322 1504 1890 1578">
     <span class='ocr_line' id='line_1_17' title="bbox 322 1504 1890 1578; baseline 0.003 -22"><span class='ocrx_word' id='word_1_104' title='bbox 322 1521 448 1568; x_wconf 87' lang='grc' dir='ltr'>σαν,</span> <span class='ocrx_word' id='word_1_105' title='bbox 482 1504 578 1558; x_wconf 71' lang='grc' dir='ltr'><strong>καὶ</strong></span> <span class='ocrx_word' id='word_1_106' title='bbox 611 1506 798 1576; x_wconf 77' lang='grc' dir='ltr'>μοχλοὶ</span> <span class='ocrx_word' id='word_1_107' title='bbox 829 1507 1038 1576; x_wconf 81' lang='grc' dir='ltr'>σιδηροῖ</span> <span class='ocrx_word' id='word_1_108' title='bbox 1061 1508 1527 1578; x_wconf 82' lang='grc' dir='ltr'><strong>συνεθ).ἀσθησαν,</strong></span> <span class='ocrx_word' id='word_1_109' title='bbox 1553 1509 1645 1560; x_wconf 75' lang='grc' dir='ltr'>καὶ</span> <span class='ocrx_word' id='word_1_110' title='bbox 1701 1508 1762 1560; x_wconf 86' lang='grc' dir='ltr'>τὸ</span> <span class='ocrx_word' id='word_1_111' title='bbox 1809 1508 1890 1572; x_wconf 63' lang='lat' dir='ltr'><strong>Coo</strong></span> 
     </span>
    </p>
   </div>
   <div class='ocr_carea' id='block_1_18' title="bbox 320 1597 1888 1670">
    <p class='ocr_par' dir='ltr' id='par_1_18' title="bbox 320 1597 1888 1670">
     <span class='ocr_line' id='line_1_18' title="bbox 320 1597 1888 1670; baseline 0.004 -24"><span class='ocrx_word' id='word_1_112' title='bbox 320 1597 496 1664; x_wconf 69' lang='grc' dir='ltr'>φερον</span> <span class='ocrx_word' id='word_1_113' title='bbox 547 1598 642 1650; x_wconf 77' lang='grc' dir='ltr'>καὶ</span> <span class='ocrx_word' id='word_1_114' title='bbox 679 1599 895 1666; x_wconf 60' lang='lat' dir='ltr'><strong>enatat;</strong></span> <span class='ocrx_word' id='word_1_115' title='bbox 934 1598 1098 1651; x_wconf 76' lang='grc' dir='ltr'>αὑτοῦ</span> <span class='ocrx_word' id='word_1_116' title='bbox 1143 1600 1520 1670; x_wconf 76' lang='grc' dir='ltr'><strong>δεσμωτήριον</strong></span> <span class='ocrx_word' id='word_1_117' title='bbox 1559 1601 1765 1668; x_wconf 76' lang='grc' dir='ltr'>ἔρημον</span> <span class='ocrx_word' id='word_1_118' title='bbox 1794 1600 1888 1652; x_wconf 79' lang='grc' dir='ltr'>καὶ</span> 
     </span>
    </p>
   </div>
   <div class='ocr_carea' id='block_1_19' title="bbox 318 1686 1886 1761">
    <p class='ocr_par' dir='ltr' id='par_1_19' title="bbox 318 1686 1886 1761">
     <span class='ocr_line' id='line_1_19' title="bbox 318 1686 1886 1761; baseline 0.003 -21"><span class='ocrx_word' id='word_1_119' title='bbox 318 1686 525 1740; x_wconf 75' lang='grc' dir='ltr'>ἄϐατον</span> <span class='ocrx_word' id='word_1_120' title='bbox 563 1689 918 1760; x_wconf 77' lang='grc' dir='ltr'>κατελείφθηο</span> <span class='ocrx_word' id='word_1_121' title='bbox 951 1692 977 1743; x_wconf 79' lang='grc' dir='ltr'><strong><em>ὁ</em></strong></span> <span class='ocrx_word' id='word_1_122' title='bbox 1005 1692 1098 1743; x_wconf 74' lang='grc' dir='ltr'>καὶ</span> <span class='ocrx_word' id='word_1_123' title='bbox 1143 1689 1238 1744; x_wconf 83' lang='grc' dir='ltr'><strong>νῦν</strong></span> <span class='ocrx_word' id='word_1_124' title='bbox 1286 1692 1412 1761; x_wconf 71' lang='grc' dir='ltr'><strong>ἠμᾶ</strong></span> <span class='ocrx_word' id='word_1_125' title='bbox 1458 1691 1886 1756; x_wconf 77' lang='grc' dir='ltr'><strong>ὀλισθαίνοντας,</strong></span> 
     </span>
    </p>
   </div>
   <div class='ocr_carea' id='block_1_20' title="bbox 1997 503 3552 572">
    <p class='ocr_par' dir='ltr' id='par_1_20' title="bbox 1997 503 3552 572">
     <span class='ocr_line' id='line_1_20' title="bbox 1997 503 3552 572; baseline 0.009 -19"><span class='ocrx_word' id='word_1_126' title='bbox 1997 515 2183 556; x_wconf 84' lang='lat' dir='ltr'><strong>arnore</strong></span> <span class='ocrx_word' id='word_1_127' title='bbox 2229 503 2521 572; x_wconf 84' lang='lat' dir='ltr'><strong>castigasti.</strong></span> <span class='ocrx_word' id='word_1_128' title='bbox 2577 503 2776 558; x_wconf 87' lang='lat' dir='ltr'><strong>lterum</strong></span> <span class='ocrx_word' id='word_1_129' title='bbox 2840 509 3051 561; x_wconf 97' lang='lat' dir='ltr'><strong>tandem</strong></span> <span class='ocrx_word' id='word_1_130' title='bbox 3101 510 3552 567; x_wconf 85' lang='lat' dir='ltr'><strong>inenarrabilibus</strong></span> 
     </span>
    </p>
   </div>
   <div class='ocr_carea' id='block_1_21' title="bbox 1998 594 3548 657">
    <p class='ocr_par' dir='ltr' id='par_1_21' title="bbox 1998 594 3548 657">
     <span class='ocr_line' id='line_1_21' title="bbox 1998 594 3548 657; baseline 0.008 -13"><span class='ocrx_word' id='word_1_131' title='bbox 1998 602 2203 646; x_wconf 88' lang='lat' dir='ltr'><strong>tuarum</strong></span> <span class='ocrx_word' id='word_1_132' title='bbox 2236 594 2639 647; x_wconf 86' lang='lat' dir='ltr'><strong>miseratiouum</strong></span> <span class='ocrx_word' id='word_1_133' title='bbox 2670 596 2968 652; x_wconf 81' lang='lat' dir='ltr'><strong>visceribus</strong></span> <span class='ocrx_word' id='word_1_134' title='bbox 2997 614 3118 651; x_wconf 89' lang='lat' dir='ltr'><strong>eum</strong></span> <span class='ocrx_word' id='word_1_135' title='bbox 3149 601 3216 654; x_wconf 92' lang='lat' dir='ltr'><strong>ab</strong></span> <span class='ocrx_word' id='word_1_136' title='bbox 3244 616 3426 657; x_wconf 84' lang='lat' dir='ltr'><strong>amara</strong></span> <span class='ocrx_word' id='word_1_137' title='bbox 3461 602 3548 656; x_wconf 82' lang='lat' dir='ltr'><strong>in-</strong></span> 
     </span>
    </p>
   </div>
   <div class='ocr_carea' id='block_1_22' title="bbox 1993 679 3554 759">
    <p class='ocr_par' dir='ltr' id='par_1_22' title="bbox 1993 679 3554 759">
     <span class='ocr_line' id='line_1_22' title="bbox 1993 679 3554 759; baseline 0.006 -25"><span class='ocrx_word' id='word_1_138' title='bbox 1993 679 2129 735; x_wconf 79' lang='lat' dir='ltr'><strong>ferni</strong></span> <span class='ocrx_word' id='word_1_139' title='bbox 2161 683 2444 752; x_wconf 74' lang='lat' dir='ltr'><strong>tyrannide</strong></span> <span class='ocrx_word' id='word_1_140' title='bbox 2477 683 2810 752; x_wconf 86' lang='lat' dir='ltr'><strong>vinculisque</strong></span> <span class='ocrx_word' id='word_1_141' title='bbox 2840 699 2959 738; x_wconf 91' lang='lat' dir='ltr'><strong>cum</strong></span> <span class='ocrx_word' id='word_1_142' title='bbox 2985 687 3234 742; x_wconf 82' lang='lat' dir='ltr'><strong>universo</strong></span> <span class='ocrx_word' id='word_1_143' title='bbox 3267 690 3440 758; x_wconf 88' lang='lat' dir='ltr'><strong>ipsius</strong></span> <span class='ocrx_word' id='word_1_144' title='bbox 3459 705 3554 759; x_wconf 75' lang='lat' dir='ltr'><strong>ge-</strong></span> 
     </span>
    </p>
   </div>
   <div class='ocr_carea' id='block_1_23' title="bbox 1993 774 3552 849">
    <p class='ocr_par' dir='ltr' id='par_1_23' title="bbox 1993 774 3552 849">
     <span class='ocr_line' id='line_1_23' title="bbox 1993 774 3552 849; baseline 0.008 -25"><span class='ocrx_word' id='word_1_145' title='bbox 1993 785 2120 825; x_wconf 87' lang='lat' dir='ltr'><strong>nere</strong></span> <span class='ocrx_word' id='word_1_146' title='bbox 2172 774 2463 836; x_wconf 75' lang='lat' dir='ltr'><strong>revocasti,</strong></span> <span class='ocrx_word' id='word_1_147' title='bbox 2519 784 2574 828; x_wconf 89' lang='lat' dir='ltr'><strong>et</strong></span> <span class='ocrx_word' id='word_1_148' title='bbox 2632 775 2886 829; x_wconf 75' lang='lat' dir='ltr'><strong>inemibili</strong></span> <span class='ocrx_word' id='word_1_149' title='bbox 2945 792 3070 832; x_wconf 91' lang='lat' dir='ltr'><strong>usus</strong></span> <span class='ocrx_word' id='word_1_150' title='bbox 3135 779 3552 849; x_wconf 78' lang='lat' dir='ltr'><strong>dispensationis</strong></span> 
     </span>
    </p>
   </div>
   <div class='ocr_carea' id='block_1_24' title="bbox 1995 860 3546 941">
    <p class='ocr_par' dir='ltr' id='par_1_24' title="bbox 1995 860 3546 941">
     <span class='ocr_line' id='line_1_24' title="bbox 1995 860 3546 941; baseline 0.007 -26"><span class='ocrx_word' id='word_1_151' title='bbox 1995 863 2153 918; x_wconf 89' lang='lat' dir='ltr'><strong>modo</strong></span> <span class='ocrx_word' id='word_1_152' title='bbox 2181 864 2370 919; x_wconf 82' lang='lat' dir='ltr'><strong>similis</strong></span> <span class='ocrx_word' id='word_1_153' title='bbox 2405 865 2557 919; x_wconf 90' lang='lat' dir='ltr'><strong>nobis</strong></span> <span class='ocrx_word' id='word_1_154' title='bbox 2591 869 2882 919; x_wconf 87' lang='lat' dir='ltr'><strong>secundum</strong></span> <span class='ocrx_word' id='word_1_155' title='bbox 2913 869 3092 922; x_wconf 91' lang='lat' dir='ltr'><strong>omnia</strong></span> <span class='ocrx_word' id='word_1_156' title='bbox 3117 909 3131 932; x_wconf 92' lang='lat'><strong>,</strong></span> <span class='ocrx_word' id='word_1_157' title='bbox 3172 875 3289 925; x_wconf 87' lang='lat' dir='ltr'><strong>sine</strong></span> <span class='ocrx_word' id='word_1_158' title='bbox 3321 860 3546 941; x_wconf 74' lang='lat' dir='ltr'><strong>peccato</strong></span> 
     </span>
    </p>
   </div>
   <div class='ocr_carea' id='block_1_25' title="bbox 1993 958 3547 1030">
    <p class='ocr_par' dir='ltr' id='par_1_25' title="bbox 1993 958 3547 1030">
     <span class='ocr_line' id='line_1_25' title="bbox 1993 958 3547 1030; baseline 0.008 -22"><span class='ocrx_word' id='word_1_159' title='bbox 1993 963 2195 1020; x_wconf 89' lang='lat' dir='ltr'><strong>tamen,</strong></span> <span class='ocrx_word' id='word_1_160' title='bbox 2228 971 2293 1010; x_wconf 82' lang='lat' dir='ltr'><strong>ex</strong></span> <span class='ocrx_word' id='word_1_161' title='bbox 2322 958 2564 1027; x_wconf 80' lang='lat' dir='ltr'><strong>virgineo</strong></span> <span class='ocrx_word' id='word_1_162' title='bbox 2608 969 2658 1010; x_wconf 87' lang='lat' dir='ltr'><strong>et</strong></span> <span class='ocrx_word' id='word_1_163' title='bbox 2693 961 2982 1028; x_wconf 86' lang='lat' dir='ltr'><strong>purissimo</strong></span> <span class='ocrx_word' id='word_1_164' title='bbox 3018 973 3169 1016; x_wconf 85' lang='lat' dir='ltr'><strong>utero</strong></span> <span class='ocrx_word' id='word_1_165' title='bbox 3209 963 3434 1020; x_wconf 81' lang='lat' dir='ltr'><strong>eliectus</strong></span> <span class='ocrx_word' id='word_1_166' title='bbox 3465 980 3547 1030; x_wconf 87' lang='lat' dir='ltr'><strong>es,</strong></span> 
     </span>
    </p>
   </div>
   <div class='ocr_carea' id='block_1_26' title="bbox 1996 1057 3548 1126">
    <p class='ocr_par' dir='ltr' id='par_1_26' title="bbox 1996 1057 3548 1126">
     <span class='ocr_line' id='line_1_26' title="bbox 1996 1057 3548 1126; baseline 0.006 -25"><span class='ocrx_word' id='word_1_167' title='bbox 1996 1058 2331 1118; x_wconf 83' lang='lat' dir='ltr'><strong>mortemque</strong></span> <span class='ocrx_word' id='word_1_168' title='bbox 2357 1062 2705 1116; x_wconf 79' lang='lat' dir='ltr'><strong>spontaneum</strong></span> <span class='ocrx_word' id='word_1_169' title='bbox 2744 1065 2956 1120; x_wconf 86' lang='lat' dir='ltr'><strong>passus,</strong></span> <span class='ocrx_word' id='word_1_170' title='bbox 2995 1069 3090 1121; x_wconf 89' lang='lat' dir='ltr'><strong>per</strong></span> <span class='ocrx_word' id='word_1_171' title='bbox 3134 1066 3357 1110; x_wconf 89' lang='lat' dir='ltr'><strong>mortem</strong></span> <span class='ocrx_word' id='word_1_172' title='bbox 3395 1057 3548 1126; x_wconf 86' lang='lat' dir='ltr'><strong>deje-</strong></span> 
     </span>
    </p>
   </div>
   <div class='ocr_carea' id='block_1_27' title="bbox 1993 1140 3552 1214">
    <p class='ocr_par' dir='ltr' id='par_1_27' title="bbox 1993 1140 3552 1214">
     <span class='ocr_line' id='line_1_27' title="bbox 1993 1140 3552 1214; baseline 0.004 -22"><span class='ocrx_word' id='word_1_173' title='bbox 1993 1140 2114 1194; x_wconf 90' lang='lat' dir='ltr'><strong>cisti</strong></span> <span class='ocrx_word' id='word_1_174' title='bbox 2149 1155 2269 1196; x_wconf 90' lang='lat' dir='ltr'><strong>eum</strong></span> <span class='ocrx_word' id='word_1_175' title='bbox 2295 1143 2385 1211; x_wconf 89' lang='lat' dir='ltr'><strong>qui</strong></span> <span class='ocrx_word' id='word_1_176' title='bbox 2422 1143 2612 1195; x_wconf 88' lang='lat' dir='ltr'><strong>mortis</strong></span> <span class='ocrx_word' id='word_1_177' title='bbox 2645 1153 2957 1212; x_wconf 85' lang='lat' dir='ltr'><strong>potestatem</strong></span> <span class='ocrx_word' id='word_1_178' title='bbox 2988 1147 3221 1201; x_wconf 85' lang='lat' dir='ltr'><strong>habebat</strong></span> <span class='ocrx_word' id='word_1_179' title='bbox 3247 1148 3552 1214; x_wconf 87' lang='lat' dir='ltr'><strong>diabolum;</strong></span> 
     </span>
    </p>
   </div>
   <div class='ocr_carea' id='block_1_28' title="bbox 1994 1233 3554 1310">
    <p class='ocr_par' dir='ltr' id='par_1_28' title="bbox 1994 1233 3554 1310">
     <span class='ocr_line' id='line_1_28' title="bbox 1994 1233 3554 1310; baseline 0.006 -25"><span class='ocrx_word' id='word_1_180' title='bbox 1994 1245 2170 1301; x_wconf 91' lang='lat' dir='ltr'><strong>neque</strong></span> <span class='ocrx_word' id='word_1_181' title='bbox 2215 1235 2357 1287; x_wconf 91' lang='lat' dir='ltr'><strong>enim</strong></span> <span class='ocrx_word' id='word_1_182' title='bbox 2406 1233 2520 1286; x_wconf 77' lang='lat' dir='ltr'><strong>fieri</strong></span> <span class='ocrx_word' id='word_1_183' title='bbox 2570 1245 2777 1302; x_wconf 79' lang='lat' dir='ltr'><strong>poterat</strong></span> <span class='ocrx_word' id='word_1_184' title='bbox 2807 1247 2862 1288; x_wconf 93' lang='lat' dir='ltr'><strong>ut</strong></span> <span class='ocrx_word' id='word_1_185' title='bbox 2899 1245 2948 1288; x_wconf 90' lang='lat' dir='ltr'><strong>te</strong></span> <span class='ocrx_word' id='word_1_186' title='bbox 2983 1237 3103 1290; x_wconf 72' lang='lat' dir='ltr'><strong>vita:</strong></span> <span class='ocrx_word' id='word_1_187' title='bbox 3132 1249 3404 1293; x_wconf 90' lang='lat' dir='ltr'><strong>auctorem</strong></span> <span class='ocrx_word' id='word_1_188' title='bbox 3439 1241 3554 1310; x_wconf 87' lang='lat' dir='ltr'><strong>ipse</strong></span> 
     </span>
    </p>
   </div>
   <div class='ocr_carea' id='block_1_29' title="bbox 1992 1324 3548 1396">
    <p class='ocr_par' dir='ltr' id='par_1_29' title="bbox 1992 1324 3548 1396">
     <span class='ocr_line' id='line_1_29' title="bbox 1992 1324 3548 1396; baseline 0.005 -19"><span class='ocrx_word' id='word_1_189' title='bbox 1992 1325 2273 1379; x_wconf 84' lang='lat' dir='ltr'><strong>retineret.</strong></span> <span class='ocrx_word' id='word_1_190' title='bbox 2322 1324 2661 1394; x_wconf 82' lang='lat' dir='ltr'><strong>Quapropter</strong></span> <span class='ocrx_word' id='word_1_191' title='bbox 2705 1329 2927 1394; x_wconf 78' lang='lat' dir='ltr'><strong>coegisti</strong></span> <span class='ocrx_word' id='word_1_192' title='bbox 2959 1329 3171 1396; x_wconf 85' lang='lat' dir='ltr'><strong>quidem</strong></span> <span class='ocrx_word' id='word_1_193' title='bbox 3219 1344 3338 1383; x_wconf 89' lang='lat' dir='ltr'><strong>eum</strong></span> <span class='ocrx_word' id='word_1_194' title='bbox 3387 1333 3548 1385; x_wconf 88' lang='lat' dir='ltr'><strong>simul</strong></span> 
     </span>
    </p>
   </div>
   <div class='ocr_carea' id='block_1_30' title="bbox 1995 1416 3555 1492">
    <p class='ocr_par' dir='ltr' id='par_1_30' title="bbox 1995 1416 3555 1492">
     <span class='ocr_line' id='line_1_30' title="bbox 1995 1416 3555 1492; baseline 0.006 -25"><span class='ocrx_word' id='word_1_195' title='bbox 1995 1421 2168 1468; x_wconf 90' lang='lat' dir='ltr'><strong>tecum</strong></span> <span class='ocrx_word' id='word_1_196' title='bbox 2201 1430 2450 1470; x_wconf 82' lang='lat' dir='ltr'><strong>evomere</strong></span> <span class='ocrx_word' id='word_1_197' title='bbox 2474 1416 2611 1480; x_wconf 88' lang='lat' dir='ltr'><strong>illos,</strong></span> <span class='ocrx_word' id='word_1_198' title='bbox 2635 1431 2766 1484; x_wconf 90' lang='lat' dir='ltr'><strong>quos</strong></span> <span class='ocrx_word' id='word_1_199' title='bbox 2797 1419 2945 1486; x_wconf 90' lang='lat' dir='ltr'><strong>prius</strong></span> <span class='ocrx_word' id='word_1_200' title='bbox 2985 1421 3357 1488; x_wconf 87' lang='lat' dir='ltr'><strong>absorpserat;</strong></span> <span class='ocrx_word' id='word_1_201' title='bbox 3399 1423 3555 1492; x_wconf 86' lang='lat' dir='ltr'><strong>cujus</strong></span> 
     </span>
    </p>
   </div>
   <div class='ocr_carea' id='block_1_31' title="bbox 1995 1507 3554 1581">
    <p class='ocr_par' dir='ltr' id='par_1_31' title="bbox 1995 1507 3554 1581">
     <span class='ocr_line' id='line_1_31' title="bbox 1995 1507 3554 1581; baseline 0.003 -20"><span class='ocrx_word' id='word_1_202' title='bbox 1995 1508 2230 1578; x_wconf 83' lang='lat' dir='ltr'><strong>potentia</strong></span> <span class='ocrx_word' id='word_1_203' title='bbox 2267 1521 2428 1560; x_wconf 76' lang='lat' dir='ltr'><strong>:enea:</strong></span> <span class='ocrx_word' id='word_1_204' title='bbox 2458 1507 2598 1562; x_wconf 91' lang='lat' dir='ltr'><strong>illius</strong></span> <span class='ocrx_word' id='word_1_205' title='bbox 2622 1520 2787 1576; x_wconf 75' lang='lat' dir='ltr'><strong>portae</strong></span> <span class='ocrx_word' id='word_1_206' title='bbox 2818 1510 3060 1563; x_wconf 79' lang='lat' dir='ltr'><strong>contritae</strong></span> <span class='ocrx_word' id='word_1_207' title='bbox 3083 1520 3236 1577; x_wconf 89' lang='lat' dir='ltr'><strong>sunt;</strong></span> <span class='ocrx_word' id='word_1_208' title='bbox 3267 1523 3554 1581; x_wconf 77' lang='lat' dir='ltr'><strong>vectesque</strong></span> 
     </span>
    </p>
   </div>
   <div class='ocr_carea' id='block_1_32' title="bbox 1995 1597 3556 1664">
    <p class='ocr_par' dir='ltr' id='par_1_32' title="bbox 1995 1597 3556 1664">
     <span class='ocr_line' id='line_1_32' title="bbox 1995 1597 3556 1664; baseline 0.001 -11"><span class='ocrx_word' id='word_1_209' title='bbox 1995 1597 2154 1653; x_wconf 83' lang='lat' dir='ltr'><strong>ferrei</strong></span> <span class='ocrx_word' id='word_1_210' title='bbox 2185 1597 2469 1664; x_wconf 82' lang='lat' dir='ltr'><strong>confracti,</strong></span> <span class='ocrx_word' id='word_1_211' title='bbox 2505 1613 2693 1654; x_wconf 91' lang='lat' dir='ltr'><strong>carcer</strong></span> <span class='ocrx_word' id='word_1_212' title='bbox 2718 1614 2846 1653; x_wconf 78' lang='lat' dir='ltr'><strong>vero</strong></span> <span class='ocrx_word' id='word_1_213' title='bbox 2883 1602 3200 1654; x_wconf 86' lang='lat' dir='ltr'><strong>tenebrosus</strong></span> <span class='ocrx_word' id='word_1_214' title='bbox 3229 1617 3291 1655; x_wconf 89' lang='lat' dir='ltr'><strong>ac</strong></span> <span class='ocrx_word' id='word_1_215' title='bbox 3321 1605 3556 1656; x_wconf 73' lang='lat' dir='ltr'><strong>tristis~i-</strong></span> 
     </span>
    </p>
   </div>
   <div class='ocr_carea' id='block_1_33' title="bbox 1996 1690 3554 1758">
    <p class='ocr_par' dir='ltr' id='par_1_33' title="bbox 1996 1690 3554 1758">
     <span class='ocr_line' id='line_1_33' title="bbox 1996 1690 3554 1758; baseline 0.002 -12"><span class='ocrx_word' id='word_1_216' title='bbox 1996 1706 2114 1746; x_wconf 88' lang='lat' dir='ltr'><strong>mus</strong></span> <span class='ocrx_word' id='word_1_217' title='bbox 2147 1705 2348 1746; x_wconf 83' lang='lat' dir='ltr'><strong>vacuus</strong></span> <span class='ocrx_word' id='word_1_218' title='bbox 2383 1700 2433 1744; x_wconf 90' lang='lat' dir='ltr'><strong>et</strong></span> <span class='ocrx_word' id='word_1_219' title='bbox 2464 1690 2618 1744; x_wconf 76' lang='lat' dir='ltr'><strong>avius</strong></span> <span class='ocrx_word' id='word_1_220' title='bbox 2651 1691 2870 1746; x_wconf 89' lang='lat' dir='ltr'><strong>relictus</strong></span> <span class='ocrx_word' id='word_1_221' title='bbox 2898 1701 2998 1748; x_wconf 89' lang='lat' dir='ltr'><strong>est.</strong></span> <span class='ocrx_word' id='word_1_222' title='bbox 3027 1694 3125 1758; x_wconf 71' lang='lat' dir='ltr'><strong>Qui</strong></span> <span class='ocrx_word' id='word_1_223' title='bbox 3165 1710 3308 1748; x_wconf 91' lang='lat' dir='ltr'><strong>nunc</strong></span> <span class='ocrx_word' id='word_1_224' title='bbox 3353 1706 3407 1747; x_wconf 91' lang='lat' dir='ltr'><strong>et</strong></span> <span class='ocrx_word' id='word_1_225' title='bbox 3454 1711 3554 1749; x_wconf 84' lang='lat' dir='ltr'><strong>nos</strong></span> 
     </span>
    </p>
   </div>
   <div class='ocr_carea' id='block_1_34' title="bbox 319 1780 1892 1863">
    <p class='ocr_par' dir='ltr' id='par_1_34' title="bbox 319 1780 1886 1852">
     <span class='ocr_line' id='line_1_34' title="bbox 319 1780 1886 1852; baseline 0.004 -22"><span class='ocrx_word' id='word_1_226' title='bbox 319 1781 421 1830; x_wconf 76' lang='grc' dir='ltr'><strong>καὶ</strong></span> <span class='ocrx_word' id='word_1_227' title='bbox 448 1780 670 1850; x_wconf 76' lang='grc' dir='ltr'>μακρὰν</span> <span class='ocrx_word' id='word_1_228' title='bbox 703 1781 811 1834; x_wconf 72' lang='grc' dir='ltr'><strong>ἀπὸ</strong></span> <span class='ocrx_word' id='word_1_229' title='bbox 847 1781 940 1834; x_wconf 83' lang='grc' dir='ltr'>σοῦ</span> <span class='ocrx_word' id='word_1_230' title='bbox 970 1783 1302 1852; x_wconf 79' lang='grc' dir='ltr'><strong>γενομένους</strong></span> <span class='ocrx_word' id='word_1_231' title='bbox 1324 1783 1411 1836; x_wconf 75' lang='grc' dir='ltr'><strong>διὰ</strong></span> <span class='ocrx_word' id='word_1_232' title='bbox 1446 1782 1542 1852; x_wconf 73' lang='grc' dir='ltr'><strong>τὴν</strong></span> <span class='ocrx_word' id='word_1_233' title='bbox 1571 1783 1886 1852; x_wconf 79' lang='grc' dir='ltr'>παράϐασιν</span> 
     </span>
    </p>
   </div>
   <div class='ocr_carea' id='block_1_35' title="bbox 1997 1780 3551 1863">
    <p class='ocr_par' dir='ltr' id='par_1_35' title="bbox 1997 1783 3551 1863">
     <span class='ocr_line' id='line_1_35' title="bbox 1997 1783 3551 1863; baseline 0.001 -26"><span class='ocrx_word' id='word_1_234' title='bbox 1997 1784 2317 1863; x_wconf 82' lang='lat' dir='ltr'><strong>collabentes</strong></span> <span class='ocrx_word' id='word_1_235' title='bbox 2364 1783 2628 1858; x_wconf 74' lang='lat' dir='ltr'><strong>longeque</strong></span> <span class='ocrx_word' id='word_1_236' title='bbox 2669 1800 2697 1838; x_wconf 86' lang='lat' dir='ltr'><strong>a</strong></span> <span class='ocrx_word' id='word_1_237' title='bbox 2748 1794 2797 1839; x_wconf 90' lang='lat' dir='ltr'><strong>te</strong></span> <span class='ocrx_word' id='word_1_238' title='bbox 2847 1801 3086 1845; x_wconf 79' lang='lat' dir='ltr'><strong>aversos.</strong></span> <span class='ocrx_word' id='word_1_239' title='bbox 3135 1787 3275 1854; x_wconf 89' lang='lat' dir='ltr'><strong>quod</strong></span> <span class='ocrx_word' id='word_1_240' title='bbox 3327 1787 3551 1840; x_wconf 79' lang='lat' dir='ltr'><strong>vivilicis</strong></span> 
     </span>
    </p>
   </div>
   <div class='ocr_carea' id='block_1_36' title="bbox 320 1871 1889 1943">
    <p class='ocr_par' dir='ltr' id='par_1_36' title="bbox 320 1871 1889 1943">
     <span class='ocr_line' id='line_1_36' title="bbox 320 1871 1889 1943; baseline 0.003 -21"><span class='ocrx_word' id='word_1_241' title='bbox 320 1871 440 1923; x_wconf 85' lang='grc' dir='ltr'>τῶν</span> <span class='ocrx_word' id='word_1_242' title='bbox 470 1871 581 1924; x_wconf 85' lang='grc' dir='ltr'>σῶν</span> <span class='ocrx_word' id='word_1_243' title='bbox 618 1872 895 1936; x_wconf 77' lang='grc' dir='ltr'>ζωοποιῶν</span> <span class='ocrx_word' id='word_1_244' title='bbox 927 1873 1153 1926; x_wconf 73' lang='grc' dir='ltr'>ἐντολῶν</span> <span class='ocrx_word' id='word_1_245' title='bbox 1179 1913 1194 1939; x_wconf 87' lang='grc'><em>,</em></span> <span class='ocrx_word' id='word_1_246' title='bbox 1223 1877 1316 1927; x_wconf 70' lang='grc' dir='ltr'>καὶ</span> <span class='ocrx_word' id='word_1_247' title='bbox 1348 1873 1409 1926; x_wconf 83' lang='grc' dir='ltr'>τὸ</span> <span class='ocrx_word' id='word_1_248' title='bbox 1438 1873 1613 1926; x_wconf 81' lang='grc' dir='ltr'><strong>ὀπίσω</strong></span> <span class='ocrx_word' id='word_1_249' title='bbox 1641 1878 1739 1943; x_wconf 73' lang='grc' dir='ltr'><strong>τῆς</strong></span> <span class='ocrx_word' id='word_1_250' title='bbox 1767 1873 1889 1927; x_wconf 84' lang='grc' dir='ltr'>δια-</span> 
     </span>
    </p>
   </div>
   <div class='ocr_carea' id='block_1_37' title="bbox 321 1962 1890 2038">
    <p class='ocr_par' dir='ltr' id='par_1_37' title="bbox 321 1962 1890 2038">
     <span class='ocr_line' id='line_1_37' title="bbox 321 1962 1890 2038; baseline 0.003 -24"><span class='ocrx_word' id='word_1_251' title='bbox 321 1963 478 2025; x_wconf 88' lang='grc' dir='ltr'>νοίας</span> <span class='ocrx_word' id='word_1_252' title='bbox 510 1962 669 2032; x_wconf 77' lang='grc' dir='ltr'><strong>ἡμῶν</strong></span> <span class='ocrx_word' id='word_1_253' title='bbox 706 1965 804 2035; x_wconf 82' lang='grc' dir='ltr'><strong>τῆς</strong></span> <span class='ocrx_word' id='word_1_254' title='bbox 837 1968 1082 2038; x_wconf 78' lang='grc' dir='ltr'>πονηρᾶς</span> <span class='ocrx_word' id='word_1_255' title='bbox 1118 1965 1468 2036; x_wconf 83' lang='grc' dir='ltr'>πορεύεσθαι,</span> <span class='ocrx_word' id='word_1_256' title='bbox 1502 1967 1594 2020; x_wconf 74' lang='grc' dir='ltr'><strong>καὶ</strong></span> <span class='ocrx_word' id='word_1_257' title='bbox 1627 1967 1734 2019; x_wconf 81' lang='grc' dir='ltr'>τῶν</span> <span class='ocrx_word' id='word_1_258' title='bbox 1767 1967 1890 2018; x_wconf 77' lang='grc' dir='ltr'>ἐπι-</span> 
     </span>
    </p>
   </div>
   <div class='ocr_carea' id='block_1_38' title="bbox 321 2055 1891 2128">
    <p class='ocr_par' dir='ltr' id='par_1_38' title="bbox 321 2055 1891 2128">
     <span class='ocr_line' id='line_1_38' title="bbox 321 2055 1891 2128; baseline 0.004 -22"><span class='ocrx_word' id='word_1_259' title='bbox 321 2055 544 2124; x_wconf 81' lang='grc' dir='ltr'>Θυμιῶν</span> <span class='ocrx_word' id='word_1_260' title='bbox 597 2059 693 2127; x_wconf 79' lang='grc' dir='ltr'><strong>τῆς</strong></span> <span class='ocrx_word' id='word_1_261' title='bbox 726 2059 946 2127; x_wconf 79' lang='grc' dir='ltr'>σαρκὸς,</span> <span class='ocrx_word' id='word_1_262' title='bbox 1000 2061 1228 2128; x_wconf 76' lang='grc' dir='ltr'><strong>μάστιγι</strong></span> <span class='ocrx_word' id='word_1_263' title='bbox 1277 2058 1469 2128; x_wconf 80' lang='grc' dir='ltr'>λοιμοῦ</span> <span class='ocrx_word' id='word_1_264' title='bbox 1521 2061 1612 2112; x_wconf 76' lang='grc' dir='ltr'>καὶ</span> <span class='ocrx_word' id='word_1_265' title='bbox 1659 2059 1891 2114; x_wconf 82' lang='grc' dir='ltr'>Θανάτου</span> 
     </span>
    </p>
   </div>
   <div class='ocr_carea' id='block_1_39' title="bbox 323 2149 1894 2223">
    <p class='ocr_par' dir='ltr' id='par_1_39' title="bbox 323 2149 1894 2223">
     <span class='ocr_line' id='line_1_39' title="bbox 323 2149 1894 2223; baseline 0.003 -24"><span class='ocrx_word' id='word_1_266' title='bbox 323 2149 538 2214; x_wconf 77' lang='grc' dir='ltr'>πλήξας</span> <span class='ocrx_word' id='word_1_267' title='bbox 582 2150 676 2202; x_wconf 73' lang='grc' dir='ltr'>καὶ</span> <span class='ocrx_word' id='word_1_268' title='bbox 724 2150 1018 2213; x_wconf 76' lang='grc' dir='ltr'>παιδεύσας</span> <span class='ocrx_word' id='word_1_269' title='bbox 1058 2149 1133 2213; x_wconf 85' lang='grc' dir='ltr'>ὡς</span> <span class='ocrx_word' id='word_1_270' title='bbox 1183 2150 1460 2221; x_wconf 80' lang='grc' dir='ltr'><strong>κηδεμὼν,</strong></span> <span class='ocrx_word' id='word_1_271' title='bbox 1520 2151 1752 2220; x_wconf 79' lang='grc' dir='ltr'>μάλιστα</span> <span class='ocrx_word' id='word_1_272' title='bbox 1798 2152 1894 2223; x_wconf 80' lang='grc' dir='ltr'><strong>τὴν</strong></span> 
     </span>
    </p>
   </div>
   <div class='ocr_carea' id='block_1_40' title="bbox 321 2239 1891 2312">
    <p class='ocr_par' dir='ltr' id='par_1_40' title="bbox 321 2239 1891 2312">
     <span class='ocr_line' id='line_1_40' title="bbox 321 2239 1891 2312; baseline 0.004 -22"><span class='ocrx_word' id='word_1_273' title='bbox 321 2239 599 2308; x_wconf 68' lang='grc' dir='ltr'>βρεςιικὴν</span> <span class='ocrx_word' id='word_1_274' title='bbox 650 2241 744 2292; x_wconf 62' lang='grc' dir='ltr'><strong>καὶ</strong></span> <span class='ocrx_word' id='word_1_275' title='bbox 803 2242 981 2311; x_wconf 77' lang='grc' dir='ltr'>ἄωρον</span> <span class='ocrx_word' id='word_1_276' title='bbox 1034 2242 1270 2311; x_wconf 78' lang='grc' dir='ltr'>ἡλικίαν,</span> <span class='ocrx_word' id='word_1_277' title='bbox 1321 2241 1395 2305; x_wconf 86' lang='grc' dir='ltr'>ὡς</span> <span class='ocrx_word' id='word_1_278' title='bbox 1442 2245 1507 2296; x_wconf 80' lang='grc' dir='ltr'><strong>ἂν</strong></span> <span class='ocrx_word' id='word_1_279' title='bbox 1564 2242 1891 2312; x_wconf 78' lang='grc' dir='ltr'><strong>φοϐηθέντες</strong></span> 
     </span>
    </p>
   </div>
   <div class='ocr_carea' id='block_1_41' title="bbox 321 2331 1893 2403">
    <p class='ocr_par' dir='ltr' id='par_1_41' title="bbox 321 2331 1893 2403">
     <span class='ocr_line' id='line_1_41' title="bbox 321 2331 1893 2403; baseline 0.003 -22"><span class='ocrx_word' id='word_1_280' title='bbox 321 2331 514 2399; x_wconf 71' lang='grc' dir='ltr'>ἡμεῖς,</span> <span class='ocrx_word' id='word_1_281' title='bbox 547 2331 594 2382; x_wconf 76' lang='lat' dir='ltr'><strong>oi</strong></span> <span class='ocrx_word' id='word_1_282' title='bbox 623 2331 709 2384; x_wconf 82' lang='grc' dir='ltr'><strong>διὰ</strong></span> <span class='ocrx_word' id='word_1_283' title='bbox 740 2332 834 2393; x_wconf 75' lang='grc' dir='ltr'>τὰς</span> <span class='ocrx_word' id='word_1_284' title='bbox 862 2333 1134 2402; x_wconf 80' lang='grc' dir='ltr'>ἁμαρτίας</span> <span class='ocrx_word' id='word_1_285' title='bbox 1159 2333 1331 2403; x_wconf 75' lang='grc' dir='ltr'>ἔνοχοι</span> <span class='ocrx_word' id='word_1_286' title='bbox 1361 2335 1453 2387; x_wconf 76' lang='grc' dir='ltr'><strong>καὶ</strong></span> <span class='ocrx_word' id='word_1_287' title='bbox 1486 2333 1776 2386; x_wconf 77' lang='grc' dir='ltr'>ὑπεύθυνοι</span> <span class='ocrx_word' id='word_1_288' title='bbox 1800 2350 1893 2401; x_wconf 83' lang='grc' dir='ltr'><strong>γε·</strong></span> 
     </span>
    </p>
   </div>
   <div class='ocr_carea' id='block_1_42' title="bbox 321 2420 1894 2494">
    <p class='ocr_par' dir='ltr' id='par_1_42' title="bbox 321 2420 1894 2494">
     <span class='ocr_line' id='line_1_42' title="bbox 321 2420 1894 2494; baseline 0.003 -22"><span class='ocrx_word' id='word_1_289' title='bbox 321 2420 548 2488; x_wconf 81' lang='grc' dir='ltr'>νόμενοι</span> <span class='ocrx_word' id='word_1_290' title='bbox 593 2422 671 2491; x_wconf 80' lang='grc' dir='ltr'>τῷ</span> <span class='ocrx_word' id='word_1_291' title='bbox 744 2421 980 2493; x_wconf 79' lang='grc' dir='ltr'><strong>θανάτῳ,</strong></span> <span class='ocrx_word' id='word_1_292' title='bbox 1028 2425 1125 2493; x_wconf 71' lang='grc' dir='ltr'><strong>τὴν</strong></span> <span class='ocrx_word' id='word_1_293' title='bbox 1164 2425 1428 2492; x_wconf 81' lang='grc' dir='ltr'>κραταιάν</span> <span class='ocrx_word' id='word_1_294' title='bbox 1464 2441 1556 2477; x_wconf 88' lang='grc' dir='ltr'>σου</span> <span class='ocrx_word' id='word_1_295' title='bbox 1609 2426 1766 2494; x_wconf 82' lang='grc' dir='ltr'>χεῖρα</span> <span class='ocrx_word' id='word_1_296' title='bbox 1801 2424 1894 2477; x_wconf 76' lang='grc' dir='ltr'>καὶ</span> 
     </span>
    </p>
   </div>
   <div class='ocr_carea' id='block_1_43' title="bbox 325 2512 1896 2584">
    <p class='ocr_par' dir='ltr' id='par_1_43' title="bbox 325 2512 1896 2584">
     <span class='ocr_line' id='line_1_43' title="bbox 325 2512 1896 2584; baseline 0.001 -19"><span class='ocrx_word' id='word_1_297' title='bbox 325 2512 580 2580; x_wconf 64' lang='grc' dir='ltr'>ἄφυκτον</span> <span class='ocrx_word' id='word_1_298' title='bbox 606 2514 701 2565; x_wconf 75' lang='grc' dir='ltr'><strong>καὶ</strong></span> <span class='ocrx_word' id='word_1_299' title='bbox 743 2514 830 2566; x_wconf 78' lang='grc' dir='ltr'>τὸν</span> <span class='ocrx_word' id='word_1_300' title='bbox 866 2514 1129 2584; x_wconf 82' lang='grc' dir='ltr'>βραχίονά</span> <span class='ocrx_word' id='word_1_301' title='bbox 1170 2531 1262 2566; x_wconf 92' lang='grc' dir='ltr'>σου</span> <span class='ocrx_word' id='word_1_302' title='bbox 1295 2515 1386 2567; x_wconf 70' lang='grc' dir='ltr'>τὸν</span> <span class='ocrx_word' id='word_1_303' title='bbox 1419 2513 1619 2583; x_wconf 70' lang='grc' dir='ltr'>ὑψηλὸν</span> <span class='ocrx_word' id='word_1_304' title='bbox 1649 2512 1896 2566; x_wconf 82' lang='grc' dir='ltr'>ἀποστῶ-</span> 
     </span>
    </p>
   </div>
   <div class='ocr_carea' id='block_1_44' title="bbox 327 2605 1899 2676">
    <p class='ocr_par' dir='ltr' id='par_1_44' title="bbox 327 2605 1899 2676">
     <span class='ocr_line' id='line_1_44' title="bbox 327 2605 1899 2676; baseline 0.003 -22"><span class='ocrx_word' id='word_1_305' title='bbox 327 2621 433 2672; x_wconf 80' lang='grc' dir='ltr'><strong>μεν</strong></span> <span class='ocrx_word' id='word_1_306' title='bbox 473 2605 651 2672; x_wconf 71' lang='grc' dir='ltr'>πάσης</span> <span class='ocrx_word' id='word_1_307' title='bbox 682 2606 902 2668; x_wconf 82' lang='grc' dir='ltr'>κακίας,</span> <span class='ocrx_word' id='word_1_308' title='bbox 935 2607 1030 2659; x_wconf 72' lang='grc' dir='ltr'>καὶ</span> <span class='ocrx_word' id='word_1_309' title='bbox 1074 2605 1181 2659; x_wconf 85' lang='grc' dir='ltr'>τῶν</span> <span class='ocrx_word' id='word_1_310' title='bbox 1212 2606 1492 2676; x_wconf 80' lang='grc' dir='ltr'>σαρκικῶν</span> <span class='ocrx_word' id='word_1_311' title='bbox 1527 2605 1899 2675; x_wconf 76' lang='grc' dir='ltr'><strong>ἐπιτηδευμά-</strong></span> 
     </span>
    </p>
   </div>
   <div class='ocr_carea' id='block_1_45' title="bbox 321 2696 1896 2768">
    <p class='ocr_par' dir='ltr' id='par_1_45' title="bbox 321 2696 1896 2768">
     <span class='ocr_line' id='line_1_45' title="bbox 321 2696 1896 2768; baseline 0.001 -20"><span class='ocrx_word' id='word_1_312' title='bbox 321 2713 438 2748; x_wconf 86' lang='grc' dir='ltr'><strong>των</strong></span> <span class='ocrx_word' id='word_1_313' title='bbox 469 2696 627 2765; x_wconf 79' lang='grc' dir='ltr'>ήμῶν</span> <span class='ocrx_word' id='word_1_314' title='bbox 655 2713 668 2728; x_wconf 89' lang='grc'><strong>·</strong></span> <span class='ocrx_word' id='word_1_315' title='bbox 713 2697 1140 2768; x_wconf 77' lang='grc' dir='ltr'>εὐχαριστοῦμεν</span> <span class='ocrx_word' id='word_1_316' title='bbox 1183 2699 1277 2750; x_wconf 71' lang='grc' dir='ltr'>καὶ</span> <span class='ocrx_word' id='word_1_317' title='bbox 1319 2697 1691 2767; x_wconf 80' lang='grc' dir='ltr'><strong>μεγαλύνομεν</strong></span> <span class='ocrx_word' id='word_1_318' title='bbox 1747 2698 1896 2768; x_wconf 75' lang='grc' dir='ltr'><strong>φόϐῳ</strong></span> 
     </span>
    </p>
   </div>
   <div class='ocr_carea' id='block_1_46' title="bbox 324 2789 1899 2860">
    <p class='ocr_par' dir='ltr' id='par_1_46' title="bbox 324 2789 1899 2860">
     <span class='ocr_line' id='line_1_46' title="bbox 324 2789 1899 2860; baseline 0.002 -20"><span class='ocrx_word' id='word_1_319' title='bbox 324 2789 427 2840; x_wconf 78' lang='grc' dir='ltr'><strong>καὶ</strong></span> <span class='ocrx_word' id='word_1_320' title='bbox 457 2789 606 2858; x_wconf 76' lang='grc' dir='ltr'>πόθῳ</span> <span class='ocrx_word' id='word_1_321' title='bbox 630 2789 713 2842; x_wconf 73' lang='grc' dir='ltr'><strong>διᾶι</strong></span> <span class='ocrx_word' id='word_1_322' title='bbox 746 2789 806 2842; x_wconf 80' lang='grc' dir='ltr'>τὸ</span> <span class='ocrx_word' id='word_1_323' title='bbox 849 2791 1077 2859; x_wconf 75' lang='grc' dir='ltr'><strong>μέγεθος</strong></span> <span class='ocrx_word' id='word_1_324' title='bbox 1127 2791 1234 2844; x_wconf 85' lang='grc' dir='ltr'>τῶν</span> <span class='ocrx_word' id='word_1_325' title='bbox 1277 2790 1386 2844; x_wconf 91' lang='grc' dir='ltr'><strong>σῶν</strong></span> <span class='ocrx_word' id='word_1_326' title='bbox 1445 2791 1681 2859; x_wconf 83' lang='grc' dir='ltr'><strong>δωρεῶν,</strong></span> <span class='ocrx_word' id='word_1_327' title='bbox 1710 2789 1808 2860; x_wconf 78' lang='grc' dir='ltr'><strong>τὴν</strong></span> <span class='ocrx_word' id='word_1_328' title='bbox 1840 2793 1899 2843; x_wconf 84' lang='grc' dir='ltr'><strong>ὰ·-</strong></span> 
     </span>
    </p>
   </div>
   <div class='ocr_carea' id='block_1_47' title="bbox 325 2990 1884 3061">
    <p class='ocr_par' dir='ltr' id='par_1_47' title="bbox 325 2990 1884 3061">
     <span class='ocr_line' id='line_1_47' title="bbox 325 2990 1884 3061; baseline -0.003 -11"><span class='ocrx_word' id='word_1_329' title='bbox 325 2995 563 3050; x_wconf 87' lang='lat' dir='ltr'><strong>litatem.</strong></span> <span class='ocrx_word' id='word_1_330' title='bbox 597 2992 654 3044; x_wconf 84' lang='grc' dir='ltr'><strong>ιιι</strong></span> <span class='ocrx_word' id='word_1_331' title='bbox 703 3006 810 3060; x_wconf 88' lang='lat' dir='ltr'><strong>quo</strong></span> <span class='ocrx_word' id='word_1_332' title='bbox 857 2992 1069 3061; x_wconf 83' lang='lat' dir='ltr'><strong>quidem</strong></span> <span class='ocrx_word' id='word_1_333' title='bbox 1103 2992 1414 3048; x_wconf 89' lang='lat' dir='ltr'><strong>Latinorum</strong></span> <span class='ocrx_word' id='word_1_334' title='bbox 1465 2990 1884 3058; x_wconf 67' lang='lat' dir='ltr'><strong>Graacmumque</strong></span> 
     </span>
    </p>
   </div>
   <div class='ocr_carea' id='block_1_48' title="bbox 1989 1866 3584 1948">
    <p class='ocr_par' dir='ltr' id='par_1_48' title="bbox 1989 1866 3584 1948">
     <span class='ocr_line' id='line_1_48' title="bbox 1989 1866 3584 1948; baseline 0.003 -20"><span class='ocrx_word' id='word_1_335' title='bbox 1989 1879 2094 1931; x_wconf 88' lang='lat' dir='ltr'><strong>tuis</strong></span> <span class='ocrx_word' id='word_1_336' title='bbox 2133 1877 2416 1945; x_wconf 77' lang='lat' dir='ltr'><strong>praeceptis</strong></span> <span class='ocrx_word' id='word_1_337' title='bbox 2447 1892 2550 1930; x_wconf 92' lang='lat' dir='ltr'><strong>non</strong></span> <span class='ocrx_word' id='word_1_338' title='bbox 2583 1892 2916 1944; x_wconf 78' lang='lat' dir='ltr'><strong>pararemus,</strong></span> <span class='ocrx_word' id='word_1_339' title='bbox 2949 1879 3196 1948; x_wconf 79' lang='lat' dir='ltr'><strong>quodque</strong></span> <span class='ocrx_word' id='word_1_340' title='bbox 3231 1893 3422 1948; x_wconf 83' lang='lat' dir='ltr'><strong>pravas</strong></span> <span class='ocrx_word' id='word_1_341' title='bbox 3451 1893 3548 1932; x_wconf 88' lang='lat' dir='ltr'><strong>co-</strong></span> <span class='ocrx_word' id='word_1_342' title='bbox 3577 1866 3584 1877; x_wconf 78' lang='grc'><em>’</em></span> 
     </span>
    </p>
   </div>
   <div class='ocr_carea' id='block_1_49' title="bbox 1990 1969 3547 2042">
    <p class='ocr_par' dir='ltr' id='par_1_49' title="bbox 1990 1969 3547 2042">
     <span class='ocr_line' id='line_1_49' title="bbox 1990 1969 3547 2042; baseline 0.003 -22"><span class='ocrx_word' id='word_1_343' title='bbox 1990 1969 2280 2038; x_wconf 88' lang='lat' dir='ltr'><strong>gitationes</strong></span> <span class='ocrx_word' id='word_1_344' title='bbox 2319 1978 2530 2023; x_wconf 80' lang='lat' dir='ltr'><strong>nostras</strong></span> <span class='ocrx_word' id='word_1_345' title='bbox 2565 1971 2850 2040; x_wconf 84' lang='lat' dir='ltr'><strong>carnisque</strong></span> <span class='ocrx_word' id='word_1_346' title='bbox 2884 1973 3148 2026; x_wconf 87' lang='lat' dir='ltr'><strong>desideria</strong></span> <span class='ocrx_word' id='word_1_347' title='bbox 3179 1989 3547 2042; x_wconf 83' lang='lat' dir='ltr'><strong>sequeremur,</strong></span> 
     </span>
    </p>
   </div>
   <div class='ocr_carea' id='block_1_50' title="bbox 1991 2061 3546 2133">
    <p class='ocr_par' dir='ltr' id='par_1_50' title="bbox 1991 2061 3546 2133">
     <span class='ocr_line' id='line_1_50' title="bbox 1991 2061 3546 2133; baseline 0.003 -21"><span class='ocrx_word' id='word_1_348' title='bbox 1991 2061 2156 2130; x_wconf 86' lang='lat' dir='ltr'><strong>pestis</strong></span> <span class='ocrx_word' id='word_1_349' title='bbox 2207 2062 2502 2131; x_wconf 90' lang='lat' dir='ltr'><strong>mortisque</strong></span> <span class='ocrx_word' id='word_1_350' title='bbox 2549 2061 2760 2132; x_wconf 83' lang='lat' dir='ltr'><strong>ﬂagello</strong></span> <span class='ocrx_word' id='word_1_351' title='bbox 2793 2064 3111 2125; x_wconf 83' lang='lat' dir='ltr'><strong>verberasti,</strong></span> <span class='ocrx_word' id='word_1_352' title='bbox 3147 2075 3307 2133; x_wconf 88' lang='lat' dir='ltr'><strong>utque</strong></span> <span class='ocrx_word' id='word_1_353' title='bbox 3359 2076 3546 2120; x_wconf 82' lang='lat' dir='ltr'><strong>noster</strong></span> 
     </span>
    </p>
   </div>
   <div class='ocr_carea' id='block_1_51' title="bbox 1994 2153 3547 2223">
    <p class='ocr_par' dir='ltr' id='par_1_51' title="bbox 1994 2153 3547 2223">
     <span class='ocr_line' id='line_1_51' title="bbox 1994 2153 3547 2223; baseline 0.003 -18"><span class='ocrx_word' id='word_1_354' title='bbox 1994 2153 2322 2216; x_wconf 79' lang='lat' dir='ltr'><strong>moderator,</strong></span> <span class='ocrx_word' id='word_1_355' title='bbox 2352 2153 2694 2207; x_wconf 85' lang='lat' dir='ltr'><strong>immaturam</strong></span> <span class='ocrx_word' id='word_1_356' title='bbox 2727 2155 2991 2223; x_wconf 72' lang='lat' dir='ltr'><strong>praecipue</strong></span> <span class='ocrx_word' id='word_1_357' title='bbox 3023 2156 3307 2210; x_wconf 71' lang='lat' dir='ltr'><strong>infantium</strong></span> <span class='ocrx_word' id='word_1_358' title='bbox 3337 2168 3547 2210; x_wconf 76' lang='lat' dir='ltr'><strong>aetatem</strong></span> 
     </span>
    </p>
   </div>
   <div class='ocr_carea' id='block_1_52' title="bbox 1995 2241 3554 2315">
    <p class='ocr_par' dir='ltr' id='par_1_52' title="bbox 1995 2241 3554 2315">
     <span class='ocr_line' id='line_1_52' title="bbox 1995 2241 3554 2315; baseline 0.002 -19"><span class='ocrx_word' id='word_1_359' title='bbox 1995 2241 2110 2314; x_wconf 72' lang='grc'><strong>(54)</strong></span> <span class='ocrx_word' id='word_1_360' title='bbox 2133 2243 2508 2311; x_wconf 69' lang='lat' dir='ltr'><strong>castigasti,;ttt</strong></span> <span class='ocrx_word' id='word_1_361' title='bbox 2532 2245 2806 2312; x_wconf 89' lang='lat' dir='ltr'><strong>perterriti</strong></span> <span class='ocrx_word' id='word_1_362' title='bbox 2834 2260 2950 2310; x_wconf 82' lang='lat' dir='ltr'><strong>nos,</strong></span> <span class='ocrx_word' id='word_1_363' title='bbox 2980 2245 3066 2314; x_wconf 85' lang='lat' dir='ltr'><strong>qui</strong></span> <span class='ocrx_word' id='word_1_364' title='bbox 3095 2254 3313 2315; x_wconf 87' lang='lat' dir='ltr'><strong>propter</strong></span> <span class='ocrx_word' id='word_1_365' title='bbox 3340 2257 3554 2314; x_wconf 78' lang='lat' dir='ltr'><strong>peccata</strong></span> 
     </span>
    </p>
   </div>
   <div class='ocr_carea' id='block_1_53' title="bbox 1990 2332 3554 2403">
    <p class='ocr_par' dir='ltr' id='par_1_53' title="bbox 1990 2332 3554 2403">
     <span class='ocr_line' id='line_1_53' title="bbox 1990 2332 3554 2403; baseline 0.004 -19"><span class='ocrx_word' id='word_1_366' title='bbox 1990 2332 2092 2398; x_wconf 87' lang='lat' dir='ltr'><strong>rei,</strong></span> <span class='ocrx_word' id='word_1_367' title='bbox 2131 2333 2397 2402; x_wconf 88' lang='lat' dir='ltr'><strong>mortique</strong></span> <span class='ocrx_word' id='word_1_368' title='bbox 2429 2334 2649 2388; x_wconf 75' lang='lat' dir='ltr'><strong>obnoxii</strong></span> <span class='ocrx_word' id='word_1_369' title='bbox 2690 2334 2818 2388; x_wconf 78' lang='lat' dir='ltr'><strong>facti</strong></span> <span class='ocrx_word' id='word_1_370' title='bbox 2867 2351 3073 2399; x_wconf 88' lang='lat' dir='ltr'><strong>sumus,</strong></span> <span class='ocrx_word' id='word_1_371' title='bbox 3107 2338 3370 2403; x_wconf 82' lang='lat' dir='ltr'><strong>veritique</strong></span> <span class='ocrx_word' id='word_1_372' title='bbox 3419 2337 3554 2390; x_wconf 84' lang='lat' dir='ltr'><strong>vali-</strong></span> 
     </span>
    </p>
   </div>
   <div class='ocr_carea' id='block_1_54' title="bbox 1995 2422 3557 2495">
    <p class='ocr_par' dir='ltr' id='par_1_54' title="bbox 1995 2422 3557 2495">
     <span class='ocr_line' id='line_1_54' title="bbox 1995 2422 3557 2495; baseline 0.003 -21"><span class='ocrx_word' id='word_1_373' title='bbox 1995 2422 2118 2474; x_wconf 90' lang='lat' dir='ltr'><strong>dam</strong></span> <span class='ocrx_word' id='word_1_374' title='bbox 2161 2437 2223 2475; x_wconf 90' lang='lat' dir='ltr'><strong>ac</strong></span> <span class='ocrx_word' id='word_1_375' title='bbox 2267 2422 2633 2477; x_wconf 76' lang='lat' dir='ltr'><strong>inevitabilem</strong></span> <span class='ocrx_word' id='word_1_376' title='bbox 2703 2438 2914 2476; x_wconf 87' lang='lat' dir='ltr'><strong>manum</strong></span> <span class='ocrx_word' id='word_1_377' title='bbox 2970 2433 3116 2478; x_wconf 89' lang='lat' dir='ltr'><strong>tuam</strong></span> <span class='ocrx_word' id='word_1_378' title='bbox 3165 2426 3557 2495; x_wconf 88' lang='lat' dir='ltr'><strong>brachiumque</strong></span> 
     </span>
    </p>
   </div>
   <div class='ocr_carea' id='block_1_55' title="bbox 1989 2509 3556 2577">
    <p class='ocr_par' dir='ltr' id='par_1_55' title="bbox 1989 2509 3556 2577">
     <span class='ocr_line' id='line_1_55' title="bbox 1989 2509 3556 2577; baseline 0.005 -15"><span class='ocrx_word' id='word_1_379' title='bbox 1989 2509 2283 2577; x_wconf 82' lang='lat' dir='ltr'><strong>excelsum,</strong></span> <span class='ocrx_word' id='word_1_380' title='bbox 2313 2510 2380 2564; x_wconf 90' lang='lat' dir='ltr'><strong>ab</strong></span> <span class='ocrx_word' id='word_1_381' title='bbox 2402 2511 2544 2565; x_wconf 90' lang='lat' dir='ltr'><strong>omni</strong></span> <span class='ocrx_word' id='word_1_382' title='bbox 2567 2511 2694 2564; x_wconf 84' lang='lat' dir='ltr'><strong>vitio</strong></span> <span class='ocrx_word' id='word_1_383' title='bbox 2723 2519 2774 2563; x_wconf 91' lang='lat' dir='ltr'><strong>et</strong></span> <span class='ocrx_word' id='word_1_384' title='bbox 2797 2512 3105 2566; x_wconf 76' lang='lat' dir='ltr'><strong>carnalibus</strong></span> <span class='ocrx_word' id='word_1_385' title='bbox 3135 2515 3327 2568; x_wconf 90' lang='lat' dir='ltr'><strong>studiis</strong></span> <span class='ocrx_word' id='word_1_386' title='bbox 3355 2517 3556 2570; x_wconf 90' lang='lat' dir='ltr'><strong>nostris</strong></span> 
     </span>
    </p>
   </div>
   <div class='ocr_carea' id='block_1_56' title="bbox 1993 2601 3555 2680">
    <p class='ocr_par' dir='ltr' id='par_1_56' title="bbox 1993 2601 3555 2674">
     <span class='ocr_line' id='line_1_56' title="bbox 1993 2601 3555 2674; baseline 0.006 -22"><span class='ocrx_word' id='word_1_387' title='bbox 1993 2603 2330 2654; x_wconf 85' lang='lat' dir='ltr'><strong>recedamus.</strong></span> <span class='ocrx_word' id='word_1_388' title='bbox 2353 2601 2568 2655; x_wconf 77' lang='lat' dir='ltr'><strong>Gratias</strong></span> <span class='ocrx_word' id='word_1_389' title='bbox 2598 2603 2805 2670; x_wconf 80' lang='lat' dir='ltr'><strong>agimus</strong></span> <span class='ocrx_word' id='word_1_390' title='bbox 2835 2602 2952 2667; x_wconf 88' lang='lat' dir='ltr'><strong>tibi,</strong></span> <span class='ocrx_word' id='word_1_391' title='bbox 2977 2613 3028 2656; x_wconf 90' lang='lat' dir='ltr'><strong>et</strong></span> <span class='ocrx_word' id='word_1_392' title='bbox 3056 2605 3244 2659; x_wconf 90' lang='lat' dir='ltr'><strong>timore</strong></span> <span class='ocrx_word' id='word_1_393' title='bbox 3266 2621 3555 2674; x_wconf 89' lang='lat' dir='ltr'><strong>amoreque</strong></span> 
     </span>
    </p>
   </div>
   <div class='ocr_carea' id='block_1_57' title="bbox 2002 2693 3551 2774">
    <p class='ocr_par' dir='ltr' id='par_1_57' title="bbox 2002 2693 3551 2774">
     <span class='ocr_line' id='line_1_57' title="bbox 2002 2693 3551 2774; baseline 0.005 -28"><span class='ocrx_word' id='word_1_394' title='bbox 2002 2693 2148 2747; x_wconf 92' lang='lat' dir='ltr'><strong>ducti</strong></span> <span class='ocrx_word' id='word_1_395' title='bbox 2181 2694 2292 2764; x_wconf 78' lang='lat'><strong>(55)</strong></span> <span class='ocrx_word' id='word_1_396' title='bbox 2322 2704 2538 2764; x_wconf 90' lang='lat' dir='ltr'><strong>propter</strong></span> <span class='ocrx_word' id='word_1_397' title='bbox 2570 2695 2992 2764; x_wconf 79' lang='lat' dir='ltr'><strong>magnitudinem</strong></span> <span class='ocrx_word' id='word_1_398' title='bbox 3025 2700 3286 2752; x_wconf 89' lang='lat' dir='ltr'><strong>donorum</strong></span> <span class='ocrx_word' id='word_1_399' title='bbox 3341 2711 3551 2774; x_wconf 83' lang='lat' dir='ltr'><strong>tuorum</strong></span> 
     </span>
    </p>
   </div>
   <div class='ocr_carea' id='block_1_58' title="bbox 2006 2787 3556 2862">
    <p class='ocr_par' dir='ltr' id='par_1_58' title="bbox 2006 2787 3556 2862">
     <span class='ocr_line' id='line_1_58' title="bbox 2006 2787 3556 2862; baseline 0.007 -24"><span class='ocrx_word' id='word_1_400' title='bbox 2006 2787 2414 2855; x_wconf 75' lang='lat' dir='ltr'><strong>magnificamus</strong></span> <span class='ocrx_word' id='word_1_401' title='bbox 2436 2787 2727 2842; x_wconf 86' lang='lat' dir='ltr'><strong>bonitatem</strong></span> <span class='ocrx_word' id='word_1_402' title='bbox 2762 2798 2905 2842; x_wconf 90' lang='lat' dir='ltr'><strong>tuam</strong></span> <span class='ocrx_word' id='word_1_403' title='bbox 2936 2805 3054 2859; x_wconf 71' lang='lat' dir='ltr'><strong>qua:</strong></span> <span class='ocrx_word' id='word_1_404' title='bbox 3077 2791 3394 2862; x_wconf 69' lang='lat' dir='ltr'><strong>iniuriarum</strong></span> <span class='ocrx_word' id='word_1_405' title='bbox 3419 2795 3556 2849; x_wconf 89' lang='lat' dir='ltr'><strong>obli-</strong></span> 
     </span>
    </p>
   </div>
   <div class='ocr_carea' id='block_1_59' title="bbox 2063 2991 3554 3114">
    <p class='ocr_par' dir='ltr' id='par_1_59' title="bbox 2063 2991 3554 3114">
     <span class='ocr_line' id='line_1_59' title="bbox 2063 2991 3554 3114; baseline 0.005 -66"><span class='ocrx_word' id='word_1_406' title='bbox 2063 2992 2190 3114; x_wconf 55' lang='grc' dir='ltr'><strong>(5ιὲΙ</strong></span> <span class='ocrx_word' id='word_1_407' title='bbox 2214 2991 2563 3073; x_wconf 70' lang='lat' dir='ltr'><strong>Immaturam</strong></span> <span class='ocrx_word' id='word_1_408' title='bbox 2594 2993 2877 3058; x_wconf 76' lang='lat' dir='ltr'><strong>infantium</strong></span> <span class='ocrx_word' id='word_1_409' title='bbox 2896 3004 3123 3048; x_wconf 70' lang='lat' dir='ltr'><strong>aetatem.</strong></span> <span class='ocrx_word' id='word_1_410' title='bbox 3156 2996 3361 3054; x_wconf 89' lang='lat' dir='ltr'><strong>Desunt</strong></span> <span class='ocrx_word' id='word_1_411' title='bbox 3393 2998 3554 3055; x_wconf 80' lang='lat' dir='ltr'><strong>verba</strong></span> 
     </span>
     <span class='ocr_line' id='line_1_60' title="bbox 2063 3077 2500 3114; baseline 0 0"><span class='ocrx_word' id='word_1_412' title='bbox 2063 3078 2111 3114; x_wconf 66' lang='lat' dir='ltr'><strong>3c</strong></span> <span class='ocrx_word' id='word_1_413' title='bbox 2199 3077 2500 3114; x_wconf 76' lang='lat' dir='ltr'><strong>essanensu.</strong></span> 
     </span>
    </p>
   </div>
   <div class='ocr_carea' id='block_1_60' title="bbox 328 3061 2500 3131">
    <p class='ocr_par' dir='ltr' id='par_1_60' title="bbox 328 3061 2500 3131">
     <span class='ocr_line' id='line_1_61' title="bbox 328 3061 2500 3131; baseline 0 -17"><span class='ocrx_word' id='word_1_414' title='bbox 328 3063 743 3131; x_wconf 77' lang='lat' dir='ltr'><strong>antiquissimos</strong></span> <span class='ocrx_word' id='word_1_415' title='bbox 785 3063 1022 3118; x_wconf 85' lang='lat' dir='ltr'><strong>imitatus</strong></span> <span class='ocrx_word' id='word_1_416' title='bbox 1051 3074 1152 3125; x_wconf 88' lang='lat' dir='ltr'><strong>est,</strong></span> <span class='ocrx_word' id='word_1_417' title='bbox 1199 3062 1288 3130; x_wconf 88' lang='lat' dir='ltr'><strong>qui</strong></span> <span class='ocrx_word' id='word_1_418' title='bbox 1343 3061 1463 3114; x_wconf 89' lang='lat' dir='ltr'><strong>ideo</strong></span> <span class='ocrx_word' id='word_1_419' title='bbox 1508 3062 1713 3114; x_wconf 82' lang='lat' dir='ltr'><strong>Adamo</strong></span> <span class='ocrx_word' id='word_1_420' title='bbox 1764 3071 1885 3129; x_wconf 83' lang='lat' dir='ltr'><strong>post</strong></span> <span class='ocrx_word' id='word_1_421' title='bbox 1914 3066 1958 3127; x_wconf 72' lang='grc' dir='ltr'>ο</span> <span class='ocrx_word' id='word_1_422' title='bbox 1993 3061 2111 3117; x_wconf 76' lang='lat' dir='ltr'><strong>haec</strong></span> <span class='ocrx_word' id='word_1_423' title='bbox 2146 3061 2500 3116; x_wconf 82' lang='lat' dir='ltr'><strong>Messanensi.</strong></span> 
     </span>
    </p>
   </div>
   <div class='ocr_carea' id='block_1_61' title="bbox 326 3132 1885 3206">
    <p class='ocr_par' dir='ltr' id='par_1_61' title="bbox 326 3132 1885 3206">
     <span class='ocr_line' id='line_1_62' title="bbox 326 3132 1885 3206; baseline 0 -22"><span class='ocrx_word' id='word_1_424' title='bbox 326 3142 616 3206; x_wconf 82' lang='lat' dir='ltr'><strong>peccatum</strong></span> <span class='ocrx_word' id='word_1_425' title='bbox 664 3147 811 3184; x_wconf 88' lang='lat' dir='ltr'><strong>esum</strong></span> <span class='ocrx_word' id='word_1_426' title='bbox 860 3133 1036 3206; x_wconf 82' lang='lat' dir='ltr'><strong>vitalis</strong></span> <span class='ocrx_word' id='word_1_427' title='bbox 1071 3134 1194 3202; x_wconf 90' lang='lat' dir='ltr'><strong>ligni</strong></span> <span class='ocrx_word' id='word_1_428' title='bbox 1231 3132 1572 3206; x_wconf 77' lang='lat' dir='ltr'><strong>interdictum</strong></span> <span class='ocrx_word' id='word_1_429' title='bbox 1608 3133 1885 3206; x_wconf 83' lang='lat' dir='ltr'><strong>aiunt._t_te</strong></span> 
     </span>
    </p>
   </div>
   <div class='ocr_carea' id='block_1_62' title="bbox 327 3199 1885 3267">
    <p class='ocr_par' dir='ltr' id='par_1_62' title="bbox 327 3199 1885 3267">
     <span class='ocr_line' id='line_1_63' title="bbox 327 3199 1885 3267; baseline -0.005 -8"><span class='ocrx_word' id='word_1_430' title='bbox 327 3199 535 3259; x_wconf 74' lang='lat' dir='ltr'><strong>inisere</strong></span> <span class='ocrx_word' id='word_1_431' title='bbox 560 3213 846 3267; x_wconf 77' lang='lat' dir='ltr'><strong>perpetuus</strong></span> <span class='ocrx_word' id='word_1_432' title='bbox 881 3199 1366 3257; x_wconf 51' lang='lat' dir='ltr'><strong>viveretflrenieus</strong></span> <span class='ocrx_word' id='word_1_433' title='bbox 1391 3199 1484 3252; x_wconf 91' lang='lat' dir='ltr'><strong>lib.</strong></span> <span class='ocrx_word' id='word_1_434' title='bbox 1519 3215 1600 3260; x_wconf 83' lang='lat' dir='ltr'><strong>tit.</strong></span> <span class='ocrx_word' id='word_1_435' title='bbox 1634 3216 1751 3266; x_wconf 91' lang='lat' dir='ltr'><strong>cap.</strong></span> <span class='ocrx_word' id='word_1_436' title='bbox 1777 3199 1885 3254; x_wconf 76' lang='lat'><strong>57:</strong></span> 
     </span>
    </p>
   </div>
   <div class='ocr_carea' id='block_1_63' title="bbox 329 3269 1886 3338">
    <p class='ocr_par' dir='ltr' id='par_1_63' title="bbox 329 3269 1886 3338">
     <span class='ocr_line' id='line_1_64' title="bbox 329 3269 1886 3338; baseline -0.004 -10"><span class='ocrx_word' id='word_1_437' title='bbox 329 3273 475 3328; x_wconf 79' lang='lat' dir='ltr'><strong>Eum</strong></span> <span class='ocrx_word' id='word_1_438' title='bbox 506 3272 662 3323; x_wconf 80' lang='lat' dir='ltr'><strong>odivit</strong></span> <span class='ocrx_word' id='word_1_439' title='bbox 696 3269 853 3330; x_wconf 82' lang='lat' dir='ltr'><strong>Deus,</strong></span> <span class='ocrx_word' id='word_1_440' title='bbox 886 3273 974 3338; x_wconf 91' lang='lat' dir='ltr'><strong>qui</strong></span> <span class='ocrx_word' id='word_1_441' title='bbox 1015 3273 1216 3326; x_wconf 75' lang='lat' dir='ltr'><strong>seduxit</strong></span> <span class='ocrx_word' id='word_1_442' title='bbox 1247 3271 1526 3332; x_wconf 78' lang='lat' dir='ltr'><strong>hominem,</strong></span> <span class='ocrx_word' id='word_1_443' title='bbox 1559 3271 1604 3322; x_wconf 90' lang='lat' dir='ltr'><strong>ei</strong></span> <span class='ocrx_word' id='word_1_444' title='bbox 1650 3285 1765 3322; x_wconf 81' lang='lat' dir='ltr'><strong>vero</strong></span> <span class='ocrx_word' id='word_1_445' title='bbox 1797 3269 1886 3335; x_wconf 87' lang='lat' dir='ltr'><strong>qui</strong></span> 
     </span>
    </p>
   </div>
   <div class='ocr_carea' id='block_1_64' title="bbox 326 3341 1889 3410">
    <p class='ocr_par' dir='ltr' id='par_1_64' title="bbox 326 3341 1889 3410">
     <span class='ocr_line' id='line_1_65' title="bbox 326 3341 1889 3410; baseline -0.004 -13"><span class='ocrx_word' id='word_1_446' title='bbox 326 3347 580 3398; x_wconf 85' lang='lat' dir='ltr'><strong>seductus</strong></span> <span class='ocrx_word' id='word_1_447' title='bbox 615 3350 712 3403; x_wconf 87' lang='lat' dir='ltr'><strong>est,</strong></span> <span class='ocrx_word' id='word_1_448' title='bbox 739 3342 926 3393; x_wconf 78' lang='lat' dir='ltr'><strong>sensim</strong></span> <span class='ocrx_word' id='word_1_449' title='bbox 953 3342 1306 3410; x_wconf 82' lang='lat' dir='ltr'><strong>paulatimque</strong></span> <span class='ocrx_word' id='word_1_450' title='bbox 1339 3341 1576 3391; x_wconf 77' lang='lat' dir='ltr'><strong>misertus</strong></span> <span class='ocrx_word' id='word_1_451' title='bbox 1598 3348 1704 3410; x_wconf 78' lang='lat' dir='ltr'><strong>est.</strong></span> <span class='ocrx_word' id='word_1_452' title='bbox 1739 3341 1889 3402; x_wconf 79' lang='lat' dir='ltr'><strong>Qua-</strong></span> 
     </span>
    </p>
   </div>
   <div class='ocr_carea' id='block_1_65' title="bbox 330 3408 1890 3478">
    <p class='ocr_par' dir='ltr' id='par_1_65' title="bbox 330 3408 1890 3478">
     <span class='ocr_line' id='line_1_66' title="bbox 330 3408 1890 3478; baseline -0.002 -14"><span class='ocrx_word' id='word_1_453' title='bbox 330 3421 550 3478; x_wconf 74' lang='lat' dir='ltr'><strong>propter</strong></span> <span class='ocrx_word' id='word_1_454' title='bbox 581 3419 630 3463; x_wconf 88' lang='lat' dir='ltr'><strong>et</strong></span> <span class='ocrx_word' id='word_1_455' title='bbox 657 3411 808 3478; x_wconf 86' lang='lat' dir='ltr'><strong>ejecit</strong></span> <span class='ocrx_word' id='word_1_456' title='bbox 833 3426 950 3462; x_wconf 88' lang='lat' dir='ltr'><strong>eum</strong></span> <span class='ocrx_word' id='word_1_457' title='bbox 998 3413 1062 3464; x_wconf 88' lang='lat' dir='ltr'><strong>de</strong></span> <span class='ocrx_word' id='word_1_458' title='bbox 1095 3408 1358 3477; x_wconf 74' lang='lat' dir='ltr'><strong>paradiso.</strong></span> <span class='ocrx_word' id='word_1_459' title='bbox 1413 3417 1461 3459; x_wconf 87' lang='lat' dir='ltr'><strong>et</strong></span> <span class='ocrx_word' id='word_1_460' title='bbox 1514 3425 1545 3460; x_wconf 82' lang='grc' dir='ltr'><strong>α</strong></span> <span class='ocrx_word' id='word_1_461' title='bbox 1588 3408 1730 3477; x_wconf 86' lang='lat' dir='ltr'><strong>ligno</strong></span> <span class='ocrx_word' id='word_1_462' title='bbox 1770 3411 1890 3461; x_wconf 75' lang='lat' dir='ltr'><strong>vita:</strong></span> 
     </span>
    </p>
   </div>
   <div class='ocr_carea' id='block_1_66' title="bbox 331 3479 1889 3547">
    <p class='ocr_par' dir='ltr' id='par_1_66' title="bbox 331 3479 1889 3547">
     <span class='ocr_line' id='line_1_67' title="bbox 331 3479 1889 3547; baseline -0.001 -14"><span class='ocrx_word' id='word_1_463' title='bbox 331 3483 493 3547; x_wconf 82' lang='lat' dir='ltr'><strong>longe</strong></span> <span class='ocrx_word' id='word_1_464' title='bbox 525 3480 815 3541; x_wconf 82' lang='lat' dir='ltr'><strong>transtulit,</strong></span> <span class='ocrx_word' id='word_1_465' title='bbox 845 3495 945 3532; x_wconf 88' lang='lat' dir='ltr'><strong>non</strong></span> <span class='ocrx_word' id='word_1_466' title='bbox 970 3482 1201 3533; x_wconf 84' lang='lat' dir='ltr'><strong>invidens</strong></span> <span class='ocrx_word' id='word_1_467' title='bbox 1232 3481 1277 3532; x_wconf 87' lang='lat' dir='ltr'><strong>ei</strong></span> <span class='ocrx_word' id='word_1_468' title='bbox 1307 3479 1505 3545; x_wconf 85' lang='lat' dir='ltr'><strong>lignum</strong></span> <span class='ocrx_word' id='word_1_469' title='bbox 1536 3479 1673 3540; x_wconf 68' lang='lat' dir='ltr'><strong>vitta,</strong></span> <span class='ocrx_word' id='word_1_470' title='bbox 1709 3494 1889 3545; x_wconf 83' lang='lat' dir='ltr'><strong>quent-</strong></span> 
     </span>
    </p>
   </div>
   <div class='ocr_carea' id='block_1_67' title="bbox 332 3548 1891 3617">
    <p class='ocr_par' dir='ltr' id='par_1_67' title="bbox 332 3548 1891 3617">
     <span class='ocr_line' id='line_1_68' title="bbox 332 3548 1891 3617; baseline -0.002 -14"><span class='ocrx_word' id='word_1_471' title='bbox 332 3551 623 3603; x_wconf 84' lang='lat' dir='ltr'><strong>admodum</strong></span> <span class='ocrx_word' id='word_1_472' title='bbox 661 3549 872 3617; x_wconf 83' lang='lat' dir='ltr'><strong>quidam</strong></span> <span class='ocrx_word' id='word_1_473' title='bbox 914 3549 1115 3611; x_wconf 66' lang='lat' dir='ltr'><strong>dicunt,</strong></span> <span class='ocrx_word' id='word_1_474' title='bbox 1147 3552 1234 3602; x_wconf 84' lang='lat' dir='ltr'><strong>sed</strong></span> <span class='ocrx_word' id='word_1_475' title='bbox 1263 3550 1518 3600; x_wconf 86' lang='lat' dir='ltr'><strong>miserans</strong></span> <span class='ocrx_word' id='word_1_476' title='bbox 1547 3548 1682 3615; x_wconf 86' lang='lat' dir='ltr'><strong>ejus,</strong></span> <span class='ocrx_word' id='word_1_477' title='bbox 1709 3557 1763 3598; x_wconf 86' lang='lat' dir='ltr'><strong>ut</strong></span> <span class='ocrx_word' id='word_1_478' title='bbox 1790 3563 1891 3600; x_wconf 85' lang='lat' dir='ltr'><strong>non</strong></span> 
     </span>
    </p>
   </div>
   <div class='ocr_carea' id='block_1_68' title="bbox 327 3617 1886 3690">
    <p class='ocr_par' dir='ltr' id='par_1_68' title="bbox 327 3617 1886 3690">
     <span class='ocr_line' id='line_1_69' title="bbox 327 3617 1886 3690; baseline -0.002 -17"><span class='ocrx_word' id='word_1_479' title='bbox 327 3630 685 3690; x_wconf 70' lang='lat' dir='ltr'><strong>perseveraret</strong></span> <span class='ocrx_word' id='word_1_480' title='bbox 707 3633 904 3690; x_wconf 77' lang='lat' dir='ltr'><strong>semper</strong></span> <span class='ocrx_word' id='word_1_481' title='bbox 929 3629 1304 3689; x_wconf 87' lang='lat' dir='ltr'><strong>transgressor,</strong></span> <span class='ocrx_word' id='word_1_482' title='bbox 1323 3633 1480 3685; x_wconf 85' lang='lat' dir='ltr'><strong>neque</strong></span> <span class='ocrx_word' id='word_1_483' title='bbox 1501 3617 1796 3690; x_wconf 81' lang='lat' dir='ltr'><strong>immortale</strong></span> <span class='ocrx_word' id='word_1_484' title='bbox 1807 3633 1886 3670; x_wconf 83' lang='lat' dir='ltr'><strong>es-</strong></span> 
     </span>
    </p>
   </div>
   <div class='ocr_carea' id='block_1_69' title="bbox 328 3685 1890 3758">
    <p class='ocr_par' dir='ltr' id='par_1_69' title="bbox 328 3685 1890 3758">
     <span class='ocr_line' id='line_1_70' title="bbox 328 3685 1890 3758; baseline -0.004 -15"><span class='ocrx_word' id='word_1_485' title='bbox 328 3685 437 3753; x_wconf 75' lang='lat' dir='ltr'><strong>set,</strong></span> <span class='ocrx_word' id='word_1_486' title='bbox 462 3687 598 3758; x_wconf 85' lang='lat' dir='ltr'><strong>quod</strong></span> <span class='ocrx_word' id='word_1_487' title='bbox 618 3689 911 3758; x_wconf 85' lang='lat' dir='ltr'><strong>essetcirca</strong></span> <span class='ocrx_word' id='word_1_488' title='bbox 940 3705 1053 3758; x_wconf 78' lang='lat' dir='ltr'><strong>eum</strong></span> <span class='ocrx_word' id='word_1_489' title='bbox 1080 3685 1401 3752; x_wconf 74' lang='lat' dir='ltr'><strong>peeccatum,</strong></span> <span class='ocrx_word' id='word_1_490' title='bbox 1421 3699 1468 3740; x_wconf 90' lang='lat' dir='ltr'><strong>et</strong></span> <span class='ocrx_word' id='word_1_491' title='bbox 1497 3685 1695 3739; x_wconf 88' lang='lat' dir='ltr'><strong>malum</strong></span> <span class='ocrx_word' id='word_1_492' title='bbox 1726 3688 1890 3758; x_wconf 79' lang='lat' dir='ltr'><strong>inter-</strong></span> 
     </span>
    </p>
   </div>
   <div class='ocr_carea' id='block_1_70' title="bbox 330 3755 1892 3812">
    <p class='ocr_par' dir='ltr' id='par_1_70' title="bbox 330 3755 1892 3812">
     <span class='ocr_line' id='line_1_71' title="bbox 330 3755 1892 3812; baseline -0.003 0"><span class='ocrx_word' id='word_1_493' title='bbox 330 3755 586 3812; x_wconf 77' lang='lat' dir='ltr'><strong>minabile</strong></span> <span class='ocrx_word' id='word_1_494' title='bbox 605 3767 651 3809; x_wconf 91' lang='lat' dir='ltr'><strong>et</strong></span> <span class='ocrx_word' id='word_1_495' title='bbox 676 3757 986 3811; x_wconf 79' lang='lat' dir='ltr'><strong>insanabile.</strong></span> <span class='ocrx_word' id='word_1_496' title='bbox 1013 3757 1246 3812; x_wconf 83' lang='lat' dir='ltr'><strong>Hilarius</strong></span> <span class='ocrx_word' id='word_1_497' title='bbox 1269 3759 1428 3809; x_wconf 88' lang='lat' dir='ltr'><strong>etiam</strong></span> <span class='ocrx_word' id='word_1_498' title='bbox 1462 3757 1513 3810; x_wconf 89' lang='lat' dir='ltr'><strong>in</strong></span> <span class='ocrx_word' id='word_1_499' title='bbox 1543 3755 1892 3809; x_wconf 85' lang='lat' dir='ltr'><strong>enarratione</strong></span> 
     </span>
    </p>
   </div>
   <div class='ocr_carea' id='block_1_71' title="bbox 331 3825 1892 3898">
    <p class='ocr_par' dir='ltr' id='par_1_71' title="bbox 331 3825 1892 3898">
     <span class='ocr_line' id='line_1_72' title="bbox 331 3825 1892 3898; baseline -0.004 -16"><span class='ocrx_word' id='word_1_500' title='bbox 331 3829 531 3898; x_wconf 81' lang='lat' dir='ltr'><strong>psalmi</strong></span> <span class='ocrx_word' id='word_1_501' title='bbox 569 3841 733 3898; x_wconf 75' lang='lat' dir='ltr'><strong>ututi</strong></span> <span class='ocrx_word' id='word_1_502' title='bbox 764 3842 776 3877; x_wconf 86' lang='lat'><strong>:</strong></span> <span class='ocrx_word' id='word_1_503' title='bbox 814 3829 983 3880; x_wconf 80' lang='lat' dir='ltr'><strong>Adam</strong></span> <span class='ocrx_word' id='word_1_504' title='bbox 1009 3827 1224 3897; x_wconf 89' lang='lat' dir='ltr'><strong>(inquit)</strong></span> <span class='ocrx_word' id='word_1_505' title='bbox 1258 3826 1391 3880; x_wconf 86' lang='lat' dir='ltr'><strong>Deus</strong></span> <span class='ocrx_word' id='word_1_506' title='bbox 1419 3825 1482 3898; x_wconf 82' lang='lat' dir='ltr'><strong>de</strong></span> <span class='ocrx_word' id='word_1_507' title='bbox 1510 3825 1758 3898; x_wconf 73' lang='lat' dir='ltr'><strong>paradiso</strong></span> <span class='ocrx_word' id='word_1_508' title='bbox 1776 3833 1892 3890; x_wconf 85' lang='lat' dir='ltr'><strong>post</strong></span> 
     </span>
    </p>
   </div>
   <div class='ocr_carea' id='block_1_72' title="bbox 329 3894 1890 3966">
    <p class='ocr_par' dir='ltr' id='par_1_72' title="bbox 329 3894 1890 3966">
     <span class='ocr_line' id='line_1_73' title="bbox 329 3894 1890 3966; baseline -0.003 -16"><span class='ocrx_word' id='word_1_509' title='bbox 329 3894 571 3963; x_wconf 67' lang='lat' dir='ltr'><strong>culpam,</strong></span> <span class='ocrx_word' id='word_1_510' title='bbox 603 3912 664 3948; x_wconf 89' lang='lat' dir='ltr'><strong>ne</strong></span> <span class='ocrx_word' id='word_1_511' title='bbox 695 3896 894 3964; x_wconf 79' lang='lat' dir='ltr'><strong>lignum</strong></span> <span class='ocrx_word' id='word_1_512' title='bbox 936 3894 1050 3950; x_wconf 64' lang='lat' dir='ltr'><strong>oitte</strong></span> <span class='ocrx_word' id='word_1_513' title='bbox 1094 3894 1388 3966; x_wconf 77' lang='lat' dir='ltr'><strong>attingens,</strong></span> <span class='ocrx_word' id='word_1_514' title='bbox 1442 3896 1497 3948; x_wconf 86' lang='lat' dir='ltr'><strong>in</strong></span> <span class='ocrx_word' id='word_1_515' title='bbox 1547 3894 1890 3966; x_wconf 71' lang='lat' dir='ltr'><strong>mterititatem</strong></span> 
     </span>
    </p>
   </div>
   <div class='ocr_carea' id='block_1_73' title="bbox 328 3963 1894 4039">
    <p class='ocr_par' dir='ltr' id='par_1_73' title="bbox 328 3963 1894 4039">
     <span class='ocr_line' id='line_1_74' title="bbox 328 3963 1894 4039; baseline 0.003 -22"><span class='ocrx_word' id='word_1_516' title='bbox 328 3982 505 4036; x_wconf 66' lang='lat' dir='ltr'><strong>pense</strong></span> <span class='ocrx_word' id='word_1_517' title='bbox 538 3963 762 4039; x_wconf 71' lang='lat' dir='ltr'><strong>maneret</strong></span> <span class='ocrx_word' id='word_1_518' title='bbox 803 3966 974 4039; x_wconf 80' lang='lat' dir='ltr'><strong>ejecit.</strong></span> <span class='ocrx_word' id='word_1_519' title='bbox 1006 3963 1308 4039; x_wconf 53' lang='lat' dir='ltr'><strong>Theolog&#39;us</strong></span> <span class='ocrx_word' id='word_1_520' title='bbox 1355 3963 1618 4039; x_wconf 67' lang='lat' dir='ltr'><strong>panegyri.</strong></span> <span class='ocrx_word' id='word_1_521' title='bbox 1655 3963 1894 4039; x_wconf 37' lang='lat' dir='ltr'><strong>inn-nali-</strong></span> 
     </span>
    </p>
   </div>
   <div class='ocr_carea' id='block_1_74' title="bbox 332 4032 1890 4104">
    <p class='ocr_par' dir='ltr' id='par_1_74' title="bbox 332 4032 1890 4104">
     <span class='ocr_line' id='line_1_75' title="bbox 332 4032 1890 4104; baseline -0.004 -13"><span class='ocrx_word' id='word_1_522' title='bbox 332 4032 561 4091; x_wconf 50' lang='lat' dir='ltr'><strong>sitatettt</strong></span> <span class='ocrx_word' id='word_1_523' title='bbox 598 4032 894 4088; x_wconf 81' lang='lat' dir='ltr'><strong>Salvatoi&#39;is</strong></span> <span class='ocrx_word' id='word_1_524' title='bbox 926 4052 1043 4104; x_wconf 73' lang='lat' dir='ltr'><strong>qua:</strong></span> <span class='ocrx_word' id='word_1_525' title='bbox 1076 4036 1143 4090; x_wconf 77' lang='lat'><strong>58</strong></span> <span class='ocrx_word' id='word_1_526' title='bbox 1179 4047 1256 4089; x_wconf 88' lang='lat' dir='ltr'><strong>est</strong></span> <span class='ocrx_word' id='word_1_527' title='bbox 1285 4034 1337 4086; x_wconf 87' lang='lat' dir='ltr'><strong>iii</strong></span> <span class='ocrx_word' id='word_1_528' title='bbox 1372 4034 1573 4084; x_wconf 84' lang='lat' dir='ltr'><strong>Biliaua</strong></span> <span class='ocrx_word' id='word_1_529' title='bbox 1607 4032 1844 4104; x_wconf 81' lang='lat' dir='ltr'><strong>editione</strong></span> <span class='ocrx_word' id='word_1_530' title='bbox 1872 4048 1890 4104; x_wconf 83' lang='lat'><strong>_:</strong></span> 
     </span>
    </p>
   </div>
   <div class='ocr_carea' id='block_1_75' title="bbox 329 4100 1889 4174">
    <p class='ocr_par' dir='ltr' id='par_1_75' title="bbox 329 4100 1889 4174">
     <span class='ocr_line' id='line_1_76' title="bbox 329 4100 1889 4174; baseline -0.007 -13"><span class='ocrx_word' id='word_1_531' title='bbox 329 4109 509 4174; x_wconf 81' lang='lat' dir='ltr'><strong>Atque</strong></span> <span class='ocrx_word' id='word_1_532' title='bbox 556 4105 637 4156; x_wconf 84' lang='lat' dir='ltr'><strong>hic</strong></span> <span class='ocrx_word' id='word_1_533' title='bbox 680 4120 880 4172; x_wconf 88' lang='lat' dir='ltr'><strong>quoque</strong></span> <span class='ocrx_word' id='word_1_534' title='bbox 925 4100 1185 4172; x_wconf 77' lang='lat' dir='ltr'><strong>(Adamns</strong></span> <span class='ocrx_word' id='word_1_535' title='bbox 1224 4116 1342 4174; x_wconf 86' lang='lat' dir='ltr'><strong>post</strong></span> <span class='ocrx_word' id='word_1_536' title='bbox 1377 4100 1889 4174; x_wconf 78' lang='lat' dir='ltr'><strong>transgressionem)</strong></span> 
     </span>
    </p>
   </div>
   <div class='ocr_carea' id='block_1_76' title="bbox 329 4167 1894 4237">
    <p class='ocr_par' dir='ltr' id='par_1_76' title="bbox 329 4167 1894 4237">
     <span class='ocr_line' id='line_1_77' title="bbox 329 4167 1894 4237; baseline -0.006 -7"><span class='ocrx_word' id='word_1_537' title='bbox 329 4167 556 4230; x_wconf 65' lang='lat' dir='ltr'><strong>mortem</strong></span> <span class='ocrx_word' id='word_1_538' title='bbox 592 4190 652 4226; x_wconf 90' lang='lat' dir='ltr'><strong>ac</strong></span> <span class='ocrx_word' id='word_1_539' title='bbox 679 4167 874 4237; x_wconf 74' lang='lat' dir='ltr'><strong>peccati</strong></span> <span class='ocrx_word' id='word_1_540' title='bbox 899 4167 1253 4237; x_wconf 69' lang='lat' dir='ltr'><strong>prwcisionem</strong></span> <span class='ocrx_word' id='word_1_541' title='bbox 1284 4167 1572 4236; x_wconf 73' lang='lat' dir='ltr'><strong>elucratur,</strong></span> <span class='ocrx_word' id='word_1_542' title='bbox 1606 4185 1669 4222; x_wconf 83' lang='lat' dir='ltr'><strong>ne</strong></span> <span class='ocrx_word' id='word_1_543' title='bbox 1697 4167 1894 4221; x_wconf 85' lang='lat' dir='ltr'><strong>malum</strong></span> 
     </span>
    </p>
   </div>
   <div class='ocr_carea' id='block_1_77' title="bbox 328 4191 1893 4312">
    <p class='ocr_par' dir='ltr' id='par_1_77' title="bbox 328 4191 1893 4312">
     <span class='ocr_line' id='line_1_78' title="bbox 329 4191 1893 4237; baseline -0.006 -7"><span class='ocrx_word' id='word_1_544' title='bbox 329 4191 556 4230; x_wconf 84' lang='lat' dir='ltr'><strong>mortem</strong></span> <span class='ocrx_word' id='word_1_545' title='bbox 592 4191 652 4226; x_wconf 90' lang='lat' dir='ltr'><strong>ac</strong></span> <span class='ocrx_word' id='word_1_546' title='bbox 679 4191 873 4237; x_wconf 83' lang='lat' dir='ltr'><strong>peccati</strong></span> <span class='ocrx_word' id='word_1_547' title='bbox 937 4191 1253 4228; x_wconf 69' lang='lat' dir='ltr'><strong>rwctstonem</strong></span> <span class='ocrx_word' id='word_1_548' title='bbox 1284 4191 1572 4236; x_wconf 80' lang='lat' dir='ltr'><strong>etucratur,</strong></span> <span class='ocrx_word' id='word_1_549' title='bbox 1606 4191 1669 4222; x_wconf 78' lang='lat' dir='ltr'><strong>ne</strong></span> <span class='ocrx_word' id='word_1_550' title='bbox 1697 4191 1893 4221; x_wconf 77' lang='grc' dir='ltr'>ιηαηιιη</span> 
     </span>
     <span class='ocr_line' id='line_1_79' title="bbox 328 4191 1893 4312; baseline -0.008 -12"><span class='ocrx_word' id='word_1_551' title='bbox 328 4245 638 4300; x_wconf 82' lang='lat' dir='ltr'><strong>immortale</strong></span> <span class='ocrx_word' id='word_1_552' title='bbox 669 4253 824 4296; x_wconf 82' lang='lat' dir='ltr'><strong>esset.</strong></span> <span class='ocrx_word' id='word_1_553' title='bbox 876 4191 962 4296; x_wconf 44' lang='lat' dir='ltr'><strong>Ilia</strong></span> <span class='ocrx_word' id='word_1_554' title='bbox 994 4259 1156 4309; x_wconf 68' lang='lat' dir='ltr'><strong>paena</strong></span> <span class='ocrx_word' id='word_1_555' title='bbox 1204 4245 1321 4312; x_wconf 85' lang='lat' dir='ltr'><strong>ipsa</strong></span> <span class='ocrx_word' id='word_1_556' title='bbox 1374 4245 1425 4294; x_wconf 88' lang='lat' dir='ltr'><strong>in</strong></span> <span class='ocrx_word' id='word_1_557' title='bbox 1457 4240 1893 4312; x_wconf 13' lang='lat' dir='ltr'><strong>rmisericordiam</strong></span> 
     </span>
    </p>
   </div>
   <div class='ocr_carea' id='block_1_78' title="bbox 327 4307 1889 4377">
    <p class='ocr_par' dir='ltr' id='par_1_78' title="bbox 327 4307 1889 4377">
     <span class='ocr_line' id='line_1_80' title="bbox 327 4307 1889 4377; baseline -0.006 -9"><span class='ocrx_word' id='word_1_558' title='bbox 327 4316 516 4368; x_wconf 80' lang='lat' dir='ltr'><strong>cessit.</strong></span> <span class='ocrx_word' id='word_1_559' title='bbox 551 4312 707 4365; x_wconf 84' lang='lat' dir='ltr'><strong>Hunc</strong></span> <span class='ocrx_word' id='word_1_560' title='bbox 733 4315 873 4366; x_wconf 87' lang='lat' dir='ltr'><strong>enim</strong></span> <span class='ocrx_word' id='word_1_561' title='bbox 917 4307 1013 4368; x_wconf 81' lang='lat' dir='ltr'><strong>hei</strong></span> <span class='ocrx_word' id='word_1_562' title='bbox 1053 4307 1246 4366; x_wconf 81' lang='lat' dir='ltr'><strong>morem</strong></span> <span class='ocrx_word' id='word_1_563' title='bbox 1293 4327 1404 4364; x_wconf 88' lang='lat' dir='ltr'><strong>esse</strong></span> <span class='ocrx_word' id='word_1_564' title='bbox 1448 4311 1502 4364; x_wconf 87' lang='lat' dir='ltr'><strong>in</strong></span> <span class='ocrx_word' id='word_1_565' title='bbox 1544 4307 1889 4377; x_wconf 84' lang='lat' dir='ltr'><strong>castigando,</strong></span> 
     </span>
    </p>
   </div>
   <div class='ocr_carea' id='block_1_79' title="bbox 326 4379 1891 4453">
    <p class='ocr_par' dir='ltr' id='par_1_79' title="bbox 326 4379 1891 4453">
     <span class='ocr_line' id='line_1_81' title="bbox 326 4379 1891 4453; baseline -0.008 -13"><span class='ocrx_word' id='word_1_566' title='bbox 326 4397 483 4440; x_wconf 84' lang='lat' dir='ltr'><strong>certo</strong></span> <span class='ocrx_word' id='word_1_567' title='bbox 510 4384 638 4437; x_wconf 90' lang='lat' dir='ltr'><strong>scio.</strong></span> <span class='ocrx_word' id='word_1_568' title='bbox 680 4381 903 4453; x_wconf 81' lang='lat' dir='ltr'><strong>Legitur</strong></span> <span class='ocrx_word' id='word_1_569' title='bbox 945 4384 1370 4453; x_wconf 71' lang='lat' dir='ltr'><strong>Chrysostomus</strong></span> <span class='ocrx_word' id='word_1_570' title='bbox 1399 4384 1450 4432; x_wconf 93' lang='lat' dir='ltr'><strong>in</strong></span> <span class='ocrx_word' id='word_1_571' title='bbox 1493 4379 1734 4432; x_wconf 85' lang='lat' dir='ltr'><strong>eamdem</strong></span> <span class='ocrx_word' id='word_1_572' title='bbox 1767 4391 1891 4453; x_wconf 65' lang='lat' dir='ltr'><strong>sen-</strong></span> 
     </span>
    </p>
   </div>
   <div class='ocr_carea' id='block_1_80' title="bbox 2063 3131 3550 3202">
    <p class='ocr_par' dir='ltr' id='par_1_80' title="bbox 2063 3131 3550 3202">
     <span class='ocr_line' id='line_1_82' title="bbox 2063 3131 3550 3202; baseline 0.001 -16"><span class='ocrx_word' id='word_1_573' title='bbox 2063 3132 2175 3201; x_wconf 77' lang='lat'><strong>(55)</strong></span> <span class='ocrx_word' id='word_1_574' title='bbox 2211 3131 2273 3184; x_wconf 84' lang='lat' dir='ltr'><strong>Et</strong></span> <span class='ocrx_word' id='word_1_575' title='bbox 2293 3132 2476 3202; x_wconf 79' lang='lat' dir='ltr'><strong>timore</strong></span> <span class='ocrx_word' id='word_1_576' title='bbox 2503 3148 2778 3202; x_wconf 82' lang='lat' dir='ltr'><strong>umoreque</strong></span> <span class='ocrx_word' id='word_1_577' title='bbox 2806 3133 2969 3186; x_wconf 87' lang='lat' dir='ltr'><strong>ducti.</strong></span> <span class='ocrx_word' id='word_1_578' title='bbox 2989 3133 3148 3189; x_wconf 80' lang='lat' dir='ltr'><strong>Nervi</strong></span> <span class='ocrx_word' id='word_1_579' title='bbox 3179 3135 3392 3202; x_wconf 85' lang='lat' dir='ltr'><strong>quidem</strong></span> <span class='ocrx_word' id='word_1_580' title='bbox 3425 3147 3550 3190; x_wconf 89' lang='lat' dir='ltr'><strong>sunt</strong></span> 
     </span>
    </p>
   </div>
   <div class='ocr_carea' id='block_1_81' title="bbox 1992 3201 3555 3273">
    <p class='ocr_par' dir='ltr' id='par_1_81' title="bbox 1992 3201 3555 3273">
     <span class='ocr_line' id='line_1_83' title="bbox 1992 3201 3555 3273; baseline 0.001 -16"><span class='ocrx_word' id='word_1_581' title='bbox 1992 3205 2154 3257; x_wconf 85' lang='lat' dir='ltr'><strong>totius</strong></span> <span class='ocrx_word' id='word_1_582' title='bbox 2188 3201 2849 3273; x_wconf 77' lang='lat' dir='ltr'><strong>spiritualis_incrementi</strong></span> <span class='ocrx_word' id='word_1_583' title='bbox 2886 3217 3036 3256; x_wconf 87' lang='lat' dir='ltr'><strong>amor</strong></span> <span class='ocrx_word' id='word_1_584' title='bbox 3088 3201 3355 3273; x_wconf 85' lang='lat' dir='ltr'><strong>timorque</strong></span> <span class='ocrx_word' id='word_1_585' title='bbox 3422 3204 3555 3270; x_wconf 87' lang='lat' dir='ltr'><strong>Dei,</strong></span> 
     </span>
    </p>
   </div>
   <div class='ocr_carea' id='block_1_82' title="bbox 1990 3269 3554 3340">
    <p class='ocr_par' dir='ltr' id='par_1_82' title="bbox 1990 3269 3554 3340">
     <span class='ocr_line' id='line_1_84' title="bbox 1990 3269 3554 3340; baseline 0.001 -13"><span class='ocrx_word' id='word_1_586' title='bbox 1990 3273 2280 3333; x_wconf 70' lang='lat' dir='ltr'><strong>columnae,</strong></span> <span class='ocrx_word' id='word_1_587' title='bbox 2326 3285 2445 3336; x_wconf 71' lang='lat' dir='ltr'><strong>qua:</strong></span> <span class='ocrx_word' id='word_1_588' title='bbox 2486 3269 2850 3324; x_wconf 84' lang='lat' dir='ltr'><strong>Christianam</strong></span> <span class='ocrx_word' id='word_1_589' title='bbox 2905 3282 3235 3326; x_wconf 89' lang='lat' dir='ltr'><strong>structuram</strong></span> <span class='ocrx_word' id='word_1_590' title='bbox 3267 3269 3554 3340; x_wconf 54' lang='lat' dir='ltr'><strong>&#39;l‘ulciunt,</strong></span> 
     </span>
    </p>
   </div>
   <div class='ocr_carea' id='block_1_83' title="bbox 1990 3339 3548 3414">
    <p class='ocr_par' dir='ltr' id='par_1_83' title="bbox 1990 3339 3548 3414">
     <span class='ocr_line' id='line_1_85' title="bbox 1990 3339 3548 3414; baseline 0.003 -22"><span class='ocrx_word' id='word_1_591' title='bbox 1990 3343 2095 3414; x_wconf 80' lang='lat' dir='ltr'><strong>poli</strong></span> <span class='ocrx_word' id='word_1_592' title='bbox 2129 3341 2220 3408; x_wconf 90' lang='lat' dir='ltr'><strong>qui</strong></span> <span class='ocrx_word' id='word_1_593' title='bbox 2263 3339 2637 3414; x_wconf 64' lang='lat' dir='ltr'><strong>periculosam</strong></span> <span class='ocrx_word' id='word_1_594' title='bbox 2667 3341 2944 3414; x_wconf 63' lang='lat' dir='ltr'><strong>praesentis</strong></span> <span class='ocrx_word' id='word_1_595' title='bbox 2990 3343 3113 3395; x_wconf 62' lang='lat' dir='ltr'><strong>vitae</strong></span> <span class='ocrx_word' id='word_1_596' title='bbox 3154 3344 3548 3414; x_wconf 82' lang='lat' dir='ltr'><strong>navigationem</strong></span> 
     </span>
    </p>
   </div>
   <div class='ocr_carea' id='block_1_84' title="bbox 1991 3406 3556 3477">
    <p class='ocr_par' dir='ltr' id='par_1_84' title="bbox 1991 3406 3556 3477">
     <span class='ocr_line' id='line_1_86' title="bbox 1991 3406 3556 3477; baseline 0.002 -14"><span class='ocrx_word' id='word_1_597' title='bbox 1991 3406 2229 3476; x_wconf 74' lang='lat' dir='ltr'><strong>dirigunt</strong></span> <span class='ocrx_word' id='word_1_598' title='bbox 2263 3406 2276 3462; x_wconf 76' lang='grc' dir='ltr'><em>ἐ</em></span> <span class='ocrx_word' id='word_1_599' title='bbox 2314 3406 2450 3472; x_wconf 82' lang='lat' dir='ltr'><strong>Quid</strong></span> <span class='ocrx_word' id='word_1_600' title='bbox 2486 3409 2738 3462; x_wconf 88' lang='lat' dir='ltr'><strong>Dominus</strong></span> <span class='ocrx_word' id='word_1_601' title='bbox 2769 3409 2904 3463; x_wconf 85' lang='lat' dir='ltr'><strong>Deus</strong></span> <span class='ocrx_word' id='word_1_602' title='bbox 2931 3420 3048 3462; x_wconf 87' lang='lat' dir='ltr'><strong>tuus</strong></span> <span class='ocrx_word' id='word_1_603' title='bbox 3077 3415 3208 3477; x_wconf 82' lang='lat' dir='ltr'><strong>petit</strong></span> <span class='ocrx_word' id='word_1_604' title='bbox 3244 3406 3364 3466; x_wconf 49' lang='grc' dir='ltr'><strong>αντε</strong></span> <span class='ocrx_word' id='word_1_605' title='bbox 3418 3416 3556 3474; x_wconf 85' lang='lat' dir='ltr'><strong>(cla-</strong></span> 
     </span>
    </p>
   </div>
   <div class='ocr_carea' id='block_1_85' title="bbox 1992 3477 3554 3546">
    <p class='ocr_par' dir='ltr' id='par_1_85' title="bbox 1992 3477 3554 3546">
     <span class='ocr_line' id='line_1_87' title="bbox 1992 3477 3554 3546; baseline 0.001 -13"><span class='ocrx_word' id='word_1_606' title='bbox 1992 3482 2173 3533; x_wconf 88' lang='lat' dir='ltr'><strong>mabat</strong></span> <span class='ocrx_word' id='word_1_607' title='bbox 2198 3477 2452 3546; x_wconf 79' lang='lat' dir='ltr'><strong>Moyses),</strong></span> <span class='ocrx_word' id='word_1_608' title='bbox 2472 3479 2572 3531; x_wconf 87' lang='lat' dir='ltr'><strong>nisi</strong></span> <span class='ocrx_word' id='word_1_609' title='bbox 2598 3489 2651 3530; x_wconf 88' lang='lat' dir='ltr'><strong>ut</strong></span> <span class='ocrx_word' id='word_1_610' title='bbox 2680 3481 2862 3532; x_wconf 84' lang='lat' dir='ltr'><strong>timeas</strong></span> <span class='ocrx_word' id='word_1_611' title='bbox 2891 3479 3167 3532; x_wconf 83' lang='lat' dir='ltr'><strong>Dominum</strong></span> <span class='ocrx_word' id='word_1_612' title='bbox 3199 3482 3356 3534; x_wconf 87' lang='lat' dir='ltr'><strong>Deum</strong></span> <span class='ocrx_word' id='word_1_613' title='bbox 3381 3493 3554 3544; x_wconf 87' lang='lat' dir='ltr'><strong>tuum,</strong></span> 
     </span>
    </p>
   </div>
   <div class='ocr_carea' id='block_1_86' title="bbox 1991 3547 3555 3616">
    <p class='ocr_par' dir='ltr' id='par_1_86' title="bbox 1991 3547 3555 3616">
     <span class='ocr_line' id='line_1_88' title="bbox 1991 3547 3555 3616; baseline 0.001 -12"><span class='ocrx_word' id='word_1_614' title='bbox 1991 3559 2040 3605; x_wconf 86' lang='lat' dir='ltr'><strong>et</strong></span> <span class='ocrx_word' id='word_1_615' title='bbox 2070 3548 2300 3602; x_wconf 84' lang='lat' dir='ltr'><strong>ambules</strong></span> <span class='ocrx_word' id='word_1_616' title='bbox 2330 3549 2382 3600; x_wconf 77' lang='lat' dir='ltr'><strong>in</strong></span> <span class='ocrx_word' id='word_1_617' title='bbox 2411 3549 2507 3601; x_wconf 81' lang='lat' dir='ltr'><strong>viis</strong></span> <span class='ocrx_word' id='word_1_618' title='bbox 2541 3547 2672 3616; x_wconf 82' lang='lat' dir='ltr'><strong>ejus,</strong></span> <span class='ocrx_word' id='word_1_619' title='bbox 2701 3557 2749 3601; x_wconf 84' lang='lat' dir='ltr'><strong>et</strong></span> <span class='ocrx_word' id='word_1_620' title='bbox 2779 3549 2967 3616; x_wconf 80' lang='lat' dir='ltr'><strong>diligas</strong></span> <span class='ocrx_word' id='word_1_621' title='bbox 2997 3567 3113 3601; x_wconf 58' lang='lat' dir='ltr'><strong>eu‘n</strong></span> <span class='ocrx_word' id='word_1_622' title='bbox 3137 3551 3161 3602; x_wconf 89' lang='lat'><strong><em>?</em></strong></span> <span class='ocrx_word' id='word_1_623' title='bbox 3189 3549 3278 3603; x_wconf 80' lang='lat' dir='ltr'><strong>Est</strong></span> <span class='ocrx_word' id='word_1_624' title='bbox 3330 3566 3455 3605; x_wconf 82' lang='lat' dir='ltr'><strong>vero</strong></span> <span class='ocrx_word' id='word_1_625' title='bbox 3487 3553 3555 3607; x_wconf 85' lang='lat' dir='ltr'><strong>de</strong></span> 
     </span>
    </p>
   </div>
   <div class='ocr_carea' id='block_1_87' title="bbox 1992 3617 3555 3687">
    <p class='ocr_par' dir='ltr' id='par_1_87' title="bbox 1992 3617 3555 3687">
     <span class='ocr_line' id='line_1_89' title="bbox 1992 3617 3555 3687; baseline -0.001 -14"><span class='ocrx_word' id='word_1_626' title='bbox 1992 3633 2177 3673; x_wconf 88' lang='lat' dir='ltr'><strong>amore</strong></span> <span class='ocrx_word' id='word_1_627' title='bbox 2207 3633 2236 3671; x_wconf 92' lang='lat' dir='ltr'><strong>a</strong></span> <span class='ocrx_word' id='word_1_628' title='bbox 2277 3618 2466 3670; x_wconf 88' lang='lat' dir='ltr'><strong>multis</strong></span> <span class='ocrx_word' id='word_1_629' title='bbox 2493 3617 2696 3687; x_wconf 76' lang='lat' dir='ltr'><strong>dictum</strong></span> <span class='ocrx_word' id='word_1_630' title='bbox 2737 3632 2802 3670; x_wconf 80' lang='lat' dir='ltr'><strong>ex</strong></span> <span class='ocrx_word' id='word_1_631' title='bbox 2837 3619 3099 3687; x_wconf 74' lang='lat' dir='ltr'><strong>professo.</strong></span> <span class='ocrx_word' id='word_1_632' title='bbox 3142 3619 3342 3671; x_wconf 84' lang='lat' dir='ltr'><strong>Vellem</strong></span> <span class='ocrx_word' id='word_1_633' title='bbox 3394 3623 3555 3672; x_wconf 85' lang='lat' dir='ltr'><strong>nimi-</strong></span> 
     </span>
    </p>
   </div>
   <div class='ocr_carea' id='block_1_88' title="bbox 1993 3685 3551 3752">
    <p class='ocr_par' dir='ltr' id='par_1_88' title="bbox 1993 3685 3551 3752">
     <span class='ocr_line' id='line_1_90' title="bbox 1993 3685 3551 3752; baseline 0.001 -12"><span class='ocrx_word' id='word_1_634' title='bbox 1993 3703 2110 3740; x_wconf 90' lang='lat' dir='ltr'><strong>rum</strong></span> <span class='ocrx_word' id='word_1_635' title='bbox 2142 3695 2196 3740; x_wconf 90' lang='lat' dir='ltr'><strong>et</strong></span> <span class='ocrx_word' id='word_1_636' title='bbox 2227 3687 2292 3739; x_wconf 88' lang='lat' dir='ltr'><strong>de</strong></span> <span class='ocrx_word' id='word_1_637' title='bbox 2324 3688 2539 3740; x_wconf 85' lang='lat' dir='ltr'><strong>timore.</strong></span> <span class='ocrx_word' id='word_1_638' title='bbox 2575 3685 2705 3740; x_wconf 87' lang='lat' dir='ltr'><strong>Illud</strong></span> <span class='ocrx_word' id='word_1_639' title='bbox 2735 3685 2876 3752; x_wconf 55' lang='lat' dir='ltr'><strong>saap&#39;e</strong></span> <span class='ocrx_word' id='word_1_640' title='bbox 2926 3689 3052 3740; x_wconf 86' lang='lat' dir='ltr'><strong>milii</strong></span> <span class='ocrx_word' id='word_1_641' title='bbox 3098 3703 3384 3742; x_wconf 89' lang='lat' dir='ltr'><strong>occurrere</strong></span> <span class='ocrx_word' id='word_1_642' title='bbox 3415 3690 3551 3743; x_wconf 88' lang='lat' dir='ltr'><strong>solet</strong></span> 
     </span>
    </p>
   </div>
   <div class='ocr_carea' id='block_1_89' title="bbox 1992 3755 3556 3826">
    <p class='ocr_par' dir='ltr' id='par_1_89' title="bbox 1992 3755 3556 3826">
     <span class='ocr_line' id='line_1_91' title="bbox 1992 3755 3556 3826; baseline 0 -15"><span class='ocrx_word' id='word_1_643' title='bbox 1992 3758 2057 3811; x_wconf 90' lang='lat' dir='ltr'><strong>de</strong></span> <span class='ocrx_word' id='word_1_644' title='bbox 2085 3755 2510 3826; x_wconf 68' lang='lat' dir='ltr'><strong>prasentissimo</strong></span> <span class='ocrx_word' id='word_1_645' title='bbox 2555 3757 2653 3809; x_wconf 91' lang='lat' dir='ltr'><strong>hoc</strong></span> <span class='ocrx_word' id='word_1_646' title='bbox 2708 3757 2965 3808; x_wconf 87' lang='lat' dir='ltr'><strong>malorum</strong></span> <span class='ocrx_word' id='word_1_647' title='bbox 3010 3756 3345 3810; x_wconf 76' lang='lat' dir='ltr'><strong>internarum</strong></span> <span class='ocrx_word' id='word_1_648' title='bbox 3397 3759 3556 3824; x_wconf 82' lang='lat' dir='ltr'><strong>phar-</strong></span> 
     </span>
    </p>
   </div>
   <div class='ocr_carea' id='block_1_90' title="bbox 1995 3825 3554 3894">
    <p class='ocr_par' dir='ltr' id='par_1_90' title="bbox 1995 3825 3554 3894">
     <span class='ocr_line' id='line_1_92' title="bbox 1995 3825 3554 3894; baseline 0.002 -16"><span class='ocrx_word' id='word_1_649' title='bbox 1995 3825 2185 3888; x_wconf 86' lang='lat' dir='ltr'><strong>maco;</strong></span> <span class='ocrx_word' id='word_1_650' title='bbox 2213 3825 2283 3876; x_wconf 89' lang='lat' dir='ltr'><strong>ita</strong></span> <span class='ocrx_word' id='word_1_651' title='bbox 2308 3838 2510 3894; x_wconf 89' lang='lat' dir='ltr'><strong>nempe</strong></span> <span class='ocrx_word' id='word_1_652' title='bbox 2535 3840 2655 3876; x_wconf 90' lang='lat' dir='ltr'><strong>cum</strong></span> <span class='ocrx_word' id='word_1_653' title='bbox 2691 3827 2904 3894; x_wconf 82' lang='lat' dir='ltr'><strong>nomine</strong></span> <span class='ocrx_word' id='word_1_654' title='bbox 2931 3827 3220 3894; x_wconf 88' lang='lat' dir='ltr'><strong>etratione</strong></span> <span class='ocrx_word' id='word_1_655' title='bbox 3243 3841 3338 3878; x_wconf 88' lang='lat' dir='ltr'><strong>sua</strong></span> <span class='ocrx_word' id='word_1_656' title='bbox 3368 3830 3554 3894; x_wconf 51' lang='lat' dir='ltr'><strong>(sinc-</strong></span> 
     </span>
    </p>
   </div>
   <div class='ocr_carea' id='block_1_91' title="bbox 1996 3893 3551 3959">
    <p class='ocr_par' dir='ltr' id='par_1_91' title="bbox 1996 3893 3551 3959">
     <span class='ocr_line' id='line_1_93' title="bbox 1996 3893 3551 3959; baseline 0.003 -15"><span class='ocrx_word' id='word_1_657' title='bbox 1996 3905 2168 3946; x_wconf 74' lang='lat' dir='ltr'><strong>terum</strong></span> <span class='ocrx_word' id='word_1_658' title='bbox 2207 3893 2528 3959; x_wconf 85' lang='lat' dir='ltr'><strong>sapieutmu,</strong></span> <span class='ocrx_word' id='word_1_659' title='bbox 2562 3895 2757 3959; x_wconf 87' lang='lat' dir='ltr'><strong>quibus</strong></span> <span class='ocrx_word' id='word_1_660' title='bbox 2784 3893 2960 3945; x_wconf 88' lang='lat' dir='ltr'><strong>divina</strong></span> <span class='ocrx_word' id='word_1_661' title='bbox 2996 3893 3084 3947; x_wconf 79' lang='lat' dir='ltr'><strong>lux</strong></span> <span class='ocrx_word' id='word_1_662' title='bbox 3123 3909 3224 3949; x_wconf 90' lang='lat' dir='ltr'><strong>non</strong></span> <span class='ocrx_word' id='word_1_663' title='bbox 3252 3893 3551 3959; x_wconf 39' lang='lat' dir='ltr'><strong>allul&#39;scrat,</strong></span> 
     </span>
    </p>
   </div>
   <div class='ocr_carea' id='block_1_92' title="bbox 1993 3961 3553 4028">
    <p class='ocr_par' dir='ltr' id='par_1_92' title="bbox 1993 3961 3553 4028">
     <span class='ocr_line' id='line_1_94' title="bbox 1993 3961 3553 4028; baseline 0.001 -11"><span class='ocrx_word' id='word_1_664' title='bbox 1993 3966 2061 4017; x_wconf 87' lang='lat' dir='ltr'><strong>de</strong></span> <span class='ocrx_word' id='word_1_665' title='bbox 2111 3978 2177 4015; x_wconf 87' lang='lat' dir='ltr'><strong>eo</strong></span> <span class='ocrx_word' id='word_1_666' title='bbox 2231 3961 2526 4028; x_wconf 80' lang='lat' dir='ltr'><strong>sententias</strong></span> <span class='ocrx_word' id='word_1_667' title='bbox 2562 3962 2942 4028; x_wconf 83' lang='lat' dir='ltr'><strong>perscruteris)</strong></span> <span class='ocrx_word' id='word_1_668' title='bbox 2977 3965 3290 4028; x_wconf 81' lang='lat' dir='ltr'><strong>convenire,</strong></span> <span class='ocrx_word' id='word_1_669' title='bbox 3326 3975 3385 4017; x_wconf 91' lang='lat' dir='ltr'><strong>ut</strong></span> <span class='ocrx_word' id='word_1_670' title='bbox 3417 3966 3553 4020; x_wconf 87' lang='lat' dir='ltr'><strong>nihil</strong></span> 
     </span>
    </p>
   </div>
   <div class='ocr_carea' id='block_1_93' title="bbox 1997 4027 3556 4102">
    <p class='ocr_par' dir='ltr' id='par_1_93' title="bbox 1997 4027 3556 4102">
     <span class='ocr_line' id='line_1_95' title="bbox 1997 4027 3556 4102; baseline 0.004 -20"><span class='ocrx_word' id='word_1_671' title='bbox 1997 4034 2192 4102; x_wconf 72' lang='lat' dir='ltr'><strong>minus.</strong></span> <span class='ocrx_word' id='word_1_672' title='bbox 2230 4027 2406 4102; x_wconf 79' lang='lat' dir='ltr'><strong>Timor</strong></span> <span class='ocrx_word' id='word_1_673' title='bbox 2430 4041 2500 4081; x_wconf 86' lang='lat' dir='ltr'><strong>est</strong></span> <span class='ocrx_word' id='word_1_674' title='bbox 2545 4027 2716 4102; x_wconf 78' lang='lat' dir='ltr'><strong>(aiunt</strong></span> <span class='ocrx_word' id='word_1_675' title='bbox 2756 4027 3122 4102; x_wconf 87' lang='lat' dir='ltr'><strong>Peripatetici)</strong></span> <span class='ocrx_word' id='word_1_676' title='bbox 3151 4027 3292 4102; x_wconf 57' lang='lat' dir='ltr'><strong>lii-mi</strong></span> <span class='ocrx_word' id='word_1_677' title='bbox 3344 4049 3428 4096; x_wconf 82' lang='grc' dir='ltr'>τις</span> <span class='ocrx_word' id='word_1_678' title='bbox 3461 4037 3556 4088; x_wconf 74' lang='grc' dir='ltr'><strong>καὶ</strong></span> 
     </span>
    </p>
   </div>
   <div class='ocr_carea' id='block_1_94' title="bbox 1993 4097 3553 4170">
    <p class='ocr_par' dir='ltr' id='par_1_94' title="bbox 1993 4097 3553 4170">
     <span class='ocr_line' id='line_1_96' title="bbox 1993 4097 3553 4170; baseline 0.004 -18"><span class='ocrx_word' id='word_1_679' title='bbox 1993 4099 2224 4170; x_wconf 68' lang='grc' dir='ltr'>ταραχή,</span> <span class='ocrx_word' id='word_1_680' title='bbox 2278 4097 2430 4170; x_wconf 78' lang='lat' dir='ltr'><strong>dolor</strong></span> <span class='ocrx_word' id='word_1_681' title='bbox 2469 4100 2682 4167; x_wconf 86' lang='lat' dir='ltr'><strong>quidam</strong></span> <span class='ocrx_word' id='word_1_682' title='bbox 2717 4112 2775 4170; x_wconf 87' lang='lat' dir='ltr'><strong>et</strong></span> <span class='ocrx_word' id='word_1_683' title='bbox 2792 4097 3140 4170; x_wconf 44' lang='lat' dir='ltr'><strong>coliturbatio.</strong></span> <span class='ocrx_word' id='word_1_684' title='bbox 3182 4097 3317 4167; x_wconf 82' lang='lat' dir='ltr'><strong>Quid</strong></span> <span class='ocrx_word' id='word_1_685' title='bbox 3364 4114 3553 4158; x_wconf 87' lang='lat' dir='ltr'><strong>contra</strong></span> 
     </span>
    </p>
   </div>
   <div class='ocr_carea' id='block_1_95' title="bbox 1995 4167 3556 4242">
    <p class='ocr_par' dir='ltr' id='par_1_95' title="bbox 1995 4167 3556 4242">
     <span class='ocr_line' id='line_1_97' title="bbox 1995 4167 3556 4242; baseline 0.003 -21"><span class='ocrx_word' id='word_1_686' title='bbox 1995 4167 2089 4242; x_wconf 83' lang='lat' dir='ltr'><strong>per</strong></span> <span class='ocrx_word' id='word_1_687' title='bbox 2116 4167 2450 4242; x_wconf 23' lang='lat' dir='ltr'><strong>‘Sit‘acidem‘</strong></span> <span class='ocrx_word' id='word_1_688' title='bbox 2491 4169 2784 4242; x_wconf 79' lang='lat' dir='ltr'><strong>Dominus?</strong></span> <span class='ocrx_word' id='word_1_689' title='bbox 2835 4167 3012 4224; x_wconf 88' lang='lat' dir='ltr'><strong>Timor</strong></span> <span class='ocrx_word' id='word_1_690' title='bbox 3057 4170 3268 4224; x_wconf 85' lang='lat' dir='ltr'><strong>Domini</strong></span> <span class='ocrx_word' id='word_1_691' title='bbox 3301 4173 3472 4242; x_wconf 86' lang='lat' dir='ltr'><strong>gloria</strong></span> <span class='ocrx_word' id='word_1_692' title='bbox 3505 4184 3556 4226; x_wconf 80' lang='lat' dir='ltr'><strong>et</strong></span> 
     </span>
    </p>
   </div>
   <div class='ocr_carea' id='block_1_96' title="bbox 1993 4239 3554 4308">
    <p class='ocr_par' dir='ltr' id='par_1_96' title="bbox 1993 4239 3554 4308">
     <span class='ocr_line' id='line_1_98' title="bbox 1993 4239 3554 4308; baseline 0.004 -20"><span class='ocrx_word' id='word_1_693' title='bbox 1993 4239 2327 4308; x_wconf 76' lang='lat' dir='ltr'><strong>gloriﬁcatio,</strong></span> <span class='ocrx_word' id='word_1_694' title='bbox 2355 4248 2404 4292; x_wconf 85' lang='lat' dir='ltr'><strong>et</strong></span> <span class='ocrx_word' id='word_1_695' title='bbox 2433 4239 2637 4302; x_wconf 64' lang='lat' dir='ltr'><strong>latitia,</strong></span> <span class='ocrx_word' id='word_1_696' title='bbox 2663 4249 2712 4292; x_wconf 88' lang='lat' dir='ltr'><strong>et</strong></span> <span class='ocrx_word' id='word_1_697' title='bbox 2743 4253 2936 4291; x_wconf 83' lang='lat' dir='ltr'><strong>corona</strong></span> <span class='ocrx_word' id='word_1_698' title='bbox 2961 4239 3344 4296; x_wconf 64' lang='lat' dir='ltr'><strong>exsultationiS.</strong></span> <span class='ocrx_word' id='word_1_699' title='bbox 3373 4242 3554 4298; x_wconf 78' lang='lat' dir='ltr'><strong>Timo-</strong></span> 
     </span>
    </p>
   </div>
   <div class='ocr_carea' id='block_1_97' title="bbox 1999 4310 3551 4377">
    <p class='ocr_par' dir='ltr' id='par_1_97' title="bbox 1999 4310 3551 4377">
     <span class='ocr_line' id='line_1_99' title="bbox 1999 4310 3551 4377; baseline 0.001 -15"><span class='ocrx_word' id='word_1_700' title='bbox 1999 4311 2071 4362; x_wconf 89' lang='lat' dir='ltr'><strong>ris</strong></span> <span class='ocrx_word' id='word_1_701' title='bbox 2105 4323 2288 4362; x_wconf 91' lang='lat' dir='ltr'><strong>comes</strong></span> <span class='ocrx_word' id='word_1_702' title='bbox 2321 4311 2516 4362; x_wconf 87' lang='lat' dir='ltr'><strong>mentis</strong></span> <span class='ocrx_word' id='word_1_703' title='bbox 2546 4318 2752 4374; x_wconf 86' lang='lat' dir='ltr'><strong>stupor,</strong></span> <span class='ocrx_word' id='word_1_704' title='bbox 2787 4319 2842 4361; x_wconf 89' lang='lat' dir='ltr'><strong>et</strong></span> <span class='ocrx_word' id='word_1_705' title='bbox 2892 4310 3214 4377; x_wconf 76' lang='lat' dir='ltr'><strong>ignorantia,</strong></span> <span class='ocrx_word' id='word_1_706' title='bbox 3247 4320 3302 4364; x_wconf 90' lang='lat' dir='ltr'><strong>at</strong></span> <span class='ocrx_word' id='word_1_707' title='bbox 3334 4314 3551 4366; x_wconf 79' lang='lat' dir='ltr'><strong>divinus</strong></span> 
     </span>
    </p>
   </div>
   <div class='ocr_carea' id='block_1_98' title="bbox 1996 4379 3558 4448">
    <p class='ocr_par' dir='ltr' id='par_1_98' title="bbox 1996 4379 3558 4448">
     <span class='ocr_line' id='line_1_100' title="bbox 1996 4379 3558 4448; baseline 0.004 -19"><span class='ocrx_word' id='word_1_708' title='bbox 1996 4379 2156 4431; x_wconf 90' lang='lat' dir='ltr'><strong>timor</strong></span> <span class='ocrx_word' id='word_1_709' title='bbox 2181 4379 2456 4448; x_wconf 66' lang='lat' dir='ltr'><strong>sapientia!</strong></span> <span class='ocrx_word' id='word_1_710' title='bbox 2476 4379 2808 4448; x_wconf 84' lang='lat' dir='ltr'><strong>principium,</strong></span> <span class='ocrx_word' id='word_1_711' title='bbox 2840 4394 3022 4431; x_wconf 87' lang='lat' dir='ltr'><strong>sensus</strong></span> <span class='ocrx_word' id='word_1_712' title='bbox 3043 4382 3442 4442; x_wconf 76' lang='lat' dir='ltr'><strong>consummatio,</strong></span> <span class='ocrx_word' id='word_1_713' title='bbox 3473 4384 3558 4435; x_wconf 88' lang='lat' dir='ltr'><strong>di-</strong></span> 
     </span>
    </p>
   </div>
   <div class='ocr_carea' id='block_1_99' title="bbox 328 4444 3556 4522">
    <p class='ocr_par' dir='ltr' id='par_1_99' title="bbox 328 4444 3556 4522">
     <span class='ocr_line' id='line_1_101' title="bbox 328 4444 3556 4522; baseline -0.001 -14"><span class='ocrx_word' id='word_1_714' title='bbox 328 4458 563 4509; x_wconf 86' lang='lat' dir='ltr'><strong>tentiatn</strong></span> <span class='ocrx_word' id='word_1_715' title='bbox 602 4444 815 4507; x_wconf 75' lang='lat' dir='ltr'><strong>homilia</strong></span> <span class='ocrx_word' id='word_1_716' title='bbox 851 4452 920 4506; x_wconf 77' lang='lat'><strong>26</strong></span> <span class='ocrx_word' id='word_1_717' title='bbox 950 4455 1000 4508; x_wconf 93' lang='lat' dir='ltr'><strong>in</strong></span> <span class='ocrx_word' id='word_1_718' title='bbox 1045 4444 1162 4522; x_wconf 69' lang='lat' dir='ltr'><strong>cap.</strong></span> <span class='ocrx_word' id='word_1_719' title='bbox 1199 4466 1292 4504; x_wconf 86' lang='lat' dir='ltr'><strong>vtu</strong></span> <span class='ocrx_word' id='word_1_720' title='bbox 1323 4448 1640 4522; x_wconf 72' lang='lat' dir='ltr'><strong>_Geneseos;</strong></span> <span class='ocrx_word' id='word_1_721' title='bbox 1675 4459 1728 4501; x_wconf 88' lang='lat' dir='ltr'><strong>et</strong></span> <span class='ocrx_word' id='word_1_722' title='bbox 1762 4444 1892 4522; x_wconf 46' lang='lat' dir='ltr'><strong>Hie:</strong></span> <span class='ocrx_word' id='word_1_723' title='bbox 1919 4452 1971 4512; x_wconf 83' lang='grc' dir='ltr'><strong>ι)</strong></span> <span class='ocrx_word' id='word_1_724' title='bbox 1997 4448 2220 4522; x_wconf 79' lang='lat' dir='ltr'><strong>s_c_ipli_na</strong></span> <span class='ocrx_word' id='word_1_725' title='bbox 2245 4444 2521 4522; x_wconf 68' lang='lat' dir='ltr'><strong>scientiis,</strong></span> <span class='ocrx_word' id='word_1_726' title='bbox 2553 4444 2880 4522; x_wconf 61' lang='lat' dir='ltr'><strong>illuniiitatio</strong></span> <span class='ocrx_word' id='word_1_727' title='bbox 2924 4451 3177 4522; x_wconf 80' lang='lat' dir='ltr'><strong>cordium,</strong></span> <span class='ocrx_word' id='word_1_728' title='bbox 3215 4463 3264 4505; x_wconf 88' lang='lat' dir='ltr'><strong>et</strong></span> <span class='ocrx_word' id='word_1_729' title='bbox 3301 4455 3380 4518; x_wconf 91' lang='lat' dir='ltr'><strong>(ut</strong></span> <span class='ocrx_word' id='word_1_730' title='bbox 3421 4457 3556 4504; x_wconf 86' lang='lat' dir='ltr'><strong>scite</strong></span> 
     </span>
    </p>
   </div>
   <div class='ocr_carea' id='block_1_100' title="bbox 329 4516 1894 4592">
    <p class='ocr_par' dir='ltr' id='par_1_100' title="bbox 329 4516 1894 4592">
     <span class='ocr_line' id='line_1_102' title="bbox 329 4516 1894 4592; baseline -0.005 -14"><span class='ocrx_word' id='word_1_731' title='bbox 329 4538 620 4592; x_wconf 77' lang='lat' dir='ltr'><strong>ronymus.</strong></span> <span class='ocrx_word' id='word_1_732' title='bbox 673 4525 726 4576; x_wconf 92' lang='lat' dir='ltr'><strong>in</strong></span> <span class='ocrx_word' id='word_1_733' title='bbox 783 4522 929 4576; x_wconf 71' lang='lat' dir='ltr'><strong>Isaia:</strong></span> <span class='ocrx_word' id='word_1_734' title='bbox 971 4538 1090 4590; x_wconf 86' lang='lat' dir='ltr'><strong>cap.</strong></span> <span class='ocrx_word' id='word_1_735' title='bbox 1113 4516 1260 4575; x_wconf 52' lang='lat' dir='ltr'><strong>&#39;va.</strong></span> <span class='ocrx_word' id='word_1_736' title='bbox 1294 4520 1712 4592; x_wconf 58' lang='lat' dir='ltr'><strong>Pertinetvero</strong></span> <span class='ocrx_word' id='word_1_737' title='bbox 1746 4525 1799 4569; x_wconf 91' lang='lat' dir='ltr'><strong>et</strong></span> <span class='ocrx_word' id='word_1_738' title='bbox 1827 4516 1894 4570; x_wconf 88' lang='lat' dir='ltr'><strong>ad</strong></span> 
     </span>
    </p>
   </div>
   <div class='ocr_carea' id='block_1_101' title="bbox 328 4587 1897 4656">
    <p class='ocr_par' dir='ltr' id='par_1_101' title="bbox 328 4587 1897 4656">
     <span class='ocr_line' id='line_1_103' title="bbox 328 4587 1897 4656; baseline -0.006 -9"><span class='ocrx_word' id='word_1_739' title='bbox 328 4587 481 4648; x_wconf 71' lang='lat' dir='ltr'><strong>hunc</strong></span> <span class='ocrx_word' id='word_1_740' title='bbox 515 4593 686 4645; x_wconf 91' lang='lat' dir='ltr'><strong>locum</strong></span> <span class='ocrx_word' id='word_1_741' title='bbox 718 4593 996 4656; x_wconf 87' lang='lat' dir='ltr'><strong>adnotare,</strong></span> <span class='ocrx_word' id='word_1_742' title='bbox 1034 4587 1177 4646; x_wconf 84' lang='lat' dir='ltr'><strong>recte</strong></span> <span class='ocrx_word' id='word_1_743' title='bbox 1203 4590 1304 4642; x_wconf 90' lang='lat' dir='ltr'><strong>dici</strong></span> <span class='ocrx_word' id='word_1_744' title='bbox 1329 4604 1357 4641; x_wconf 89' lang='lat' dir='ltr'><strong>a</strong></span> <span class='ocrx_word' id='word_1_745' title='bbox 1382 4587 1728 4652; x_wconf 84' lang='lat' dir='ltr'><strong>Theophane,</strong></span> <span class='ocrx_word' id='word_1_746' title='bbox 1759 4599 1897 4638; x_wconf 85' lang='lat' dir='ltr'><strong>tnor-</strong></span> 
     </span>
    </p>
   </div>
   <div class='ocr_carea' id='block_1_102' title="bbox 329 4656 1894 4730">
    <p class='ocr_par' dir='ltr' id='par_1_102' title="bbox 329 4656 1894 4730">
     <span class='ocr_line' id='line_1_104' title="bbox 329 4656 1894 4730; baseline -0.006 -13"><span class='ocrx_word' id='word_1_747' title='bbox 329 4674 444 4717; x_wconf 88' lang='lat' dir='ltr'><strong>tem</strong></span> <span class='ocrx_word' id='word_1_748' title='bbox 478 4662 638 4730; x_wconf 69' lang='lat' dir='ltr'><strong>primi</strong></span> <span class='ocrx_word' id='word_1_749' title='bbox 681 4661 918 4730; x_wconf 68' lang='lat' dir='ltr'><strong>parentis</strong></span> <span class='ocrx_word' id='word_1_750' title='bbox 968 4677 1033 4714; x_wconf 80' lang='lat' dir='ltr'><strong>ex</strong></span> <span class='ocrx_word' id='word_1_751' title='bbox 1082 4661 1201 4727; x_wconf 82' lang='lat' dir='ltr'><strong>ejus</strong></span> <span class='ocrx_word' id='word_1_752' title='bbox 1235 4673 1360 4713; x_wconf 86' lang='lat' dir='ltr'><strong>casu</strong></span> <span class='ocrx_word' id='word_1_753' title='bbox 1403 4656 1894 4730; x_wconf 69' lang='lat' dir='ltr'><strong>subseculatn,_ad-</strong></span> 
     </span>
    </p>
   </div>
   <div class='ocr_carea' id='block_1_103' title="bbox 328 4723 1892 4798">
    <p class='ocr_par' dir='ltr' id='par_1_103' title="bbox 328 4723 1892 4798">
     <span class='ocr_line' id='line_1_105' title="bbox 328 4723 1892 4798; baseline -0.007 -12"><span class='ocrx_word' id='word_1_754' title='bbox 328 4723 532 4786; x_wconf 72' lang='lat' dir='ltr'><strong>versus</strong></span> <span class='ocrx_word' id='word_1_755' title='bbox 557 4723 798 4783; x_wconf 65' lang='lat' dir='ltr'><strong>Judaeum</strong></span> <span class='ocrx_word' id='word_1_756' title='bbox 827 4723 1142 4798; x_wconf 77' lang='lat' dir='ltr'><strong>Josephuni,</strong></span> <span class='ocrx_word' id='word_1_757' title='bbox 1171 4738 1223 4780; x_wconf 88' lang='lat' dir='ltr'><strong>et</strong></span> <span class='ocrx_word' id='word_1_758' title='bbox 1259 4732 1566 4781; x_wconf 66' lang='lat' dir='ltr'><strong>ltmreticutn</strong></span> <span class='ocrx_word' id='word_1_759' title='bbox 1599 4723 1892 4798; x_wconf 77' lang='lat' dir='ltr'><strong>Pelagium,</strong></span> 
     </span>
    </p>
   </div>
   <div class='ocr_carea' id='block_1_104' title="bbox 331 4797 1896 4866">
    <p class='ocr_par' dir='ltr' id='par_1_104' title="bbox 331 4797 1896 4866">
     <span class='ocr_line' id='line_1_106' title="bbox 331 4797 1896 4866; baseline -0.004 -14"><span class='ocrx_word' id='word_1_760' title='bbox 331 4803 427 4866; x_wconf 90' lang='lat' dir='ltr'><strong>qui</strong></span> <span class='ocrx_word' id='word_1_761' title='bbox 468 4802 786 4852; x_wconf 88' lang='lat' dir='ltr'><strong>moriturum</strong></span> <span class='ocrx_word' id='word_1_762' title='bbox 817 4797 972 4863; x_wconf 87' lang='lat' dir='ltr'><strong>eum,</strong></span> <span class='ocrx_word' id='word_1_763' title='bbox 1003 4801 1100 4852; x_wconf 83' lang='lat' dir='ltr'><strong>etsi</strong></span> <span class='ocrx_word' id='word_1_764' title='bbox 1152 4813 1260 4852; x_wconf 88' lang='lat' dir='ltr'><strong>non</strong></span> <span class='ocrx_word' id='word_1_765' title='bbox 1325 4805 1618 4864; x_wconf 81' lang='lat' dir='ltr'><strong>peccasset,</strong></span> <span class='ocrx_word' id='word_1_766' title='bbox 1660 4797 1896 4866; x_wconf 76' lang='lat' dir='ltr'><strong>allirma-</strong></span> 
     </span>
    </p>
   </div>
   <div class='ocr_carea' id='block_1_105' title="bbox 333 4863 1894 4941">
    <p class='ocr_par' dir='ltr' id='par_1_105' title="bbox 333 4863 1894 4941">
     <span class='ocr_line' id='line_1_107' title="bbox 333 4863 1894 4941; baseline -0.006 -17"><span class='ocrx_word' id='word_1_767' title='bbox 333 4863 487 4924; x_wconf 71' lang='lat' dir='ltr'><strong>runt.</strong></span> <span class='ocrx_word' id='word_1_768' title='bbox 526 4869 968 4941; x_wconf 75' lang='lat' dir='ltr'><strong>Quemerrorem</strong></span> <span class='ocrx_word' id='word_1_769' title='bbox 1001 4863 1404 4941; x_wconf 70' lang='lat' dir='ltr'><strong>damnaverunt</strong></span> <span class='ocrx_word' id='word_1_770' title='bbox 1437 4865 1672 4941; x_wconf 75' lang='lat' dir='ltr'><strong>Africani</strong></span> <span class='ocrx_word' id='word_1_771' title='bbox 1702 4863 1894 4941; x_wconf 68' lang='lat' dir='ltr'><strong>Patres</strong></span> 
     </span>
    </p>
   </div>
   <div class='ocr_carea' id='block_1_106' title="bbox 332 4932 1898 5004">
    <p class='ocr_par' dir='ltr' id='par_1_106' title="bbox 332 4932 1898 5004">
     <span class='ocr_line' id='line_1_108' title="bbox 332 4932 1898 5004; baseline -0.006 -14"><span class='ocrx_word' id='word_1_772' title='bbox 332 4941 390 4991; x_wconf 90' lang='lat' dir='ltr'><strong>in</strong></span> <span class='ocrx_word' id='word_1_773' title='bbox 425 4932 583 4992; x_wconf 81' lang='lat' dir='ltr'><strong>conc.</strong></span> <span class='ocrx_word' id='word_1_774' title='bbox 627 4937 931 4991; x_wconf 82' lang='lat' dir='ltr'><strong>Milevitano</strong></span> <span class='ocrx_word' id='word_1_775' title='bbox 961 4953 1164 4990; x_wconf 91' lang='lat' dir='ltr'><strong>canone</strong></span> <span class='ocrx_word' id='word_1_776' title='bbox 1196 4937 1247 4998; x_wconf 84' lang='grc'><strong>1,</strong></span> <span class='ocrx_word' id='word_1_777' title='bbox 1291 4946 1343 4988; x_wconf 91' lang='lat' dir='ltr'><strong>et</strong></span> <span class='ocrx_word' id='word_1_778' title='bbox 1394 4936 1446 4987; x_wconf 93' lang='lat' dir='ltr'><strong>in</strong></span> <span class='ocrx_word' id='word_1_779' title='bbox 1499 4932 1706 5004; x_wconf 77' lang='lat' dir='ltr'><strong>synodo</strong></span> <span class='ocrx_word' id='word_1_780' title='bbox 1752 4932 1898 4982; x_wconf 86' lang='lat' dir='ltr'><strong>Alri-</strong></span> 
     </span>
    </p>
   </div>
   <div class='ocr_carea' id='block_1_107' title="bbox 334 5005 1895 5071">
    <p class='ocr_par' dir='ltr' id='par_1_107' title="bbox 334 5005 1895 5071">
     <span class='ocr_line' id='line_1_109' title="bbox 334 5005 1895 5071; baseline -0.008 -10"><span class='ocrx_word' id='word_1_781' title='bbox 334 5024 474 5061; x_wconf 85' lang='lat' dir='ltr'><strong>cana</strong></span> <span class='ocrx_word' id='word_1_782' title='bbox 499 5011 756 5062; x_wconf 82' lang='lat' dir='ltr'><strong>adversus</strong></span> <span class='ocrx_word' id='word_1_783' title='bbox 781 5005 1046 5071; x_wconf 86' lang='lat' dir='ltr'><strong>Pelagiqu</strong></span> <span class='ocrx_word' id='word_1_784' title='bbox 1070 5016 1122 5060; x_wconf 89' lang='lat' dir='ltr'><strong>et</strong></span> <span class='ocrx_word' id='word_1_785' title='bbox 1149 5007 1438 5059; x_wconf 81' lang='lat' dir='ltr'><strong>Celestium</strong></span> <span class='ocrx_word' id='word_1_786' title='bbox 1465 5015 1670 5064; x_wconf 85' lang='lat' dir='ltr'><strong>coacta,</strong></span> <span class='ocrx_word' id='word_1_787' title='bbox 1687 5014 1895 5071; x_wconf 76' lang='lat' dir='ltr'><strong>canone</strong></span> 
     </span>
    </p>
   </div>
   <div class='ocr_carea' id='block_1_108' title="bbox 336 5070 1895 5140">
    <p class='ocr_par' dir='ltr' id='par_1_108' title="bbox 336 5070 1895 5140">
     <span class='ocr_line' id='line_1_110' title="bbox 336 5070 1895 5140; baseline -0.006 -12"><span class='ocrx_word' id='word_1_788' title='bbox 336 5078 429 5140; x_wconf 77' lang='lat'><strong>75,</strong></span> <span class='ocrx_word' id='word_1_789' title='bbox 461 5088 515 5129; x_wconf 84' lang='lat' dir='ltr'><strong>et</strong></span> <span class='ocrx_word' id='word_1_790' title='bbox 542 5075 843 5129; x_wconf 83' lang='lat' dir='ltr'><strong>Tridentini</strong></span> <span class='ocrx_word' id='word_1_791' title='bbox 876 5070 927 5128; x_wconf 81' lang='lat' dir='ltr'><strong>ni</strong></span> <span class='ocrx_word' id='word_1_792' title='bbox 961 5078 1201 5129; x_wconf 85' lang='lat' dir='ltr'><strong>sessione</strong></span> <span class='ocrx_word' id='word_1_793' title='bbox 1250 5075 1322 5128; x_wconf 88' lang='lat' dir='ltr'><strong>De</strong></span> <span class='ocrx_word' id='word_1_794' title='bbox 1368 5083 1576 5140; x_wconf 85' lang='lat' dir='ltr'><strong>peccato</strong></span> <span class='ocrx_word' id='word_1_795' title='bbox 1623 5070 1895 5140; x_wconf 75' lang='lat' dir='ltr'><strong>originali.</strong></span> 
     </span>
    </p>
   </div>
   <div class='ocr_carea' id='block_1_109' title="bbox 339 5139 1894 5214">
    <p class='ocr_par' dir='ltr' id='par_1_109' title="bbox 339 5139 1894 5214">
     <span class='ocr_line' id='line_1_111' title="bbox 339 5139 1894 5214; baseline -0.005 -16"><span class='ocrx_word' id='word_1_796' title='bbox 339 5139 701 5214; x_wconf 80' lang='lat' dir='ltr'><strong>Hieronymus</strong></span> <span class='ocrx_word' id='word_1_797' title='bbox 737 5147 1245 5214; x_wconf 87' lang='lat' dir='ltr'><strong>commentariorum</strong></span> <span class='ocrx_word' id='word_1_798' title='bbox 1284 5146 1333 5194; x_wconf 92' lang='lat' dir='ltr'><strong>in</strong></span> <span class='ocrx_word' id='word_1_799' title='bbox 1366 5139 1608 5214; x_wconf 55' lang='lat' dir='ltr'><strong>Jobpap.</strong></span> <span class='ocrx_word' id='word_1_800' title='bbox 1640 5141 1752 5214; x_wconf 27' lang='grc' dir='ltr'><strong>ὃς.</strong></span> <span class='ocrx_word' id='word_1_801' title='bbox 1783 5139 1894 5191; x_wconf 85' lang='lat' dir='ltr'><strong>Au-</strong></span> 
     </span>
    </p>
   </div>
   <div class='ocr_carea' id='block_1_110' title="bbox 337 5211 1894 5283">
    <p class='ocr_par' dir='ltr' id='par_1_110' title="bbox 337 5211 1894 5283">
     <span class='ocr_line' id='line_1_112' title="bbox 337 5211 1894 5283; baseline -0.004 -17"><span class='ocrx_word' id='word_1_802' title='bbox 337 5211 607 5283; x_wconf 81' lang='lat' dir='ltr'><strong>gustinus,</strong></span> <span class='ocrx_word' id='word_1_803' title='bbox 644 5214 818 5283; x_wconf 90' lang='lat' dir='ltr'><strong>inlib.</strong></span> <span class='ocrx_word' id='word_1_804' title='bbox 878 5213 948 5267; x_wconf 88' lang='lat' dir='ltr'><strong>De</strong></span> <span class='ocrx_word' id='word_1_805' title='bbox 977 5215 1278 5275; x_wconf 71' lang='lat' dir='ltr'><strong>Incresibus,</strong></span> <span class='ocrx_word' id='word_1_806' title='bbox 1341 5215 1406 5266; x_wconf 87' lang='lat' dir='ltr'><strong>ad</strong></span> <span class='ocrx_word' id='word_1_807' title='bbox 1459 5211 1894 5283; x_wconf 69' lang='lat' dir='ltr'><strong>Quodvultdcum,</strong></span> 
     </span>
    </p>
   </div>
   <div class='ocr_carea' id='block_1_111' title="bbox 339 5279 1899 5352">
    <p class='ocr_par' dir='ltr' id='par_1_111' title="bbox 339 5279 1899 5352">
     <span class='ocr_line' id='line_1_113' title="bbox 339 5279 1899 5352; baseline -0.003 -17"><span class='ocrx_word' id='word_1_808' title='bbox 339 5279 392 5335; x_wconf 66' lang='lat' dir='ltr'><strong>Et</strong></span> <span class='ocrx_word' id='word_1_809' title='bbox 435 5285 528 5336; x_wconf 80' lang='lat' dir='ltr'><strong>lib.</strong></span> <span class='ocrx_word' id='word_1_810' title='bbox 561 5299 656 5336; x_wconf 76' lang='lat' dir='ltr'><strong>siti</strong></span> <span class='ocrx_word' id='word_1_811' title='bbox 684 5282 927 5336; x_wconf 81' lang='lat' dir='ltr'><strong>Civitatis</strong></span> <span class='ocrx_word' id='word_1_812' title='bbox 961 5300 1080 5352; x_wconf 87' lang='lat' dir='ltr'><strong>cap.</strong></span> <span class='ocrx_word' id='word_1_813' title='bbox 1115 5284 1180 5335; x_wconf 74' lang='grc'><strong>12</strong></span> <span class='ocrx_word' id='word_1_814' title='bbox 1217 5294 1268 5334; x_wconf 90' lang='lat' dir='ltr'><strong>et</strong></span> <span class='ocrx_word' id='word_1_815' title='bbox 1314 5283 1399 5352; x_wconf 58' lang='grc'><strong>15.</strong></span> <span class='ocrx_word' id='word_1_816' title='bbox 1428 5293 1482 5335; x_wconf 88' lang='lat' dir='ltr'><strong>et</strong></span> <span class='ocrx_word' id='word_1_817' title='bbox 1511 5282 1605 5352; x_wconf 89' lang='lat' dir='ltr'><strong>lib.</strong></span> <span class='ocrx_word' id='word_1_818' title='bbox 1633 5295 1646 5332; x_wconf 90' lang='grc' dir='ltr'><strong>ι</strong></span> <span class='ocrx_word' id='word_1_819' title='bbox 1679 5279 1752 5352; x_wconf 66' lang='lat' dir='ltr'><strong>De</strong></span> <span class='ocrx_word' id='word_1_820' title='bbox 1782 5294 1899 5352; x_wconf 82' lang='lat' dir='ltr'><strong>pec-</strong></span> 
     </span>
    </p>
   </div>
   <div class='ocr_carea' id='block_1_112' title="bbox 339 5349 1898 5421">
    <p class='ocr_par' dir='ltr' id='par_1_112' title="bbox 339 5349 1898 5421">
     <span class='ocr_line' id='line_1_114' title="bbox 339 5349 1898 5421; baseline -0.004 -15"><span class='ocrx_word' id='word_1_821' title='bbox 339 5363 577 5406; x_wconf 83' lang='lat' dir='ltr'><strong>catorum</strong></span> <span class='ocrx_word' id='word_1_822' title='bbox 613 5354 785 5405; x_wconf 82' lang='lat' dir='ltr'><strong>merit.</strong></span> <span class='ocrx_word' id='word_1_823' title='bbox 827 5369 943 5421; x_wconf 78' lang='lat' dir='ltr'><strong>Cap.</strong></span> <span class='ocrx_word' id='word_1_824' title='bbox 981 5349 1041 5416; x_wconf 59' lang='grc' dir='ltr'><strong>ἓξ</strong></span> <span class='ocrx_word' id='word_1_825' title='bbox 1063 5354 1116 5416; x_wconf 73' lang='grc'><strong>4,</strong></span> <span class='ocrx_word' id='word_1_826' title='bbox 1147 5363 1200 5405; x_wconf 87' lang='lat' dir='ltr'><strong>et</strong></span> <span class='ocrx_word' id='word_1_827' title='bbox 1225 5357 1295 5418; x_wconf 83' lang='lat'><strong>6;</strong></span> <span class='ocrx_word' id='word_1_828' title='bbox 1335 5350 1672 5421; x_wconf 83' lang='lat' dir='ltr'><strong>Fulgentius,</strong></span> <span class='ocrx_word' id='word_1_829' title='bbox 1706 5349 1778 5400; x_wconf 89' lang='lat' dir='ltr'><strong>De</strong></span> <span class='ocrx_word' id='word_1_830' title='bbox 1812 5349 1898 5399; x_wconf 86' lang='lat' dir='ltr'><strong>in-</strong></span> 
     </span>
    </p>
   </div>
   <div class='ocr_carea' id='block_1_113' title="bbox 339 5420 1896 5490">
    <p class='ocr_par' dir='ltr' id='par_1_113' title="bbox 339 5420 1896 5490">
     <span class='ocr_line' id='line_1_115' title="bbox 339 5420 1896 5490; baseline -0.004 -16"><span class='ocrx_word' id='word_1_831' title='bbox 339 5434 545 5475; x_wconf 86' lang='lat' dir='ltr'><strong>carnat.</strong></span> <span class='ocrx_word' id='word_1_832' title='bbox 569 5433 614 5474; x_wconf 88' lang='lat' dir='ltr'><strong>et</strong></span> <span class='ocrx_word' id='word_1_833' title='bbox 635 5431 776 5490; x_wconf 82' lang='lat' dir='ltr'><strong>grat.</strong></span> <span class='ocrx_word' id='word_1_834' title='bbox 805 5420 924 5490; x_wconf 79' lang='lat' dir='ltr'><strong>cap.</strong></span> <span class='ocrx_word' id='word_1_835' title='bbox 949 5423 1033 5488; x_wconf 69' lang='lat'><strong>1‘2;</strong></span> <span class='ocrx_word' id='word_1_836' title='bbox 1067 5422 1303 5489; x_wconf 77' lang='lat' dir='ltr'><strong>Prosper</strong></span> <span class='ocrx_word' id='word_1_837' title='bbox 1335 5432 1521 5475; x_wconf 83' lang='lat' dir='ltr'><strong>contra</strong></span> <span class='ocrx_word' id='word_1_838' title='bbox 1548 5420 1896 5490; x_wconf 56' lang='lat' dir='ltr'><strong>Collgtot&#39;ettt,</strong></span> 
     </span>
    </p>
   </div>
   <div class='ocr_carea' id='block_1_114' title="bbox 335 5487 1895 5559">
    <p class='ocr_par' dir='ltr' id='par_1_114' title="bbox 335 5487 1895 5559">
     <span class='ocr_line' id='line_1_116' title="bbox 335 5487 1895 5559; baseline -0.004 -14"><span class='ocrx_word' id='word_1_839' title='bbox 335 5507 457 5559; x_wconf 84' lang='lat' dir='ltr'><strong>cap.</strong></span> <span class='ocrx_word' id='word_1_840' title='bbox 495 5492 598 5558; x_wconf 66' lang='lat'><strong>2|;</strong></span> <span class='ocrx_word' id='word_1_841' title='bbox 637 5487 974 5556; x_wconf 65' lang='lat' dir='ltr'><strong>Bernartius,</strong></span> <span class='ocrx_word' id='word_1_842' title='bbox 1010 5487 1258 5546; x_wconf 77' lang='lat' dir='ltr'><strong>sermone</strong></span> <span class='ocrx_word' id='word_1_843' title='bbox 1307 5496 1372 5543; x_wconf 86' lang='lat' dir='ltr'><strong>ad</strong></span> <span class='ocrx_word' id='word_1_844' title='bbox 1423 5491 1620 5542; x_wconf 87' lang='lat' dir='ltr'><strong>milites</strong></span> <span class='ocrx_word' id='word_1_845' title='bbox 1667 5487 1895 5559; x_wconf 71' lang='lat' dir='ltr'><strong>Templi,</strong></span> 
     </span>
    </p>
   </div>
   <div class='ocr_carea' id='block_1_115' title="bbox 338 5558 1895 5631">
    <p class='ocr_par' dir='ltr' id='par_1_115' title="bbox 338 5558 1895 5631">
     <span class='ocr_line' id='line_1_117' title="bbox 338 5558 1895 5631; baseline -0.004 -19"><span class='ocrx_word' id='word_1_846' title='bbox 338 5558 470 5631; x_wconf 45' lang='lat' dir='ltr'><strong>cap:</strong></span> <span class='ocrx_word' id='word_1_847' title='bbox 496 5563 581 5624; x_wconf 85' lang='lat' dir='ltr'><strong>ll;</strong></span> <span class='ocrx_word' id='word_1_848' title='bbox 619 5577 682 5615; x_wconf 73' lang='lat' dir='ltr'><strong>ex</strong></span> <span class='ocrx_word' id='word_1_849' title='bbox 718 5563 919 5631; x_wconf 66' lang='lat' dir='ltr'><strong>Graecis</strong></span> <span class='ocrx_word' id='word_1_850' title='bbox 960 5577 1084 5616; x_wconf 87' lang='lat' dir='ltr'><strong>vero</strong></span> <span class='ocrx_word' id='word_1_851' title='bbox 1115 5561 1531 5631; x_wconf 49' lang='lat' dir='ltr'><strong>Chrysouomus</strong></span> <span class='ocrx_word' id='word_1_852' title='bbox 1562 5559 1782 5612; x_wconf 65' lang='lat' dir='ltr'><strong>homilia</strong></span> <span class='ocrx_word' id='word_1_853' title='bbox 1834 5558 1895 5609; x_wconf 86' lang='lat' dir='ltr'><strong>l&#39;l</strong></span> 
     </span>
    </p>
   </div>
   <div class='ocr_carea' id='block_1_116' title="bbox 337 5629 1898 5694">
    <p class='ocr_par' dir='ltr' id='par_1_116' title="bbox 337 5629 1898 5694">
     <span class='ocr_line' id='line_1_118' title="bbox 337 5629 1898 5694; baseline 0 -12"><span class='ocrx_word' id='word_1_854' title='bbox 337 5633 389 5682; x_wconf 91' lang='lat' dir='ltr'><strong>in</strong></span> <span class='ocrx_word' id='word_1_855' title='bbox 434 5629 728 5694; x_wconf 82' lang='lat' dir='ltr'><strong>Genesim;</strong></span> <span class='ocrx_word' id='word_1_856' title='bbox 764 5630 992 5686; x_wconf 85' lang='lat' dir='ltr'><strong>Basilius</strong></span> <span class='ocrx_word' id='word_1_857' title='bbox 1028 5629 1274 5687; x_wconf 81' lang='lat' dir='ltr'><strong>seruiouc</strong></span> <span class='ocrx_word' id='word_1_858' title='bbox 1316 5635 1380 5684; x_wconf 88' lang='lat' dir='ltr'><strong>de</strong></span> <span class='ocrx_word' id='word_1_859' title='bbox 1417 5632 1754 5684; x_wconf 69' lang='lat' dir='ltr'><strong>abdicatione</strong></span> <span class='ocrx_word' id='word_1_860' title='bbox 1797 5643 1898 5682; x_wconf 77' lang='lat' dir='ltr'><strong>sc-</strong></span> 
     </span>
    </p>
   </div>
   <div class='ocr_carea' id='block_1_117' title="bbox 338 5702 1704 5770">
    <p class='ocr_par' dir='ltr' id='par_1_117' title="bbox 338 5702 1704 5770">
     <span class='ocr_line' id='line_1_119' title="bbox 338 5702 1704 5770; baseline 0.002 -18"><span class='ocrx_word' id='word_1_861' title='bbox 338 5702 466 5763; x_wconf 82' lang='lat' dir='ltr'><strong>culi,</strong></span> <span class='ocrx_word' id='word_1_862' title='bbox 498 5712 657 5770; x_wconf 85' lang='lat' dir='ltr'><strong>atque</strong></span> <span class='ocrx_word' id='word_1_863' title='bbox 687 5702 799 5754; x_wconf 83' lang='lat' dir='ltr'><strong>alii.</strong></span> <span class='ocrx_word' id='word_1_864' title='bbox 1695 5725 1704 5734; x_wconf 57' lang='grc' dir='ltr'>κ</span> 
     </span>
    </p>
   </div>
   <div class='ocr_carea' id='block_1_118' title="bbox 1997 4515 3555 4590">
    <p class='ocr_par' dir='ltr' id='par_1_118' title="bbox 1997 4515 3555 4590">
     <span class='ocr_line' id='line_1_120' title="bbox 1997 4515 3555 4590; baseline 0.002 -20"><span class='ocrx_word' id='word_1_865' title='bbox 1997 4517 2304 4590; x_wconf 70' lang='lat' dir='ltr'><strong>Theologus</strong></span> <span class='ocrx_word' id='word_1_866' title='bbox 2337 4515 2570 4590; x_wconf 74' lang='lat' dir='ltr'><strong>scripsit)</strong></span> <span class='ocrx_word' id='word_1_867' title='bbox 2592 4517 2815 4590; x_wconf 52' lang='grc' dir='ltr'>πρῶτον</span> <span class='ocrx_word' id='word_1_868' title='bbox 2839 4519 3027 4590; x_wconf 79' lang='grc' dir='ltr'>σοφίας</span> <span class='ocrx_word' id='word_1_869' title='bbox 3052 4515 3366 4590; x_wconf 77' lang='grc' dir='ltr'>σπάργανον</span> <span class='ocrx_word' id='word_1_870' title='bbox 3386 4522 3555 4588; x_wconf 86' lang='lat' dir='ltr'><strong>prima</strong></span> 
     </span>
    </p>
   </div>
   <div class='ocr_carea' id='block_1_119' title="bbox 1997 4585 3554 4656">
    <p class='ocr_par' dir='ltr' id='par_1_119' title="bbox 1997 4585 3554 4656">
     <span class='ocr_line' id='line_1_121' title="bbox 1997 4585 3554 4656; baseline 0.002 -18"><span class='ocrx_word' id='word_1_871' title='bbox 1997 4585 2292 4656; x_wconf 78' lang='lat' dir='ltr'><strong>disciplina:</strong></span> <span class='ocrx_word' id='word_1_872' title='bbox 2347 4586 2535 4656; x_wconf 80' lang='lat' dir='ltr'><strong>fascia.</strong></span> <span class='ocrx_word' id='word_1_873' title='bbox 2592 4585 2863 4639; x_wconf 89' lang='lat' dir='ltr'><strong>Timorem</strong></span> <span class='ocrx_word' id='word_1_874' title='bbox 2918 4589 3017 4640; x_wconf 88' lang='lat' dir='ltr'><strong>lide</strong></span> <span class='ocrx_word' id='word_1_875' title='bbox 3063 4599 3118 4641; x_wconf 92' lang='lat' dir='ltr'><strong>et</strong></span> <span class='ocrx_word' id='word_1_876' title='bbox 3167 4585 3276 4656; x_wconf 73' lang='lat' dir='ltr'><strong>spe</strong></span> <span class='ocrx_word' id='word_1_877' title='bbox 3335 4585 3554 4642; x_wconf 82' lang='lat' dir='ltr'><strong>destitui</strong></span> 
     </span>
    </p>
   </div>
   <div class='ocr_carea' id='block_1_120' title="bbox 1997 4655 3558 4724">
    <p class='ocr_par' dir='ltr' id='par_1_120' title="bbox 1997 4655 3558 4724">
     <span class='ocr_line' id='line_1_122' title="bbox 1997 4655 3558 4724; baseline 0.001 -14"><span class='ocrx_word' id='word_1_878' title='bbox 1997 4655 2304 4710; x_wconf 89' lang='lat' dir='ltr'><strong>Stoicorum</strong></span> <span class='ocrx_word' id='word_1_879' title='bbox 2339 4659 2456 4708; x_wconf 82' lang='lat' dir='ltr'><strong>luit.</strong></span> <span class='ocrx_word' id='word_1_880' title='bbox 2501 4655 2722 4717; x_wconf 77' lang='lat' dir='ltr'><strong>Contra,</strong></span> <span class='ocrx_word' id='word_1_881' title='bbox 2756 4657 3047 4708; x_wconf 76' lang='lat' dir='ltr'><strong>timentium</strong></span> <span class='ocrx_word' id='word_1_882' title='bbox 3100 4655 3379 4711; x_wconf 81' lang='lat' dir='ltr'><strong>Dominum</strong></span> <span class='ocrx_word' id='word_1_883' title='bbox 3431 4659 3558 4724; x_wconf 77' lang='lat' dir='ltr'><strong>ﬁliis</strong></span> 
     </span>
    </p>
   </div>
   <div class='ocr_carea' id='block_1_121' title="bbox 1995 4724 3562 4792">
    <p class='ocr_par' dir='ltr' id='par_1_121' title="bbox 1995 4724 3562 4792">
     <span class='ocr_line' id='line_1_123' title="bbox 1995 4724 3562 4792; baseline 0.001 -13"><span class='ocrx_word' id='word_1_884' title='bbox 1995 4737 2042 4779; x_wconf 89' lang='lat' dir='ltr'><strong>et</strong></span> <span class='ocrx_word' id='word_1_885' title='bbox 2075 4741 2188 4792; x_wconf 86' lang='lat' dir='ltr'><strong>spes</strong></span> <span class='ocrx_word' id='word_1_886' title='bbox 2218 4736 2263 4779; x_wconf 88' lang='lat' dir='ltr'><strong>et</strong></span> <span class='ocrx_word' id='word_1_887' title='bbox 2296 4725 2493 4790; x_wconf 85' lang='lat' dir='ltr'><strong>ﬁducia</strong></span> <span class='ocrx_word' id='word_1_888' title='bbox 2522 4724 2854 4792; x_wconf 78' lang='lat' dir='ltr'><strong>fortitudinis</strong></span> <span class='ocrx_word' id='word_1_889' title='bbox 2881 4737 2978 4788; x_wconf 82' lang='lat' dir='ltr'><strong>est,</strong></span> <span class='ocrx_word' id='word_1_890' title='bbox 3001 4737 3046 4778; x_wconf 89' lang='lat' dir='ltr'><strong>et</strong></span> <span class='ocrx_word' id='word_1_891' title='bbox 3072 4743 3171 4780; x_wconf 87' lang='lat' dir='ltr'><strong>non</strong></span> <span class='ocrx_word' id='word_1_892' title='bbox 3205 4738 3359 4780; x_wconf 85' lang='lat' dir='ltr'><strong>erunt</strong></span> <span class='ocrx_word' id='word_1_893' title='bbox 3393 4729 3562 4780; x_wconf 87' lang='lat' dir='ltr'><strong>incre-</strong></span> 
     </span>
    </p>
   </div>
   <div class='ocr_carea' id='block_1_122' title="bbox 1997 4793 3558 4863">
    <p class='ocr_par' dir='ltr' id='par_1_122' title="bbox 1997 4793 3558 4863">
     <span class='ocr_line' id='line_1_124' title="bbox 1997 4793 3558 4863; baseline 0.003 -16"><span class='ocrx_word' id='word_1_894' title='bbox 1997 4796 2184 4848; x_wconf 81' lang='lat' dir='ltr'><strong>dibiles</strong></span> <span class='ocrx_word' id='word_1_895' title='bbox 2223 4795 2369 4847; x_wconf 81' lang='lat' dir='ltr'><strong>verbo</strong></span> <span class='ocrx_word' id='word_1_896' title='bbox 2410 4793 2539 4858; x_wconf 86' lang='lat' dir='ltr'><strong>Dei,</strong></span> <span class='ocrx_word' id='word_1_897' title='bbox 2583 4795 2712 4861; x_wconf 76' lang='lat' dir='ltr'><strong>ﬁdes</strong></span> <span class='ocrx_word' id='word_1_898' title='bbox 2753 4796 2894 4845; x_wconf 85' lang='lat' dir='ltr'><strong>enim</strong></span> <span class='ocrx_word' id='word_1_899' title='bbox 2945 4795 3290 4863; x_wconf 83' lang='lat' dir='ltr'><strong>ugglutinatio</strong></span> <span class='ocrx_word' id='word_1_900' title='bbox 3328 4799 3558 4851; x_wconf 78' lang='lat' dir='ltr'><strong>timoris.</strong></span> 
     </span>
    </p>
   </div>
   <div class='ocr_carea' id='block_1_123' title="bbox 1999 4863 3564 4985">
    <p class='ocr_par' dir='ltr' id='par_1_123' title="bbox 1999 4863 3564 4985">
     <span class='ocr_line' id='line_1_125' title="bbox 1999 4863 3564 4985; baseline 0.002 -68"><span class='ocrx_word' id='word_1_901' title='bbox 1999 4863 2185 4918; x_wconf 86' lang='lat' dir='ltr'><strong>Timor</strong></span> <span class='ocrx_word' id='word_1_902' title='bbox 2214 4863 2393 4917; x_wconf 81' lang='lat' dir='ltr'><strong>odium</strong></span> <span class='ocrx_word' id='word_1_903' title='bbox 2424 4864 2610 4932; x_wconf 89' lang='lat' dir='ltr'><strong>gignit,</strong></span> <span class='ocrx_word' id='word_1_904' title='bbox 2643 4873 2696 4916; x_wconf 90' lang='lat' dir='ltr'><strong>ut</strong></span> <span class='ocrx_word' id='word_1_905' title='bbox 2716 4867 2950 4932; x_wconf 88' lang='lat' dir='ltr'><strong>antiquis</strong></span> <span class='ocrx_word' id='word_1_906' title='bbox 2969 4867 3462 4985; x_wconf 48' lang='lat' dir='ltr'><strong>apogliiegtnatibus</strong></span> <span class='ocrx_word' id='word_1_907' title='bbox 3484 4871 3564 4920; x_wconf 86' lang='lat' dir='ltr'><strong>iii-</strong></span> 
     </span>
     <span class='ocr_line' id='line_1_126' title="bbox 2000 4934 3561 4985; baseline 0 0"><span class='ocrx_word' id='word_1_908' title='bbox 2000 4945 2283 4985; x_wconf 85' lang='lat' dir='ltr'><strong>struttnur.</strong></span> <span class='ocrx_word' id='word_1_909' title='bbox 2319 4943 2372 4985; x_wconf 90' lang='lat' dir='ltr'><strong>et</strong></span> <span class='ocrx_word' id='word_1_910' title='bbox 2399 4935 2661 4985; x_wconf 57' lang='lat' dir='ltr'><strong>exemplis</strong></span> <span class='ocrx_word' id='word_1_911' title='bbox 2690 4935 2969 4985; x_wconf 82' lang='lat' dir='ltr'><strong>dueemur.</strong></span> <span class='ocrx_word' id='word_1_912' title='bbox 3003 4934 3088 4985; x_wconf 74' lang='grc' dir='ltr'><strong>δι’(</strong></span> <span class='ocrx_word' id='word_1_913' title='bbox 3154 4940 3310 4985; x_wconf 85' lang='lat' dir='ltr'><strong>timor</strong></span> <span class='ocrx_word' id='word_1_914' title='bbox 3348 4937 3561 4985; x_wconf 78' lang='grc' dir='ltr'>υυιι.ἰιιί</span> 
     </span>
    </p>
   </div>
   <div class='ocr_carea' id='block_1_124' title="bbox 2000 4934 3563 5000">
    <p class='ocr_par' dir='ltr' id='par_1_124' title="bbox 2000 4934 3563 5000">
     <span class='ocr_line' id='line_1_127' title="bbox 2000 4934 3563 5000; baseline 0.004 -15"><span class='ocrx_word' id='word_1_915' title='bbox 2000 4945 2283 4994; x_wconf 88' lang='lat' dir='ltr'><strong>strunuur,</strong></span> <span class='ocrx_word' id='word_1_916' title='bbox 2319 4943 2372 4986; x_wconf 90' lang='lat' dir='ltr'><strong>et</strong></span> <span class='ocrx_word' id='word_1_917' title='bbox 2399 4935 2661 5000; x_wconf 57' lang='lat' dir='ltr'><strong>exemplis</strong></span> <span class='ocrx_word' id='word_1_918' title='bbox 2690 4935 2969 4987; x_wconf 80' lang='lat' dir='ltr'><strong>dueeiiiiir.</strong></span> <span class='ocrx_word' id='word_1_919' title='bbox 3003 4934 3104 4986; x_wconf 68' lang='lat' dir='ltr'><strong>Sed</strong></span> <span class='ocrx_word' id='word_1_920' title='bbox 3154 4934 3310 4988; x_wconf 78' lang='lat' dir='ltr'><strong>timor</strong></span> <span class='ocrx_word' id='word_1_921' title='bbox 3348 4937 3563 4991; x_wconf 78' lang='grc' dir='ltr'>υυιιιὶιιί</span> 
     </span>
    </p>
   </div>
   <div class='ocr_carea' id='block_1_125' title="bbox 2000 5003 3558 5065">
    <p class='ocr_par' dir='ltr' id='par_1_125' title="bbox 2000 5003 3558 5065">
     <span class='ocr_line' id='line_1_128' title="bbox 2000 5003 3558 5065; baseline 0.004 -10"><span class='ocrx_word' id='word_1_922' title='bbox 2000 5003 2210 5055; x_wconf 88' lang='lat' dir='ltr'><strong>initium</strong></span> <span class='ocrx_word' id='word_1_923' title='bbox 2255 5013 2328 5054; x_wconf 75' lang='lat' dir='ltr'><strong>est</strong></span> <span class='ocrx_word' id='word_1_924' title='bbox 2373 5003 2692 5065; x_wconf 81' lang='lat' dir='ltr'><strong>dilectionis,</strong></span> <span class='ocrx_word' id='word_1_925' title='bbox 2756 5015 2799 5054; x_wconf 87' lang='lat' dir='ltr'><strong>et</strong></span> <span class='ocrx_word' id='word_1_926' title='bbox 2842 5003 3114 5056; x_wconf 84' lang='lat' dir='ltr'><strong>oblectatio</strong></span> <span class='ocrx_word' id='word_1_927' title='bbox 3161 5006 3558 5060; x_wconf 71' lang='lat' dir='ltr'><strong>misericordiaz.</strong></span> 
     </span>
    </p>
   </div>
   <div class='ocr_carea' id='block_1_126' title="bbox 2000 5073 3561 5140">
    <p class='ocr_par' dir='ltr' id='par_1_126' title="bbox 2000 5073 3561 5140">
     <span class='ocr_line' id='line_1_129' title="bbox 2000 5073 3561 5140; baseline 0.006 -19"><span class='ocrx_word' id='word_1_928' title='bbox 2000 5075 2139 5136; x_wconf 77' lang='lat' dir='ltr'><strong>Quid</strong></span> <span class='ocrx_word' id='word_1_929' title='bbox 2199 5073 2374 5125; x_wconf 88' lang='lat' dir='ltr'><strong>timori</strong></span> <span class='ocrx_word' id='word_1_930' title='bbox 2423 5074 2752 5140; x_wconf 77' lang='lat' dir='ltr'><strong>gertnanius,</strong></span> <span class='ocrx_word' id='word_1_931' title='bbox 2787 5088 2946 5139; x_wconf 85' lang='lat' dir='ltr'><strong>quam</strong></span> <span class='ocrx_word' id='word_1_932' title='bbox 2998 5074 3220 5127; x_wconf 78' lang='lat' dir='ltr'><strong>timere?</strong></span> <span class='ocrx_word' id='word_1_933' title='bbox 3274 5075 3561 5130; x_wconf 83' lang='lat' dir='ltr'><strong>Dominum</strong></span> 
     </span>
    </p>
   </div>
   <div class='ocr_carea' id='block_1_127' title="bbox 2001 5141 3562 5210">
    <p class='ocr_par' dir='ltr' id='par_1_127' title="bbox 2001 5141 3562 5210">
     <span class='ocr_line' id='line_1_130' title="bbox 2001 5141 3562 5210; baseline 0.001 -16"><span class='ocrx_word' id='word_1_934' title='bbox 2001 5150 2179 5194; x_wconf 86' lang='lat' dir='ltr'><strong>tamen</strong></span> <span class='ocrx_word' id='word_1_935' title='bbox 2235 5144 2502 5203; x_wconf 88' lang='lat' dir='ltr'><strong>timentes,</strong></span> <span class='ocrx_word' id='word_1_936' title='bbox 2543 5143 2676 5194; x_wconf 69' lang='lat' dir='ltr'><strong>niihil</strong></span> <span class='ocrx_word' id='word_1_937' title='bbox 2722 5142 3080 5210; x_wconf 57' lang='lat' dir='ltr'><strong>trepidabunt,</strong></span> <span class='ocrx_word' id='word_1_938' title='bbox 3121 5141 3221 5197; x_wconf 65' lang='lat' dir='ltr'><strong>n‘on</strong></span> <span class='ocrx_word' id='word_1_939' title='bbox 3267 5147 3518 5210; x_wconf 73' lang='lat' dir='ltr'><strong>parebunt</strong></span> <span class='ocrx_word' id='word_1_940' title='bbox 3544 5185 3562 5210; x_wconf 89' lang='lat'><strong>,</strong></span> 
     </span>
    </p>
   </div>
   <div class='ocr_carea' id='block_1_128' title="bbox 1999 5210 3564 5278">
    <p class='ocr_par' dir='ltr' id='par_1_128' title="bbox 1999 5210 3564 5278">
     <span class='ocr_line' id='line_1_131' title="bbox 1999 5210 3564 5278; baseline 0.004 -17"><span class='ocrx_word' id='word_1_941' title='bbox 1999 5210 2246 5277; x_wconf 88' lang='lat' dir='ltr'><strong>quoniam</strong></span> <span class='ocrx_word' id='word_1_942' title='bbox 2292 5211 2399 5277; x_wconf 84' lang='lat' dir='ltr'><strong>ipse</strong></span> <span class='ocrx_word' id='word_1_943' title='bbox 2447 5221 2522 5263; x_wconf 88' lang='lat' dir='ltr'><strong>est</strong></span> <span class='ocrx_word' id='word_1_944' title='bbox 2567 5227 2682 5278; x_wconf 81' lang='lat' dir='ltr'><strong>spes</strong></span> <span class='ocrx_word' id='word_1_945' title='bbox 2723 5228 2922 5264; x_wconf 85' lang='lat' dir='ltr'><strong>eorum.</strong></span> <span class='ocrx_word' id='word_1_946' title='bbox 2962 5213 3025 5265; x_wconf 81' lang='lat' dir='ltr'><strong>Et</strong></span> <span class='ocrx_word' id='word_1_947' title='bbox 3054 5213 3275 5268; x_wconf 66' lang='lat' dir='ltr'><strong>Graecus</strong></span> <span class='ocrx_word' id='word_1_948' title='bbox 3319 5221 3382 5266; x_wconf 88' lang='lat' dir='ltr'><strong>ad</strong></span> <span class='ocrx_word' id='word_1_949' title='bbox 3426 5219 3564 5268; x_wconf 89' lang='lat' dir='ltr'><strong>banc</strong></span> 
     </span>
    </p>
   </div>
   <div class='ocr_carea' id='block_1_129' title="bbox 2003 5281 3566 5352">
    <p class='ocr_par' dir='ltr' id='par_1_129' title="bbox 2003 5281 3566 5352">
     <span class='ocr_line' id='line_1_132' title="bbox 2003 5281 3566 5352; baseline 0.001 -20"><span class='ocrx_word' id='word_1_950' title='bbox 2003 5291 2236 5352; x_wconf 83' lang='lat' dir='ltr'><strong>mentem</strong></span> <span class='ocrx_word' id='word_1_951' title='bbox 2253 5285 2498 5352; x_wconf 67' lang='lat' dir='ltr'><strong>scriptor</strong></span> <span class='ocrx_word' id='word_1_952' title='bbox 2528 5283 2634 5352; x_wconf 71' lang='lat'><strong>;0&#39;.&#39;.-</strong></span> <span class='ocrx_word' id='word_1_953' title='bbox 2655 5281 2884 5352; x_wconf 66' lang='grc' dir='ltr'>δυνατὸν</span> <span class='ocrx_word' id='word_1_954' title='bbox 2917 5283 3008 5335; x_wconf 79' lang='grc' dir='ltr'>τὸν</span> <span class='ocrx_word' id='word_1_955' title='bbox 3039 5283 3252 5352; x_wconf 78' lang='grc' dir='ltr'>ἀληθῶς</span> <span class='ocrx_word' id='word_1_956' title='bbox 3295 5285 3566 5351; x_wconf 75' lang='grc' dir='ltr'><strong>φοϐούμε-</strong></span> 
     </span>
    </p>
   </div>
   <div class='ocr_carea' id='block_1_130' title="bbox 2001 5349 3564 5420">
    <p class='ocr_par' dir='ltr' id='par_1_130' title="bbox 2001 5349 3564 5420">
     <span class='ocr_line' id='line_1_133' title="bbox 2001 5349 3564 5420; baseline 0.004 -21"><span class='ocrx_word' id='word_1_957' title='bbox 2001 5364 2092 5399; x_wconf 88' lang='grc' dir='ltr'>νον</span> <span class='ocrx_word' id='word_1_958' title='bbox 2119 5349 2208 5400; x_wconf 78' lang='grc' dir='ltr'>τὸν</span> <span class='ocrx_word' id='word_1_959' title='bbox 2239 5350 2606 5420; x_wconf 16' lang='grc' dir='ltr'><strong>Θεὸνῗδειλίαν</strong></span> <span class='ocrx_word' id='word_1_960' title='bbox 2638 5351 2802 5419; x_wconf 82' lang='grc' dir='ltr'>ἔχειν.</span> <span class='ocrx_word' id='word_1_961' title='bbox 2839 5351 2984 5404; x_wconf 85' lang='lat' dir='ltr'><strong>Fieri</strong></span> <span class='ocrx_word' id='word_1_962' title='bbox 3029 5349 3139 5405; x_wconf 69' lang='lat' dir='ltr'><strong>non</strong></span> <span class='ocrx_word' id='word_1_963' title='bbox 3161 5349 3347 5420; x_wconf 80' lang='lat' dir='ltr'><strong>potest,</strong></span> <span class='ocrx_word' id='word_1_964' title='bbox 3394 5363 3445 5403; x_wconf 88' lang='lat' dir='ltr'><strong>ut</strong></span> <span class='ocrx_word' id='word_1_965' title='bbox 3470 5349 3564 5420; x_wconf 83' lang='lat' dir='ltr'><strong>qui</strong></span> 
     </span>
    </p>
   </div>
   <div class='ocr_carea' id='block_1_131' title="bbox 2001 5419 3562 5489">
    <p class='ocr_par' dir='ltr' id='par_1_131' title="bbox 2001 5419 3562 5489">
     <span class='ocr_line' id='line_1_134' title="bbox 2001 5419 3562 5489; baseline 0.004 -19"><span class='ocrx_word' id='word_1_966' title='bbox 2001 5434 2116 5470; x_wconf 71' lang='lat' dir='ltr'><strong>uere</strong></span> <span class='ocrx_word' id='word_1_967' title='bbox 2154 5421 2334 5472; x_wconf 87' lang='lat' dir='ltr'><strong>metuit</strong></span> <span class='ocrx_word' id='word_1_968' title='bbox 2368 5419 2552 5483; x_wconf 85' lang='lat' dir='ltr'><strong>Deum,</strong></span> <span class='ocrx_word' id='word_1_969' title='bbox 2592 5421 2646 5474; x_wconf 87' lang='lat' dir='ltr'><strong>in</strong></span> <span class='ocrx_word' id='word_1_970' title='bbox 2681 5425 2863 5474; x_wconf 87' lang='lat' dir='ltr'><strong>timore</strong></span> <span class='ocrx_word' id='word_1_971' title='bbox 2889 5431 3137 5478; x_wconf 82' lang='lat' dir='ltr'><strong>versetur.</strong></span> <span class='ocrx_word' id='word_1_972' title='bbox 3164 5419 3404 5476; x_wconf 82' lang='lat' dir='ltr'><strong>Tandem</strong></span> <span class='ocrx_word' id='word_1_973' title='bbox 3431 5419 3562 5489; x_wconf 91' lang='lat' dir='ltr'><strong>quid</strong></span> 
     </span>
    </p>
   </div>
   <div class='ocr_carea' id='block_1_132' title="bbox 2001 5489 3559 5559">
    <p class='ocr_par' dir='ltr' id='par_1_132' title="bbox 2001 5489 3559 5559">
     <span class='ocr_line' id='line_1_135' title="bbox 2001 5489 3559 5559; baseline 0.001 -19"><span class='ocrx_word' id='word_1_974' title='bbox 2001 5500 2084 5540; x_wconf 83' lang='lat' dir='ltr'><strong>est</strong></span> <span class='ocrx_word' id='word_1_975' title='bbox 2136 5489 2364 5542; x_wconf 84' lang='lat' dir='ltr'><strong>alienius</strong></span> <span class='ocrx_word' id='word_1_976' title='bbox 2403 5499 2468 5542; x_wconf 86' lang='lat' dir='ltr'><strong>ab</strong></span> <span class='ocrx_word' id='word_1_977' title='bbox 2519 5491 2585 5544; x_wconf 86' lang='lat' dir='ltr'><strong>iis</strong></span> <span class='ocrx_word' id='word_1_978' title='bbox 2629 5497 2719 5559; x_wconf 87' lang='lat' dir='ltr'><strong>qui</strong></span> <span class='ocrx_word' id='word_1_979' title='bbox 2772 5495 3049 5552; x_wconf 90' lang='lat' dir='ltr'><strong>timentur,</strong></span> <span class='ocrx_word' id='word_1_980' title='bbox 3100 5507 3260 5558; x_wconf 87' lang='lat' dir='ltr'><strong>quam</strong></span> <span class='ocrx_word' id='word_1_981' title='bbox 3303 5493 3509 5543; x_wconf 85' lang='lat' dir='ltr'><strong>illorum</strong></span> <span class='ocrx_word' id='word_1_982' title='bbox 3542 5529 3559 5556; x_wconf 86' lang='lat'><strong>,</strong></span> 
     </span>
    </p>
   </div>
   <div class='ocr_carea' id='block_1_133' title="bbox 2003 5560 3560 5628">
    <p class='ocr_par' dir='ltr' id='par_1_133' title="bbox 2003 5560 3560 5628">
     <span class='ocr_line' id='line_1_136' title="bbox 2003 5560 3560 5628; baseline 0.004 -21"><span class='ocrx_word' id='word_1_983' title='bbox 2003 5560 2091 5626; x_wconf 89' lang='lat' dir='ltr'><strong>qui</strong></span> <span class='ocrx_word' id='word_1_984' title='bbox 2127 5574 2218 5610; x_wconf 74' lang='lat' dir='ltr'><strong>eos</strong></span> <span class='ocrx_word' id='word_1_985' title='bbox 2251 5562 2461 5620; x_wconf 85' lang='lat' dir='ltr'><strong>timent,</strong></span> <span class='ocrx_word' id='word_1_986' title='bbox 2509 5560 2738 5628; x_wconf 73' lang='lat' dir='ltr'><strong>imperio</strong></span> <span class='ocrx_word' id='word_1_987' title='bbox 2786 5563 3054 5628; x_wconf 68' lang='lat' dir='ltr'><strong>subjectos</strong></span> <span class='ocrx_word' id='word_1_988' title='bbox 3105 5561 3262 5612; x_wconf 84' lang='lat' dir='ltr'><strong>esse?</strong></span> <span class='ocrx_word' id='word_1_989' title='bbox 3295 5562 3560 5614; x_wconf 67' lang='lat' dir='ltr'><strong>Caeterum</strong></span> 
     </span>
    </p>
   </div>
   <div class='ocr_carea' id='block_1_134' title="bbox 2001 5630 3562 5697">
    <p class='ocr_par' dir='ltr' id='par_1_134' title="bbox 2001 5630 3562 5697">
     <span class='ocr_line' id='line_1_137' title="bbox 2001 5630 3562 5697; baseline 0.003 -21"><span class='ocrx_word' id='word_1_990' title='bbox 2001 5630 2414 5694; x_wconf 60' lang='lat' dir='ltr'><strong>benignissimus</strong></span> <span class='ocrx_word' id='word_1_991' title='bbox 2449 5631 2723 5692; x_wconf 77' lang='lat' dir='ltr'><strong>Dominus,</strong></span> <span class='ocrx_word' id='word_1_992' title='bbox 2753 5646 2909 5697; x_wconf 68' lang='lat' dir='ltr'><strong>qurm</strong></span> <span class='ocrx_word' id='word_1_993' title='bbox 2948 5633 3218 5689; x_wconf 83' lang='lat' dir='ltr'><strong>timemus,</strong></span> <span class='ocrx_word' id='word_1_994' title='bbox 3246 5631 3562 5688; x_wconf 75' lang='lat' dir='ltr'><strong>t&#39;oluntutem</strong></span> 
     </span>
    </p>
   </div>
   <div class='ocr_carea' id='block_1_135' title="bbox 2005 5699 3561 5765">
    <p class='ocr_par' dir='ltr' id='par_1_135' title="bbox 2005 5699 3561 5765">
     <span class='ocr_line' id='line_1_138' title="bbox 2005 5699 3561 5765; baseline 0.001 -15"><span class='ocrx_word' id='word_1_995' title='bbox 2005 5699 2294 5751; x_wconf 63' lang='lat' dir='ltr'><strong>timentium</strong></span> <span class='ocrx_word' id='word_1_996' title='bbox 2353 5716 2406 5750; x_wconf 82' lang='lat' dir='ltr'><strong>se</strong></span> <span class='ocrx_word' id='word_1_997' title='bbox 2450 5701 2593 5765; x_wconf 67' lang='lat' dir='ltr'><strong>fiuit.</strong></span> <span class='ocrx_word' id='word_1_998' title='bbox 2636 5702 3030 5754; x_wconf 77' lang='lat' dir='ltr'><strong>Cottcludctnus</strong></span> <span class='ocrx_word' id='word_1_999' title='bbox 3075 5704 3248 5753; x_wconf 79' lang='lat' dir='ltr'><strong>locum</strong></span> <span class='ocrx_word' id='word_1_1000' title='bbox 3299 5703 3437 5754; x_wconf 80' lang='lat' dir='ltr'><strong>hunc</strong></span> <span class='ocrx_word' id='word_1_1001' title='bbox 3466 5715 3561 5756; x_wconf 62' lang='grc' dir='ltr'><strong>ευρ</strong></span> 
     </span>
    </p>
   </div>
  </div>
