3930 6204
451 261 556 326 32.9
1665 255 2068 338 ‘NlCOLAUS
2107 255 2489 320 CABASILA,
2951 253 2958 258 ·
3601 260 3686 324 εδο

450 370 518 424 de
547 364 960 424 consecratione
985 365 1192 422 altaris.
1215 363 1491 436 (Lambec.
1514 362 1582 428 ν,
1617 378 1668 433 p.
1690 363 1841 430 417.)
1875 394 1940 404 -
1971 363 2028 418 lu
2072 366 2191 421 eod.
2235 366 2359 432 267,
2409 384 2462 420 n.
2493 367 2588 432 20,
2623 369 2674 419 in
2707 380 2813 435 quo
2867 373 3072 436 septem
3101 375 3225 418 sunt
3256 365 3376 421 libri
3408 367 3480 422 De
3521 370 3615 423 vita
3642 373 3685 424 iu

451 455 980 524 Christo;scptimus
998 461 1176 507 autem
1206 451 1443 506 nondum
1469 462 1551 506 est
1581 465 1682 506 nec
1709 449 1804 506 Gr.
1836 467 1936 505 nec
1970 451 2085 507 Lat.
2119 455 2317 517 editus,
2341 457 2806 508 animadvertente
2833 453 3085 506 Lambec.
3119 453 3182 516 V,
3220 469 3270 522 p.
3303 454 3535 524 455ζειι.
3559 487 3605 496 —
3638 460 3685 510 In

451 543 576 601 cod.
605 543 710 598 556
743 545 864 598 libri
897 545 1155 611 quinque.
1197 539 1383 594 Lamb.
1420 538 1484 606 ν,
1520 555 1571 610 p.
1607 539 1713 594 626
1738 555 1894 608 sq.——
1930 541 2049 593 libri
2077 556 2151 604 vr,
2177 540 2231 593 in
2263 542 2386 596 cod.
2425 541 2721 597 Sl'ortiano.
2747 540 2810 594 V.
2842 539 3137 594 Montl'auc.
3170 542 3223 594 in
3255 540 3395 596 Bibl.
3426 543 3487 596 Β.
3513 559 3628 597 mss.
3652 544 3685 611 1,

453 651 508 703 p.
541 635 647 689 705
675 633 735 687 C.
768 663 834 672 —
868 631 1018 685 Libri
1047 639 1250 700 septem
1283 631 1337 685 in
1373 632 1506 686 cod.
1545 630 1770 685 Coislin.
1805 630 1933 693 515,
1967 628 2056 698 qui
2087 629 2327 683 continet
2362 629 2481 684 Nic.
2529 629 2724 684 Cabas.
2746 627 3043 698 Opuseula,
3075 630 3208 697 {quae
3254 640 3503 684 recenset
3541 629 3692 684 Mmtt-
3772 664 3775 666 -

453 719 597 773 faue.
633 716 691 772 in'
723 717 860 771 Bibl.
891 717 1058 771 Coisl.
1086 733 1137 785 p.
1167 716 1270 771 426
1296 733 1416 787 sqq.
1447 716 1606 772 Conf.
1652 716 2065 771 Casaubouiaua
2092 731 2119 768 a
2163 715 2250 773 Jo.
2277 718 2557 787 Christph.
2591 717 2788 772 Wolﬁo
2813 717 3083 787 evulgata.
3120 714 3423 786 Hamburg.
3463 717 3613 782 1710,
3642 719 3690 782 8,

451 821 504 874 p.
531 807 599 861 59
634 819 718 873 sq.
743 821 756 870 ;
785 813 840 858 et
866 805 1173 859 CaSauboni
1205 804 1541 858 Exercitatio
1574 801 1693 863 XVI
1724 804 1790 856 ad
1855 801 2055 856 Baron.
2090 819 2144 857 n.
2174 805 2266 866 50,
2300 807 2386 859 ubi
2425 803 2703 860 Lemmata
2743 815 2948 873 septem
2986 804 3177 858 libror.
3200 802 3273 858 De
3299 805 3477 858 vitain
3500 804 3692 860 Christo

451 894 640 950 Graece
669 892 916 962 producit
953 891 1042 944 ille
1077 906 1106 944 e
1135 893 1260 946 eod.
1295 893 1463 961 regio,
1488 899 1542 944 et
1566 905 1760 959 magna
1791 905 1914 944 cum
1953 893 2229 962 voluptate
2261 907 2286 943 a
2317 908 2376 946 se
2412 893 2581 946 lectos
2613 900 2873 947 testatur.

524 981 639 1034 Nic.
674 978 874 1033 Cabas.
909 979 1181 1048 Expositio
1213 965 1266 1031 iri
1302 979 1556 1034 visionem
1587 977 1902 1042 Ezechielis,
1928 981 2224 1047 prophetas,
2278 979 2329 1031 in
2367 995 2470 1048 qna
2496 994 2658 1049 super
2684 989 2916 1050 quatuor
2947 978 3203 1033 animalia
3241 979 3540 1034 similitudo
3566 981 3695 1034 thro-

455 1071 506 1124 ni
539 1077 593 1123 et
646 1085 808 1138 super
855 1069 1261 1122 similitudinem
1320 1069 1525 1133 throni,
1583 1065 1885 1121 similitudo
1943 1065 2106 1119 veluti
2165 1065 2331 1134 ipsius
2359 1067 2614 1129 hominis,
2662 1076 2771 1118 etc.
2807 1065 3040 1132 incipit:
3080 1067 3240 1118 Πᾶσα
3269 1067 3573 1136 πρθφητεία
3605 1068 3689 1119 καὶ

455 1155 681 1226 θεωρία,
707 1166 888 1209 etc.-——
921 1156 1055 1209 Tum
1086 1155 1188 1209 alia
1221 1154 1565 1221 Expositioin
1601 1154 1869 1209 visionem
1896 1153 2087 1221 proph.
2119 1151 2444 1216 Ezechielis,
2482 1152 2535 1205 in
2570 1166 2674 1221 qua
2699 1167 2818 1206 ossa
2849 1151 3124 1204 hominum
3161 1152 3309 1206 arida
3350 1154 3578 1219 priorem
3616 1169 3695 1210 re-

457 1244 663 1312 cipiunt
691 1244 957 1310 speciem;
982 1243 1089 1294 inc.
1123 1259 1138 1297 :
1169 1242 1281 1311 Τὴν
1307 1241 1402 1294 τοῦ
1435 1242 1579 1294 Θείου
1603 1241 1738 1312 πρὸς
1756 1241 1881 1301 τοὺς
1912 1240 2008 1296 ἀνθ

2145 1259 2230 1302 ους
2249 1241 2564 1310 ἐπιδημίαν,
2587 1251 2716 1301 etc..
2750 1250 2803 1294 et
2830 1242 2982 1294 tertia
3009 1241 3289 1310 Expositio
3316 1239 3532 1309 (Allatio
3563 1247 3697 1296 inco-

456 1330 625 1399 guita)
657 1330 708 1383 in
742 1331 1016 1398 propheta:
1073 1329 1339 1383 Ezechiel.
1367 1330 1631 1384 visionem
1659 1342 1672 1380 :
1714 1332 1832 1385 init.
1857 1349 1870 1385 :
1897 1332 2008 1384 ttae

2146 1328 2391 1396 οοφητεία
2417 1329 2511 1380 καὶ
2543 1327 2733 1398 ὅρασις
2758 1327 2966 1390 εἰκόνες
2998 1323 3162 1398 ἦσαν,
3191 1337 3297 1382 etc.
3331 1327 3466 1382 Tres
3503 1329 3578 1382 ha).
3601 1329 3698 1382 Ex-

461 1419 760 1488 positiones
785 1427 1002 1471 exstant
1040 1416 1370 1471 Vindobonte
1404 1419 1456 1472 in
1482 1420 1602 1473 cod.
1632 1419 1834 1474 Caesar.
1858 1419 1984 1484 267,
2023 1433 2109 1471 nr.
2139 1415 2192 1478 9,
2226 1415 2428 1481 10,11.
2465 1414 2740 1485 (Lauzbec.
2776 1416 2881 1468 vol.
2937 1415 2998 1476 V,
3033 1431 3085 1484 p.
3117 1415 3212 1468 451
3279 1415 3386 1484 sq.)
3421 1427 3474 1469 et
3506 1416 3554 1468 in
3584 1419 3698 1471 cod.

458 1503 624 1558 Coisl.
661 1505 787 1569 515,
823 1504 915 1558 fol.
956 1504 1058 1558 155
1087 1520 1205 1574 sqq.
1245 1505 1587 1574 (Montfauc.,
1648 1507 1788 1562 Bibl.
1820 1507 2010 1573 Coisl.,
2040 1521 2093 1575 p.
2119 1504 2244 1571 4'27)
2283 1533 2347 1544 —-
2384 1518 2486 1556 nec
2523 1519 2627 1556 non
2688 1502 2740 1556 in
2783 1503 2906 1556 cod.
2961 1500 3133 1556 Paris.
3166 1500 3300 1555 bibl.
3338 1501 3492 1570 publ.
3551 1503 3700 1566 1215,

459 1608 544 1646 nr.
585 1591 753 1656 9,10,
788 1592 874 1645 11.
909 1621 980 1633 —
1025 1591 1138 1646 Una
1171 1591 1440 1662 expositio
1473 1593 1618 1649 ibid.
1640 1594 1715 1649 in.
1741 1597 1862 1650 cod.
1899 1593 2061 1658 1612,
2093 1609 2149 1647 n.
2181 1592 2270 1647 10.
2302 1621 2370 1631 ——
2407 1589 2531 1644 Dote
2562 1589 2773 1660 priores
2807 1589 2860 1642 in
2893 1589 3012 1643 cod.
3043 1589 3244 1644 Czesar.
3275 1589 3402 1654 9.66,
3434 1606 3488 1642 ιι.
3524 1589 3556 1643 5
3581 1598 3636 1642 et
3652 1590 3700 1642 6.

461 1678 743 1749 (Lambec.
779 1677 843 1745 V,
888 1694 943 1748 p.
975 1679 1080 1734 415
1114 1689 1222 1748 sq.)
1258 1712 1327 1721 —
1355 1669 1606 1736 Secunda
1639 1681 1829 1738 Venet.
1861 1683 1913 1736 in
1940 1682 2064 1736 cod.
2097 1680 2263 1734 Marc.
2292 1677 2395 1734 506
2446 1680 2544 1733 sub
2571 1679 2663 1732 (in.
2694 1675 2782 1745 (Ἴ.
2815 1676 2936 1732 Cat.
2969 1679 3127 1732 codd.
3154 1676 3250 1732 Gr.
3279 1675 3442 1730 Mare.
3472 1693 3522 1747 p.
3559 1676 3702 1748 271.)

532 1766 811 1822 Orationes
841 1768 890 1836 l)
922 1769 973 1820 in
1012 1769 1309 1836 passionem
1337 1767 1394 1824 J.
1416 1769 1540 1823 Chr.
1581 1771 1709 1825 inc.:
1740 1767 2202 1838 Ἀκουε,οὑρανέ,
2233 1776 2364 1833 etc.;
2398 1766 2574 1820 locum
2606 1764 2732 1820 inde
2767 1765 3017 1834 producit
3041 1765 3270 1820 Allatius
3293 1774 3482 1820 contra
3515 1765 3703 1834 Creyg—

461 1855 707 1917 thonum,
742 1870 795 1924 p.
830 1854 1042 1923 425.,2,
1084 1855 1152 1909 In
1191 1855 1561 1910 Ascensionem
1596 1855 1657 1912 J.
1707 1855 1864 1922 Chr.,
1887 1857 1996 1913 inc.

2152 1855 2415 1925 LXo'tpne;
2447 1853 2548 1922 μὲν
2580 1853 2672 1906 ἐπὶ
2708 1853 2819 1905 τῶν
2851 1854 3135 1926 προτέρων
3170 1852 3401 1923 χρόνων,
3430 1863 3533 1907 etc.
3557 1853 3609 1921 5)
3644 1851 3704 1905 In

463 1940 817 1995 Nativitalem
847 1941 909 1998 S.
944 1941 1182 2010 Mariw.,
1209 1946 1385 2013 princ.
1417 1945 1530 1998 Καὶ
1584 1943 1782 2015 πρῶτα
1819 1943 1919 2015 μὲν
1952 1944 2012 1998 τὸ

2158 1953 2201 1994 δν
2242 1940 2476 1994 ἐνταῦθα
2509 1939 2793 2010 καλῶμεν.
2823 1940 2876 2010 4)
2911 1939 2979 1993 In
3006 1940 3479 1994 Annuntiationem
3511 1937 3570 1994 S.
3599 1943 3710 1994 Ma—

461 2030 601 2090 rim,
638 2029 782 2083 init.:
817 2030 885 2082 Ei
916 2047 1045 2082 ποτε
1077 2031 1157 2083 δεῖ
1186 2031 1395 2102 χαίρειν
1429 2032 1739 2099 ἄνθρωπον.
1774 2031 1828 2102 5)
1865 2030 1928 2084 In
1961 2049 2010 2084 m

2160 2046 2210 2082 m
2254 2035 2543 2097 martyrem
2577 2026 2928 2092 Demetrium,
2975 2028 3353 2081 miraculorum
3401 2026 3707 2094 elfectorem,

458 2116 568 2170 inc.
607 2133 621 2170 :
649 2115 866 2170 Πόλλων
899 2117 1069 2171 ὅντων
1101 2121 1198 2171 κα).
1233 2119 1510 2189 μεγάλων.
1549 2119 1723 2173 locum
1753 2133 1818 2174 ex
1842 2120 1945 2173 hac
1997 2134 2010 2170 t

2172 2115 2574 2172 aﬂ‘ertAllatius
2610 2124 2802 2170 contra
2838 2113 3165 2184 lluttinger.,
3201 2131 3252 2184 p.
3287 2115 3412 2168 205.
3445 2117 3476 2168 6
3506 2115 3524 2185 )
3555 2116 3610 2169 1η
3646 2114 3708 2169 8.

462 2201 813 2269 Theodoram,
843 2205 1214 2258 miraculorum
1244 2206 1590 2274 effectricem;
1620 2207 1726 2260 inc.
1760 2223 1772 2261 :
1819 2207 1973 2278 Ἐμοὶ
2002 2223 2014 2268 ἡ

2156 2202 2352 2270 nulla)»;
2379 2202 2447 2256 τὰ
2482 2203 2551 2256 σὰ
2578 2201 2996 2271 θαυμαζόντων,
3035 2203 3204 2256 edidit
3233 2217 3352 2256 eam
3392 2201 3486 2256 Gr.
3517 2213 3567 2256 et
3592 2202 3708 2257 Lat.

460 2289 714 2346 Gudfrid.
752 2291 1127 2348 Henschenius
1187 2294 1239 2347 in
1275 2291 1423 2347 Actis
1454 2293 1553 2346 SS.
1588 2294 1672 2347 die
1719 2293 1752 2347 5
1785 2294 1954 2362 April.
2003 2303 2133 2348 tom.
2170 2293 2213 2344 l.
2245 2289 2445 2345 Locum
2490 2289 2614 2342 inde
2653 2289 2986 2357 produxerat
3018 2287 3246 2341 Allalins
3290 2298 3478 2340 contra
3510 2287 3716 2341 llottin-

456 2393 596 2446 ger.,
633 2395 685 2448 p.
718 2379 845 2434 204.
878 2408 948 2419 -
979 2379 1030 2450 7)
1062 2378 1248 2434 Oratio
1274 2382 1327 2434 in
1359 2390 1460 2435 tres
1496 2380 1803 2450 Theologos,
1828 2379 2113 2442 Basiliam,
2150 2377 2460 2447 Gregorium
2511 2384 2558 2428 et
2591 2374 2680 2428 Jo.
2734 2374 3199 2444 Chrysostomum;
3237 2391 3398 2443 quam
3430 2385 3566 2430 orat.
3604 2391 3714 2430 non

454 2481 580 2522 esse
614 2467 776 2536 hujus
809 2467 1077 2523 Cabasilae
1114 2467 1286 2524 fetum
1316 2508 1330 2534 ,
1370 2471 1462 2523 sed
1493 2467 1763 2525 Philothei
1813 2471 2112 2523 orationem
2143 2466 2198 2519 in
2233 2473 2342 2518 tres
2390 2463 2516 2519 illos
2559 2465 2754 2518 Patres
2805 2464 2906 2532 legi
2936 2464 2987 2517 in
3038 2463 3158 2518 cod.
3213 2462 3481 2517 Vat'cano
3504 2463 3629 2528 809,
3658 2481 3713 2534 p.

465 2553 590 2620 100,
632 2553 1195 2610 ροιιιεηιίἱιίῑώὺυυε
1223 2555 1277 2610 in
1310 2555 1452 2610 Diss.
1489 2556 1680 2608 histor.
1712 2557 1779 2609 de
1809 2554 2170 2624 scriptoribus
2197 2553 2397 2607 eccles.
2433 2561 2564 2606 tom.
2597 2551 2662 2616 ll,
2703 2567 2759 2622 p.
2794 2551 2914 2605 114.
2952 2551 3243 2606 Enimvero
3291 2549 3503 2605 Fabric.
3559 2567 3610 2619 p.
3649 2552 3715 2605 76

456 2642 523 2695 ad
555 2642 718 2694 Allat.
757 2652 869 2696 not.
906 2659 960 2712 y,
1006 2643 1156 2697 decet
1196 2642 1464 2696 Philothei
1511 2641 1663 2695 Orat.
1694 2638 1790 2695 Gr.
1829 2656 1894 2696 ae
1925 2641 2041 2696 Lat.
2075 2655 2180 2694 una
2216 2655 2338 2696 cum
2368 2640 2594 2710 Di0ptra
2635 2639 2871 2708 Philippi
2900 2639 3136 2694 Solitarii
3173 2649 3279 2693 etc.
3316 2639 3515 2693 editam
3545 2654 3573 2693 a
3598 2638 3714 2694 Jar.

457 2727 723 2792 Pontano,
758 2725 1071 2798 Ingolstadii
1105 2728 1263 2790 1604.
1299 2731 1332 2783 4
1354 2771 1368 2797 ,
1409 2739 1463 2784 et
1492 2729 1616 2783 hinc
1648 2730 1699 2782 in
1737 2729 1992 2782 Auetario
2022 2728 2309 2789 Duczeano,
2341 2725 2515 2780 Paris.
2576 2726 2735 2789 1624,
2774 2737 2905 2780 tom.
2939 2724 3004 2790 ll,
3040 2742 3162 2796 pag.
3189 2726 3316 2792 515,
3347 2737 3400 2781 et
3430 2727 3550 2780 Lat.
3580 2738 3714 2784 tom.

460 2814 626 2868 XXVI
676 2815 816 2868 Bibl.
857 2815 1104 2880 Patrum,
1146 2817 1316 2886 Lugd.
1351 2833 1403 2886 p.
1440 2816 1566 2880 217,
1599 2818 1862 2870 diversam
1899 2831 2018 2870 esse
2047 2815 2116 2870 al)
2143 2814 2403 2870 Oratione
2449 2813 2715 2869 Cahasilte
2773 2816 2825 2869 iu
2859 2816 3078 2870 eosdem
3134 2831 3324 2870 sacros
3370 2816 3717 2878 triumviros,

455 2917 578 2972 qua:
606 2919 706 2958 ins.
742 2916 825 2958 est
856 2905 908 2959 in
943 2905 1078 2959 bibl.
1107 2905 1376 2976 Caesarea;
1410 2904 1556 2977 (eod.
1583 2905 1708 2959 267.
1746 2920 1828 2957 nr.
1860 2904 1945 2969 14,
1978 2913 2031 2957 et
2076 2903 2332 2958 Lambec.
2362 2903 2466 2956 vol.
2507 2900 2572 2965 ν,
2609 2919 2664 2972 p.
2697 2902 2848 2974 455).
2880 2901 3154 2958 Labbeum
3181 2904 3292 2974 jam
3326 2903 3601 2968 refutavit,
3635 2909 3722 2958 vel

455 3007 521 3044 ex
551 2991 719 3047 initiis
747 2992 900 3050 Orat.
933 2992 1203 3049 Philotbei
1241 3005 1403 3064 atque
1431 2997 1531 3049 Or.
1570 2994 1740 3048 Nicol.
1770 2993 1966 3051 Cabas.
2014 2993 2435 3047 demonstrando
2480 2992 2762 3061 utriusque
2793 2990 2943 3046 Orat.
2982 2991 3352 3046 diversitatem
3412 2990 3720 3048 Fabricius.

458 3077 730 3134 Praeterea
760 3091 813 3136 et
850 3082 918 3135 ab
953 3082 1098 3148 aliis,
1131 3083 1329 3151 inquit,
1354 3082 1625 3135 laudatam
1661 3096 1781 3136 esse
1826 3081 1970 3134 illam
2006 3082 2287 3134 beatorum
2338 3081 2623 3135 doctorum
2660 3081 2856 3150 trigam
2886 3095 2914 3135 a
2936 3080 3146 3136 Joanne
3179 3082 3570 3136 Euchaitarum
3602 3098 3724 3136 me-

461 3171 734 3238 tropolita,
767 3171 855 3238 (V.
895 3171 1066 3227 Atlat.
1099 3186 1221 3241 pag.
1249 3169 1374 3233 112⁹
1407 3171 1470 3224 de
1511 3167 1824 3230 Simeonum
1850 3168 2090 3238 scriptis)
2123 3167 2412 3222 Theodoro
2443 3165 2730 3223 Metochita
2767 3179 2823 3222 et
2846 3167 3100 3223 Matthan
3127 3169 3433 3224 Camariota
3464 3170 3723 3239 aliisque,

398 3263 417 3278 '
457 3256 946 3328 observarungviri
998 3260 1320 3312 doctissimi.
1347 3257 1548 3312 Confer
1583 3241 1736 3312 ‘Acta
1766 3256 1875 3312 SS.
1907 3266 2038 3310 tom.
2064 3255 2128 3322 ll,
2153 3255 2306 3324 .lun.,
2338 3273 2458 3327 pag.
2485 3257 2588 3313 955
2620 3274 2736 3328 seq.
2769 3257 2861 3312 ubi
2898 3258 2963 3311 de
2998 3256 3157 3322 festo,
3193 3256 3334 3326 quod
3368 3257 3419 3309 in
3457 3260 3724 3312 honorem

457 3358 800 3396 communem
845 3345 1048 3409 Basilii,
1078 3345 1406 3398 Nazianzeni
1437 3353 1490 3399 et
1522 3343 1894 3413 Cbrysostomi
1923 3360 1950 3396 a
1991 3342 2216 3408 Graecis,
2252 3347 2336 3399 die
2363 3345 2431 3398 50
2465 3343 2690 3402 Januar.
2729 3345 3062 3412 celebratur,
3097 3355 3318 3399 auctore
3372 3342 3581 3399 Joanne
3612 3361 3730 3399 me-

459 3431 710 3497 tropolita
745 3431 1125 3485 Euchaitarum
1163 3434 1500 3501 temporibus
1528 3432 1703 3486 Alexii
1731 3429 2014 3496 Comneni,
2053 3429 2198 3485 litem
2231 3433 2596 3496 ambitiosam,
2649 3447 2770 3502 quae
2827 3432 2968 3486 inter
3011 3431 3284 3498 Basilitas,
3323 3430 3643 3503 Gregoritas
3673 3439 3733 3487 et

456 3518 744 3573 Jeaunitas
778 3531 894 3572 orta
935 3522 1128 3583 fuerat,
1163 3521 1234 3573 ita
1287 3531 1663 3590 componente,
1702 3527 1761 3573 ut
1797 3519 2022 3582 diceret,
2071 3529 2180 3573 tres
2216 3521 2336 3575 illos
2377 3521 2540 3575 simul
2593 3521 2695 3574 sibi
2733 3521 2880 3575 visos
2924 3522 3138 3585 adesse,
3179 3529 3426 3584 testatOs,
3459 3535 3518 3573 se
3551 3537 3730 3574 unum

460 3623 585 3661 esse
617 3609 755 3674 apud
784 3607 976 3672 Deum,
1009 3607 1192 3676 itaque
1223 3622 1320 3662 nec
1349 3617 1634 3678 suaﬁausa
1661 3609 2089 3663 contendendum
2117 3608 2183 3660 de
2211 3608 2589 3677 praerogativa,
2625 3609 2718 3662 sed
2741 3607 2942 3678 cultum
2969 3607 3206 3676 ipsorum
3236 3621 3581 3660 communem
3612 3625 3732 3664 uno

459 3695 544 3747 die
578 3695 1039 3763 COlljlllngtltllllll.
1074 3697 1276 3750 Confer
1325 3697 1489 3752 etiam
1522 3695 1727 3751 Nicolai
1786 3696 1964 3766 Βεδγωί
1999 3705 2286 3750 tractatum
2321 3695 2746 3764 praeliminarem
2783 3695 2932 3749 Actis
2962 3695 3065 3749 SS.
3097 3705 3225 3748 tom.
3260 3693 3326 3758 ll,
3357 3693 3526 3758 Junii,
3577 3713 3735 3765 pra:-

468 3782 721 3836 missum.
763 3780 1039 3838 Hactenus
1076 3784 1290 3840 Fabric.
1331 3815 1401 3824 —
1427 3785 1696 3841 Philothei
1728 3795 1782 3840 et
1810 3783 1894 3839 Jo.
1940 3784 2324 3852 Luchaitarum
2381 3783 2665 3853 metropol.
2702 3783 2882 3841 Oratt.
2915 3783 2970 3836 in
3003 3793 3110 3837 tres
3135 3783 3255 3837 illos
3278 3783 3488 3848 Patres,
3519 3796 3702 3854 atque

460 3869 641 3925 Nicol.
699 3870 968 3926 Cabasilae
1022 3875 1270 3942 quaedam
1327 3884 1516 3928 contra
1566 3875 1810 3938 Latinos,
1846 3883 1972 3928 sunt
2014 3872 2202 3926 Romae
2233 3871 2374 3926 inter
2399 3872 2558 3928 codd.
2589 3870 2839 3927 Vatican.
2884 3870 3342 3940 teste,t\lontfauc.
3376 3873 3429 3925 in
3472 3871 3614 3927 Bibl.
3653 3874 3744 3926 bi-

467 3959 710 4012 bibliozh.
751 3957 907 4013 MSS.
945 3973 1000 4029 p.
1044 3959 1148 4027 4'2;
1212 3959 1277 4014 Ι).
1317 3962 1380 4017 Β.
1417 3961 1596 4016 Nec].
1652 3961 1855 4016 Cabas.
1918 3963 2206 4015 Orationes
2246 3959 2493 4026 qua-dam
2538 3976 2672 4014 mss.
2730 3961 2918 4015 Itonia:
2970 3961 3043 4029 ini
3070 3960 3202 4014 bibl.
3268 3957 3595 4026 Baiberina;
3635 3965 3745 4016 sed

463 4066 708 4118 ιιυευιιειιυ
737 4053 867 4114 sint,
899 4065 1007 4104 non
1044 4052 1262 4107 additur
1296 4051 1350 4106 in
1381 4051 1684 4106 Montfauc.
1719 4042 1849 4106 bibl.
1871 4055 1966 4106 cit.
1992 4065 2045 4120 p.
2072 4049 2176 4103 175
2207 4047 2278 4104 Ε.
2301 4048 2409 4104 Nec
2434 4047 2727 4104 Montl'auc.
2758 4049 2851 4116 lib.
2873 4049 2966 4105 cit.
2995 4046 3245 4105 inlndice
3278 4050 3436 4105 codd.
3474 4048 3744 4106 Vatican.

464 4137 711 4201 adduxit,
751 4154 850 4192 nec
888 4138 1121 4194 Allatius
1147 4154 1242 4194 eos
1269 4139 1427 4195 codd.
1463 4140 1857 4209 pervestigans,
1914 4138 2156 4208 reperire
2192 4139 2374 4206 potuit
2415 4138 2690 4194 orationes
2742 4137 2834 4201 88,
2871 4154 3006 4208 quas
3035 4138 3127 4193 alii
3161 4139 3215 4192 in
3248 4141 3437 4194 codice
3483 4146 3743 4208 quodam

460 4221 636 4277 Vatic.
668 4236 885 4280 exstare
917 4228 1284 4295 scripserunt,
1313 4238 1387 4294 et,
1416 4239 1474 4283 ut
1503 4228 1669 4283 Allat.
1691 4229 1863 4292 addit,
1897 4227 2107 4292 Nilone,
2135 4242 2203 4278 an
2229 4224 2450 4280 Nicolao
2477 4227 2824 4296 assignandte
2868 4227 2998 4289 sint,
3024 4227 3124 4297 ipsi
3161 4227 3413 4282 viderint.
3449 4226 3648 4282 Roma
3685 4234 3749 4282 iu

461 4311 594 4366 bibl.
624 4313 847 4382 Cbiggia
881 4313 997 4368 Nic.
1027 4314 1160 4368 Cab.
1190 4315 1473 4370 Orationes
1500 4317 1773 4383 quaedam.
1802 4314 1892 4370 Sic
1920 4317 2098 4369 minus
2122 4329 2308 4372 curate
2340 4318 2472 4373 citat
2506 4319 2630 4372 eod.
2661 4317 3008 4374 Montfaucon
3041 4320 3096 4372 in
3128 4319 3315 4372 Diario
3342 4318 3470 4374 Ital.
3505 4335 3554 4389 p.
3593 4320 3749 4374 258.

456 4426 531 4436 -
555 4400 695 4452 Add.
732 4401 836 4454 vol.
874 4400 968 4465 IX,
1003 4417 1058 4468 p.
1101 4400 1188 4466 7'2,
1224 4401 1315 4468 90,
1340 4402 1432 4466 95,
1467 4403 1592 4466 112,
1620 4402 1871 4469 114,147
1904 4405 2172 4471 vet.edit.,
2202 4406 2296 4458 sed
2329 4408 2448 4459 alia:
2480 4407 2665 4475 plures
2691 4405 2900 4461 Nieolai
2925 4405 3384 4462 CabasilasOratt.
3417 4411 3485 4462 ab
3522 4409 3753 4465 Allatio

461 4489 864 4556 praetenuissae,
902 4490 1072 4542 latent
1100 4489 1152 4542 in
1189 4491 1349 4543 codd.
1384 4490 1514 4543 bibl.
1553 4489 1733 4545 Paris.
1764 4499 1927 4558 atque
1953 4491 2244 4546 Caesareae.
2293 4491 2517 4548 Fabric.
2556 4493 2608 4546 in
2641 4504 2758 4548 not.
2799 4505 2842 4556 ι,
2881 4511 2932 4564 p.
2971 4496 3057 4557 74,
3098 4496 3162 4548 ad
3179 4497 3342 4550 Allat.
3373 4496 3580 4550 Gra'cis
3608 4515 3756 4550 ver-

467 4576 574 4641 bis,
609 4591 712 4628 una
744 4591 868 4628 cum
902 4576 1072 4631 initiis
1107 4576 1444 4646 singularum
1479 4579 1678 4632 multas
1709 4579 1894 4633 refert.
1924 4579 2067 4633 Add.
2099 4579 2312 4635 Caveus
2346 4591 2509 4649 atque
2534 4580 2784 4637 Oudinus
2814 4582 2947 4637 locis
3000 4583 3206 4637 citatis.
3238 4583 3316 4638 Ex
3349 4583 3528 4638 Catal.
3561 4585 3758 4654 igitur

465 4663 751 4731 supplebo,
791 4678 993 4731 easque
1022 4680 1158 4732 quas
1193 4681 1258 4718 ex
1309 4665 1510 4720 Allatio
1556 4667 1862 4730 numeravi,
1905 4667 2064 4720 simul
2098 4668 2384 4736 attingam.
2420 4667 2596 4726 Paris.
2627 4670 2679 4723 in
2701 4668 2862 4738 βίω.
2896 4669 3044 4740 publ.
3071 4671 3193 4725 eod.
3228 4671 3387 4736 1215,
3423 4674 3758 4725 setuudum

458 4749 578 4803 Cat.
622 4752 780 4804 codd.
816 4750 910 4806 Gr.
945 4751 1118 4806 Paris.
1160 4764 1292 4808 tom.
1331 4750 1397 4817 ll,
1426 4770 1479 4823 p.
1505 4753 1633 4820 954,
1670 4769 1768 4808 suo
1801 4770 2024 4822 qua-que
2053 4757 2246 4808 ordine
2271 4766 2398 4808 sunt
2428 4772 2593 4824 supra
2632 4760 2947 4810 memorata:
2977 4767 3118 4811 orat.
3153 4773 3207 4810 n.
3245 4759 3298 4820 5,
3330 4758 3384 4822 4,
3424 4761 3474 4821 1,
3501 4759 3554 4823 2,
3593 4761 3657 4820 ὃ,
3688 4776 3758 4829 δ,

463 4834 511 4885 7‘.
553 4837 818 4892 Pra‘lerca
862 4841 1209 4908 reperiuntur
1239 4843 1291 4893 in
1324 4842 1514 4895 eodem
1552 4842 1740 4895 codice
1773 4841 1886 4895 Nic.
1920 4843 2119 4897 Cabas.
2155 4842 2401 4896 llomilia:
2434 4843 2484 4915 1)
2546 4843 2614 4896 In
2647 4845 2858 4897 laudem
2909 4844 2972 4898 S.
3003 4842 3220 4897 Nicolai
3252 4862 3264 4908 ;
3301 4845 3490 4913 (etiam
3519 4850 3570 4898 iu
3603 4857 3757 4900 cod.

465 4921 625 4992 1258)
653 4925 728 4992 t2)
763 4923 827 4977 In
854 4925 1238 4980 Dormitionem
1296 4927 1572 4996 Deiparw;
1599 4930 1652 4997 5)
1678 4928 1742 4981 1η
1770 4931 2054 4983 Andreum.
2083 4929 2374 4997 juniorem,
2397 4933 2488 5001 qui
2517 4931 2905 5002 Hierosolymis
2927 4939 3133 5001 martyr
3157 4933 3324 4999 obiit;
3348 4933 3403 5004 4)
3436 4934 3518 4986 Ad
3535 4932 3763 4987 Jcsum

463 5009 750 5064 Christum.
793 5011 846 5082 5)
881 5013 1030 5066 Orat.
1065 5015 1132 5065 ad
1163 5015 1457 5084 Augustam
1502 5017 1579 5070 De
1633 5021 1847 5084 usuris;
1878 5022 1928 5085 6)
1961 5021 2042 5069 Ad
2073 5018 2430 5084 Athenienses,
2467 5019 2543 5074 De
2599 5036 2701 5074 ara
2755 5019 3170 5086 misericordias;
3207 5022 3260 5089 7)
3308 5021 3569 5075 Adversas
3605 5021 3769 5076 Gre-

567 5169 638 5238 td)
686 5168 917 5244 Nolante
951 5172 1200 5225 Fabricio
1245 5187 1364 5242 pag.
1402 5173 1469 5226 75
1497 5188 1611 5242 seq.
1641 5173 1823 5227 Oratio
1857 5172 1905 5224 iu
1938 5176 2030 5244 [σεο
2140 5176 2220 5230 vit
2275 5178 2488 5233 Simon.
2529 5176 2865 5242 Simonides,
2905 5177 3172 5234 Samoscii
3207 5177 3365 5242 1604,
3420 5178 3472 5230 4.
3519 5178 3644 5232 Sed
3697 5195 3769 5234 tu

456 5251 725 5308 ῃβωιυηέδ
781 5241 874 5296 Gr.
931 5247 1104 5296 lucem
1145 5245 1299 5308 vidit,
1323 5241 1584 5312 quantivis
1623 5247 1766 5297 haud
1797 5241 2025 5312 integra,
2138 5245 2392 5310 Jauozki,
2439 5248 2760 5302 Nachricht.
2798 5267 2897 5304 ean
2929 5253 3092 5304 deum
3131 5254 3182 5305 in
3218 5252 3313 5302 der
3339 5241 3772 5304 Zuluskischen

457 5317 714 5380 Augusta:
745 5312 1138 5391 yttnlel._,l_o95,
1170 5317 1361 5391 ede-nte
1389 5315 1584 5369 Davide
1615 5315 1937 5391 llmselieltu,
1961 5332 2026 5391 ex
2136 5317 2399 5391 liuchern,
2433 5332 2570 5386 part.
2605 5335 2657 5385 v,
2698 5319 2801 5372 ‘2l7
2838 5335 2988 5388 seqq.
3028 5328 3342 5375 recensetur
3381 5322 3616 5391 quidem
3657 5322 3772 5373 iLa

456 5399 578 5456 cod.
602 5399 710 5456 ms.
745 5383 959 5437 Maximi
999 5385 1292 5456 Mai'guuii.
1321 5386 1588 5456 Integram
1623 5401 1744 5456 eum
1772 5383 1922 5437 Otat.
1963 5388 2019 5438 S.
2136 5383 2650 5456 Epiphanii'oratio,
2677 5403 2732 5443 at
2765 5383 2996 5444 "ulla-iit
3023 5393 3225 5447 mentio
3248 5383 3576 5447 Ne.Cabas.
3611 5406 3774 5444 ora-

453 5451 742 5521 Eptphauii
779 5456 830 5506 in
861 5457 1188 5523 sepulturam
1223 5451 1460 5519 Christi,
1484 5455 1580 5508 Gr.
1606 5474 1667 5508 ac
1690 5454 1808 5508 Lat.
1844 5463 2027 5524 vulga-
2141 5451 2304 5512 tinnis
2339 5462 2412 5513 illi
2451 5451 2736 5527 adjunetw.

524 5593 621 5666 (2).
647 5593 934 5668 Secundum
961 5594 1171 5668 Nesselij
1199 5589 1533 5668 'Catalogtim,
1565 5604 1705 5658 parte
1733 5597 1770 5668 l,
1823 5611 1928 5668 pag.
1967 5598 2072 5655 56⁸5,

2232 5600 2349 5668 262,
2375 5615 2420 5668 ti.
2453 5603 2464 5648 l
2489 5604 2524 5649 ι.
2553 5602 2730 5664 Incipit
2758 5619 2768 5651 :
2803 5605 2954 5666 Οἶμαί
2978 5623 3030 5667 γε
3055 5609 3149 5654 τῶν
3177 5607 3520 5668 ἐννομωτάτων
3545 5607 3646 5653 καὶ
3691 5607 3770 5657 δι-

451 5658 720 5713 )ιαιοτοὶτων
747 5658 881 5704 εἰναι.
901 5658 1095 5708 Fannia.
1126 5659 1280 5708 lianc.
1306 5668 1338 5708 t.
1368 5660 1491 5709 \"lll.
1514 5658 1563 5705 in
1588 5659 1857 5711 recensioni-
1889 5665 1915 5707 t'
1934 5669 2108 5709 lLt’l’llHi
2128 5665 2183 5709 S.
2214 5665 2419 5712 Jouttnis
2448 5658 2788 5725 Chrqsoslomi.
