3948 6200
232 309 316 380 361
1645 306 1787 368 NO'l‘

1881 310 1895 365 I
1911 310 1948 364 Α
1959 356 1971 367 .
3331 315 3436 380 362

231 438 352 491 gone
369 417 635 472 delirantis
659 418 894 482 somnia;
918 416 969 481 8)
996 414 1146 471 Orat.
1173 432 1273 484 qua
1307 406 1587 485 Pyrrhonis
1619 418 1681 469 de
1718 418 1953 471 veritatis
1984 421 2192 473 criterio
2218 418 2472 473 sententia
2505 422 2876 491 impugnatur;
2908 419 2962 489 9)
2989 421 3041 473 in
3065 419 3271 473 laudent
3301 421 3443 475 Mat-

232 509 717 568 tltaeiCautacuzeui
754 508 888 574 lilii;
924 509 1012 573 10)
1042 508 1107 564 In
1139 509 1351 563 laudem
1382 510 1550 564 Anna:
1620 508 2012 579 I’alazologime,
2043 513 2423 581 imperatrieis.
2474 544 2538 554 —
2570 516 2627 567 in
2656 514 2775 570 rod.
2813 513 3060 569 Cmsareu
3084 515 3191 570 266
3227 526 3443 572 suntex

234 601 405 655 Allatio
427 597 537 667 jam
571 597 865 664 designatae
892 596 1066 650 Oratt.
1100 612 1152 649 n.
1190 596 1243 660 5,
1276 596 1328 659 4,
1365 595 1421 650 6.
1461 595 1516 649 In
1545 596 1635 650 illo
1672 599 1793 650 cod.

1884 638 1886 648 ν
1922 600 2043 653 cod.
2074 601 2202 662 267,
2236 617 2288 653 tt.
2314 601 2406 663 ‘25,
2435 611 2609 654 exstat
2636 616 2852 669 quoque
2882 600 2997 656 Nic.
3022 602 3286 657 Cabasilaa
3316 620 3443 658 ora-

234 690 299 742 tio
340 687 433 757 (uti
485 685 711 750 dicitur,
744 672 1032 752 pariter'in
1054 693 1164 739 eat.
1197 686 1359 742 codd.
1393 686 1489 740 Gr.
1531 683 1704 738 Paris.
1742 686 1795 739 in
1828 687 1950 740 cod.
1979 686 2085 742 970
2129 688 2400 750 llomilia;
2434 689 2487 741 in
2548 695 2669 742 cod.
2705 699 2884 741 autem
2912 690 3048 742 1215
3110 706 3270 744 mem.
3303 692 3447 757 Opu-

230 774 430 843 sculum)
470 772 542 827 De
573 788 737 827 usura
762 782 946 825 contra
980 774 1309 840 feneratores
1339 774 1615 843 (Lantbcc.
1660 773 1722 838 V,
1756 788 1806 841 p.
1844 772 1947 825 116
1984 789 2116 841 seqq
2148 775 2164 841 )
2208 774 2397 826 Latine
2434 789 2648 825 versam
2683 775 2854 827 edidit
2903 776 3047 826 illam
3079 774 3198 830 Jac.
3237 776 3442 831 Ponta-

231 878 316 915 nus
339 877 452 914 cum
483 859 746 913 Cabasilm
777 859 930 913 libris
961 858 1043 914 Vl.
1082 860 1153 914 De
1184 862 1287 914 rita
1322 865 1375 913 in
1400 861 1629 923 Christo,
1653 859 1768 913 Lat.
1801 861 1986 913 etiam.
2020 861 2242 925 lngolst.
2282 860 2433 924 1601,
2464 861 2519 912 to
2548 862 2694 930 (d)--
2719 860 2920 914 Contra
2955 863 3007 913 itt
3043 864 3164 917 eod.
3196 864 3443 919 Ctesareo

226 947 317 1002 267
341 957 545 1002 exstant
574 944 751 999 Oratt.
786 960 849 997 cx
883 945 1084 1000 Allatio
1115 962 1142 999 a
1182 961 1264 1000 me
1293 948 1493 1006 citatzc,
1543 947 1643 999 hoc
1688 948 1900 1005 ordine.
1933 964 1986 998 tt.
2022 947 2076 1010 2,
2112 948 2168 1011 ὃ,
2207 946 2260 1007 4,
2296 949 2345 1007 1,
2377 946 2426 1006 5,
2453 946 2503 1003 6.
2530 949 2579 1001 7.
2613 946 2833 1013 Insuper
2857 947 3107 1013 leguntur
3172 949 3225 1003 itt
3255 952 3443 1007 eodem

230 1035 333 1088 cod.
357 1032 528 1085 Oratt.
567 1046 632 1085 ex
665 1032 784 1084 cod.
812 1029 1042 1085 Parisin.
1084 1031 1314 1085 laudatio
1344 1048 1398 1084 n.
1431 1032 1482 1093 1,
1504 1031 1558 1091 2,
1593 1034 1648 1088 5.
1680 1034 1733 1093 4,
1772 1032 1789 1084 ε

1888 1075 1900 1091 ,
1926 1032 2056 1089 7.8.
2086 1029 2221 1084 Tum
2260 1032 2311 1085 in
2344 1033 2464 1085 eod.
2505 1033 2624 1085 cod.
2656 1032 2928 1093 Ctesareo,
2955 1049 3006 1087 η.
3048 1032 3133 1097 15,
3165 1035 3445 1091 Adlocutio

229 1121 288 1173 sd
334 1117 385 1172 S.
412 1127 695 1186 martyrem
741 1115 1083 1170 Demetrium.
1150 1116 1212 1171 V.
1241 1116 1494 1171 Lantbec.
1538 1116 1596 1176 V,
1628 1133 1679 1184 p.
1713 1117 1817 1173 428
1872 1134 2024 1187 seqq.
2068 1120 2157 1187 qui
2183 1120 2364 1187 getiam
2417 1119 2621 1187 reliqua
2672 1118 2768 1173 Nic
2824 1119 3092 1174 Cabasilte
3126 1137 3243 1191 quae
3272 1126 3323 1178 itt
3352 1127 3442 1178 illo

228 1207 387 1261 codit-e
418 1213 705 1271 supersunt
733 1243 747 1264 ,
778 1204 1048 1271 Optlscultt
1077 1205 1209 1258 ibid.
1248 1213 1524 1267 recenset;
1557 1218 1657 1271 ego
1683 1218 1806 1258 vero
1838 1203 1943 1270 iam
1979 1221 2136 1272 supra
2192 1215 2484 1257 memorata
2522 1207 2803 1258 omittam:

288 1289 431 1345 Liber
453 1292 518 1343 de
552 1291 965 1359 magistratuum
1002 1291 1244 1343 ciuilium
1276 1291 1471 1359 iniquis
1499 1294 1643 1344 ausis
1665 1292 1803 1344 circa
1836 1308 1914 1344 res
1954 1308 2157 1345 sacras.
2192 1292 2287 1344 Est
2318 1307 2532 1358 quoque
2564 1294 2614 1343 itt
2638 1292 2798 1347 codd.
2832 1294 3007 1349 Paris.
3063 1298 3167 1352 9'70
3197 1306 3249 1351 et
3281 1298 3438 1352 1Ξ15.

287 1397 579 1452 Solutiones
619 1398 1133 1466 argumentationum
1157 1399 1381 1467 quinque
1404 1408 1590 1452 contra
1634 1398 1946 1451 rhetoricam
1978 1415 2023 1451 s.
2074 1407 2238 1451 artem
2269 1399 2494 1451 dicendi.
2533 1398 2747 1466 Legitur
2792 1415 3002 1471 quoque
3040 1402 3089 1455 itt
3117 1405 3233 1457 cod.
3267 1404 3441 1461 Paris.

236 1485 375 1540 1215.

298 1573 560 1627 Tredecim
597 1575 977 1642 epigrammata
1003 1576 1232 1628 versibus
1264 1575 1481 1630 heroicis
1508 1618 1522 1640 ,
1545 1592 1663 1643 qua:
1684 1574 1890 1644 singula
1926 1580 2207 1626 recensent
2252 1569 2502 1627 Latnbec.
2538 1568 2601 1635 V,
2629 1587 2678 1637 p.
2700 1571 2823 1637 459,
2852 1583 2905 1627 et
2941 1574 3153 1629 Fabric.
3184 1577 3248 1628 ad
3279 1577 3443 1634 Allat.

226 1675 270 1729 p.
298 1660 378 1723 'l'l,
415 1671 530 1713 not.
557 1661 606 1711 b.
642 1658 754 1713 Huc
777 1658 915 1713 refer
944 1663 1041 1714 cod
1091 1660 1261 1714 Paris.
1298 1661 1574 1714 laudatum
1632 1662 1791 1721 1215.
1838 1661 1949 1722 ubi,
1977 1677 2030 1713 tt.
2058 1659 2146 1721 25,
2201 1668 2281 1711 est
2340 1657 2459 1711 Nic.
2491 1659 2781 1713 Cabassilre
2812 1660 3170 1729 Epitaphium,
3196 1664 3444 1719 versibus

227 1747 466 1811 heroicis,
497 1744 601 1799 Nili
622 1746 939 1801 Thessalon.
976 1762 1097 1800 eum
1130 1747 1338 1816 aliquot
1369 1748 1607 1815 ejusdem
1640 1746 1845 1801 Nicolai
1889 1746 2383 1814 epigrammatibus.
2420 1743 2477 1798 In
2504 1746 2623 1799 cod.
2656 1745 2879 1800 Coislin.
2915 1748 3101 1817 5l5(in
3159 1765 3269 1818 quo
3320 1762 3448 1807 sunt

227 1843 501 1886 memorata
535 1833 745 1900 aliaque
772 1832 943 1887 Nicol.
972 1831 1236 1887 Cabasilaa
1252 1832 1526 1901 Opuscula
1555 1845 1609 1887 ct
1632 1834 1904 1902 Epistulae)
1936 1832 2160 1885 Ueroica
2209 1830 2461 1884 Carmina
2509 1832 2561 1884 in
2594 1834 2927 1900 sepulturam
2961 1836 3245 1903 avunculi;
3276 1838 3328 1892 in
3357 1855 3448 1894 se-

227 1920 454 1989 pulcrum
502 1920 821 1989 patriarchm
849 1918 1048 1973 lsodori
1079 1930 1132 1973 et
1156 1921 1259 1974 alia
1292 1922 1533 1975 carmina
1565 1920 1615 1974 itt
1647 1919 2049 1973 translationem
2080 1918 2425 1987 reliquiarum
2449 1917 2508 1972 S.
2530 1917 2845 1984 Tlteodorte,
2879 1922 2931 1974 in
2962 1938 3226 1979 cattouem
3260 1923 3318 1979 S.
3343 1925 3447 1983 De-

226 2007 406 2070 metrii,
459 2015 511 2059 et
537 2008 663 2066 alia.
702 2015 837 2061 teste
869 2007 1161 2062 Moutlauc.
1197 2009 1248 2060 itt
1278 2008 1403 2061 bibl.
1437 2007 1605 2062 Coisl.
1640 2023 1693 2075 p.
1726 2008 1851 2061 ΗΒ.

285 2092 467 2145 Oratio
497 2095 864 2147 encomiastica
884 2095 936 2147 in
983 2096 1349 2163 imperatorem
1409 2095 1724 2164 (Attdrouie.
1749 2092 2149 2163 Palmologutn).

286 2180 529 2245 Epistolm
553 2183 848 2244 sexdecim;
879 2183 927 2236 itt
961 2184 1075 2238 cod.
1102 2194 1281 2238 autem
1318 2183 1519 2237 Cmsar.
1541 2182 1645 2236 266
1677 2220 1692 2243 ,
1724 2197 1779 2235 ll.
1805 2179 1838 2233 9
1863 2216 1879 2241 ,
1911 2187 2033 2229 sunt
2062 2188 2168 2230 tres
2203 2177 2458 2245 epistolae.
2495 2177 2590 2246 (V.
2617 2176 2804 2233 Lamb.
2842 2179 2880 2231 V
2910 2194 2964 2249 p.
3016 2181 3164 2252 416.)
3214 2183 3276 2237 In
3324 2188 3445 2241 cod.

226 2267 365 2322 Coisl.
398 2271 618 2322 laudato
649 2280 775 2322 sunt
822 2271 1250 2337 quattuordecim.
1310 2280 1363 2324 et
1415 2267 1683 2339 Cydoncs.
1755 2262 1989 2334 Epistola
2029 2263 2095 2315 ad
2122 2263 2449 2318 Cabasilam.
2483 2293 2547 2306 σ-
2574 2263 2881 2332 Florentia).
2930 2267 2982 2321 in
3014 2270 3136 2325 cod.
3188 2268 3445 2328 Laurent.

231 2356 304 2415 13.
336 2373 386 2411 n.
424 2354 496 2408 24
526 2371 651 2423 sqq.
682 2354 817 2422 plttt.
850 2355 938 2415 75.
962 2366 1087 2410 sunt
1113 2355 1362 2424 Epistola:
1398 2364 1634 2424 quatuor
1670 2362 1724 2407 et
1763 2352 1864 2405 Nili
1894 2348 2160 2406 Cabasilze
2209 2348 2526 2405 Tltessalon.
2560 2351 2797 2418 Epistola
2824 2354 2892 2408 ad
2917 2353 3089 2411 Nicol.
3120 2356 3446 2415 Cabasilam.

235 2440 288 2495 γ.
313 2442 543 2496 Bandin.
575 2439 694 2496 Cat.
721 2441 879 2495 codd.
908 2440 1004 2495 Gr.
1039 2441 1201 2495 Laur.
1236 2442 1289 2505 5,
1321 2457 1366 2508 p.
1415 2441 1538 2495 107.
1569 2469 1639 2480 -
1660 2438 1714 2490 In
1750 2452 1794 2491 Ct

1918 2435 2092 2489 Paris.
2124 2436 2280 2500 1⁸215,
2326 2452 2379 2489 n.
2407 2436 2462 2503 8,
2528 2437 2766 2505 Epistola
2798 2439 2863 2491 ad
2917 2438 3094 2494 Nilum
3125 2440 3442 2500 Tltessalou.

227 2537 271 2580 et
294 2528 458 2587 ωτι,
503 2528 666 2583 varia:
697 2526 973 2595 Epistolas.
1019 2529 1180 2597 (Quot
1209 2543 1338 2583 vero
1367 2528 1473 2582 siut
1517 2535 1571 2580 et
1605 2527 1670 2580 ad
1704 2538 1964 2593 quosnam
2009 2524 2246 2591 scriptae,
2275 2538 2383 2577 non
2416 2524 2687 2579 indicatur
2731 2526 2783 2577 itt
2818 2525 2938 2580 Cat.
2973 2526 3133 2582 codd.
3176 2527 3349 2586 Paris.
3376 2530 3445 2594 ll,

230 2617 395 2685 p.255)
407 2657 424 2670 .

288 2701 470 2757 Libell.
498 2704 563 2755 de
593 2702 929 2771 syllogismo.
960 2704 1018 2754 lu
1051 2704 1176 2756 cod.
1205 2700 1595 2760 Cmsar.i66,n.
1626 2700 1720 2758 21.
1743 2698 1845 2750 inci

1889 2699 1968 2751 it:
2006 2698 2243 2766 Ἀτομόν
2282 2700 2420 2760 ἐστι,
2473 2698 2532 2750 τὸ
2561 2698 2621 2750 ἓν
2663 2698 2904 2768 ἀριθμῷ,
2967 2696 3080 2754 οἷον
3125 2702 3213 2756 ὅδε
3265 2706 3294 2758 ὁ
3350 2708 3446 2760 ἄν·

231 2787 451 2855 Ορωπος·
478 2790 531 2841 in
559 2790 676 2842 cod.
718 2798 900 2841 autem
934 2787 1186 2841 Ambros.
1218 2787 1433 2840 Mediol.
1468 2797 1687 2840 notante
1710 2785 1790 2839 All

1890 2800 1932 2848 δ,
1973 2800 2095 2853 pag.
2137 2786 2225 2849 79,
2281 2787 2493 2838 ittittttm
2546 2795 2663 2839 est:
2693 2786 2900 2848 Σκοπός
2941 2789 3060 2841 ἐστι
3088 2790 3168 2858 τῷ
3218 2793 3449 2861 συντάγ-

237 2893 347 2942 ματι
372 2875 585 2939 διδάξαι
614 2875 673 2927 ea
701 2871 838 2936 εἶδος
870 2875 977 2927 τῶν
1008 2874 1407 2943 συλλογισμῶν,
1442 2889 1597 2941 quem
1635 2887 1763 2927 vero

1889 2871 1897 2923 i
1936 2872 2176 2925 tribuunt
2208 2870 2326 2924 Nilo
2369 2869 2693 2926 Thessalou.
2726 2870 2792 2927 Ἴ.
2829 2888 2988 2942 supra
3027 2873 3129 2944 §l4
3174 2876 3241 2931 de
3298 2880 3448 2934 cotti-

232 2960 363 3014 cibus
390 2963 448 3014 itt
478 2963 641 3014 catal.
672 2961 825 3015 codd.
845 2961 1068 3028 Anglia,
1103 2969 1208 3015 etc.
1234 2961 1359 3027 Il,p.
1380 2959 1448 3014 60
1467 2975 1519 3013 n.
1540 2958 1700 3024 £58,
1729 2959 1868 3014 unde
1889 2959 2127 3012 citantur
2196 2960 2338 3014 inter
2366 2960 2517 3014 codd.
2549 2961 2795 3015 Vossiatt.
2827 2959 3135 3031 Syllogismi
3161 2963 3447 3023 Cabasilrt.

290 3048 365 3100 Ab
388 3048 587 3100 Allatin
618 3047 791 3100 adhuc
822 3059 1230 3101 memorantur:

292 3131 410 3188 Nic.
438 3132 709 3188 Cabasila:
749 3132 940 3185 Κανὼν
971 3132 1221 3201 ἱαμόικὸς
1259 3134 1398 3201 μετὰ
1426 3133 1654 3202 σκολίων
1676 3136 1743 3203 τῇ
1775 3135 1851 3205 to;

913 3150 940 3183 ν
971 3132 1221 3201 ἰαμόικὸς
1259 3134 1398 3201 μετὰ
1426 3133 1654 3202 σκολίων
1676 3136 1743 3203 τῇ
1775 3135 1934 3207 ἑορτῇ
1974 3140 2087 3189 τῶν
2118 3136 2472 3205 Θεοφανείων.

291 3219 478 3287 Eiusd.
509 3223 649 3274 alius
676 3236 841 3274 canon
868 3222 1122 3274 iambicus
1158 3236 1277 3273 cum
1317 3220 1529 3273 scholiis
1563 3221 1803 3289 infestos
1837 3224 1972 3277 dies.

185 3350 189 3354 .
297 3310 477 3378 Ejusd.
503 3310 763 3379 ἐξήγησις
804 3312 856 3361 in
892 3309 1085 3361 librum
1129 3310 1340 3362 tertium
1380 3325 1582 3378 magna:
1610 3326 1744 3363 coast

1891 3311 2017 3363 ionis
2046 3309 2337 3364 Ptolemaei.
2378 3309 2489 3363 lue.
2538 3310 2609 3362 Εν
2663 3308 2721 3362 δὲ
2762 3312 2937 3381 τούτῳ
2977 3313 3056 3382 τῷ
3112 3314 3450 3386 συντάγματι

231 3398 410 3457 σκοπός
438 3399 610 3449 ἐστιν’
663 3396 802 3449 Edit.
837 3412 939 3449 una
976 3413 1097 3449 cum
1142 3411 1332 3465 magna
1367 3396 1589 3466 Syntaxi
1635 3398 1907 3453 Ptolemaei
1932 3413 1993 3449 at:
2020 3397 2257 3450 Theonis
2306 3397 2461 3450 Alex.
2497 3396 2699 3451 Graecis
2724 3398 2775 3450 in
2801 3396 3146 3454 l’tolemaztttn
3176 3417 3451 3457 commen-

232 3492 321 3534 tar.
370 3483 533 3538 Basil.
566 3482 705 3536 I558
735 3483 828 3535 fol.
861 3498 914 3552 p.
951 3483 1046 3536 151
1085 3498 1169 3550 sq.
1205 3482 1269 3537 ν.
1302 3499 1460 3551 supra
1487 3484 1554 3537 ad
1600 3485 1704 3538 vol.
1742 3485 1803 3544 V,
1831 3482 2019 3551 p.284,
2070 3482 2177 3534 vol.
2208 3480 2290 3550 ιν,
2327 3496 2380 3547 p.
2416 3481 2555 3541 9.15;
2587 3490 2639 3534 et
2676 3481 2779 3534 vol.
2815 3480 2905 3543 tx,
2944 3497 2996 3550 p.
3043 3484 3143 3537 176
3163 3500 3245 3554 sq.
3284 3487 3452 3540 aduo-

234 3577 348 3619 t..ta.
383 3568 560 3622 Oxon.
588 3569 643 3622 in
673 3569 809 3622 Bibl.
842 3567 1019 3621 Bodlei
1062 3570 1203 3622 inter
1230 3569 1388 3623 codd.
1434 3569 1601 3624 Henr.
1634 3570 1841 3631 Savilii,
1894 3587 1948 3623 η.
1980 3568 2123 3621 6572
2142 3583 2262 3637 sqq.
2313 3577 2488 3621 exstat
2520 3566 2562 3620 ll
2621 3566 2805 3621 Savilii
2844 3571 3008 3621 versio
3061 3568 3259 3626 Latina
3281 3574 3450 3642 partis

231 3652 531 3723 Altttagesti,
569 3665 620 3707 et
651 3656 1175 3708 Commentariorum
1207 3654 1445 3709 Theonis
1474 3665 1529 3710 et
1572 3656 1854 3718 Cabasilaa,
1887 3655 1985 3710 μοι.
2013 3654 2105 3708 111.

295 3739 346 3791 In
377 3745 498 3799 cod.
528 3742 700 3796 Paris.
726 3741 858 3794 Bibl.
896 3742 1040 3808 pub].
1077 3742 1233 3805 1575,
1269 3757 1326 3795 n.
1356 3742 1411 3801 6.
1445 3743 1630 3797 incdit.
1674 3743 1854 3810 Opusc

1946 3743 2022 3795 De
2071 3744 2267 3795 animo.
2306 3743 2471 3809 lucip.
2514 3741 2706 3803 Δισσὸς
2734 3740 2951 3809 λέγεται
2980 3746 3013 3814 ἡ
3034 3744 3181 3815 ψυχή
3205 3785 3219 3809 ,
3252 3756 3306 3801 et
3343 3746 3452 3800 fr..-

232 3840 494 3893 gnterttutn
529 3829 672 3882 illius
714 3830 764 3880 itt
791 3830 911 3883 t'otl.
956 3827 1112 3889 1589,
1144 3844 1197 3883 tt.
1232 3828 1285 3881 5.
1312 3857 1379 3867 -
1409 3827 1468 3881 In
1499 3830 1620 3882 cod.
1647 3828 1791 3883 4391.

1926 3830 2015 3891 15,
2077 3830 2152 3881 De
2176 3844 2331 3881 sacra
2359 3828 2520 3889 stola,
2561 3827 2628 3880 de
2660 3842 2764 3894 qua
2821 3828 2933 3895 jam
2968 3845 3127 3898 supra
3165 3832 3230 3884 ad
3262 3848 3400 3899 opus
3435 3852 3451 3887 :

238 3910 502 3982 interpret.
543 3914 817 3983 Liturgite,
856 3915 947 3968 litt.
976 3916 1217 3984 quaedam
1251 3914 1530 3968 adnotavi:
1563 3924 1615 3967 et
1641 3915 1816 3969 Cztvco
1841 3913 2047 3967 videtur
2074 3928 2192 3966 esse
2218 3913 2494 3981 Appendix
2545 3914 2789 3979 quaedam
2826 3914 2893 3966 ad
2938 3928 3074 3983 Opus
3121 3916 3451 3983 liturgieum.

230 3999 303 4051 Ab
325 4004 508 4053 eodem
537 4000 709 4055 Caret)
735 4002 977 4056 citantur
1005 4015 1036 4053 e
1066 4001 1222 4053 codd.
1262 3998 1554 4068 Responsio
1578 4002 1642 4052 ad
1701 4002 2197 4072 interrogationem,
2232 4000 2363 4065 Quis
2391 4000 2459 4053 sit
2488 3999 2611 4066 ﬁnis
2673 4000 3061 4056 incarnationis
3112 4002 3454 4060 Dominicw?

233 4112 293 4121 -
315 4084 584 4153 Expositio
610 4089 894 4141 verborum
936 4086 1180 4154 Gregorii
1219 4086 1581 4141 Nazianzeni:
1617 4088 1681 4141 Ὢ
1710 4089 1792 4157 τῆς

1893 4089 2040 4157 nivi];
2103 4087 2326 4157 μίξεως,
2355 4085 2401 4138 ὢ
2460 4086 2558 4155 τῆς
2614 4085 2922 4156 παραδόξου
2980 4090 3274 4159 κράσεως,
3307 4091 3452 4161 (qua:

234 4169 486 4223 habentur
534 4172 584 4225 itt
617 4174 859 4227 Oratione
889 4172 979 4235 38,
1012 4181 1143 4224 tom.
1190 4171 1233 4235 1,
1270 4187 1394 4241 opp.
1427 4172 1522 4227 Gr.
1548 4171 1670 4228 Lat.
1720 4177 1848 4230 edit.
1885 4176 2055 4230 Paris.
2091 4191 2143 4244 p.
2175 4173 2326 4244 620.)
2372 4171 2846 4242 lnterpretationes
2902 4174 2959 4230 in
3007 4189 3127 4233 aeta
3167 4178 3449 4235 conciliur.

232 4265 279 4307 et
299 4255 395 4309 SS.
422 4257 631 4310 Patrum
661 4274 915 4322 canones,
947 4272 1054 4312 etc.
1093 4256 1197 4313 Sed
1227 4258 1339 4314 haec
1371 4260 1674 4316 subiciant!
1716 4292 1785 4302 —
1808 4262 2034 4318 Allatius
2063 4262 2117 4316 in
2151 4263 2257 4316 line
2286 4260 2485 4330 adjecit
2534 4260 2750 4316 tertium
2783 4259 3112 4319 Demetrium
3141 4263 3450 4322 Cabasilam

235 4337 408 4396 itidem
442 4342 1002 4400 Thessalonicensem.

570 5769 829 5827 l‘aTttoL.
873 5773 984 5827 litt.
1035 5769 1160 5829 CL.
3021 5769 3098 5833 12
