3948 6200
521 314 626 378 363
1709 319 2081 380 NICOLAUS
2120 322 2543 384 CABASILAS.
3641 336 3738 398 δίη

881 472 1033 484 ’-ἣ
1045 472 1052 477 '
1087 470 1116 475 “⁴
1153 468 1200 476 ⁵-

547 471 878 484 -_—.—————.

2971 482 3338 504 :—-——~~—-————
3353 485 3372 490 -ι
3405 489 3414 494 -
3437 486 3724 518 -ςμ--υε

1203 655 1977 810 NICOLAI
2074 655 3042 811 CABASILZE

852 1015 861 1026 .
944 938 1123 1050 DE
1210 941 1714 1057 DIVINO
1778 943 2378 1058 ALTARIS
2460 943 3307 1062 SACRIFICIO.

1576 1170 1839 1230 (Gentiano
1867 1170 2088 1219 Herveto
2118 1169 2322 1220 Aurelio
2354 1170 2672 1234 interprete.)

1933 489 2226 500 -—_—.

2250 491 2598 502 ———_

2087 1337 2159 1349 -ι

1298 1479 1446 1566 AD
1519 1479 2157 1569 LECTOREM
2233 1481 2962 1575 ADMONITIO.

587 1839 665 1892 Ex
705 1838 951 1906 plurimis
998 1838 1062 1893 de
1104 1837 1364 1907 religione
1411 1847 1594 1893 nostra
1645 1839 2053 1903 controversiis,
2091 1852 2210 1906 quas
2257 1851 2284 1889 a
2333 1839 2710 1893 cacodtemoue
2785 1840 2998 1909 capitali
3051 1841 3269 1895 humani
3329 1844 3540 1912 generis
3589 1844 3732 1897 hoste

519 1927 724 1979 nostris
774 1925 1108 1992 temporibus
1135 1926 1384 1979 excitatae
1417 1931 1564 1987 sunt,
1602 1924 1743 1977 nulla
1792 1924 1984 1992 major,
2032 1926 2176 1979 nulla
2200 1926 2530 1981 Christianae
2564 1927 2868 1995 reipublica:
2898 1929 3254 1998 perniciosior
3281 1945 3404 1984 csse
3433 1931 3646 1984 videtur
3673 1949 3728 1984 ea

517 2029 635 2080 qua:
668 2014 719 2066 in
753 2014 818 2067 iis
847 2028 968 2083 quae
999 2012 1064 2066 ad
1097 2011 1430 2067 sanctissimi
1467 2013 1673 2065 Domini
1705 2011 1876 2066 nostri
1909 2011 2153 2079 corporis
2178 2022 2229 2064 et
2259 2011 2532 2080 sanguinis
2576 2013 2888 2082 mysterium
2938 2015 3226 2082 pertinent,
3281 2030 3311 2069 a
3367 2018 3726 2085 receptissima

516 2098 756 2152 omnium
792 2099 1026 2152 ﬁdelium
1059 2098 1410 2166 persuasione
1433 2097 1609 2152 aliena
1646 2097 1871 2152 invehit.
1896 2097 2027 2152 Cum
2059 2099 2200 2153 enim
2228 2099 2495 2168 pracipua
2522 2107 2682 2168 atque
2709 2100 2842 2155 adeo
2875 2108 2983 2154 tota
3015 2102 3203 2156 salutis
3234 2114 3428 2156 nostrae
3449 2118 3597 2168 spes,
3623 2121 3730 2170 quae

514 2196 573 2238 at
603 2195 684 2238 est
715 2184 1043 2248 certissima,
1077 2185 1150 2237 ita
1187 2184 1455 2238 neminem
1487 2183 1790 2247 confundit,
1815 2199 1879 2237 ex
1909 2185 2012 2238 hoc
2047 2185 2296 2252 pendeat,
2328 2184 2373 2237 si
2402 2193 2453 2238 et
2485 2185 2687 2239 Christi
2721 2187 2961 2253 corpori,
2993 2196 3248 2255 tanquam
3281 2189 3515 2243 membra
3550 2191 3726 2259 capiti.

513 2272 767 2325 uniamur
795 2281 847 2324 et
905 2272 1236 2325 uberrimum
1294 2271 1382 2339 qni
1417 2286 1480 2324 es
1517 2270 1632 2340 eius
1674 2271 1926 2338 passione
1967 2271 2278 2340 percipitur,
2314 2270 2546 2325 fructum
2584 2271 2960 2341 decerpamus;
2990 2275 3082 2342 qui
3123 2274 3365 2328 alterutri
3395 2275 3602 2343 aliquid
3645 2277 3731 2329 de-

513 2359 696 2424 trahit,
733 2367 823 2412 aut
847 2358 911 2413 de
937 2373 1001 2414 eo
1032 2360 1172 2413 male
1205 2358 1388 2421 sentit,
1422 2370 1475 2411 ut
1510 2374 1719 2413 summo
1770 2358 1981 2412 crimini
2022 2367 2107 2411 est
2163 2357 2334 2412 amnis
2358 2395 2374 2420 ,
2424 2357 2495 2410 ita
2545 2357 2711 2411 etiam
2745 2357 2911 2412 exitio
2949 2359 3018 2411 sit
3053 2363 3354 2427 proximus,
3388 2361 3484 2414 nisi
3532 2363 3727 2430 resipi-

511 2456 647 2512 scat,
696 2459 920 2499 necesse
947 2455 1051 2500 est.
1087 2447 1262 2514 Atque
1300 2459 1486 2500 eorum
1519 2445 1736 2514 quidem
1773 2446 1864 2515 qui
1898 2445 2172 2498 hodiernis
2222 2444 2554 2513 temporibus
2599 2459 2627 2497 a
2681 2454 2941 2512 perpetuo
2982 2457 3037 2500 et
3090 2448 3249 2500 unico
3299 2446 3554 2502 Ecclesia!
3603 2465 3725 2504 con-

508 2547 669 2587 sensu
717 2547 775 2586 se
817 2533 1194 2600 sejunxerunt,
1243 2533 1308 2586 de
1345 2532 1445 2586 hac
1486 2547 1544 2587 re
1571 2533 1854 2586 sententiae
1884 2533 1934 2584 iu
1985 2532 2118 2586 duas
2160 2548 2219 2588 se
2271 2541 2450 2602 partes
2526 2533 2848 2588 diviserunt.
2898 2533 3370 2604 OEcolampadiani
3408 2538 3586 2601 enim,
3641 2554 3726 2592 seu

508 2618 839 2690 Z'uingliani,
867 2629 981 2684 aut,
1007 2627 1066 2673 ut
1091 2621 1248 2688 vulgo
1272 2633 1366 2688 per
1411 2619 1744 2686 antiphrasin
1769 2620 2042 2683 dicuntur,
2069 2618 2513 2684 Sacramentarii,
2535 2623 2678 2689 quod
2711 2632 3170 2676 sacramentorum
3192 2624 3438 2691 dignitati
3467 2635 3726 2692 quantum

513 2717 735 2773 possunt
767 2707 1078 2771 detrahunt,
1116 2707 1277 2774 idque
1322 2707 1423 2758 sibi
1459 2706 1602 2760 laudi
1655 2721 1776 2761 esse
1809 2707 2032 2772 ducunt,
2073 2707 2133 2770 ii,
2178 2711 2420 2777 inquam,
2451 2707 2921 2778 (Ecolampadiani
2958 2721 3193 2765 veterem
3231 2709 3536 2779 Berengarii
3587 2727 3728 2765 erro-

511 2807 623 2848 rem
661 2804 1000 2858 revocantes,
1027 2794 1079 2847 in
1104 2793 1463 2848 Eucharistiaa
1496 2804 1840 2848 sacramento
1867 2809 1986 2849 esse
2017 2803 2223 2848 tantum
2257 2800 2502 2866 corporis
2537 2806 2590 2850 et
2616 2796 2896 2864 sanguinis
2927 2799 3160 2862 signum,
3196 2813 3299 2852 non
3333 2808 3508 2853 autem
3544 2815 3726 2851 verum

507 2895 708 2951 corpus
736 2891 791 2935 et
819 2882 1136 2950 sanguinem
1167 2888 1416 2935 asserunt
1456 2894 1470 2930 :
1516 2880 1664 2949 quod
1700 2890 1877 2934 autem
1909 2881 2002 2933 ﬁat
2032 2881 2197 2935 ullum
2229 2883 2280 2936 in
2321 2883 2477 2935 altari
2523 2883 2868 2948 sacriﬁcium,
2908 2883 3057 2936 nullo
3097 2890 3253 2937 modo
3283 2885 3597 2938 admittunt.
3632 2883 3729 2936 Lu-

513 2969 723 3022 therani
758 2979 962 3034 autem,
999 2986 1124 3024 cum
1157 2971 1209 3023 in
1246 2969 1352 3022 hoc
1384 2983 1506 3021 cum
1542 2967 1858 3022 orthodosis
1887 2968 2144 3033 sentiant,
2180 2970 2320 3038 quod
2353 2969 2406 3023 in
2439 2971 2542 3024 hoc
2573 2979 2912 3026 sacramento
2955 2971 3024 3024 sit
3071 2985 3259 3024 verum
3307 2987 3502 3038 corpus
3531 2981 3591 3024 et
3616 2987 3728 3024 san-

508 3060 624 3130 guis
663 3058 886 3122 Christi,
933 3066 986 3112 et
1028 3059 1171 3125 quod
1217 3056 1271 3110 in
1319 3055 1477 3109 altari
1530 3065 1818 3123 peragatur
1847 3055 2196 3118 sacriﬁcium,
2227 3056 2278 3109 in
2309 3071 2375 3110 eo
2405 3071 2592 3111 rursus
2623 3066 2754 3122 toto,
2795 3065 2852 3111 ut
2878 3058 3048 3124 aiunt,
3088 3057 3225 3112 ctrlo
3255 3059 3530 3124 aberrant,
3572 3060 3710 3128 quod

509 3163 704 3215 panem
741 3157 795 3201 et
829 3148 1008 3201 vinum
1041 3147 1200 3201 simul
1241 3162 1362 3199 cum
1395 3145 1596 3199 Christi
1630 3157 1857 3210 corpore
1897 3157 2068 3197 remar

2165 3142 2556 3209 :existimant;
2595 3156 2714 3196 cum
2749 3152 2999 3208 constet,
3037 3155 3167 3212 post
3221 3151 3724 3206 cons«:cratimn-m.

506 3249 626 3301 quze
659 3248 847 3300 panem
879 3242 933 3286 et
965 3232 1149 3286 vinum
1184 3232 1236 3284 in
1265 3247 1464 3298 corpus
1498 3240 1554 3284 et
1605 3230 1918 3298 sanguinem
1957 3227 2242 3291 convertit,
2291 3227 2652 3297 symbolarum
2683 3242 2776 3283 seu
2808 3229 3085 3297 signorum
3113 3229 3258 3283 solas
3292 3245 3583 3286 remanere
3612 3247 3728 3300 spe-

507 3321 640 3383 cies,
673 3334 938 3372 conversa
971 3319 1084 3387 jam
1117 3329 1170 3371 et
1201 3329 1402 3372 mutata
1435 3332 1622 3372 eorum
1652 3315 1976 3372 substantia.
2011 3314 2210 3369 Deinde
2245 3316 2387 3383 quod
2425 3315 2597 3368 solum
2631 3314 2806 3368 laudis
2833 3325 2886 3368 et
2915 3315 3208 3382 gratiarum
3243 3316 3469 3371 actionis
3514 3320 3726 3372 sacrilio

507 3406 651 3460 cium
690 3417 808 3458 esse
842 3414 1059 3472 putant,
1093 3420 1214 3457 cum
1248 3414 1441 3469 praeter
1471 3404 1681 3457 laudem
1717 3411 1769 3456 et
1807 3401 2103 3470 gratiarum
2140 3404 2430 3465 actionem,
2465 3402 2536 3455 sit
2569 3405 2728 3455 etiam
2767 3417 2948 3456 verum
2977 3412 3032 3455 et
3066 3403 3428 3470 expiatorium
3463 3420 3566 3472 pro
3603 3422 3727 3475 pec-

509 3496 648 3550 catis
682 3492 1031 3546 saeriﬁcium.
1061 3493 1282 3547 Accedit
1307 3492 1396 3556 iis,
1427 3492 1567 3560 quod
1604 3505 1702 3544 nec
1735 3498 2046 3544 sanctorum
2081 3488 2134 3540 in
2165 3501 2229 3540 eo
2265 3490 2578 3541 memoriam
2601 3489 2736 3553 ﬁeri,
2767 3503 2864 3542 nec
2900 3504 2996 3553 pro
3012 3489 3275 3542 defunctis
3303 3494 3467 3552 orari,
3500 3508 3608 3545 nec
3638 3508 3727 3560 pro

509 3579 620 3634 ullo
654 3579 873 3634 homine
921 3579 1174 3648 privatim
1205 3591 1396 3646 preces
1425 3578 1476 3630 in
1507 3591 1574 3631 eo
1606 3575 1754 3630 fundi
1787 3575 1951 3629 velint
1981 3592 1996 3628 :
2026 3582 2078 3628 et
2125 3574 2243 3628 ideo
2288 3576 2686 3629 sanctissimum
2759 3575 2934 3629 Missa:
2998 3592 3282 3641 canonem,
3321 3589 3582 3645 tauquam
3619 3596 3725 3632 rem

507 3665 724 3733 impiam
756 3674 809 3719 et
845 3665 1238 3719 exsecrandam
1271 3663 1640 3725 detestantur,
1671 3661 1812 3729 quod
1842 3659 2101 3715 oderendi
2149 3662 2410 3717 vocabulo
2439 3671 2641 3727 utatur,
2674 3673 2984 3718 sanctorum
3033 3665 3084 3716 in
3121 3678 3184 3716 eo
3217 3668 3472 3720 memoria
3510 3677 3724 3735 agatur,

507 3765 606 3820 pro
637 3753 909 3806 defunctis
949 3761 1004 3806 et
1036 3749 1326 3818 separatim
1363 3764 1462 3816 pro
1493 3747 1630 3805 vivis
1665 3747 1954 3814 aliquibus,
1987 3756 2041 3800 et
2073 3746 2141 3802 iis
2175 3749 2410 3802 maxime
2448 3764 2544 3816 pro
2574 3750 2768 3817 quibus
2797 3751 2942 3804 orari
2972 3749 3122 3817 jubet
3153 3749 3370 3812 Paulus,
3403 3764 3616 3804 oretur.
3649 3754 3724 3804 Ad

506 3855 692 3894 eorum
727 3849 905 3893 autem
935 3837 1292 3892 conl'utandos
1327 3849 1541 3890 errores
1603 3834 1693 3887 alii
1725 3835 1828 3887 alia
1859 3873 1874 3898 ,
1911 3843 1964 3886 ut
1999 3835 2286 3904 unicuique
2333 3851 2517 3889 eorum
2550 3837 2721 3906 magis
2750 3837 3005 3905 expedire
3031 3839 3202 3889 visum
3235 3846 3335 3897 est,
3364 3837 3445 3889 vi'a
3494 3839 3725 3907 ingressi

507 3936 634 3980 sunt
663 3940 677 3976 :
715 3925 802 3977 alii
839 3925 982 3978 enim
1016 3922 1297 3991 productis
1327 3936 1496 3976 sacra:
1529 3919 1824 3988 Scriptura;
1867 3921 2210 3985 testimoniis,
2241 3921 2328 3974 alii
2359 3921 2662 3977 efﬁcacibus
2705 3923 3037 3990 argumentis
3069 3923 3362 3991 solidisque
3401 3926 3722 3986 rationibus,

508 4015 598 4067 alii
631 4011 1140 4081 antiquissimorum
1175 4024 1391 4078 quoque
1423 4017 1478 4063 et
1514 4008 2020 4076 probatissimorum
2053 4009 2332 4062 doctorum
2361 4010 2774 4063 auctoritatibus
2804 4011 3060 4062 adversus
3091 4025 3186 4063 eos
3207 4011 3581 4063 derertnrnnt.
3621 4013 3725 4062 Ma-

508 4103 652 4154 xima
696 4107 844 4152 certe
875 4097 1032 4151 laude
1055 4112 1248 4151 omnes
1277 4097 1420 4164 digni
1463 4105 1608 4160 sunt,
1639 4095 1728 4162 qui
1763 4097 1963 4150 nostris
1990 4096 2317 4148 adversariis
2347 4096 2555 4164 (quidni
2599 4098 2740 4150 enim
2789 4095 3125 4149 adversarios
3159 4111 3366 4161 vocem,
3403 4099 3489 4163 qui
3531 4097 3726 4164 cujus-

510 4187 878 4249 modicunque
929 4183 1038 4236 sint
1065 4196 1250 4235 eorum
1283 4182 1724 4251 protestntioncs,
1761 4197 1856 4234 sua
1886 4193 2034 4234 certe
2067 4181 2251 4234 relicta
2283 4183 2513 4235 statione
2551 4184 2828 4236 nobiscum
2862 4183 3092 4251 amplius
3124 4198 3228 4236 non
3265 4187 3467 4250 stant?)
3501 4190 3598 4252 qui
3632 4202 3727 4237 no-

507 4274 655 4332 stris,
684 4273 922 4338 inquam,
951 4269 1274 4322 adversariis
1303 4269 1681 4332 ostenderunt,
1715 4282 1771 4320 se
1801 4282 1905 4320 non
1937 4267 2092 4320 modo
2121 4270 2200 4326 eis
2239 4269 2344 4321 ulla
2375 4284 2438 4323 ex
2470 4281 2620 4338 parte
2647 4271 2860 4333 cedere,
2897 4274 2990 4324 sed
3023 4273 3245 4328 veritate
3273 4282 3322 4323 et
3364 4275 3576 4325 ratione
3605 4289 3726 4324 ετδε

507 4361 585 4411 cis
618 4357 783 4410 etiam
817 4356 974 4423 longe
1006 4351 1336 4418 superiores.
1367 4351 1496 4406 Mihi
1525 4355 1589 4405 ad
1617 4366 1803 4405 eorum
1839 4353 2229 4420 reprimendum
2272 4365 2323 4406 et
2364 4355 2708 4424 frangendum
2739 4357 3046 4421 audaciam,
3075 4372 3447 4423 summamque
3479 4359 3725 4424 pervica-

508 4446 645 4497 ciam
677 4443 895 4509 penitus
927 4439 1328 4500 inﬁrmandam,
1365 4449 1420 4493 et
1453 4443 1516 4491 ad
1549 4440 1802 4509 pepulum
1835 4441 1886 4492 in
1925 4439 2026 4492 ﬁde
2056 4450 2109 4493 et
2137 4439 2315 4494 ofﬁcio
2347 4443 2756 4506 continendum,
2806 4442 2938 4494 nihil
2989 4443 3181 4494 melius
3227 4452 3281 4494 et
3328 4443 3556 4496 validius
3604 4461 3724 4497 e-se

513 4531 750 4594 videtur,
785 4544 943 4596 quam
984 4528 1026 4580 si
1058 4525 1269 4580 unicum
1311 4535 1363 4580 et
1394 4535 1714 4595 perpetuum
1751 4526 1988 4580 omnium
2025 4527 2285 4596 gentium,
2320 4544 2436 4596 qua:
2475 4529 2691 4582 Christo
2723 4543 2916 4582 nomen
2950 4528 3243 4591 dederunt,
3278 4528 3375 4582 hac
3406 4529 3456 4580 in
3495 4545 3553 4579 re
3591 4547 3720 4581 con-

509 4631 730 4670 sensiim
769 4595 1046 4668 nobiscum
1084 4613 1264 4666 facere
1299 4614 1637 4666 ostendatur.
1667 4611 1923 4676 Quamvis
1953 4595 2096 4666 enini
2121 4615 2184 4667 ad
2217 4615 2548 4682 probandum
2579 4616 2704 4684 quid
2740 4615 2790 4667 iti
2836 4613 2902 4668 iis
2951 4628 3068 4683 quae
3109 4615 3173 4667 de
3207 4614 3309 4666 ﬁde
3355 4624 3410 4667 et
3457 4615 3720 4682 religione

505 4705 824 4757 exoriuntur
863 4700 1274 4761 controversiis,
1313 4698 1644 4767 sequendum
1687 4699 1777 4761 sit,
1802 4699 1923 4765 jure
1953 4701 2144 4757 debeat
2183 4703 2422 4757 suﬁicere
2451 4715 2651 4758 sanctae
2689 4704 2941 4757 Romana:
2973 4702 3224 4756 Ecclesia:
3251 4705 3564 4764 auctoritas,
3599 4719 3722 4770 quae

509 4793 650 4859 quod
680 4805 706 4842 a
735 4789 860 4842 divo
907 4785 1065 4839 Petro
1100 4788 1469 4852 apostolorum
1505 4786 1750 4854 principe
1783 4785 2092 4856 Christique
2123 4791 2327 4844 vicario
2361 4801 2444 4845 est
2497 4791 2772 4850 traditum,
2809 4799 3060 4857 perpetua
3111 4797 3187 4842 tot
3227 4789 3533 4857 pontiﬁcum
3579 4791 3724 4842 serie

508 4894 614 4931 uno
650 4887 700 4929 et
736 4877 922 4930 eodem
956 4885 1140 4926 tenore
1171 4888 1386 4938 semper
1421 4873 1675 4938 servavit,
1699 4881 1754 4926 et
1781 4887 1810 4925 a
1842 4887 1968 4941 qua,
2003 4883 2253 4945 tanquam
2297 4895 2324 4929 a
2357 4877 2699 4930 sanctissimo
2726 4880 2894 4930 totius
2922 4877 3070 4930 orbis
3096 4878 3337 4940 oraculo,
3368 4878 3435 4929 de
3467 4877 3629 4930 rebus
3655 4879 3720 4927 ad

507 4967 664 5019 ﬁdem
709 4961 1104 5031 pertinentibus
1133 4961 1174 5012 si
1205 4960 1311 5013 ulla
1347 4970 1533 5012 exorta
1575 4968 1719 5013 esset
1753 4959 2038 5024 dubitatio,
2067 4979 2321 5033 restionsa
2368 4963 2420 5014 in
2471 4961 2786 5014 hodiernum
2821 4977 2988 5028 usque
3015 4963 3151 5014 diem
3183 4963 3301 5015 data
3344 4972 3501 5025 sunt;
3533 4973 3720 5015 tamen

499 5057 755 5125 quoniam
793 5055 983 5108 harum
1015 5063 1287 5105 sectarum
1323 5059 1594 5112 auctores,
1633 5064 1725 5102 sua
1765 5060 1873 5102 tum
1905 5053 2116 5104 demum
2148 5053 2363 5104 decreta
2408 5047 2561 5100 ﬁrma
2604 5057 2658 5101 et
2703 5047 2912 5099 stabilia
2955 5049 3068 5099 [ore
3097 5049 3491 5109 existimantes,
3533 5048 3578 5100 si
3630 5063 3723 5116 pe-

501 5159 638 5200 tram
668 5158 767 5198 suo
799 5143 914 5196 loco
948 5143 1263 5201 movissent,
1295 5154 1410 5191 eam
1447 5138 1646 5192 frustra
1675 5139 1914 5207 quidem,
1951 5145 2043 5191 sed
2076 5151 2270 5202 magno
2303 5143 2480 5188 tamen
2512 5142 2706 5186 conatu
2745 5134 3071 5185 labefactare
3100 5135 3276 5186 conati
3303 5143 3448 5194 sunt,
3491 5144 3720 5185 externa

499 5234 660 5286 etiam
695 5244 921 5284 evocare
953 5227 1148 5279 auxilia
1195 5241 1300 5278 non
1340 5223 1502 5277 fuerit
1548 5225 1803 5287 alienum,
1854 5240 1955 5277 non
1991 5226 2130 5292 quod
2175 5240 2277 5276 non
2323 5223 2454 5277 satis
2501 5235 2597 5289 per
2645 5235 2701 5272 se
2749 5221 2917 5287 possit
2947 5229 3094 5288 petra
3137 5228 3296 5287 super
3340 5228 3566 5287 petram,
3616 5219 3721 5272 hoc

498 5329 601 5383 est,
650 5330 814 5383 supra
854 5313 1124 5366 Christum
1165 5309 1409 5370 fundata,
1438 5310 1676 5361 omnium
1710 5310 2086 5362 haereticorum
2128 5311 2558 5377 quantiscunque
2587 5306 2774 5371 copiis.
2809 5304 2941 5357 duce
2966 5305 3205 5365 Christo,
3240 5306 3327 5372 qui
3361 5320 3480 5357 eam
3511 5303 3713 5360 funda-

497 5414 597 5468 VIt,
628 5402 916 5463 resistere;
953 5398 1044 5449 sed
1088 5405 1143 5449 ut
1174 5410 1293 5449 cum
1332 5397 1583 5446 universo
1631 5398 1830 5447 mundo
1869 5397 2086 5464 planum
2121 5396 2320 5449 iactum
2366 5395 2547 5456 inerit,
2585 5389 2770 5443 omnes
2815 5392 2904 5458 qui
2949 5390 3146 5444 Christi
3180 5391 3336 5444 iidem
3380 5393 3574 5459 ubique
3610 5401 3722 5445 ιαμ

499 5505 684 5543 rarum
716 5493 1093 5552 susceperunt,
1127 5492 1271 5535 recte
1301 5481 1574 5534 nobiscum
1608 5483 1842 5544 sentire;
1871 5493 1919 5536 et
1954 5481 2188 5536 haeretici
2219 5497 2331 5535 sum
2355 5478 2620 5533 vecordia:
2653 5477 2895 5528 morbum
2930 5488 3301 5544 agllUSl'eillCS,
3335 5478 3504 5531 donec
3531 5477 3720 5530 adhuc

494 5587 580 5630 est
611 5575 888 5630 medicina:
919 5573 1089 5632 locus,
1137 5568 1205 5622 ad
1253 5567 1511 5633 optimum
1548 5567 1843 5630 medicum,
1894 5587 1992 5619 neu
2021 5585 2084 5637 pe
2107 5567 2407 5628 Christum,
2446 5571 2806 5626 revertantur;
2835 5573 2889 5614 et
2917 5563 3002 5628 qui
3035 5563 3208 5630 primo
3233 5563 3447 5630 quidem
3491 5577 3720 5629 aspccut

494 5664 880 5730 probabilibus,
919 5658 1012 5712 sed
1049 5671 1150 5710 non
1183 5655 1359 5708 minus
1408 5651 1688 5704 venenatis
1723 5668 1879 5719 quain
1914 5655 2177 5718 iiitiiitius,
2209 5654 2252 5706 si
2286 5661 2428 5706 recte
2459 5651 2850 5719 ponderentur,
2885 5662 3071 5701 eorum
3117 5649 3449 5716 argumentis
3472 5647 3724 5709 adducti,
