3948 6200
468 317 569 379 367
1680 317 1901 377 NlCOl.
1925 317 1995 373 Al
2044 315 2430 375 C:\B.-\Sll..1"3
2623 374 2629 379 _
3581 311 3684 375 363

473 435 621 483 tieret
656 431 954 492 conversio,
992 445 1092 482 non
1141 431 1289 482 fieret
1319 429 1602 483 conversio
1634 432 1789 496 panis
1821 439 1944 482 ante
1977 433 2390 484 conversionem
2428 432 2556 484 vini.
2592 429 2724 481 Nam
2776 437 2895 497 post
2933 427 3212 494 utriusque
3260 426 3685 480 benedictionem

465 529 513 567 et
549 519 871 576 oralionem.
903 515 1115 569 tandem
1155 517 1284 567 dicit
1334 517 1625 568 sacerdos:
1664 516 1877 568 Mutuus
1915 516 2115 582 Spiritu
2150 527 2239 570 tuo
2279 528 2502 582 sancto;
2548 527 2600 569 ct
2636 526 2810 568 tamen
2866 517 2909 570 si
2955 531 3077 567 Vera
3111 524 3233 566 sunt
3263 530 3381 580 qua:
3415 515 3562 574 dicit,
3601 534 3642 580 p-
3667 533 3688 563 ι·

464 605 769 656 orationem
810 602 1106 654 sacerdotis
1141 600 1289 653 fieret
1319 601 1546 654 mutatio
1579 610 1685 653 tam
1722 604 1876 668 panis
1907 619 2065 670 quam
2097 605 2204 655 vini
2235 607 2284 657 in
2318 619 2416 657 suo
2445 603 2654 657 ordine.
2695 603 2820 672 Ejus
2855 605 3036 669 itaque
3070 601 3338 668 eXpositio
3371 613 3470 654 nec
3504 616 3682 653 Secum

467 692 598 743 satis
633 699 926 749 constaret,
959 701 1133 754 neque
1163 687 1366 740 Christi
1399 689 1521 740 ritui
1553 699 1608 741 et
1653 689 1828 741 ordini
1866 692 2208 744 consecratio
2257 691 2591 751 Graecorum,
2628 691 2670 743 si
2721 706 2779 744 ea
2816 701 2962 743 esset
2996 689 3284 756 eiusmodi,
3319 687 3686 755 respooderui,

464 779 554 842 qui
581 779 743 864 prius
775 791 926 827 suum
953 789 1148 864 corpus
1180 789 1302 826 vere
1329 773 1582 835 confecit,
1609 775 1800 828 deinde
1826 778 2164 841 sanguinem,
2192 794 2296 830 non
2322 788 2548 846 utraque
2577 777 2760 830 simul.
2789 777 3077 829 Dicendum
3104 787 3182 828 est
3213 789 3340 842 ergo
3371 773 3680 826 Latinorum

463 874 515 914 et
566 863 873 915 Gru‘t‘ot‘uttt
922 861 1342 919 esse'mentem,
1404 872 1460 911 ut
1509 861 1698 913 eodem
1741 865 2021 915 veritatem
2075 865 2503 917 consecrationis
2549 863 2806 927 referant,
2848 861 3049 929 alioqui
3100 878 3280 915 sermo
3327 861 3530 915 Christi
3576 879 3676 912 nm

461 960 600 1001 esset
637 949 838 1016 epilex,
875 957 927 999 ut
960 952 1032 999 ait
1059 948 1503 1015 Chrysostomus,
1533 963 1691 1014 quem
1722 950 1936 1016 quidem
1973 951 2185 1003 adducit
2220 950 2468 1003 Cabasila
2517 960 2769 1018 tanquam
2803 965 2914 1003 sua:
2940 948 3177 1015 opinioni
3207 949 3560 1007 contrarium,
3594 964 3689 1000 nec

462 1041 577 1105 ejus
632 1048 810 1088 tamen
869 1040 1174 1089 auctoritati
1215 1040 1264 1088 in
1305 1037 1556 1089 diluendo
1603 1039 1732 1089 satis
1768 1036 1914 1090 facit.
1955 1037 2084 1089 Nam
2127 1038 2266 1103 quod
2303 1038 2495 1089 attinet
2534 1040 2597 1090 ad
2648 1038 2751 1088 vim
2789 1038 3077 1089 verborum
3109 1052 3121 1087 :
3158 1034 3384 1086 Crescite
3411 1041 3459 1084 et
3494 1035 3690 1083 multi-

459 1126 754 1191 plicumiui,
786 1125 979 1191 quibus
1018 1134 1073 1176 ut
1101 1124 1202 1176 alia
1237 1124 1502 1176 addantur
1563 1124 1878 1189 requiritur,
1932 1139 2122 1188 nempe
2170 1122 2592 1184 matrimonium,
2628 1122 2942 1175 alimentum
2997 1131 3049 1173 et
3076 1128 3313 1183 extera;
3352 1119 3400 1172 id
3438 1121 3490 1170 in
3529 1133 3689 1169 causa

461 1223 561 1273 (:st,
597 1213 739 1279 quod
771 1225 830 1261 ea
860 1211 922 1262 ad
961 1210 1196 1262 futurum
1237 1208 1567 1268 referantur,
1598 1221 1651 1262 et
1677 1227 1793 1277 quae
1828 1211 2266 1280 rcquirebantnr,
2299 1209 2648 1262 includerent.
2686 1207 2780 1260 Hie
2810 1219 3015 1269 autem,
3045 1206 3289 1258 Christus
3317 1221 3496 1258 veram
3528 1214 3580 1255 et
3611 1221 3692 1254 re-

462 1300 571 1364 ipsa
607 1298 990 1350 subsistentem
1039 1296 1121 1348 sui
1151 1295 1413 1364 ;corporis
1464 1297 1807 1363 priesentiam
1860 1297 2204 1364 signiﬁcavit,
2238 1300 2394 1361 et,ita
2453 1311 2509 1350 ut.
2546 1299 2658 1367 ipse
2687 1298 2834 1360 fecit,
2867 1297 2979 1350 ﬁeri
3020 1297 3204 1364 jussit,
3260 1307 3316 1346 ut
3366 1309 3541 1346 sermo
3573 1294 3694 1359 ejus

461 1384 809 1438 esseteﬂicax
843 1392 895 1437 et
915 1399 1148 1450 operans
1165 1397 1229 1436 eo
1253 1385 1368 1451 ipso
1387 1395 1656 1436 momento
1690 1384 2031 1450 quodicitur,
2060 1398 2166 1436 non
2199 1388 2413 1452 quando
2441 1385 2552 1452 jam
2593 1386 2832 1447 transiit,
2868 1395 2925 1436 ut
2957 1384 3166 1436 videtur
3192 1381 3396 1436 sentire
3421 1379 3690 1431 Cahasila.

464 1470 568 1523 Nec
598 1472 776 1524 thtat
807 1470 949 1538 quod
979 1471 1030 1522 in
1065 1472 1223 1522 missa
1255 1471 1631 1539 Chrysostomi
1681 1481 1734 1522 et
1775 1471 1978 1533 Basilii,
2023 1480 2144 1539 post
2178 1473 2532 1538 prolationem
2581 1475 2866 1527 verborum
2942 1471 3168 1533 Christi,
3215 1470 3343 1524 dicit
3393 1469 3649 1522 sacerdos
3681 1486 3693 1518 :

465 1556 585 1609 Fiat
619 1573 833 1622 corpus,
867 1558 960 1623 fiat
1025 1559 1260 1626 sanguis,
1323 1567 1426 1609 etc.
1466 1554 1581 1609 Non
1618 1566 1700 1610 est
1745 1559 1886 1610 enim
1925 1557 2328 1626 intelligendum
2365 1570 2490 1614 tunc
2525 1561 2756 1628 primum
2808 1557 2921 1612 ﬁeri
2957 1557 3394 1617 conversionem,
3429 1569 3544 1621 quae
3568 1555 3686 1622 jam

459 1644 614 1709 patilo
646 1653 771 1697 ante
807 1647 950 1697 taeta
979 1657 1078 1709 ρει,
1111 1645 1206 1698 sed
1242 1653 1296 1697 ut
1332 1647 1652 1697 ostendatur
1693 1645 1833 1712 quod
1872 1647 1994 1698 licet
2029 1660 2208 1698 sermo
2235 1647 2431 1701 Christi
2484 1650 2536 1702 in
2572 1663 2699 1702 voce
2748 1648 3042 1707 transierit,
3102 1657 3278 1698 tamen
3317 1653 3557 1697 remanet
3611 1643 3698 1695 el-

459 1731 632 1783 fectus
659 1731 912 1798 potentia:
942 1731 1058 1797 ejus
1103 1732 1202 1783 sub
1235 1731 1493 1800 symholis
1528 1746 1623 1784 seu
1663 1733 1946 1796 speciebus
1984 1733 2137 1799 panis
2166 1741 2219 1784 et
2254 1734 2386 1786 vini.
2440 1731 2647 1787 Similis
2692 1735 2885 1787 modus
2931 1733 3182 1801 loquendi
3218 1732 3496 1786 invenitur
3525 1730 3695 1782 MaiCi

457 1818 663 1884 quinto,
695 1817 758 1869 de
794 1817 1018 1870 muliere
1075 1817 1334 1883 proﬂuvio
1367 1817 1644 1883 sanguinis
1681 1816 1975 1878 laborante,
2013 1832 2130 1886 qua;
2159 1829 2506 1889 posteaquam
2559 1836 2586 1872 ει
2612 1820 2829 1875 Christo
2857 1831 3043 1875 sanata
3074 1829 3153 1874 est
3182 1820 3304 1882 ﬁde,
3350 1825 3404 1871 et
3433 1818 3548 1886 ejus
3576 1817 3700 1869 fim-

458 1905 589 1956 briae
639 1905 943 1956 vesdmenti
995 1913 1269 1966 contactu,
1309 1919 1338 1956 a
1389 1902 1605 1958 Christo
1667 1903 2012 1955 nihilominus
2066 1906 2234 1957 audiit
2293 1924 2306 1959 :
2365 1907 2492 1960 Esto
2540 1923 2670 1960 sana
2713 1925 2744 1960 a
2791 1907 2947 1976 plaga
3000 1917 3134 1970 tua;
3189 1921 3308 1974 qua:
3355 1914 3530 1958 tamen
3581 1906 3698 1970 jam

457 2000 646 2042 sanata
678 1989 872 2043 fuerat.
912 1991 1015 2043 Sed
1057 1992 1157 2043 hoc
1184 1989 1364 2042 dicere
1401 1987 1573 2041 voluit
1612 1987 1881 2051 Christus,
1937 1999 1999 2042 ut
2040 1988 2164 2044 licet
2219 2001 2391 2047 tactus
2442 1994 2664 2047 {imbrice
2696 1982 3015 2056 transiisset,
3068 1994 3292 2046 ellectus
3347 2002 3522 2044 tamen
3566 1993 3699 2043 ἱιιίειε

457 2088 781 2132 consecutus
812 2087 1204 2143 perseveraret.
1259 2076 1393 2129 Cum
1434 2077 1614 2141 itaque
1665 2075 1911 2128 Cahasila
1952 2077 2337 2145 interpretatur
2375 2082 2549 2133 locum
2599 2081 2746 2134 illum
2790 2083 3015 2135 canonis
3074 2079 3333 2132 Ecclesiae
3363 2078 3585 2136 Latinae,
3626 2083 3698 2127 ita

444 2177 516 2219 'ut
547 2183 643 2220 suo
681 2169 863 2220 sensui
901 2176 1185 2235 congruat,
1218 2167 1268 2219 id
1301 2166 1526 2219 dissidet
1560 2166 1624 2216 ah
1656 2164 2011 2232 intelligentia
2040 2165 2351 2219 Latinorum
2392 2169 2479 2233 qui
2515 2169 2564 2220 id
2598 2169 2761 2222 aliter
2803 2169 3101 2237 accipiunt.
3139 2166 3270 2219 Nam
3303 2165 3547 2234 perferri.
3577 2165 3698 2215 sive

455 2271 666 2307 sursum
716 2255 864 2322 ferri,
902 2255 1313 2321 interpretatur,
1351 2255 1567 2305 imitari.
1607 2252 1784 2306 Latini
1838 2261 2014 2305 autem
2064 2253 2367 2322 intelligunt
2417 2255 2600 2308 olTerri
2649 2270 2745 2322 per
2795 2270 2988 2309 manus
3033 2253 3206 2308 sancti
3247 2253 3451 2320 Angeli,
3487 2250 3698 2304 Christi

455 2343 687 2403 scilicet,
721 2342 810 2410 qui
844 2351 926 2394 est
959 2340 1137 2408 magni
1177 2340 1387 2393 consilii
1421 2339 1700 2407 Angelus;
1745 2339 1824 2391 vel
1855 2341 2017 2392 etiam
2053 2341 2250 2406 angeli,
2291 2355 2382 2393 seu
2437 2342 2775 2410 angelorum,
2810 2343 2902 2409 qui
2958 2343 3240 2396 orationes
3266 2349 3318 2393 et
3347 2348 3466 2391 vota
3501 2349 3693 2389 nostra

457 2429 564 2480 Deo
601 2427 854 2491 offerunt,
890 2438 946 2481 ut
982 2429 1175 2498 legitur
1219 2431 1269 2480 in
1303 2427 1436 2480 libro
1471 2427 1672 2489 Tobiae,
1721 2436 1771 2479 et
1815 2428 1933 2480 Act.
1975 2443 2026 2478 x.
2071 2425 2367 2488 Postremo,
2401 2429 2542 2494 quod
2585 2428 2716 2482 dicit
2760 2437 2882 2496 post
2927 2442 3231 2482 sermonem
3279 2426 3499 2488 Christi,
3553 2425 3700 2478 dona

456 2516 666 2581 altaris,
700 2531 890 2583 panem
920 2527 973 2568 et
1009 2516 1193 2567 vinum
1232 2516 1408 2568 adhuc
1447 2517 1657 2570 vocari.
1691 2515 1741 2566 id
1774 2515 1989 2581 quidem
2026 2528 2209 2566 verum
2252 2524 2356 2577 est,
2391 2515 2456 2568 de
2506 2514 2632 2567 vino
2681 2523 2860 2568 autem
2899 2530 3004 2568 non
3036 2513 3221 2567 itidem
3261 2513 3510 2565 invenio:
3548 2512 3698 2564 calix

455 2603 596 2655 enim
634 2614 858 2655 vocatur
893 2603 945 2653 in
978 2603 1139 2654 missa
1171 2601 1545 2668 tihrysostomi
1604 2611 1658 2653 et
1683 2600 1886 2652 Basilii.
1914 2600 2169 2664 Quamvis
2193 2611 2370 2655 autem
2404 2603 2455 2655 id
2486 2617 2670 2657 verum
2703 2610 2865 2667 esset,
2898 2601 3026 2655 nihil
3063 2610 3240 2653 tamen
3273 2600 3530 2661 obstaret,
3561 2613 3694 2650 cunt

455 2706 541 2743 res
574 2691 624 2740 in
655 2704 790 2757 quas
822 2690 939 2741 alia:
970 2699 1388 2750 convertuntur,
1440 2691 1653 2741 soleant
1695 2687 1929 2740 retinere
1962 2689 2178 2740 nomina
2229 2703 2416 2741 earum
2475 2704 2593 2756 quae
2626 2704 2898 2742 conversa:
2931 2697 3100 2752 sum;
3155 2699 3208 2740 ut
3240 2695 3385 2753 patet
3434 2686 3486 2737 in
3534 2686 3690 2753 virga

455 2777 640 2838 illusis,
673 2787 726 2830 et
758 2791 895 2844 aqua
928 2777 979 2828 in
1020 2777 1200 2828 vinum
1235 2781 1530 2839 c‘onversa,
1571 2775 1725 2828 Joan.
1780 2790 1837 2828 ιι.
1874 2773 1986 2826 lmo
2022 2791 2147 2828 vero
2179 2778 2339 2830 etiam
2373 2775 2548 2829 Latini
2589 2778 2854 2831 interdum
2899 2787 3096 2829 vocant
3144 2776 3326 2828 vinum
3368 2771 3698 2840 sanguiucm

452 2865 680 2916 Christi.
715 2865 804 2917 Ait
831 2865 974 2917 enim
1010 2874 1230 2916 sanctus
1270 2864 1593 2933 Cyprianus.
1631 2863 1724 2915 lib.
1770 2877 1830 2924 ιι,
1883 2861 2081 2926 Ephes.
2121 2879 2218 2916 nr:
2261 2881 2277 2912 ι
2313 2861 2594 2928 Quomodo
2623 2872 2803 2916 autem
2855 2870 3120 2915 creaturae
3167 2861 3233 2912 de
3268 2869 3536 2922 creatura,
3567 2859 3703 2910 vitis

458 2971 656 3008 novum
685 2958 864 3008 vinum
899 2971 1020 3009 cum
1061 2954 1282 3008 Christo
1331 2955 1381 3007 in
1417 2970 1581 3023 regno
1615 2952 1788 3005 Patris
1831 2955 2095 3013 bibemus,
2126 2952 2169 3002 si
2200 2951 2250 3003 in
2281 2950 2549 3003 sacriﬁcio
2582 2950 2673 3004 Dei
2724 2948 2899 3001 Patris
2945 2949 3128 2999 vinum
3166 2961 3269 2998 non
3300 2943 3627 2998 oﬂ'erimus?
3670 2964 3690 2993 ι

458 3044 519 3094 Ει
553 3043 930 3112 Hieronymus,
970 3061 1024 3111 q.
1059 3043 1114 3106 Ξ,
1148 3043 1211 3094 ad
1249 3041 1527 3095 lledihiam
1558 3058 1569 3091 :
1611 3060 1627 3091 ι
1652 3040 1824 3093 Panis
1857 3039 1952 3107 qui
1983 3042 2048 3092 de
2079 3043 2216 3096 cmlo
2251 3042 2536 3096 descendit
2587 3055 2784 3108 corpus
2819 3050 2904 3093 est
2960 3037 3193 3100 Domini,
3239 3044 3291 3089 et
3325 3035 3508 3089 vinum
3540 3036 3693 3100 quml

455 3136 738 3204 discipulis
765 3137 932 3200 dedit,
965 3136 1188 3203 Sanguis
1217 3134 1362 3186 illius
1403 3141 1485 3210 est
1515 3133 1636 3184 novi
1666 3131 2022 3184 Testamenti.
2061 3147 2078 3180 ι
2121 3130 2243 3183 Hinc
2274 3138 2454 3182 autem
2487 3144 2607 3197 qua:
2642 3127 2856 3195 a,nobis
2887 3127 3024 3179 dicta
3058 3133 3205 3186 sunt,
3241 3125 3525 3176 conlirmat
3549 3137 3690 3174 con-

453 3228 638 3280 cilium
680 3226 1074 3284 Florentiuum,
1106 3225 1248 3290 quod
1283 3208 1559 3275 Armeniis
1590 3219 1736 3274 dedit
1769 3218 1997 3271 formam
2034 3227 2087 3271 et
2115 3218 2272 3269 ritum
2307 3214 2663 3269 consecrandi
2697 3213 2954 3266 Ecclesia:
2987 3210 3192 3262 Latinae
3223 3226 3236 3262 :
3274 3223 3434 3276 quem
3469 3208 3692 3274 quidem

454 3321 796 3382 receperunt,
830 3313 962 3380 ipsis
997 3311 1201 3364 Graecis
1235 3323 1571 3375 nequaquam
1605 3304 2048 3358 reclamantibus.
2085 3303 2208 3357 "(BC
2238 3305 2407 3356 visum
2437 3312 2517 3356 est
2553 3301 2864 3361 admonuere,
2915 3313 2980 3350 ne
3009 3298 3131 3366 quis
3161 3296 3499 3350 existimaret
3524 3292 3681 3346 Grat-

454 3421 640 3458 eorum
672 3421 910 3469 sensum,
945 3404 1086 3473 quod
1123 3401 1188 3454 ad
1221 3401 1462 3468 corporis
1497 3409 1548 3452 et
1581 3397 1867 3464 sanguinis
1905 3392 2114 3449 Domini
2164 3391 2559 3444 coniectionem
2598 3389 2812 3448 attinet,
2844 3402 2873 3438 a
2905 3385 3218 3438 Latinorum
3252 3381 3540 3440 sententia,
3577 3381 3680 3432 hoc

454 3502 536 3547 est
570 3495 637 3547 ab
661 3492 916 3546 Ecclesia;
946 3492 1194 3552 veritate,
1247 3467 1551 3542 dissidere:
1585 3486 1727 3556 quod
1790 3492 1971 3551 posset
2021 3483 2250 3542 fortasse
2302 3477 2574 3544 quispiam
2622 3490 2687 3526 ex
2739 3473 2820 3526 his
2867 3473 3077 3526 duobus
3109 3469 3376 3538 capitibus
3408 3467 3693 3533 colligere.

458 3581 662 3634 (la-tera
696 3592 876 3634 autem
910 3595 1030 3649 qua:
1057 3589 1178 3631 sunt
1213 3579 1266 3630 in
1298 3579 1396 3629 hoc
1423 3553 1628 3636 libello,
1665 3581 1792 3626 sunt
1822 3570 2108 3637 ejusmodi,
2156 3574 2214 3618 ut
2252 3565 2382 3616 nihil
2419 3564 2588 3630 magis
2638 3561 2782 3629 pium
2830 3575 2926 3613 nec
2962 3559 3134 3627 magis
3166 3555 3523 3612 christianum
3579 3553 3693 3606 dici

457 3679 544 3719 aut
579 3669 701 3736 tingi
738 3640 1028 3735 possitiEa
1062 3668 1265 3732 itaque,
1295 3663 1537 3715 studiose
1566 3661 1756 3722 lector,
1787 3659 1868 3710 fac
1901 3657 2067 3723 legas,
2095 3664 2147 3707 et
2171 3653 2306 3719 aequi
2335 3649 2568 3718 bonique
2620 3647 2910 3708 consulas;
2943 3655 2995 3700 et
3027 3645 3069 3699 si
3101 3645 3226 3713 quid
3255 3640 3514 3712 spiritalis
3541 3655 3694 3692 com-

455 3757 596 3808 :nodi
630 3771 692 3808 ex
729 3755 806 3807 eis
839 3755 1123 3821 percipias,
1165 3752 1268 3804 Deo
1298 3749 1472 3802 omnis
1505 3748 1626 3799 boni
1662 3743 1866 3798 auctori
1900 3753 1954 3796 et
1987 3740 2161 3795 datori
2197 3753 2295 3808 age
2322 3737 2545 3805 gratias.
2575 3733 2702 3786 Vale
2734 3746 2788 3788 et
2827 3735 3025 3786 fruere.

3275 3876 3684 3891 ..._————-——:

3291 3895 3522 3907 —__———

1085 3884 3268 3913 ΝΜ

1402 3911 1936 3926 ____.__—.—

488 3903 2314 4198 ᾟΕΟΑᾸὸῘΤΟΥ
2373 3885 3688 4178 ΚΑΒΑΣΙῙῘῙ

1777 4248 2346 4338 ΕΡΜΗΝΕΙΑ

1000 4409 1336 4536 ΤΗΣ
1417 4401 1918 4538 ΕΙΑΣ
1979 4391 3134 4533 ΛΕΙΤΟΥΡΓΙΑΣ.

1162 4733 1927 4890 NICOLAI
2015 4723 2986 4884 CABASILXE

1407 4985 1900 5096 SACB/E
2011 4975 2743 5095 LITURGL/E

1575 5173 2608 5269 INTERPRETATIO.

2044 5361 2112 5375 ﬂ

1127 5428 1276 5482 CAP.
1311 5429 1348 5481 Ι.

2736 5417 2986 5470 ΚΕΦΑΛ.
3021 5412 3097 5467 A'.

513 5523 650 5590 Quid
671 5524 771 5578 sibi
808 5523 915 5576 vult
959 5522 1014 5574 in
1043 5537 1248 5574 summa
1287 5520 1586 5571 universum
1621 5514 1959 5581 sacriﬁcium.

1905 5530 1959 5563 τι.
2368 5513 2426 5564 Τί
2450 5513 2740 5576 ,βούλεται
2775 5511 3040 5562 καθόλου
3068 5509 3464 5560 ὁλόκαυστον.

525 5618 738 5670 Sanctae
813 5629 1090 5669 sacrorum
1171 5609 1585 5680 mysteriorum.
1633 5603 2014 5658 celebrationis

2198 5599 2310 5666 Τῆς
2335 5601 2493 5666 ἁγίας
2523 5601 2745 5668 τελετῆς
2792 5597 2900 5650 τῶν
2957 5597 3115 5664 ιερῶν
3156 5594 3471 5664 μυστηρίων
3541 5594 3701 5658 ῐργον

456 5721 590 5774 opus
634 5720 686 5762 et
714 5709 939 5762 ellectus
982 5704 1198 5774 quidem
1236 5709 1316 5756 est
1367 5702 1626 5752 donorum
1665 5696 1719 5749 in
1769 5697 2005 5748 divinum

2142 5691 2221 5741 ιὲν
2261 5693 2291 5760 ἡ
2319 5691 2422 5745 τῶν
2455 5691 2642 5761 δώρων
2677 5693 2756 5753 εἰς
2785 5692 2842 5743 τὸ
2873 5690 3014 5742 Οείσν
3037 5688 3193 5759 σῶμα
3225 5687 3317 5740 καὶ
3361 5679 3498 5753 αἷμα
3534 5699 3701 5752 μετα·
