3992 6202
405 406 506 462 3η
1624 408 1932 466 NICOLAI
1975 407 2360 466 CABASILAS

3515 403 3617 463 379.

407 521 460 572 in
487 517 754 570 sacriﬁcio
795 526 920 568 sunt
949 517 1144 582 primo.
1179 515 1640 582 signiﬁcantibus:
1679 533 1796 584 qum
1833 533 1957 570 vero

2081 519 2384 586 ἰηλούντων,
2415 516 2520 567 τῶν
2549 515 2603 567 δὲ
2625 516 2918 583 δευτέρων,
2950 514 3015 564 τὰ
3041 512 3289 581 δεύτερα,
3319 512 3424 565 τῶν
3451 511 3506 563 δὲ
3533 529 3620 562 τεο

406 613 644 666 εοριιηιῐο
673 611 808 675 loco,
843 612 1076 664 secunda
1101 626 1116 670 ;
1145 624 1263 676 qua:
1299 621 1479 663 autem
1511 619 1781 677 postremo
1819 610 1958 670 loro,

404 718 466 756 ea
497 718 616 770 qua:
643 711 1083 766 consequuntur;
1119 709 1171 752 et
1203 701 1325 754 licet
1357 701 1424 754 iis
1468 702 1557 769 qui
1597 703 1709 755 hmc
1753 700 1959 762 vldont,

403 796 580 848 omnia
614 794 812 846 habere
843 799 967 843 ante
988 789 1192 844 oculos.
1229 790 1495 843 Donorum
1532 790 1675 844 enim
1707 789 1960 844 sanctiﬁ-

405 885 566 946 catio,
595 885 767 952 ipsum
796 881 1145 945 sacrificium,
1178 881 1292 948 ejus
1319 892 1543 936 mortem
1576 883 1877 944 annuntiat,
1909 890 1962 933 et

406 974 852 1026 resurrectionem
904 980 960 1026 et
1013 974 1458 1042 assumptionem,
1521 974 1775 1041 quoniam
1833 987 1960 1042 pre-

404 1066 537 1117 tiosa
589 1063 702 1116 haec
734 1064 871 1116 dona
921 1063 974 1115 in
1023 1065 1194 1130 ipsum
1228 1078 1423 1132 corpus
1456 1063 1792 1118 Dominicum
1840 1078 1962 1114 mu-

404 1162 606 1214 tantur,
639 1152 781 1220 quod
812 1153 926 1205 hzcc
953 1152 1135 1206 omnia
1180 1153 1446 1222 suscepit,
1471 1155 1614 1222 quod
1645 1153 1962 1206 cruciﬁxum

401 1252 502 1304 est,
539 1243 841 1298 resurrexit
892 1251 945 1297 et
985 1242 1036 1295 in
1065 1243 1236 1298 caelos
1272 1243 1548 1300 ascendit.
1596 1243 1726 1308 Qum
1780 1252 1961 1296 autem

407 1343 532 1386 ante
584 1333 915 1387 sacriﬁcium
969 1333 1226 1386 dicuntur
1258 1341 1310 1386 et
1366 1335 1522 1392 fiunt,
1559 1347 1622 1386 ea
1665 1348 1784 1400 qum.
1840 1340 1964 1384 ante

405 1435 634 1480 mortem
663 1427 902 1492 fuerunt,
945 1426 1258 1492 adventum,
1287 1427 1652 1480 osmusionem
1704 1434 1756 1476 et
1790 1420 1966 1488 perfe-

403 1529 545 1570 ctam
603 1517 1122 1570 manifestationem.
1183 1516 1314 1580 Quae
1360 1524 1538 1569 autem
1592 1523 1713 1584 post
1759 1511 1965 1566 sacrifi-

403 1612 574 1673 cium,
627 1608 801 1663 Patris
847 1609 1284 1678 prcrnissionem,
1335 1617 1393 1661 ut
1431 1609 1546 1675 ipse
1595 1605 1743 1667 dicit,
1792 1603 1965 1655 sancti

405 1702 643 1771 Spiritus
674 1701 738 1754 ad
767 1700 1044 1770 apostolos
1075 1702 1412 1758 descensum.
1439 1697 1674 1767 gentium
1707 1695 1964 1749 ad‘Deum

404 1809 503 1862 per
555 1793 678 1848 illus
726 1795 1134 1846 conversionem
1171 1800 1222 1844 et
1255 1791 1712 1844 communionem.
1771 1785 1837 1839 Et
1887 1796 1970 1838 est
2001 1765 2043 1816 Β

405 1887 653 1939 universa
703 1883 941 1952 mysterii
992 1882 1283 1936 celebratio
1342 1880 1506 1934 veluti
1565 1895 1665 1930 una
1721 1878 1966 1946 quanlztnt

407 1980 582 2045 imago
610 1976 768 2030 unius
799 1976 1044 2045 corporis
1075 1972 1386 2042 reipublicae
1423 1970 1747 2034 Servatoris,
1782 1983 1971 2023 omnis

405 2071 522 2137 ejus
548 2079 724 2136 partes
748 2069 817 2132 ab
845 2067 1006 2121 initio
1035 2066 1098 2120 ad
1134 2067 1316 2130 ﬁnem,
1355 2078 1452 2132 per
1483 2063 1726 2117 ordinem
1751 2071 1803 2114 et
1833 2061 1973 2112 inter

407 2177 464 2215 se
514 2158 947 2214 coavenientiam
1000 2158 1100 2210 sub
1149 2167 1425 2224 aspectum
1472 2153 1766 2206 deducens.
1803 2147 1972 2203 ~Uude

409 2251 599 2318 PSulllli
645 2251 862 2320 quidem
891 2289 906 2311 ,
959 2258 1013 2302 nt
1043 2249 1133 2317 qui
1180 2258 1447 2301 canuntur
1481 2246 1532 2299 in
1583 2243 1878 2312 promtniis,
1922 2249 1974 2293 et

408 2347 582 2399 adhuc
614 2353 740 2397 ante
792 2357 886 2396 eos
922 2357 1039 2410 qua;
1099 2343 1150 2394 in
1200 2341 1467 2393 donorum
1519 2335 1886 2404 propositione
1921 2341 1971 2386 et

411 2437 542 2487 ﬁunt
588 2443 642 2485 et
689 2431 966 2492 dicuntur,
1014 2429 1243 2495 primum
1281 2434 1490 2491 tempus
1523 2421 1722 2476 Christi
1756 2432 1973 2472 meone-

411 2527 532 2580 mia:
580 2523 904 2593 significant.
938 2519 1068 2585 Qum
1103 2528 1282 2571 autem
1325 2523 1447 2584 post
1490 2512 1747 2582 psalmos.
1789 2525 1974 2563 sacra»

412 2633 530 2670 rum
564 2615 896 2670 Litterarum
932 2612 1191 2665 lectiones
1221 2616 1273 2662 et
1299 2605 1424 2672 alia,
1451 2605 1501 2659 id
1537 2605 1677 2673 quod
1712 2587 1978 2670 sequitur.

415 2710 545 2763 Nam
599 2715 652 2761 et
710 2705 756 2761 si
787 2705 998 2758 dicatur
1049 2701 1189 2757 alius
1225 2713 1344 2753 esse
1395 2712 1523 2751 usus
1577 2695 1870 2749 lectionum
1922 2701 1977 2746 et

414 2799 868 2866 psalmodiarum,
903 2810 965 2850 ea
1003 2793 1148 2848 enim
1198 2797 1468 2858 assumpta
1503 2800 1645 2850 esse,
1679 2795 1734 2837 ut
1767 2783 1976 2838 scilicet

415 2895 480 2945 :ul
515 2894 768 2944 virtutem
826 2902 924 2942 nos
971 2888 1200 2953 ungant.
1251 2889 1303 2934 et
1351 2889 1408 2932 ut
1466 2877 1634 2931 Deum
1684 2873 1972 2944 propitium

418 2985 668 3050 reddant,
704 2983 832 3037 nihil
871 2991 1046 3034 tamen
1080 2977 1328 3046 prohibet
1357 2972 1643 3039 quominus
1677 2979 1729 3021 ct
1773 2969 1874 3019 hoc
1921 2973 1976 3017 et

2064 609 2348 673 λευταίων,
2401 608 2464 660 τὰ
2503 607 2620 676 μετ’
2667 607 2872 661 ἐκεῖνα.
2917 606 3024 658 Καὶ
3073 603 3253 667 ἔξεστι
3306 604 3414 663 τοῖς
3451 602 3622 654 ταῦτα

2059 701 2252 768 ὁρῶσι,
2287 701 2463 751 πάντα
2520 699 2704 750 ἐκεῖνα
2748 697 2854 766 πρὸ
2898 695 3008 748 τῶν
3053 694 3348 763 ὀφθαλμῶν
3396 694 3568 760 ἔχειν’
3597 696 3625 744 ὁ

2066 796 2165 861 μὲν
2194 793 2302 859 γὰρ
2332 791 2438 843 τῶν
2477 791 2666 858 δώρων
2697 786 2992 856 ἁγιασμὸς,
3046 786 3184 854 αὑτὴ
3215 787 3248 855 ἡ
3305 785 3488 848 θυσία,
3533 784 3622 835 τδν

2063 886 2294 938 θάνατον
2333 881 2498 935 αὐτοῦ
2530 879 2909 946 καταγγέλλει,
2944 879 3039 930 καὶ
3070 878 3167 946 τὴν
3211 876 3506 929 ἀνάστασιν
3531 875 3624 925 καὶ

2063 977 2160 1044 τὴν
2207 972 2506 1043 ἀνάληψιν,
2539 973 2621 1024 ὅτι
2663 970 2735 1022 τὰ
2767 970 2919 1038 τίμια
2968 968 3138 1020 ταῦτα
3167 968 3333 1036 δῶρα,
3369 968 3448 1027 είς
3493 965 3624 1016 αύτδ

2065 1067 2339 1136 Κυριακδν
2374 1063 2702 1134 μεταϐάλλει
2748 1062 2929 1130 σῶμα,
2953 1060 3012 1113 τὸ
3042 1060 3216 1112 ταῦτα
3265 1059 3443 1111 πάντα
3477 1055 3627 1121 δεξά-

2067 1175 2251 1226 μενον,
2282 1156 2343 1208 τὸ
2371 1155 2705 1225 σταυρωθὲν,
2737 1153 2796 1204 τδ
2834 1152 3094 1216 ἀναστὰν,
3133 1151 3193 1202 τὸ
3240 1150 3319 1210 εἰς
3350 1149 3440 1200 τὸν
3467 1148 3628 1210 ούρα-

2064 1249 2155 1303 νδν
2182 1247 2507 1316 ἀνεληλυθός
2531 1263 2544 1276 ·
2584 1246 2653 1298 τά
2683 1246 2738 1298 δὲ
2773 1244 2878 1314 πρὸ
2907 1245 3005 1310 τῆς
3059 1242 3269 1306 θυσίας,
3299 1241 3367 1292 τὰ
3403 1239 3506 1307 πρὸ
3536 1237 3628 1289 τοῦ

2067 1339 2320 1399 θανάτου,
2352 1338 2451 1405 τὴν
2483 1336 2813 1402 παρουσίαν,
2838 1335 2937 1403 τὴν
2963 1332 3256 1396 ἀνάδειξιν,
3287 1331 3385 1400 τὴν
3414 1329 3626 1381 τελείαν

2067 1429 2411 1497 φανέρωσινο
2451 1427 2517 1478 τὰ
2547 1427 2602 1477 δὲ
2651 1426 2788 1494 μετὰ
2823 1425 2918 1493 τὴν
2967 1423 3181 1485 Θυσίαν,
3238 1422 3340 1488 τὴν
3392 1421 3632 1485 ἐπαγγε-

2065 1520 2186 1571 λίαν
2241 1518 2336 1570 τοῦ
2384 1518 2614 1584 Πατρδις.
2669 1516 2743 1578 ὡς
2800 1515 2961 1576 αὐτὸς
3009 1507 3150 1576 εἶπε,
3182 1511 3278 1580 τὴν
3336 1510 3430 1561 τοῦ
3470 1508 3628 1572 ἁγίου

2072 1613 2388 1682 Πνεύματος
2437 1613 2515 1673 είς
2542 1612 2666 1673 τοὺς
2717 1607 3050 1668 ἀποστόλους
3084 1604 3344 1659 κάθοδον·
3381 1603 3478 1670 τὴν
3517 1601 3629 1652 τῶν

2070 1705 2238 1756 ἐθνῶν
2290 1703 2356 1756 δι’
2393 1701 2613 1754 ἐκείνων
2678 1700 2756 1759 είς
2785 1699 2875 1749 τὸν
2908 1697 3039 1750 Θεὸν
3085 1696 3418 1764 ἐπιστροφήν
3453 1710 3508 1743 τε
3537 1692 3634 1743 καὶ

2074 1795 2380 1848 κοινωνίαν.
2411 1791 2522 1844 Καὶ
2552 1791 2698 1843 ἔστιν
2721 1791 2753 1856 ἡ
2799 1790 2948 1840 πᾶσα
2994 1785 3347 1854 μυσταγωγία
3380 1783 3633 1851 καθάπερ

2074 1903 2157 1948 τις
2197 1882 2359 1936 εἰκὼν
2392 1883 2511 1951 μία,
2564 1879 2682 1940 ἐνὸς
2715 1878 2963 1944 σώματος
2995 1877 3092 1944 τῆς
3131 1874 3225 1925 τοῦ
3261 1874 3507 1941 Σωτῆρος
3540 1889 3639 1922 πο-

2074 1972 2300 2035 λιτείας,
2338 1969 2514 2022 πάντα
2543 1968 2711 2036 αὐτῆς
2741 1968 2810 2017 τὰ
2851 1965 3015 2034 μέρη,
3061 1963 3154 2016 ἀπ’
3180 1964 3353 2032 ἀρχῆς
3382 1964 3508 2031 ἄχρι
3547 1961 3636 2012 τέ-

2074 2064 2218 2124 λους,
2249 2061 2390 2114 κατὰ
2421 2059 2519 2128 τὴν
2545 2057 2679 2124 πρὸς
2713 2056 2914 2124 ἄλληλα
2949 2055 3101 2118 τάξιν
3127 2055 3220 2107 καὶ
3251 2052 3516 2123 ἁρμονίαν
3543 2050 3638 2102 ὑπ’

2074 2155 2194 2223 ww
2227 2153 2455 2219 ἄγουσα.
2494 2149 2658 2204 Ὅθεν
2693 2151 2739 2200 oi
2773 2148 2874 2216 μὲν
2897 2146 3126 2215 ψαλμοὶ,
3161 2145 3235 2207 ὡς
3271 2146 3335 2197 ἂν
3368 2145 3425 2194 ἐν
3452 2157 3640 2210 προοι-

2080 2249 2219 2312 μίοις
2247 2243 2516 2314 ᾀδόμενοι,
2548 2242 2642 2292 καὶ
2683 2239 2762 2291 ἔτι
2802 2237 2910 2309 πρὸ
2945 2237 3178 2299 τούτων,
3211 2235 3277 2288 τὰ
3314 2236 3371 2286 ὲν
3402 2238 3467 2301 τῇ
3507 2250 3641 2302 προ-

2077 2335 2223 2386 θέσει
2246 2335 2350 2386 τὼν
2380 2333 2568 2401 δώρων
2595 2331 2880 2399 γενόμενα,
2916 2330 3010 2381 καὶ
3059 2327 3348 2396 λεγόμενα,
3373 2325 3464 2376 τὸν
3489 2323 3645 2392 πρῶ-

2076 2444 2165 2475 τον
2196 2424 2385 2494 mpm
2415 2421 2506 2474 τοῦ
2533 2419 2770 2489 Χριστοῦ
2805 2417 3121 2485 οἰκονομίαν
3154 2416 3530 2484 σημαίνουσιν.
3559 2414 3643 2465 Τὰ

2076 2518 2130 2569 δὲ
2169 2515 2304 2582 μετὰ
2334 2515 2460 2577 τοὺς
2498 2513 2768 2581 ψαλμοὺς,
2809 2511 2967 2579 ἱερῶν
3001 2509 3237 2578 Γραφῶν
3283 2505 3639 2573 ἀναγνώσεις,

2079 2611 2172 2659 καὶ
2203 2606 2268 2657 τά
2293 2605 2448 2664 am.
2486 2604 2546 2655 τὸ
2577 2602 2790 2670 ἑφεξῆς.
2833 2602 2893 2654 Et
2925 2602 3034 2668 γὰρ
3078 2600 3174 2652 καὶ
3205 2599 3338 2665 ἄλλη
3380 2615 3460 2659 τις
3492 2599 3628 2665 εἴρη-

2078 2714 2168 2748 ται
2198 2689 2331 2746 εἶναι
2361 2697 2392 2760 ἡ
2424 2693 2582 2762 χρεία
2607 2693 2715 2743 τῶν
2748 2691 3126 2756 ἀνοιγνὼσεων,
3152 2688 3246 2742 καὶ
3274 2688 3379 2740 τῶν
3414 2687 3644 2755 ψαλμῳ-

2077 2789 2229 2846 διιῖιν,
2270 2783 2684 2854 παραλελῆιρθαι
2734 2782 2844 2849 γὰρ
2880 2781 3042 2843 αὐτὰ,
3077 2780 3162 2832 ἵνα
3214 2778 3456 2847 δηλονότι
3505 2777 3644 2846 προς

2080 2879 2280 2950 ἀρετὴν
2309 2877 2608 2945 ἀλείψωσιν
2659 2875 2827 2943 ἡμᾶς,
2869 2873 2954 2924 ἵνα
2987 2873 3075 2922 τὸν
3120 2870 3250 2922 Θεδν
3285 2866 3642 2926 ίλεώσωνται,

2081 2968 2199 3023 ἀλλ’
2236 2968 2356 3020 οὐδὲ
2398 2965 2594 3018 γωλύει
2630 2962 2912 3016 καὶτοῦτο
2962 2961 3180 3013 κάκεῖνο
3213 2957 3495 3018 δύνασθαι,
3546 2956 3647 3007 καὶ

418 3075 548 3131 illud
597 3047 826 3142 possint,
862 3069 1154 3129 eteadem,
1189 3075 1241 3118 et
1283 3064 1468 3117 fideles
1509 3063 1572 3115 ad
1611 3061 1856 3113 virtutem
1893 3059 1976 3110 in-

2081 3061 2148 3112 τά
2176 3060 2315 3111 αύτά
2358 3057 2487 3120 τούς
2529 3071 2586 3106 τε
2637 3053 2863 3115 πιστοὺς
2913 3054 2992 3114 εἰς
3021 3051 3221 3120 ἀρετὴν
3281 3048 3515 3114 ὲνάγειν,
3549 3047 3650 3098 καὶ

419 3171 641 3228 ducant,
671 3176 722 3219 et
769 3163 972 3220 Christi
1021 3157 1376 3213 oeconomiam
1411 3163 1464 3206 et
1510 3151 1975 3220 dispensationem

422 3270 476 3312 in
508 3271 671 3311 carne
714 3252 1043 3322 significent.
1081 3245 1545 3314 Quemadmodum
1608 3241 1750 3295 enim
1799 3250 1980 3294 vestes

423 3346 720 3404 induuenti
755 3344 970 3412 quidem
996 3355 1154 3395 nsum
1181 3338 1426 3404 implent,
1450 3344 1503 3388 et
1530 3347 1727 3402 corpus
1752 3339 1935 3398 tegunt
1965 3345 1977 3382 :

419 3456 486 3494 eo
515 3445 690 3492 autem
721 3434 862 3506 quod
907 3433 1041 3499 tales
1073 3429 1154 3484 vel
1188 3428 1320 3482 tales
1347 3435 1492 3490 sunt,
1519 3437 1898 3491 nonnunquam
1929 3427 1981 3472 et

423 3529 735 3584 artiﬁcium,
761 3535 814 3578 et
848 3524 1011 3576 vitam
1052 3531 1107 3574 et
1137 3518 1448 3588 dignitatem
1477 3528 1664 3568 eorum
1688 3512 1776 3581 qui
1812 3509 1979 3563 induti

423 3631 572 3683 sunt,
606 3616 938 3684 significant.
973 3613 1045 3667 ita
1081 3611 1240 3666 etiam
1289 3622 1347 3661 se
1401 3607 1563 3660 habet
1601 3605 1652 3659 in
1689 3603 1792 3657 his.
1847 3593 1980 3667 Quia

423 3713 564 3766 enim
593 3711 789 3763 dixinze
813 3705 1105 3774 Scriptura)
1147 3711 1199 3754 et
1226 3702 1385 3755 verba
1429 3697 1687 3765 divinitus,
1725 3694 1981 3762 inspirata

424 3816 478 3859 et
509 3806 737 3872 hymnos
781 3800 874 3854 Dei
916 3795 1400 3867 comprehendunt,
1433 3801 1486 3845 et
1516 3791 1582 3844 ad
1613 3789 1864 3842 virtutem
1887 3785 1984 3836 ad-

429 3900 733 3957 hortantur,
765 3905 858 3946 cos
891 3889 983 3958 qui
1027 3889 1212 3956 legunt
1262 3895 1316 3937 et
1349 3892 1571 3946 canunt,
1625 3877 1983 3934 sanctiﬁcant.

431 3986 564 4052 Quia
602 3994 780 4037 autem
813 3981 938 4034 talia
969 3979 1135 4032 electa
1169 3985 1314 4039 sunt,
1342 3985 1395 4028 et
1423 3973 1493 4026 ita
1535 3980 1662 4024 sunt
1699 3967 1945 4022 ordinata
1969 4005 1983 4028 ,

426 4085 482 4129 et
517 4076 676 4128 aliam
713 4073 914 4126 habent
945 4077 1284 4139 potestatem,
1322 4073 1375 4117 et
1419 4063 1690 4118 sufﬁciunt
1721 4059 1786 4112 ad
1819 4057 1986 4126 signi-

430 4166 695 4218 ficandam
727 4160 930 4214 Christi
983 4155 1493 4226 peregrinationem,
1537 4162 1591 4205 et
1625 4150 1740 4217 ejus
1769 4147 1986 4199 institu-

430 4257 649 4310 tionem.
708 4252 891 4318 Neque
923 4249 1068 4300 enim
1112 4261 1170 4298 ea
1215 4244 1384 4296 solum
1409 4257 1528 4310 qua:
1550 4241 1802 4293 coluntur
1831 4245 1883 4290 et
1913 4236 1988 4288 lc-

428 4358 646 4415 guntur,
685 4341 777 4396 sed
827 4353 887 4391 ea
923 4337 1084 4390 etiam
1119 4349 1237 4400 quae
1283 4334 1334 4384 in
1367 4328 1690 4385 celebrando
1720 4339 1986 4398 peragun-

432 4452 538 4500 tur,
562 4435 752 4487 eodem
779 4430 940 4484 modo
964 4441 1022 4481 se
1049 4427 1283 4489 habent;
1313 4423 1370 4475 lit
1394 4421 1538 4474 enim
1572 4419 1988 4487 unumquodque

2078 3152 2174 3220 τὴν
2213 3150 2306 3202 τοῦ
2361 3147 2599 3217 Χριστοῦ
2650 3144 2960 3213 οἰκονομίαν
3010 3143 3320 3211 σημαίνειν.
3381 3137 3650 3205 Καθάπερ

2079 3245 2188 3312 γὰρ
2218 3242 2285 3294 τὰ
2338 3240 2528 3310 ίμάτια
2561 3236 2833 3304 πληροῦσι
2866 3235 2963 3302 μὲν
3004 3233 3106 3300 τὴν
3152 3235 3340 3300 χρείαν
3370 3231 3467 3298 τῆς
3499 3229 3653 3281 ἐνδύ-

2082 3351 2240 3397 σεως,
2276 3335 2372 3386 καὶ
2401 3328 2735 3382 καλύπτουσι
2763 3329 2823 3378 τὸ
2846 3327 3027 3392 σῶμα,
3068 3323 3204 3392 τῷδε
3239 3317 3413 3376 τοιάδε
3448 3317 3584 3372 εἶναι
3608 3319 3644 3386 ἦ

2077 3425 2279 3486 τοιάδε,
2316 3421 2410 3474 καὶ
2444 3418 2780 3486 ἐπιτήδευμα
2812 3415 2982 3467 ἐνίοτε
3016 3411 3357 3480 σημαίνουσι,
3388 3412 3480 3462 καὶ
3511 3409 3646 3478 βίον,

2079 3516 2175 3570 καὶ
2201 3512 2412 3579 ἀξίωμα
2447 3510 2553 3560 τῶν
2577 3504 2976 3574 περικειμένων
3003 3520 3017 3535 ’
3039 3503 3180 3555 οὕτω
3210 3501 3304 3553 καὶ
3322 3503 3413 3551 ἐπὶ
3445 3500 3656 3551 τούτων

2081 3608 2214 3676 ἔχει.
2243 3603 2366 3657 ’Ότι
2388 3602 2485 3670 μὲν
2517 3598 2624 3667 γὰρ
2649 3597 2786 3649 θεῖαι
2807 3593 3039 3663 Γραφαὶ,
3065 3593 3159 3644 καὶ
3189 3591 3520 3642 θεόπνευστα
3551 3589 3654 3657 ῥή-

2085 3713 2230 3768 ματα
2249 3695 2340 3767 καί
2367 3693 2568 3758 ὕμνους
2589 3688 2683 3741 τοῦ
2703 3685 2836 3739 Θεοῦ
2862 3684 3194 3754 περιέχουσι.
3220 3683 3310 3732 καί
3335 3683 3415 3740 εἰς
3449 3680 3650 3745 ἀρετὴν

2084 3786 2505 3858 προτρέπονται,
2525 3780 2647 3840 τοὺς
2663 3774 3131 3843 ἀναγινώσκοντας
3148 3773 3240 3823 καὶ
3258 3770 3480 3841 ᾄδοντας
3497 3769 3656 3831 ἀγιά-

2086 3880 2178 3945 ζου
2188 3898 2288 3932 σιν.
2307 3878 2430 3929 Ὅτι
2447 3874 2502 3926 δὲ
2519 3870 2741 3925 τοιαῦτα
2757 3868 3102 3934 ὲξελέγησαν,
3125 3866 3218 3916 καὶ
3235 3861 3407 3923 οὕτως
3427 3859 3660 3926 ἐτάχθη-

2086 3987 2185 4021 σαν
2205 4010 2220 4028 ,
2245 3967 2337 4019 καὶ
2356 3964 2451 4032 τὴν
2477 3962 2641 4029 ἀλλην
2661 3958 2887 4026 δύναμιν
2905 3956 3106 4024 ἔχουσι,
3140 3953 3231 4005 καὶ
3255 3949 3483 4021 ἀρκοῦσι
3502 3948 3646 4018 πρὸς

2089 4055 2367 4127 σημασίαν
2390 4055 2489 4120 τῆς
2517 4051 2610 4103 τοῦ
2635 4046 2868 4118 Χριστοῦ
2911 4045 3205 4114 ἐπιδημίας
3232 4043 3326 4095 καὶ
3355 4041 3596 4093 πολιτεία
3611 4057 3651 4093 τ.

2101 4147 2255 4199 Ἐπεὶ
2267 4146 2325 4198 οὐ
2348 4145 2502 4213 μόνον
2517 4143 2582 4194 τὰ
2606 4141 2841 4211 ᾀδόμενα
2888 4136 2984 4188 καὶ
2999 4133 3498 4202 ἀναγινωσκόμενα.
3518 4131 3657 4183 ἀλλὰ

2091 4237 2188 4289 καὶ
2217 4236 2286 4288 τὰ
2324 4233 2626 4300 τελούμενα
2662 4229 2850 4282 τοῦτον
2879 4227 2989 4296 ἔχει
3037 4225 3128 4277 τὸν
3153 4224 3352 4294 τρόπον
3375 4237 3390 4252 ⁶
3429 4221 3520 4272 καὶ
3569 4218 3658 4286 γί-

2092 4343 2242 4378 νεται
2283 4325 2536 4385 ἕκαστον,
2588 4320 2684 4386 τῆς
2717 4318 2907 4388 χρείας
2937 4316 3100 4367 ἕνεκα
3127 4314 3224 4382 τῆς
3274 4309 3651 4378 ἐνισταμένης.

2097 4417 2357 4486 Σημαίνει
2380 4415 2435 4466 δὲ
2465 4413 2558 4465 καί
2585 4429 2634 4463 τι
2664 4411 2773 4462 τῶν
2817 4407 2908 4459 τοῦ
2947 4404 3182 4474 Χριστοῦ
3217 4403 3414 4470 ἔργων,
3441 4400 3472 4468 ἧ
3515 4399 3653 4467 πρά-

432 4523 712 4593 ιπαιεριιιῑς
771 4535 900 4573 usus
975 4515 1188 4586 gratia;
1248 4512 1513 4576 signiﬁcat
1571 4519 1751 4563 autem
1824 4509 1979 4559 etiam

2099 4509 2253 4572 ξεων,
2287 4507 2319 4574 ἢ
2349 4504 2538 4558 παθῶν
2563 4519 2575 4534 ο
2623 4496 2736 4554 οἷόν
2765 4501 2932 4560 ἐστιν,
2965 4499 2997 4565 ἡ
3031 4496 3110 4556 είς
3158 4493 3220 4544 τὸ
3269 4490 3662 4558 θυσιαστήριον

434 4613 633 4682 aliquid
669 4627 730 4665 ex
765 4609 1024 4678 operibus
1061 4609 1141 4661 vel
1173 4604 1500 4667 actionibus,
1535 4601 1618 4655 vel
1651 4598 1992 4668 passionibus

435 4704 657 4758 Christi.
689 4700 1152 4769 Quemadmodum
1178 4696 1380 4751 oblatio
1405 4691 1680 4761 Evangelii
1707 4689 1774 4742 ad
1799 4689 1990 4748 altare,

431 4796 634 4849 oblatio
664 4795 1021 4864 pretiosorum
1073 4794 1355 4842 douormn.
1389 4785 1475 4839 Fit
1519 4785 1662 4838 enim
1710 4792 1995 4847 utrumqne

434 4899 494 4942 nt
523 4901 653 4940 usus
687 4884 942 4956 postulat,
976 4881 1061 4934 illa
1113 4878 1350 4947 quidem,
1386 4885 1443 4928 ut
1495 4875 1703 4943 legatur
1757 4871 1994 4936 Evange-

434 4977 590 5039 lium.
646 4976 761 5030 haec
809 4989 938 5028 vero
967 4982 1025 5024 ut
1053 4968 1378 5024 sacriﬁcium
1415 4975 1704 5033 peragatur
1736 4977 1751 5015 :
1789 4958 1991 5028 signiﬁ-

378 5054 381 5056 ’
436 5076 565 5120 cant
616 5075 794 5118 autem
852 5071 1105 5127 utraque,
1163 5054 1470 5110 Servatoris
1523 5050 1888 5105 ostensiouem
1941 5057 1994 5098 et

438 5155 951 5214 manifestationem,
995 5149 1082 5202 illa
1133 5147 1367 5214 quidem,
1405 5141 1714 5211 incipientis
1771 5137 1996 5189 ntanife-

436 5248 594 5309 stari,
631 5247 920 5300 obscuram
952 5250 1006 5296 et
1037 5239 1211 5292 adhuc
1248 5232 1615 5303 imperfectam
1650 5246 1664 5283 :
1705 5229 1818 5281 h:cc
1844 5240 1993 5289 vero,

438 5337 892 5412 perfectissimam
955 5343 1008 5386 et
1071 5329 1339 5384 ultimam.
1395 5324 1530 5379 Sunt
1595 5331 1774 5375 autem
1835 5318 1995 5371 etiam

438 5447 628 5487 eorum
659 5443 777 5498 qua:
824 5426 980 5485 ﬁunt,
1021 5421 1280 5477 nonnulla
1323 5433 1443 5488 qua:
1475 5414 1678 5469 nullum
1715 5427 1870 5465 usum
1899 5409 2000 5461 im-

435 5525 604 5593 plent,
638 5521 732 5575 sed
781 5517 1007 5584 alicujus
1051 5525 1260 5566 tantum
1315 5509 1392 5564 rei
1423 5507 1595 5575 gratia
1629 5500 1998 5571 significanda!

441 5615 618 5667 fiunt:
655 5615 794 5668 sicut
829 5609 983 5681 panis
1032 5605 1272 5675 punctio.
1303 5610 1357 5656 et
1393 5615 1510 5668 quae
1549 5599 1600 5650 in
1634 5597 1752 5662 ipso
1785 5594 1842 5647 ﬁt
1877 5607 2000 5645 rru-

444 5707 525 5756 eis
555 5703 861 5769 inscriptio,
884 5711 938 5754 et
969 5698 1111 5767 quod
1137 5693 1470 5752 ferricnlutn,
1495 5687 1635 5756 quod
1669 5687 1840 5754 ipsum
1868 5699 2000 5752 pun-

440 5793 536 5855 git,
573 5802 653 5845 cst
687 5793 752 5844 ad
783 5792 1008 5844 formam
1058 5789 1258 5840 lanceae
1290 5785 1487 5837 factum
1517 5795 1530 5832 ι
1560 5793 1611 5833 et
1644 5788 1995 5848 postrennun,

2095 4597 2373 4666 εἰσαγωγὴ
2409 4596 2502 4648 τοῦ
2543 4590 2896 4658 Εὑαγγελίου,
3005 4583 3281 4651 εἰσαγωγὴ
3312 4581 3422 4632 τῶν
3462 4579 3664 4647 τιμίων

2093 4690 2302 4762 δώρων.
2347 4687 2563 4738 Γίνεται
2601 4683 2700 4751 μὲν
2731 4680 2839 4748 γὰρ
2879 4676 3020 4730 κατά
3070 4675 3258 4743 χρείαν
3298 4671 3554 4736 ἑκάτερον
3583 4685 3598 4700 ο
3630 4671 3662 4736 ἡ

2099 4759 2196 4850 μὲν
2223 4782 2307 4831 ἵνα
2329 4779 2387 4828 τὸ
2421 4773 2749 4841 Εὑαγγέλιον
2778 4766 3102 4834 ἀναγνωσθῇ
3126 4781 3141 4796 ⁸
3172 4763 3208 4832 ἦ
3234 4763 3290 4813 δὲ
3327 4760 3411 4813 ἶνα
3434 4761 3463 4827 ἡ
3496 4759 3666 4810 θυσία.

2095 4869 2342 4937 τελεσθῇ.
2389 4865 2720 4934 Σημαίνουσι
2746 4861 2804 4914 δὲ
2836 4859 3122 4928 ἀμφότερα
3148 4853 3245 4924 τὴν
3278 4851 3370 4904 τοῦ
3412 4850 3664 4915 Σωτῆρος

2097 4959 2388 5024 ἀνάδειξιν,
2441 4957 2535 5010 καὶ
2563 4955 2889 5024 φανὲρωσιν,
2926 4952 2958 5019 ἠ
3009 4949 3107 5016 μὲν
3140 4943 3444 5014 ἀρχομένου
3493 4956 3663 5004 φανε-

2101 5051 2328 5123 ροῦσθαι
2364 5052 2462 5117 τὴν
2510 5045 2756 5115 ἀμυδρὰν
2784 5042 2863 5094 ἐτι
2911 5039 3005 5091 καὶ
3033 5036 3196 5104 ἀτελῆ
3225 5075 3240 5097 ,
3285 5035 3318 5101 ὴ
3364 5032 3420 5083 δὲ
3442 5029 3539 5096 τὴν
3569 5044 3664 5078 τεο

2097 5117 2374 5209 λεωτάτην
2428 5140 2519 5192 καὶ
2547 5136 2885 5188 τελευταίαν.
2914 5131 3034 5182 Εἰσὶ
3065 5128 3121 5179 δὲ
3153 5127 3250 5178 καὶ
3286 5124 3392 5176 τῶν
3427 5117 3664 5171 ἐνταῦθα

2097 5208 2434 5298 τελουμένων
2485 5229 2600 5280 ἔνια
2634 5226 2826 5294 χρείαν
2880 5221 2978 5291 μὲν
3022 5216 3277 5285 ούδεμίαν
3314 5208 3661 5278 πληροῦντα-

2101 5322 2373 5394 σημασίας
2405 5321 2461 5371 δέ
2492 5334 2634 5377 τινος
2668 5315 2830 5367 ἕνεκα
2875 5312 3036 5379 μόνον
3061 5305 3381 5376 τελούμενα,
3405 5303 3477 5364 ὡς
3505 5301 3538 5362 ἡ
3567 5298 3663 5350 τοῦ

2099 5390 2266 5486 ἄρτου
2299 5412 2573 5480 κέντησις,
2605 5407 2703 5460 καὶ
2724 5406 2758 5474 ἡ
2787 5405 2844 5457 ὲν
2871 5402 3019 5470 αὐτῷ
3046 5398 3232 5473 γραφὴ
3259 5395 3353 5449 τοῦ
3382 5390 3620 5461 σταυροῦ
3644 5407 3676 5423 .-

2100 5483 2193 5558 και
2225 5503 2314 5556 τὸν
2337 5501 2496 5553 αὐτὸν
2517 5499 2606 5552 τὸν
2635 5495 2928 5550 κεντοῦντα
2957 5493 3192 5562 σίδηρον,
3215 5489 3274 5540 ὲν
3305 5486 3433 5540 εἴδει
3459 5483 3662 5552 λόγχης

2099 5591 2237 5649 εἶναι
2278 5592 2667 5662 πεποιημένον,
2702 5591 2794 5642 καὶ
2822 5587 2883 5640 τὸ
2912 5585 3218 5638 τελευταῖον
3255 5582 3289 5649 ὴ
3324 5581 3401 5641 είς
3430 5576 3495 5628 τὰ
3529 5576 3664 5642 ἅγια

2099 5685 2293 5754 ἐκϐολὴ
2309 5683 2402 5737 τοῦ
2424 5681 2628 5755 θερμοῦ
2645 5680 2859 5741 ὓδατος.
2875 5679 2982 5730 Καὶ
3001 5677 3058 5726 ὲν
3070 5675 3180 5735 τοῖς
3197 5671 3377 5730 ἄλλοις
3393 5668 3446 5720 δὲ
3465 5682 3667 5737 μυστη-

2105 5779 2236 5852 ρίοις
2261 5778 2426 5830 πολλὰ
2456 5774 2679 5830 τοιαῦτα
2720 5773 2786 5826 ἂν
2817 5769 3018 5838 εὕροις,
3051 5767 3237 5843 ὥσπερ
3269 5766 3325 5815 ἐν
3350 5761 3424 5832 τῷ
3475 5759 3659 5827 βαπτὶ-
