3992 6202
359 297 453 359 3¹ἷ3

1489 301 1878 361 Ll'I‘URGle
1922 305 2342 370 EXPOSITIO.
2408 344 2416 352 ~
3461 315 3525 375 37

363 426 517 477 σματι
554 408 679 470 τοὺς
703 407 1059 478 βαπτίζεσθαι
1110 412 1423 478 μέλλοντας,
1460 411 1907 478 ὑπολύεσθαιὸεί,

2015 435 2162 488 aquas
2216 424 2267 475 in
2318 432 2503 477 saneta
2557 425 2841 481 immissio.
2899 428 3065 481 Porro
3119 435 3298 482 autem
3359 429 3410 483 iu
3448 430 3569 483 aliis

360 500 778 556 καὶάποδύεσθαι
802 504 894 554 καὶ
910 503 988 563 εἰς
1005 503 1099 562 τὰς
1119 502 1328 571 δυσμὰς
1348 502 1663 571 βλέποντας,
1683 508 1781 567 τάς
1802 506 1906 573 χεῖο

364 612 449 665 ρας
472 592 795 651 ἀποτείνειν,
828 594 922 643 καὶ
957 594 1219 661 ὲκφυσᾷν.
1257 594 1415 646 Ἀλλά
1438 595 1609 647 ταῦτα
1649 597 1747 664 μὲν
1795 599 1910 649 ἐκεῖ

362 687 411 736 τι)
426 680 511 735 τοῦ
532 682 768 749 πονηροῦ
788 682 1096 737 διδάσκουσι
1116 686 1267 752 μῖσος
1289 686 1410 736 ὅσον
1428 686 1484 737 ἐν
1506 688 1633 753 ἡμῖν
1652 683 1790 740 εἶναι
1808 688 1904 750 δεῖ,

361 774 443 826 καὶ
482 775 628 833 ὅπως
665 773 878 841 ἀνάγκη
900 774 1062 827 αὑτὸν
1109 776 1489 842 ἐκτρέπεσθαι,
1516 777 1605 830 τὸν
1647 778 1907 843 μέλλοντα

364 862 674 931 Χριστιανὸν
698 862 948 930 ἀληθινὸν
975 858 1131 916 εἶναι’
1162 865 1255 916 καὶ
1286 864 1340 916 εἴ
1358 882 1407 916 τι
1440 866 1568 918 ἄλλο
1591 868 1830 919 τοιοῦτον
1852 869 1908 920 ὲν

362 957 459 1013 τοῖς
491 952 829 1020 μυστηρίοις,
862 953 1027 1021 ἄλλην
1054 953 1119 1006 ἂν
1150 955 1261 1023 ἔχει
1287 956 1387 1024 τὴν
1410 957 1707 1024 σημασίαν.
1740 958 1819 1009 Τὰ
1851 958 1908 1009 δὲ

360 1047 410 1094 ὲν
436 1045 501 1111 τῇ
536 1043 724 1110 τελετῇ
757 1043 864 1094 τῶν
892 1044 1078 1113 δώρων
1110 1046 1369 1114 γινόμενα
1421 1050 1503 1109 εἰς
1541 1048 1639 1115 τὴν
1672 1048 1765 1101 τοῦ
1799 1051 1911 1101 Σωο

360 1133 513 1197 τῆρος
563 1131 881 1199 οἰκονομίαν
926 1134 1250 1203 ἀναφέρεται
1303 1136 1516 1189 πάντα·
1578 1138 1664 1189 ἵνα
1704 1139 1836 1206 ἡμῖν
1874 1141 1905 1206 ή

360 1222 522 1287 αὐτῆς
561 1222 763 1291 θεωρία
818 1222 921 1291 τρὸ
948 1222 1055 1274 τῶν
1085 1223 1380 1293 ὀφθαλμῶν
1409 1222 1563 1287 οὖσα,
1607 1226 1704 1287 τὰς
1734 1227 1911 1295 ψυχὰς

362 1315 578 1381 ἀγιάξῃ,
628 1316 721 1365 καὶ
768 1314 939 1376 οὕτως
996 1316 1287 1385 ἐπιτήδειοι
1318 1317 1596 1387 γινώμεθα
1642 1318 1778 1386 πρὸς
1813 1318 1911 1388 τὴν

359 1404 620 1471 ὑποδοχὴν
646 1405 753 1456 τῶν
784 1404 943 1473 ἱερῶν
982 1404 1191 1472 δώρων.
1230 1407 1494 1477 Καθάπερ
1529 1409 1638 1476 γὰρ
1672 1410 1789 1461 τότε
1813 1409 1911 1480 τὴν

359 1495 676 1561 εἰκασμένην
720 1497 1039 1564 ἀνέστησεν,
1071 1496 1239 1559 οὕτως
1278 1500 1363 1551 ἀεὶ
1406 1500 1753 1570 θεωρουμένη
1782 1501 1915 1553 καλ-

358 1585 448 1637 λίω
478 1590 589 1647 τοῖς
620 1586 911 1655 θεωροῦσιν
944 1588 1135 1654 αὐτὴν,
1170 1592 1260 1641 καὶ
1291 1589 1584 1658 θειωτέραν
1622 1591 1916 1661 ἐργάζεται

359 1676 445 1744 τὴν
475 1676 652 1744 ψυχήν
676 1692 687 1703 ο
718 1678 917 1743 μᾶλλον
951 1677 1006 1730 δὲ
1034 1678 1154 1729 οὐδὲ
1191 1681 1311 1730 τότε
1344 1678 1409 1731 ἂν
1441 1680 1718 1750 ὠφέλησεν
1738 1682 1911 1745 οὐδὲν,

360 1769 425 1836 μὴ
470 1767 830 1835 θεωρηθεῖσα,
867 1769 940 1837 μὴ
991 1770 1342 1823 πιστευθεῖσα
1369 1788 1385 1802 ·
1414 1774 1505 1825 καὶ
1537 1774 1728 1827 τούτου
1753 1775 1914 1844 χάριν

357 1857 656 1925 ἐκηρύχθη,
702 1858 966 1927 καὶπρὸς
1024 1861 1083 1911 τὸ
1128 1862 1483 1930 πιστευθῆναι
1529 1865 1696 1934 μυρία
1729 1865 1757 1917 δ
1786 1866 1915 1927 Θεὸς

356 1951 741 2018 ἐμηχανήσατο
773 1966 788 1981 ·
822 1951 897 2012 ὡς
941 1953 999 2004 οὔ
1032 1940 1335 2021 δυναμένην
1380 1953 1445 2004 τὰ
1486 1955 1687 2024 ἑαυτῆς
1722 1958 1913 2020 ποιεῖν,

358 2042 445 2091 καὶ
490 2039 682 2101 σώζειν
723 2040 1062 2109 ἀνθρώπους,
1099 2044 1146 2095 εί
1192 2045 1458 2113 γενομένη
1492 2046 1615 2107 τοὺς
1650 2047 1915 2111 σώζεσθαι

360 2130 651 2197 μέλλοντας
678 2131 768 2183 ὁπ’
798 2132 968 2202 αὐτῆς
999 2133 1309 2187 ἐλάνθανεν.
1356 2136 1515 2187 Ἀλλὰ
1551 2138 1668 2189 τότε
1702 2139 1802 2205 μὲν
1826 2155 1918 2206 κη-

360 2222 685 2291 ρυττομένη,
716 2222 814 2290 τὴν
846 2225 976 2292 περὶ
1016 2225 1248 2294 Χριστὸν
1279 2226 1437 2287 αίόὦ,
1464 2227 1558 2278 καὶ
1590 2227 1686 2296 τὴν
1712 2228 1913 2292 πίστιν,

360 2314 447 2363 καὶ
486 2314 587 2382 τὴν
620 2314 863 2382 ἀγάπην,
895 2316 953 2367 ὲν
977 2320 1095 2378 ταῖς
1132 2316 1239 2370 τῶν
1278 2318 1664 2385 ἁγνωσσόντων
1696 2316 1913 2387 ψυχαῖς,

363 2404 428 2470 μὴ
464 2403 633 2464 οὖσας
682 2404 1032 2473 ἐδημιούργει
1058 2422 1070 2434 '
1101 2406 1197 2458 νῦν
1226 2407 1282 2459 δὲ
1335 2408 1440 2460 ὑπὸ
1474 2410 1580 2461 τῶν
1612 2409 1709 2479 ἤδη
1758 2425 1919 2462 πεπι-

360 2494 685 2555 στευκότων,
741 2494 1046 2561 φιλοπόνως
1103 2496 1488 2568 θεωρουμένη,
1545 2500 1611 2551 τὰ
1671 2500 1916 2569 μακάρια

359 2586 530 2635 ταῦτα
566 2585 711 2653 πάθη
746 2588 845 2638 οἰκ
876 2587 1117 2657 ἐντίθησι
1147 2589 1245 2655 μὲν
1281 2592 1497 2651 αὐτοῖς·
1537 2592 1829 2661 ἐγκείμενα
1859 2592 1916 2644 δὲ

361 2679 636 2744 συντηρεῖ,
662 2679 753 2729 καὶ
786 2678 1142 2744 ἀνακαινίζει,
1178 2681 1270 2733 καὶ
1297 2680 1448 2745 αὔξει
1472 2696 1485 2711 ·
1521 2689 1613 2734 και⁵
1643 2683 1918 2751 βεϐαιοτέ-

362 2781 487 2833 ρους
522 2765 619 2833 μὲν
644 2768 770 2836 περὶ
809 2769 909 2837 τὴν
936 2770 1137 2831 πίστιν,
1187 2771 1548 2841 θερμοτέρους
1574 2772 1629 2823 δὲ
1662 2773 1787 2840 περὶ
1819 2773 1917 2842 τὴν

359 2856 644 2913 εὐλάϐειαν
668 2859 756 2909 καὶ
781 2859 880 2928 τὴν
911 2861 1127 2930 ἀγάπην
1152 2862 1348 2924 αὐτοὺς
1374 2864 1685 2932 ἐργάζεται.
1720 2866 1785 2916 "A
1810 2866 1917 2935 γὰρ

366 2946 435 3013 μὴ
466 2948 593 2998 ὄντα
621 2948 872 3013 γενέσθαι
898 2952 1141 3020 ἐποίησε,
1178 2953 1359 3020 πολλῷ
1390 2955 1516 3023 ῥᾷον
1539 2954 1787 3021 φυλάξαι,
1822 2958 1915 3010 καὶ

2011 513 2172 562 etiam
2212 514 2567 567 sacramentis
2603 516 2764 568 multa
2801 516 2924 569 talia
2974 517 3268 579 inveneris,
3302 522 3566 585 quemad-

2013 603 2226 655 modum
2280 602 2333 655 iu
2384 604 2647 669 baptismo
2711 621 2805 662 eos
2851 609 2939 676 qni
2986 619 3114 662 sunt
3153 607 3484 673 baptizandi,
3514 610 3567 661 εἰ

2012 690 2223 744 (alceos
2251 700 2303 744 et
2333 703 2507 746 vestes
2536 704 2748 761 oportet
2770 711 2986 758 exuere,
3018 704 3072 750 et
3113 697 3177 749 ad
3222 696 3565 749 Occidentem

2015 781 2383 846 respicientes,
2428 798 2620 839 manus
2673 788 2962 840 extendere
3010 796 3066 840 et
3114 786 3409 839 insumare.
3462 786 3564 837 Sed

2016 872 2127 922 haec
2150 870 2364 938 quidem
2400 872 2509 926 illic
2535 874 2745 935 docent,
2770 883 3031 941 quantum
3062 875 3277 943 maligni
3303 873 3481 928 odium
3514 874 3565 925 in

2016 958 2169 1010 nobis
2200 973 2322 1014 esse
2352 968 2588 1028 oportet,
2644 970 2699 1015 et
2731 964 3000 1030 quomodo
3044 976 3267 1015 necesse
3315 972 3398 1015 est
3444 976 3563 1013 eum

2013 1062 2073 1101 se
2102 1061 2309 1114 gerere,
2340 1050 2430 1117 qui
2464 1060 2543 1104 est
2588 1064 2749 1106 verus
2783 1051 3122 1105 Christianus
3178 1052 3390 1105 futurus
3439 1066 3452 1101 :
3516 1060 3570 1101 et

2016 1138 2059 1191 si
2092 1140 2217 1206 quid
2259 1140 2401 1192 aliud
2436 1140 2737 1207 huiusmodi
2787 1142 2841 1195 in
2869 1143 3245 1204 sacramentis,
3282 1142 3439 1195 aliam
3474 1144 3570 1193 ltu-

2016 1230 2135 1283 beat
2184 1230 2660 1297 signiﬁcationem.
2695 1234 2822 1296 Quae
2858 1244 3037 1287 autem
3075 1233 3208 1287 ﬁunt
3245 1235 3293 1285 in
3330 1235 3567 1302 mystrrii

2013 1318 2275 1374 donorum
2352 1321 2741 1385 celebratione,
2802 1322 2868 1376 ad
2944 1324 3249 1377 Servatoris
3308 1335 3570 1391 suscepta:

2014 1410 2193 1463 carnis
2236 1413 2592 1466 teconontiam
2636 1415 2814 1467 omnia
2852 1414 3177 1478 referuntur,
3211 1426 3268 1468 ut
3296 1414 3415 1482 ejus
3446 1430 3573 1467 ceu-

2015 1498 2289 1567 templatio
2320 1502 2520 1557 nostris
2571 1502 2742 1556 oculis
2776 1504 3041 1572 subjecta,
3087 1504 3298 1563 animas
3329 1504 3570 1558 sanctiﬁ-

2017 1599 2123 1652 cet,
2152 1598 2207 1643 et
2255 1591 2332 1646 sic
2382 1592 2490 1659 apti
2524 1593 2817 1647 eﬁiciamur
2866 1594 2932 1648 ad
2982 1610 3261 1650 sacrorum
3308 1598 3570 1648 donorum

2015 1681 2433 1749 susceptionem.
2491 1681 2642 1738 Sicut
2677 1688 2821 1739 enim
2880 1695 3005 1740 tunc
3054 1701 3177 1740 cum
3230 1686 3355 1748 fuit,
3387 1688 3570 1741 orbem

2020 1776 2176 1821 terrae
2206 1772 2396 1835 erexit,
2425 1772 2497 1824 ita
2550 1787 2760 1842 semper
2786 1774 3146 1839 considerata,
3199 1777 3566 1845 pulchriorem

2018 1857 2085 1912 iis
2109 1859 2198 1926 qui
2233 1860 2400 1928 ipsam
2431 1864 2861 1933 coutemplantur
2910 1875 2964 1921 et
2984 1866 3305 1922 diviniorem
3334 1868 3571 1921 animam

2018 1950 2215 2007 eﬁicit:
2246 1955 2353 2008 imo
2376 1955 2518 2024 quod
2560 1958 2730 2026 magis
2758 1968 2861 2022 est,
2900 1974 2966 2012 ne
3001 1968 3129 2013 tunc
3163 1960 3381 2022 quidem
3413 1960 3573 2026 quid-

2017 2057 2179 2110 quam
2220 2043 2473 2109 juvisset,
2510 2048 2613 2100 nisi
2645 2049 2989 2103 considerata
3019 2059 3073 2103 et
3119 2051 3326 2103 credita
3358 2050 3571 2110 fuisset,

2017 2142 2068 2185 et
2113 2147 2174 2186 ea
2211 2134 2278 2189 de
2320 2150 2483 2189 causa
2533 2140 2843 2204 praedicata,
2876 2149 2929 2194 et
2957 2149 3016 2194 ut
3045 2144 3380 2200 crederetur.
3435 2143 3573 2197 Deus

2019 2224 2433 2280 innumerabilia
2486 2231 2822 2284 machinatus
2854 2242 2938 2285 est
2984 2249 2997 2284 :
3037 2249 3227 2299 nempe
3278 2236 3418 2301 quod
3466 2251 3571 2287 nou

2018 2325 2198 2384 posset
2226 2321 2369 2385 quod
2420 2334 2578 2373 suum
2607 2333 2690 2375 est
2720 2321 2922 2385 facere,
2954 2333 3009 2376 et
3054 2323 3298 2379 homines
3332 2342 3570 2389 servare,

2018 2408 2062 2461 si
2093 2422 2186 2463 eos
2211 2411 2301 2478 qui
2340 2411 2408 2469 ali
2440 2412 2549 2478 ipsa
2602 2414 2850 2467 servandi
2887 2424 3035 2480 sunt,
3066 2431 3184 2470 eam
3230 2415 3401 2471 fuisse
3437 2418 3573 2471 late-

2019 2510 2120 2555 ret.
2180 2502 2283 2557 Sed
2336 2520 2479 2558 nunc
2507 2505 2722 2573 quidem
2768 2506 3078 2571 prmdicata,
3130 2508 3486 2563 reverentiam
3520 2509 3571 2563 in

2017 2589 2314 2655 Christum,
2365 2594 2631 2661 ﬁdemque
2687 2602 2742 2647 ct
2785 2595 3122 2650 dilectionem
3168 2598 3362 2667 ingrati
3405 2601 3570 2653 animi

2020 2679 2344 2744 hominibus,
2371 2699 2491 2737 eum
2552 2694 2706 2739 antea
2758 2701 2861 2740 non
2910 2698 3111 2750 essent,
3145 2688 3517 2744 fabricabatur
3552 2708 3564 2754 ;

2018 2786 2163 2823 nunc
2194 2783 2369 2827 autem
2423 2778 2488 2829 ab
2520 2777 2583 2829 iis
2613 2777 2702 2845 qui
2747 2776 2859 2845 jam
2905 2778 3248 2833 crediderunt
3290 2779 3577 2850 diligenter

2018 2863 2381 2928 considerata,
2408 2865 2616 2919 beatas
2649 2867 2744 2921 has
2772 2864 3083 2921 effectiones
3111 2868 3189 2923 eis
3221 2871 3434 2937 quidem
3472 2886 3575 2924 non

2021 2952 2228 3015 inserit,
2261 2954 2352 3009 sed
2382 2955 2572 3010 insitas
2605 2967 2910 3022 conservat,
2951 2969 3004 3013 et
3036 2967 3278 3025 renovat,
3310 2971 3362 3015 et
3394 2973 3574 3031 auget,

362 3036 716 3104 συντηρῆσαι,
749 3040 841 3089 καὶ
874 3040 1179 3092 ἀνανεῶσαι
1212 3041 1415 3094 δύναιτ’
1444 3044 1510 3097 άν
1532 3059 1545 3074 ·
1584 3043 1721 3096 ἀλλά
1747 3046 1913 3098 ταῦτά

2017 3053 2072 3098 ct
2118 3047 2170 3098 iu
2222 3046 2327 3099 ﬁde
2382 3047 2600 3115 quidem
2652 3050 2937 3115 ﬁrmiores,
2974 3052 3024 3105 iu
3057 3052 3255 3120 pietate
3302 3063 3481 3108 autem
3524 3064 3579 3107 et

361 3125 495 3186 ἐστι,
533 3124 653 3191 μεθ’
694 3121 768 3177 ὧν
808 3129 1020 3198 ἀνάγκη
1074 3130 1366 3200 προσιέναι
1423 3134 1535 3193 τοῖς
1595 3132 1780 3200 ἱεροῖς,
1832 3134 1925 3185 καὶ

360 3208 431 3266 ὧν
489 3218 656 3285 χωρὶς
698 3218 885 3269 καὶτὸ
933 3219 1153 3284 βλέπειν
1184 3222 1304 3273 ἐκεῖ
1364 3221 1641 3285 παντελῶς
1687 3224 1920 3289 ἀνόσιον,

361 3307 634 3369 εὐλάϐεια,
672 3309 876 3376 πίστις,
937 3311 1126 3379 ἀγάπη
1187 3314 1323 3383 πρὸς
1367 3314 1460 3366 τὸν
1494 3314 1628 3367 Θεὸν
1674 3315 1808 3368 πολὺ
1862 3316 1922 3367 τὸ

360 3397 559 3466 θερμὸν
583 3397 797 3468 ἔχουσα.
824 3401 921 3454 Διὰ
950 3402 1106 3455 τοῦτο
1142 3405 1306 3473 ἐχρῆν
1335 3406 1433 3475 την
1480 3406 1651 3459 ταῦτα
1679 3411 1809 3477 ἡμῖν
1832 3411 1921 3461 ὲν-

364 3489 535 3542 θεῖναι
584 3491 885 3561 δυναμένην
914 3493 1144 3563 θεωρίαν
1185 3498 1241 3548 ὲν
1286 3500 1373 3565 τῇ·
1408 3500 1659 3563 συντάξει
1704 3502 1802 3568 τῆς
1844 3504 1919 3554 ἱε-

362 3584 612 3651 ρουργίας
660 3586 1044 3653 σημαίνεσθαι,
1090 3587 1174 3640 ἵνα
1218 3588 1292 3658 μὴ
1321 3589 1397 3658 τῷ
1447 3591 1523 3659 νῷ
1576 3592 1920 3662 λογιζώμεθα

363 3673 546 3740 μόνον,
599 3675 1053 3743 ἀλλὰβλέπωμεν
1095 3679 1296 3746 τρόπον
1333 3681 1396 3749 δὴ
1425 3699 1544 3735 τινα
1588 3686 1685 3755 τὴν
1722 3686 1920 3757 πολλὴν

360 3763 461 3814 τοῦ
494 3754 738 3817 πλουσίου
769 3768 975 3831 πενίαν,
1017 3767 1113 3835 τὴν
1146 3771 1441 3839 ἐπιδημίαν
1479 3773 1573 3825 τοῦ
1621 3777 1796 3828 πάντα
1833 3779 1922 3830 τός

364 3872 467 3905 πον
492 3859 825 3926 κατέχοντος,
852 3860 917 3911 τὰ
944 3858 1117 3928 ὀνείδη
1146 3862 1238 3911 τοῦ
1263 3864 1656 3933 εὐλογημένου,
1676 3869 1742 3919 τὰ
1772 3870 1914 3941 πάθη

364 3948 457 3999 τοῦ
486 3952 743 4015 ἀπαθοῦς,
769 3955 891 4005 ὅσον
921 3955 1194 4023 μισηθεὶς,
1227 3958 1350 4009 ὅσον
1375 3959 1661 4029 ἠγάπησεν
1688 3977 1701 3991 ·
1732 3962 1917 4030 ἡλίκος

367 4037 459 4099 ὢν,
489 4041 605 4093 ὅσον
658 4040 1025 4097 ἐταπείνωσεν
1070 4046 1302 4100 ἑαυτόν
1341 4051 1432 4100 καὶ
1478 4050 1533 4101 τί
1582 4051 1770 4105 παθὼν
1826 4055 1917 4107 καὶ

368 4129 417 4178 τί
462 4130 673 4199 δράσας,
720 4132 926 4201 ταύτην
975 4136 1268 4205 ἡτοίμασεν
1331 4139 1566 4193 ἐνώπιον
1605 4142 1762 4211 ἡμῶν
1818 4144 1914 4212 τὴν

367 4218 665 4284 τράπεζαν
720 4222 815 4275 καὶ
851 4223 993 4275 οὕτω
1039 4225 1423 4294 θαυμάσαντες
1472 4229 1571 4298 τὴν
1622 4233 1911 4301 καινότητι

2018 3137 2282 3192 charitate
2325 3139 2465 3207 ipsos
2502 3141 2849 3199 ferventiores
2880 3144 3057 3200 eﬁieit.
3103 3146 3231 3212 Quae
3264 3148 3404 3201 enim
3451 3164 3574 3201 eum

2017 3244 2122 3282 non
2189 3240 2394 3293 essent,
2448 3242 2505 3284 ut
2569 3235 2759 3290 ﬁerent
2818 3237 3020 3300 eﬁ‘ecit,
3045 3253 3105 3291 ea
3163 3239 3333 3293 multo
3368 3239 3576 3295 facilius

2017 3334 2258 3385 servare,
2293 3330 2348 3374 et
2403 3325 2698 3386 custodire,
2759 3336 2813 3380 et
2870 3344 3129 3383 renovare
3180 3334 3397 3398 poterit.
3453 3331 3577 3388 Haec

2019 3420 2196 3465 autem
2231 3416 2377 3479 Sunt,
2412 3428 2532 3467 cum
2570 3418 2765 3485 quibus
2797 3420 2861 3473 ad
2894 3437 3043 3474 sacra
3068 3425 3324 3479 accedere
3358 3440 3578 3481 necesse

2017 3513 2121 3568 est,
2156 3515 2211 3562 et
2268 3507 2384 3561 sine
2436 3512 2632 3578 quibus
2682 3512 2760 3566 vel
2812 3529 2877 3568 eo
2927 3517 3171 3585 aspicere
3226 3527 3309 3572 est
3355 3521 3576 3575 omnino

2020 3592 2309 3658 nefarium,
2366 3599 2573 3668 religio,
2631 3599 2785 3665 ﬁdes,
2839 3603 3056 3659 dilectio
3096 3608 3147 3660 in
3205 3606 3370 3661 Deum
3425 3610 3577 3662 valde

2017 3670 2663 3758 vellentens.'Pt'opterea
2700 3695 2985 3760 oportebat
3043 3696 3573 3764 coutemplatimrem,

2018 3793 2137 3845 qua:
2195 3780 2248 3833 in
2301 3782 2457 3836 nobis
2507 3784 2619 3836 haec
2670 3795 2860 3851 posset
2916 3787 3174 3853 inserere,
3214 3790 3266 3843 in
3322 3791 3575 3846 sacriﬁcii

2018 3871 2401 3928 constitutione
2435 3874 2748 3942 signiﬁCari,
2784 3885 2840 3929 ut
2886 3893 2990 3931 non
3042 3888 3221 3934 mente
3251 3881 3447 3945 solum,
3483 3888 3579 3939 sed

2017 3958 2179 4011 etiam
2231 3961 2630 4028 quodammodo
2677 3965 2846 4021 oculis
2881 3968 3185 4022 videremus
3236 3972 3462 4025 multam
3495 3974 3579 4027 di-

2017 4052 2142 4105 vitis
2166 4062 2557 4120 paupertatem,
2582 4055 2698 4124 ejus
2726 4059 3214 4129 peregrinationem
3245 4065 3335 4132 qui
3364 4080 3575 4121 omnem

2015 4148 2191 4200 locum
2225 4146 2454 4211 obtinet,
2488 4151 2683 4216 probra
2720 4154 2836 4220 ejus
2866 4156 2952 4221 qui
2988 4167 3071 4209 est
3092 4157 3421 4226 benedictus,
3456 4178 3579 4229 pas-

2014 4238 2192 4291 siones
2223 4238 2338 4306 ejus
2370 4240 2460 4307 qui
2497 4250 2579 4295 est
2633 4243 2967 4312 impatihilis,
3023 4261 3286 4317 quantum
3326 4255 3450 4308 odio
3484 4257 3578 4310 ha-

370 4306 461 4373 τῆς
498 4311 787 4379 σωτηρίας,
830 4312 1199 4380 ἐκπλαγέντες
1231 4318 1290 4369 τὸ
1332 4317 1535 4386 πλῆθος
1568 4320 1675 4372 τῶν
1703 4323 1912 4393 οἰκτιρ-

2019 4330 2181 4394 bitus,
2239 4341 2503 4399 quantum
2536 4333 2742 4401 dilexit,
2781 4348 3013 4406 quantus
3060 4356 3181 4395 cum
3213 4355 3374 4412 esset,
3404 4363 3577 4416 quan-

376 4399 498 4464 μῶν,
551 4402 885 4470 αίόεσθῶμεν
952 4406 1040 4457 τὸν
1085 4405 1257 4470 οὕτως
1287 4410 1605 4477 ἐλεήσαντα,
1637 4413 1727 4465 τὸν
1773 4413 1914 4467 οὕτω

382 4489 606 4545 σώσαντα
633 4510 646 4522 ·
682 4497 776 4545 καὶ
822 4497 1205 4568 πιστεύσωμεν
1262 4501 1411 4569 αὐτῷ
1444 4502 1543 4565 τὰς
1581 4504 1779 4574 ψυχάς,
1823 4510 1917 4560 καὶ

379 4584 732 4653 παραθῶμώα
757 4588 856 4655 τὴν
902 4588 1068 4658 ζωὴν,
1101 4590 1194 4642 καὶ
1233 4590 1517 4662 φλὲξωμεν
1561 4596 1661 4658 τάς
1692 4600 1916 4667 καρδίας

370 4668 438 4739 ’τῷ
479 4679 605 4744 πυρὶ
642 4678 743 4746 τῆς
786 4678 1007 4750 ἀγάπης
1037 4680 1239 4733 αὐτοῦ’
1275 4686 1367 4737 καὶ
1407 4686 1638 4741 τοιοῦτοι
1687 4692 1913 4759 γενόμε·

376 4777 461 4822 vat,
483 4766 552 4831 τῷ
588 4767 720 4834 πυρὶ
752 4768 859 4820 τῶν
893 4772 1206 4839 μυστηρίων
1237 4775 1592 4843 ὁμιλήσωμεν
1654 4780 1915 4847 ἀσφαλῶς

381 4854 459 4901 καὶ
481 4856 714 4919 οἰκείως.
754 4860 827 4910 Οὐ
860 4860 968 4928 γὰρ
997 4862 1158 4931 ἀρκεῖ
1187 4865 1322 4933 πρὸς
1357 4868 1416 4919 τὸ
1456 4870 1730 4934 τοιούτους
1759 4875 1915 4939 γενέ-

385 4942 491 4995 σθαι
526 4950 664 5009 τότε,
694 4950 754 5000 τὸ
787 4951 978 5018 μαθεῖν
1026 4970 1157 5006 ποτε
1188 4956 1255 5007 τὰ
1280 4958 1539 5027 Χριστοῦ.
1577 4963 1671 5014 καὶ
1711 4964 1915 5028 εἰδότας

382 5027 526 5086 εἶναι·
580 5039 693 5092 ἀλλ’
724 5042 938 5109 ἀνάγκη
989 5045 1083 5096 καὶ
1142 5050 1461 5115 τηνικαῦτα,
1495 5053 1587 5106 τὸν
1637 5054 1913 5124 ὀφθαλμὸν

383 5122 463 5188 τῆς
492 5126 721 5192 διανοίας
746 5131 890 5197 ἔχειν
921 5134 1057 5197 ἐκεῖ,
1096 5138 1190 5187 καὶ
1223 5137 1451 5209 θεωρεῖν
1475 5142 1634 5208 αὐτὰ,
1662 5145 1914 5216 ἐνεργείᾳ

378 5212 528 5266 πάντα
560 5218 816 5286 λογισμὸν
854 5222 1041 5291 ἕτερον
1069 5225 1399 5293 ἐκϐαλόντις
1424 5244 1439 5259 ⁸
1471 5234 1601 5301 εἴγε
1627 5212 1913 5304 μέλλοιμεν

378 5306 491 5370 πρὸς
519 5312 602 5362 τὸν
662 5308 936 5382 ἁγιασμὸν
973 5318 1182 5371 ἐκεῖνον
1221 5323 1531 5394 ἐπιτηδείαν
1564 5329 1738 5398 ἥνπερ
1774 5330 1911 5399 ἔφην

378 5394 685 5462 ἑργάετιςῑσθσιι
717 5405 814 5475 τὴν
856 5406 1054 5478 ψυχήν.
1090 5412 1151 5464 El
1184 5413 1292 5483 γὰρ
1328 5416 1419 5468 τὸν
1457 5418 1555 5487 μὲν
1587 5394 1752 5487 ⁷λόγον
1790 5394 1911 5490 ἐξό-

375 5501 459 5549 μεν
492 5493 581 5560 τῆς
605 5495 912 5561 εὐσεὸείας,
948 5498 1076 5551 ὥστ’
1108 5503 1481 5571 ἐρωτηθέντες
1522 5509 1683 5562 αὑτὸν
1712 5511 1911 5578 ὑγειῶς

374 5574 431 5669 ἂν
455 5580 833 5652 ἀποκριθῆναι,
884 5588 1103 5642 ἐπειδὰν
1132 5591 1189 5643 δὲ
1240 5596 1493 5661 μυεῖσθαι
1526 5599 1641 5669 δέῃ,
1673 5574 1909 5669 μηθεῷ

377 5668 539 5737 prima:
568 5674 780 5729 ἅπαντα
824 5678 1025 5745 καλῶς,
1055 5682 1189 5737 ἀλλὰ
1213 5684 1304 5738 τὸν
1354 5687 1476 5742 νοῦν
1502 5689 1678 5755 ἀλλοις
1733 5668 1901 5761 προσ-

2018 4429 2129 4473 tum
2159 4422 2395 4490 seipsum
2427 4423 2758 4491 humiliavit,
2786 4437 2838 4480 et
2862 4430 2986 4496 quid
3016 4446 3227 4498 passus,
3265 4444 3317 4487 et
3345 4451 3576 4503 quanam

1991 4528 2075 4563 «re
2106 4527 2134 4564 a
2167 4527 2224 4566 se
2253 4512 2417 4574 facta,
2464 4514 2604 4567 hanc
2637 4529 2816 4569 coram
2851 4521 3003 4574 nobis
3049 4537 3291 4576 mensam
3323 4530 3529 4592 paravit
3563 4546 3576 4581 :

2017 4616 2070 4657 et
2127 4604 2197 4657 ita
2256 4607 2447 4661 salutis
2505 4608 2798 4671 novitatem
2849 4610 3202 4675 admirantes,
3254 4625 3308 4668 et
3362 4629 3579 4684 propter

2018 4696 2511 4753 misericordiarum
2572 4702 2965 4757 multitudinem
3032 4715 3251 4773 stupore
3318 4710 3577 4773 perculsi,

2019 4801 2363 4840 revereamur
2396 4805 2517 4843 eum
2548 4792 2637 4858 qui
2665 4792 2741 4845 sic
2776 4793 3032 4848 misertus
3074 4805 3186 4860 est,
3218 4812 3341 4852 eum
3370 4802 3462 4870 qui
3499 4804 3579 4855 sic

2015 4881 2286 4944 servavit;
2336 4881 2491 4949 eique
2521 4883 2804 4938 credamus
2834 4889 3063 4951 animas,
3111 4898 3160 4941 et
3215 4891 3377 4943 vitam
3430 4907 3578 4946 com-

2017 4971 2357 5034 mendemus,
2392 4980 2445 5026 et
2495 4974 2656 5028 corda
2697 4978 3057 5031 accendamus
3111 4979 3230 5049 igne
3282 4998 3393 5035 suae
3442 4983 3575 5036 dile-

2016 5062 2210 5113 ctionis
2244 5077 2257 5112 :
2293 5072 2343 5114 et
2390 5077 2507 5114 cum
2544 5065 2677 5118 tales
2724 5066 3006 5129 fuerimus,
3046 5070 3348 5136 poterimus
3406 5083 3457 5125 et
3489 5088 3569 5124 se-

2014 5167 2143 5205 cure
2189 5164 2243 5206 et
2291 5153 2633 5209 familiariter
2672 5160 2722 5210 in
2760 5160 3138 5228 mysteriorum
3189 5162 3314 5230 igne
3343 5163 3571 5215 versari.

2015 5242 2131 5296 Non
2159 5243 2301 5297 enim
2338 5246 2533 5301 sufﬁcit
2578 5248 2643 5301 ad
2695 5249 2796 5303 hoc
2851 5260 2908 5304 ut
2959 5262 3087 5305 tunc
3133 5252 3266 5306 tales
3297 5255 3483 5314 simus,
3511 5268 3575 5305 ea

2016 5348 2134 5400 qua:
2164 5334 2366 5387 Christi
2402 5348 2530 5390 sunt
2565 5339 2854 5406 aliquando
2886 5341 3161 5406 didicisse,
3193 5351 3244 5395 ει
3275 5357 3337 5395 ea
3379 5342 3519 5398 scire
3556 5358 3572 5396 :

2014 5424 2105 5476 sed
2162 5439 2381 5479 necesse
2430 5437 2512 5481 est
2562 5431 2723 5483 etiam
2782 5440 2908 5483 tunc
2954 5432 3148 5484 mentis
3201 5432 3412 5485 oculum
3466 5431 3575 5488 illic

2016 5515 2198 5581 ﬁgere,
2250 5523 2305 5568 et
2338 5530 2399 5569 ea
2454 5526 2578 5569 actu
2627 5519 3002 5587 contemplari,
3050 5518 3195 5571 omul
3250 5519 3354 5574 alia
3404 5518 3574 5587 ejecta

2013 5604 2364 5672 cogitatione,
2419 5608 2683 5674 siquidem
2744 5610 2810 5661 ad
2861 5607 3348 5664 sanetiﬁeatiouem
3405 5611 3571 5677 illam,

2011 5705 2188 5763 aptam
2232 5705 2286 5750 et
2323 5695 2802 5762 accommddatam,
2840 5707 2894 5751 ut
2948 5697 3082 5765 dixi,
3117 5716 3305 5759 sumus
3335 5705 3568 5760 animam
