3930 6204
425 356 532 414 375

1639 362 1936 418 NLCOLAI
1979 361 2357 419 CABASILJ‘E

3552 345 3651 407 376

425 463 708 520 reddituri.
762 467 817 521 Si
867 471 1008 523 enim
1060 481 1304 525 tenemus
1334 473 1550 541 quidem
1584 476 1847 526 rationem
1877 475 1988 542 pie-

2102 474 2331 542 ἔχωμεν,
2365 472 2516 524 οὐδὲν
2558 474 2690 541 ἡμῖν
2715 472 2904 539 ὄφελος
2928 468 3024 536 τῆς
3053 462 3301 534 γνώσεώς
3332 463 3480 514 ἐστιν
3511 458 3652 510 ὲκεί-

432 557 580 618 tatis,
629 559 764 612 adeo
794 568 851 613 ul.
900 559 963 612 de
1011 574 1074 612 ea
1122 562 1294 628 rogati
1349 573 1492 616 recte
1543 566 1984 630 respondeamus,

428 649 646 712 quando
675 657 854 701 autem
903 662 1115 717 Oportet
1159 654 1430 722 mysteriis
1465 655 1651 719 imbui,
1703 669 1804 709 non
1840 668 1986 708 recte

429 739 608 791 omnia
674 740 1109 806 consideramus,
1173 761 1271 799 nec
1335 755 1570 800 mentem
1645 748 1984 808 adhibemus,

431 828 570 880 nulla
603 841 684 883 est
719 833 872 886 nobis
904 833 1049 886 illius
1078 836 1400 902 cognitionis
1427 838 1663 901 utilitas;
1710 854 1814 891 non
1842 840 1983 892 etrim

432 925 609 985 potest
649 918 800 973 nobis
845 921 1006 974 ullam
1036 936 1219 978 earum
1253 940 1370 992 quae
1405 926 1558 980 dictre
1589 936 1707 980 sunt
1747 927 1985 982 aﬂ‘ectio-

430 1021 554 1058 uttm
584 1008 904 1074 immittere;
937 1026 1000 1064 ex
1033 1012 1100 1066 iis
1136 1018 1276 1066 enim
1301 1030 1420 1082 qua:
1453 1025 1579 1069 tunc
1603 1032 1697 1071 nos
1719 1017 1981 1080 detinent,

428 1097 845 1164 cogitationibus
884 1102 1169 1165 aﬂicimur,
1212 1114 1265 1158 et
1294 1105 1428 1159 tales
1458 1109 1716 1160 habemus
1748 1107 1986 1162 all‘ectio-

430 1203 544 1249 nes,
595 1190 784 1253 quales
832 1192 935 1245 iﬂm
983 1204 1206 1260 possunt
1241 1196 1469 1250 ellicere.
1519 1197 1810 1266 Propterea
1866 1201 1985 1252 talis

425 1283 728 1350 cchgitata
759 1295 844 1337 est
895 1285 1086 1353 ﬁgura,
1133 1289 1326 1355 partim
1382 1292 1596 1358 quidem
1653 1307 1755 1343 nou
1810 1293 1984 1345 verbis

429 1373 604 1426 -olunt
637 1375 974 1442 signiﬁcans,
1013 1381 1104 1431 sed
1135 1380 1311 1432 omnia
1365 1385 1529 1434 etlam
1573 1382 1672 1435 sub
1712 1391 1984 1450 aspectum

429 1464 717 1529 deducens,
743 1467 939 1534 partim
970 1477 1147 1520 autem
1179 1485 1296 1534 qua:
1323 1480 1434 1524 toto
1465 1472 1716 1525 sacriﬁcii
1749 1481 1986 1539 tempore

430 1564 726 1622 appareat:
760 1566 815 1610 ut
854 1572 948 1623 per
986 1558 1129 1612 illam
1159 1560 1370 1628 quidem
1430 1571 1549 1629 agat
1587 1563 1636 1615 in
1673 1563 1880 1616 animas
1909 1562 1986 1614 fa-

429 1647 604 1709 cilius,
637 1657 690 1699 et
731 1663 836 1701 non
873 1649 984 1702 sola
1025 1652 1420 1719 contemplatio,
1452 1656 1542 1704 sed
1582 1652 1740 1706 etiam
1776 1652 1986 1707 aﬂ‘eetio

427 1749 480 1791 et
515 1739 693 1806 passio
726 1739 780 1792 in
826 1741 1020 1795 animis
1057 1743 1304 1808 insideat,
1339 1753 1523 1812 utpote
1565 1747 1863 1800 evidentius
1894 1762 1983 1797 no-

429 1829 511 1882 bis
563 1843 656 1896 per
689 1829 873 1884 oculos
917 1831 1175 1897 impressa
1223 1835 1603 1899 imaginatione
1639 1854 1653 1889 :
1690 1849 1786 1903 per
1839 1835 1982 1888 illam

429 1934 606 1978 autem
634 1940 739 1978 nou
774 1927 859 1980 det
891 1927 1062 1979 locum
1101 1928 1382 1991 oblivioni,
1413 1944 1588 1997 neque
1614 1929 1754 1982 sinat
1783 1931 1987 1998 cogita-

431 2016 628 2067 tionem
658 2017 722 2068 ad
755 2016 953 2084 aliquid
987 2019 1128 2071 aliud
1160 2031 1498 2081 convertere,
1527 2021 1694 2074 dunec
1726 2022 1792 2075 ad
1821 2022 1986 2089 ipsam

431 2119 670 2158 mensam
705 2106 1010 2168 deduxerit,
1060 2117 1114 2161 et
1151 2111 1220 2160 ita
1278 2110 1383 2162 illis
1441 2111 1859 2179 cogitationibus
1903 2126 1988 2164 re-

431 2196 575 2258 lrrti,
614 2206 669 2250 et
707 2199 974 2266 vigentem
1022 2202 1334 2254 memoriam
1369 2202 1651 2264 babentcs,
1694 2204 1865 2256 simus
1905 2216 1989 2254 sa-

429 2281 645 2340 crorum
727 2290 1111 2357 mysteriorum
1180 2292 1502 2360 participes,
1575 2294 1986 2348 sanctiﬁcationi

429 2378 914 2432 sanctiﬁcationem
955 2381 1290 2443 inducentes,
1337 2384 1842 2451 contemplationem
1876 2399 1990 2436 san-

433 2470 769 2535 ctiﬁcattoni,
804 2472 1290 2526 sanctiﬁcationem
1340 2473 1618 2540 mysterio.
1649 2483 1700 2526 et
1734 2473 1990 2529 transfor-

431 2562 561 2614 ntati
597 2577 622 2614 a
657 2561 826 2628 gloria
874 2563 926 2615 in
976 2563 1226 2631 gloriam,
1263 2563 1315 2616 in
1345 2578 1461 2615 eam
1491 2580 1610 2632 qua),
1640 2574 1721 2617 est
1756 2566 1990 2616 omnium

433 2653 690 2716 maxima,
723 2653 790 2707 ab
816 2668 878 2707 ea
909 2669 1026 2720 qua:
1058 2655 1232 2707 minor
1274 2665 1379 2708 est.
1412 2657 1474 2706 Et
1505 2656 1607 2708 hoc
1637 2657 1849 2724 quidem
1892 2657 1991 2708 sibi

432 2747 549 2800 vult
605 2756 812 2809 totum,
875 2755 934 2799 ut
991 2746 1300 2799 summatim
1358 2748 1557 2810 dicem,
1618 2747 1988 2810 sacriﬁcium;

432 2836 689 2903 deinceps
741 2845 922 2888 autem
983 2849 1147 2888 unum
1209 2837 1463 2903 quodque
1521 2836 1588 2889 ab
1646 2836 1801 2890 initio
1855 2838 1992 2904 ejus,

432 2927 609 2991 quoad
651 2926 766 2980 ﬁeri
802 2925 1018 2994 poterit,
1069 2926 1345 2994 sigillatiut
1391 2927 1838 2980 considerandum
1889 2941 1990 2984 est.

433 3016 673 3070 Primum
707 3019 920 3085 quidem
959 3032 1296 3101 preces’qnze
1330 3019 1462 3070 ﬁunt
1504 3019 1692 3079 initiis,
1735 3030 1784 3073 et
1827 3035 1995 3074 sacra:

2090 585 2186 635 νης
2212 583 2221 594 '
2257 568 2316 616 οὐ
2343 567 2449 634 γὰρ
2467 564 2755 616 δύναταίτι
2787 561 2895 614 τῶν
2925 558 3228 628 εἰρημένων
3255 556 3392 622 ἡμῖν
3415 551 3648 604 ἐνθεῖναι

2091 659 2296 710 παθῶν.
2341 658 2482 725 Πρὸς
2511 657 2619 725 γὰρ
2660 656 2783 715 τοὺς
2815 653 2937 704 τότε
2977 651 3306 716 κατέχοντας
3350 642 3648 710 λογισμοὺς

2087 748 2436 815 διατιθέμεθα
2459 788 2473 811 ,
2501 747 2594 799 καὶ
2623 745 2847 798 τοιαῦτα
2886 741 3031 808 πάθη
3065 739 3373 805 πάσχομεν,
3409 728 3497 786 οἷα
3519 733 3650 800 δρᾷν

2089 843 2287 892 ἐκεῖνοι
2323 839 2596 891 δύνανται.
2626 836 2830 890 Τούτου
2858 835 3018 903 χάριν
3043 833 3072 882 ὁ
3099 827 3340 888 τοιοῦτος
3381 822 3647 890 ἐπενοήθη

2088 933 2255 992 τύπος
2282 971 2294 987 ,
2332 931 2490 981 τοῦτο
2523 930 2623 999 μὲν
2660 928 2718 980 οὐ
2749 927 2927 992 λόγοις
2975 924 3135 991 μόνον
3169 919 3470 988 σημαίνων,
3517 916 3650 968 ἀλλὰ

2089 1023 2183 1075 καὶ
2212 1024 2295 1072 ἐπ’
2325 1023 2446 1089 ὄψιν
2473 1021 2619 1086 ἄγων
2653 1020 2872 1072 ἅπαντα
2898 1034 2910 1046 ·
2943 1019 3103 1068 τοῦτο
3127 1013 3183 1065 δὲ
3224 1012 3312 1063 διὰ
3340 1009 3522 1073 πάσης
3555 1010 3651 1074 τῆς

2093 1115 2405 1183 ἱερουργίας
2444 1112 2769 1181 φαινόμενος
2790 1125 2804 1139 ⁸
2839 1110 2904 1160 ἶν’
2942 1107 3136 1173 ἐκείνῳ
3181 1102 3281 1170 μὲν
3313 1101 3394 1160 είς
3424 1099 3521 1158 τὰς
3545 1096 3652 1163 ψυ-

2091 1207 2188 1273 χὰς
2221 1207 2590 1271 εὐκολώτερον
2619 1205 2817 1271 δράσῃ,
2851 1201 2944 1250 καὶ
2973 1200 3032 1248 οὗ
3063 1193 3266 1261 θεωρία
3303 1189 3434 1258 ψιλὴ
3470 1189 3650 1254 μόνον,

2089 1297 2223 1348 ἀλλὰ
2258 1297 2350 1347 καὶ
2378 1294 2549 1354 πάθος
2578 1295 2714 1360 ἡμῖν
2751 1289 2962 1358 ὲντεθῇ,
3011 1287 3085 1347 ὡς
3116 1284 3182 1337 ἂν
3211 1283 3312 1349 τῆς
3352 1277 3653 1347 φαντασίας

2089 1391 2173 1441 διὰ
2205 1389 2312 1440 τῶν
2344 1387 2641 1455 ὀφθαλμῶν
2673 1385 3068 1452 ἐναργέστερον
3099 1380 3233 1447 ἡμῖν
3258 1372 3605 1440 τυπουμένητ
3632 1385 3654 1402 ο

2092 1480 2284 1548 ἐκείνῳ
2330 1479 2385 1529 δὲ
2428 1476 2604 1545 μὴδῷ
2637 1478 2705 1544 τῇ
2740 1475 2878 1544 λῄθῃ
2919 1472 3126 1542 χώραν,
3178 1467 3300 1537 μηδ’
3347 1467 3482 1535 ὲάσῃ
3513 1464 3653 1530 πρδς

2089 1571 2217 1623 ἄλλο
2257 1569 2449 1638 τρέψαι
2509 1568 2599 1619 τὸν
2629 1565 2912 1633 λογισμὸν,
2958 1565 3060 1625 ἓως
3117 1560 3202 1612 ἐπ’
3233 1557 3402 1627 αὐτὴν
3449 1557 3654 1620 ἀπάγοι

2090 1662 2188 1731 τὴν
2216 1661 2514 1728 τράπεζαν,
2550 1660 2640 1710 καὶ
2667 1657 2809 1709 οὕτω
2844 1656 3106 1723 γέμοντες
3132 1652 3238 1703 τῶν
3276 1649 3490 1703 ἐννοιῶν
3529 1647 3653 1699 τού-

2091 1770 2218 1814 των,
2255 1753 2346 1804 καὶ
2373 1753 2469 1817 τὴν
2499 1751 2720 1819 μνήμην
2760 1746 3114 1816 ἀκμάζουσαν
3147 1744 3384 1812 ἔχοντες,
3425 1742 3535 1792 τῶν
3582 1743 3658 1791 ίε-

2091 1843 2198 1915 ρῶν
2233 1841 2625 1909 μεταλάϐωμεν
2655 1839 2990 1908 μυστηρίων,
3022 1833 3292 1902 ἁγιασμὸν
3333 1832 3658 1894 ἐπεισάγονα

2089 1950 2179 1993 τες
2211 1931 2489 1998 ἁγιασμῷ,
2519 1931 2595 1998 τῷ
2627 1929 2733 1980 τῶν
2768 1925 3011 1994 θεωριῶν
3040 1924 3130 1976 τὸν
3161 1923 3262 1991 τῆς
3291 1922 3532 1981 τελετῆς,
3562 1919 3658 1968 καὶ

2092 2021 2603 2091 μεταμορφούμενοι
2643 2019 2754 2071 ἀπὸ
2798 2017 2956 2084 δόξης
2987 2017 3066 2076 είς
3110 2013 3267 2075 δόξαν
3298 2013 3397 2077 τὴν
3426 2009 3658 2062 ἁπασῶν

2093 2117 2356 2184 μεγίστην
2394 2116 2501 2167 ἀπὸ
2526 2115 2620 2181 τῆς
2665 2113 2968 2171 ἐλάττονος,
3014 2109 3121 2160 Καὶ
3146 2106 3316 2166 οὕτως
3350 2106 3447 2173 μὲν
3482 2101 3659 2162 ὁνούς

2089 2209 2184 2275 τῆς
2215 2208 2341 2273 ὅλης
2375 2205 2694 2273 ἱερουργίας
2729 2205 2802 2265 ὡς
2836 2205 2892 2254 ὲν
2919 2200 3199 2266 κειξαλαίῳ
3223 2214 3238 2228 ·
3272 2196 3399 2263 ἑξῆς
3428 2195 3484 2246 δὲ
3517 2193 3666 2246 ἄνω-

2091 2298 2179 2349 θεν
2214 2299 2381 2364 αὐτὴν
2418 2295 2741 2363 θεωρητέον,
2769 2293 2841 2355 ὡς
2867 2287 2979 2344 οἷόν
3010 2308 3091 2355 τε,
3118 2287 3257 2341 κατά
3297 2287 3477 2354 μέρος.
3501 2283 3662 2352 "pri--

2090 2407 2182 2441 τον
2228 2390 2324 2457 μὲν
2355 2390 2450 2447 τὰς
2485 2385 2834 2455 προτελείους
2867 2383 3052 2450 εὐχὰς,
3078 2382 3171 2432 καὶ
3202 2377 3527 2446 ἱερολογίας,
3561 2375 3660 2424 καὶ

2091 2478 2234 2546 ᾠδὰς
2269 2478 2442 2546 ἱερὰς.
2476 2477 2565 2527 καὶ
2601 2475 2936 2542 ἀναγνώσεις
2958 2487 2971 2501 ·
3008 2471 3201 2522 ἔπειτα
3231 2468 3290 2519 τὸ
3316 2467 3476 2535 ἔργον
3524 2466 3660 2516 αὐτο

2093 2570 2150 2622 τὸ
2189 2570 2354 2638 ἱερὶν,
2403 2569 2572 2635 αὐτὴν
2625 2567 2720 2634 τὴν
2775 2565 3012 2617 θυσίαν’
3073 2560 3213 2631 μετὰ
3260 2560 3316 2611 δὲ
3367 2557 3529 2609 τοῦτο
3569 2556 3660 2606 τὶν

2094 2661 2386 2727 ἁγιασμὺν,
2422 2659 2482 2710 ὃν
2507 2658 2574 2710 δι’
2603 2659 2774 2726 αὐτῆς
2819 2655 3138 2721 ἁγιάζονται
3182 2647 3523 2718 Χριστιανῶν
3549 2644 3623 2712 dm
3643 2673 3659 2682 -

2094 2750 2207 2818 χαὶ,
2243 2751 2334 2800 καὶ
2365 2748 2600 2810 ζώντων,
2639 2750 2732 2798 καὶ
2758 2745 3120 2812 τεθνηκότων.
3163 2741 3284 2792 Ἔτι
3315 2737 3372 2790 δὲ
3434 2735 3526 2787 καὶ
3559 2733 3661 2792 τὰς

2097 2841 2191 2891 ὲπὶ
2213 2840 2420 2901 τούτοις
2452 2840 2544 2890 τοῦ
2575 2839 2704 2890 λαοῦ
2732 2839 2827 2890 καὶ
2855 2836 2948 2889 τοῦ
2984 2835 3170 2903 ἱερέως
3201 2831 3334 2900 πρὸς
3364 2827 3496 2880 Θεὸν
3519 2823 3665 2894 ᾠδὰς

2095 2932 2189 2983 καὶ
2223 2933 2407 3000 εὐχὰς,
2435 2931 2551 2982 εἴτι
2576 2931 2782 2982 τούτων
2803 2927 3143 2994 ἐπισκέψεως
3172 2924 3267 2975 καὶ
3295 2918 3524 2989 θεωρίας
3553 2917 3672 2968 δεῖ·

2096 3023 2185 3073 ταί
2216 3039 2358 3082 τινος
2384 3037 2396 3050 ⁶
2454 3022 2556 3090 πρδ
2602 3020 2658 3072 δὲ
2689 3020 2930 3080 πάντων,
2959 3017 3053 3067 καὶ
3110 3016 3166 3066 ἐν
3211 3014 3398 3070 πᾶσιν,
3431 3008 3530 3076 τὴν
3575 3005 3668 3056 διὰ

434 3109 858 3174 ὺι-ιιιειιίιειίοηεε,
890 3120 945 3164 et
977 3124 1132 3162 sacra
1163 3111 1394 3173 cantica,
1419 3119 1474 3164 et
1494 3111 1789 3176 lectiones;
1812 3123 1995 3180 postea

2105 3115 2284 3181 πάσης
2316 3116 2412 3182 τῆς
2443 3113 2664 3178 τελετῆς
2693 3109 3028 3178 φαινομένην
3063 3105 3160 3159 τοῦ
3186 3103 3438 3171 Σωτῆρος
3462 3101 3670 3151 οἰκονοο

435 3203 611 3267 ipsum
659 3215 870 3253 sacrum
907 3214 1064 3268 opus,
1104 3199 1274 3267 ipsum
1323 3202 1688 3267 sacriﬁcium;
1746 3213 1866 3270 post
1899 3205 1998 3256 hoc

433 3301 614 3345 autem
672 3291 1052 3354 sanctiﬁcatio,
1083 3305 1188 3360 qua
1223 3305 1317 3360 per
1358 3292 1530 3358 ipsum
1582 3293 1991 3347 sanctiﬁcautur

2103 3207 2230 3273 μίαν
2257 3222 2267 3233 ·
2307 3208 2356 3255 τί
2393 3206 2500 3255 τῶν
2533 3204 2764 3270 ἐκείνης,
2805 3202 2890 3253 διά
2939 3216 3085 3261 τινος
3115 3198 3223 3248 τῶν
3254 3197 3310 3246 ἐν
3350 3197 3417 3262 τῇ
3451 3194 3670 3260 ἱερουρ-

2100 3299 2195 3364 γίᾳ
2226 3296 2563 3363 τελουμένων
2599 3294 2949 3363 σημαίνεται.

435 3385 627 3437 animae
663 3383 1117 3446 Christianorum,
1150 3393 1202 3436 et
1251 3383 1488 3436 vivorum
1539 3393 1594 3436 et
1631 3392 1988 3437 mortuorum.
2030 3385 2294 3438 Prmterea
2329 3399 2508 3438 autem
2541 3395 2593 3438 et
2622 3400 2741 3453 quae
2783 3399 2843 3438 ea
2876 3389 3300 3449 consequuntur,
3371 3371 3551 3442 populi
3613 3382 3674 3426 et

434 3473 733 3530 sacerdotis
761 3475 826 3528 ad
859 3474 1023 3527 Deum
1050 3475 1256 3528 cantica
1285 3482 1338 3527 et
1367 3489 1576 3542 preces,
1605 3475 1646 3527 si
1682 3474 1808 3543 quid
1849 3489 2036 3529 eorum
2115 3479 2548 3530 consideratione
2601 3489 2652 3529 ct
2717 3474 3168 3542 contemplatione
3224 3471 3426 3536 indiget
3475 3483 3488 3518 :
3545 3474 3676 3516 ante

436 3568 618 3622 omnia
661 3576 864 3627 autem,
895 3577 949 3620 et
997 3568 1048 3620 in
1083 3565 1352 3628 omnibus,
1388 3579 1506 3632 quae
1538 3581 1630 3631 per
1676 3575 1841 3619 totam
1913 3569 2151 3636 mysterii
2202 3567 2614 3621 celebrationem
2699 3574 2922 3635 apparet
3009 3562 3315 3618 Servatoris
3399 3563 3675 3623 suscepta:

438 3659 620 3713 carnis
650 3657 972 3721 mconomia,
1013 3657 1139 3725 quid
1165 3671 1349 3710 eorum
1384 3671 1504 3724 qua:
1546 3655 1788 3741 ad.illam
1823 3658 2107 3724 pertinent,
2141 3673 2232 3726 per
2257 3659 2526 3726 quodnam
2574 3671 2762 3710 eorum
2805 3670 2925 3724 qua:
2985 3653 3038 3707 in
3098 3651 3238 3706 sacri
3304 3646 3674 3703 celebratione

440 3757 592 3819 liuut,
613 3753 966 3820 signiﬁcatur.

1083 3871 1232 3925 CAP.
1276 3872 1342 3925 ll.

545 3964 653 4018 Cur
683 3981 785 4017 non
815 3979 845 4015 a
873 3963 1329 4084 principiodaltari
1367 3963 1709 4029 imponuntur
1744 3980 1896 4016 sacra

1181 4049 1302 4084 una.

1181 4049 1302 4084 una.

513 4127 728 4179 Initium
765 4135 942 4178 autem
979 4127 1241 4178 ducamus
1281 4126 1347 4178 ab
1378 4137 1587 4189 eorum,
1634 4139 1754 4192 qua:
1785 4125 1836 4176 in
1882 4138 2006 4190 pro-

440 4217 709 4284 positione
740 4217 870 4269 ﬁttut
907 4226 961 4269 et
989 4215 1267 4278 dicuntur,
1301 4214 1775 4281 contemplatione,
1811 4223 1864 4266 et
1890 4214 2001 4281 ipsa

442 4321 630 4359 eorum
693 4305 945 4358 allatione
977 4303 1350 4369 donorumque
1381 4302 1674 4355 oblatione.
1712 4299 1822 4354 Cur
1861 4301 2001 4353 cnim

446 4402 553 4450 non
580 4397 760 4468 statim
794 4396 860 4450 ad
891 4396 1062 4448 altare
1095 4394 1368 4447 ducuntur
1397 4402 1450 4446 et
1481 4393 1878 4455 sacriﬁcantur,
1911 4392 2001 4444 scd

445 4492 677 4558 primum
709 4498 963 4554 tanquam
1013 4486 1150 4539 dona
1186 4484 1292 4536 Deo
1327 4483 1673 4535 dedicantur?
1702 4482 1836 4546 Quia
1869 4482 2000 4535 nile-

448 4583 706 4636 rcbantur
735 4581 947 4648 quidem
983 4576 1092 4631 Deo
1123 4576 1388 4630 sacriﬁcia
1420 4577 1486 4627 ab
1513 4575 1770 4641 antiquis.
1799 4575 2006 4626 ratione

448 4675 748 4727 carentium
777 4671 1091 4726 animalium
1123 4671 1296 4722 czedes
1348 4677 1398 4718 et
1423 4667 1678 4734 sanguis;
1715 4664 2008 4718 olicreban-

452 4779 536 4818 tur
577 4775 760 4818 autem
809 4764 970 4817 ctiam
1007 4762 1174 4821 dona,
1207 4757 1662 4826 quemadmodum
1698 4772 1818 4808 vasa
1849 4770 2009 4808 aurea

446 4860 531 4912 vel
569 4868 846 4928 argentea.
883 4855 1095 4919 Corpus-
1139 4861 1315 4904 autcm
1356 4849 1554 4903 Christi
1589 4852 1748 4902 etiam
1787 4859 2012 4915 utraque

454 4949 654 5000 habere
692 4945 926 4998 videtur.
973 4943 1184 4996 Etenim
1215 4940 1540 4993 sacriﬁcium
1579 4940 1790 5007 quidem
1834 4947 2012 5004 poste-

456 5038 568 5090 rius
621 5023 850 5091 exstiiit,
885 5033 1102 5098 quando
1137 5045 1232 5095 pro
1269 5028 1435 5097 gloria
1460 5027 1631 5080 Patris
1671 5037 1754 5079 cst
1791 5025 2010 5078 interfe-

450 5141 571 5182 ctus
607 5144 620 5180 :
663 5123 942 5176 dedicatus
972 5131 1151 5175 autem
1197 5130 1313 5173 erat
1341 5129 1394 5172 et
1420 5118 1634 5173 oblatus
1675 5117 1783 5170 Deo
1815 5117 1881 5169 ab
1914 5117 2014 5170 iui-

449 5220 548 5284 tio,
593 5225 648 5270 et
677 5217 878 5269 donum
919 5219 1039 5266 erat
1076 5213 1174 5279 ipsi
1216 5210 1536 5278 pretiosum,
1561 5218 1616 5262 ct
1647 5189 1900 5272 tanquam
1926 5221 2012 5259 as-

450 5321 724 5377 sumptum
768 5314 825 5358 ut
857 5305 1026 5358 nostri
1055 5305 1271 5373 generis
1296 5301 1563 5370 primitiae,
1593 5311 1643 5354 et
1683 5308 1900 5367 propter
1935 5297 2014 5350 le-

450 5415 593 5469 gem,
637 5397 780 5468 quod
837 5405 956 5450 erat
991 5395 1399 5463 primogenitus.
1439 5393 1510 5446 Ea
1541 5394 1606 5444 de
1655 5405 1844 5450 causa,
1898 5401 2014 5455 qua}

455 5509 600 5546 nunc
631 5491 951 5552 olleruutur,
983 5502 1076 5556 per
1119 5502 1235 5554 qua:
1267 5500 1462 5552 corpus
1502 5484 1628 5536 illud
1660 5482 2009 5557 signiﬁcatur,

455 5600 560 5637 non
592 5585 772 5638 statim
807 5583 872 5635 ad
909 5581 1080 5634 altare
1106 5581 1373 5632 ducuntur
1401 5587 1454 5630 et
1485 5577 1883 5635 sacriticantur,
1921 5573 2010 5626 sed

457 5675 560 5725 hoc
591 5677 807 5740 quidem
868 5673 921 5725 [it
963 5679 1170 5738 postea,
1210 5671 1358 5737 prius
1401 5677 1578 5720 autem
1611 5667 1720 5719 Deo
1759 5667 2011 5718 dedicau—

460 5773 567 5820 tur,
602 5772 650 5812 et
707 5764 840 5815 dona
893 5764 1129 5830 pretiosa
1188 5762 1294 5813 Deo
1342 5768 1394 5812 et
1437 5760 1588 5812 ﬁunt.
1622 5768 1671 5809 et
1729 5769 2006 5811 vocantur.

2695 3868 2944 3920 ΚΕΦᾹΛ.
2985 3862 3057 3919 Β’.

2108 3966 2209 4017 Διὰ
2249 3965 2302 4015 τί
2337 3963 2419 4031 μὴ
2453 3963 2521 4025 ἐξ
2552 3951 3402 4096 ἀργὶτῗὶςτέἷηῖᾇὲἑὶὲἕιαστηρίῳ
3451 3948 3678 4003 τίθεται

2196 4123 2361 4194 Ἀρχὴ
2387 4123 2441 4177 δὲ
2476 4125 2610 4192 ἡμῖν
2639 4121 2778 4173 ἔστω
2802 4121 2909 4172 τῶν
2945 4121 3000 4169 ὲν
3037 4120 3103 4188 τῇ
3135 4115 3388 4187 προθέσει
3412 4115 3680 4183 τελουμέ-

2110 4234 2216 4268 νων
2269 4217 2365 4267 καὶ
2419 4214 2728 4283 λεγομένων
2769 4215 2801 4282 ἡ
2836 4211 3060 4280 θεωρία,
3106 4210 3203 4262 καὶ
3245 4209 3448 4262 τούτων
3497 4209 3679 4275 αὐτῆς

2109 4309 2207 4375 τῆς
2241 4301 2610 4375 προσαγωγῆς
2650 4307 2743 4358 καὶ
2803 4305 2902 4373 τῆς
2948 4303 3306 4373 δωροφορίας.
3355 4301 3506 4354 Διατί
3565 4301 3679 4368 γὰρ

2109 4397 2208 4448 οὐκ
2247 4394 2407 4455 εὐθὺς
2457 4396 2535 4455 εἰς
2582 4393 2641 4444 τὸ
2675 4393 3058 4460 θυσιαστήριον
3102 4391 3291 4458 ἄγεται
3337 4391 3432 4442 καὶ
3465 4390 3677 4446 θύεται,

2038 4491 2077 4542 ι)
2105 4488 2240 4539 ἀλλὰ
2265 4487 2479 4554 πρῶτον
2504 4487 2576 4547 ὡς
2607 4485 2752 4553 δῶρα
2780 4485 3088 4536 ἀνατίθεται
3113 4482 3190 4550 τῷ
3207 4483 3324 4548 Θεῷ
3344 4482 3484 4545 ;”οτι
3509 4497 3683 4547 προσ-

2116 4577 2314 4644 ήγοντο
2340 4575 2438 4643 μὲν
2463 4573 2643 4625 θυσίαι
2679 4573 2754 4640 τῷ
2779 4571 2896 4639 Θεῷ
2921 4571 3068 4639 παρὰ
3097 4570 3204 4622 τῶν
3228 4569 3494 4627 παλαιῶν,
3522 4567 3682 4629 ζώων

2116 4664 2325 4730 αὶὸγων
2389 4663 2595 4729 σφαγαὶ
2644 4663 2739 4714 καὶ
2791 4662 3030 4729 stipata“
3079 4659 3421 4728 προσήγοντο
3465 4657 3519 4708 δὲ
3581 4657 3683 4707 καὶ

2115 4755 2286 4822 δῶρα,
2350 4752 2540 4821 ὥσπερ
2585 4753 2655 4805 τὰ
2706 4753 2883 4822 χρυσᾶ
2927 4751 3097 4819 σκεύη
3150 4750 3184 4819 ἢ
3220 4749 3476 4817 ἀργυρᾶο
3508 4748 3572 4798 τὸ
3623 4747 3682 4798 δὲ

2118 4846 2181 4896 σι’(
2203 4861 2275 4911 μα
2324 4843 2418 4894 τοῦ
2479 4841 2718 4912 Χριστοῦ
2772 4844 2866 4892 καὶ
2900 4841 3186 4910 ἀμφότερα
3233 4839 3480 4906 φαίνεται
3530 4835 3681 4903 ἔχον.

2117 4938 2224 4987 Καὶ
2265 4935 2370 5002 γὰρ
2427 4934 2586 4986 θυσία
2629 4933 2725 5001 μὲν
2758 4934 2978 4999 γέγονεν
3035 4931 3281 4998 ὕστερον,
3325 4930 3410 4980 ὅτε
3461 4929 3682 4995 ἐσφάγη

2117 5025 2255 5092 ὑπὲρ
2292 5025 2387 5093 τῆς
2435 5023 2592 5086 δόξης
2627 5022 2720 5073 τοῦ
2756 5023 2998 5090 Πατρὸςο
3031 5023 3277 5072 ἀνέκειτο
3311 5019 3367 5069 δὲ
3398 5018 3454 5080 ἐξ
3499 5017 3685 5085 ἀρχῆς

2116 5116 2195 5185 τῷ
2218 5116 2356 5184 Θεῷ,
2416 5115 2510 5166 καὶ
2541 5113 2712 5182 δῶρον
2744 5109 2809 5181 ἦν
2837 5111 2985 5178 αὐτῷ
3027 5112 3226 5178 τίμιον,
3265 5110 3357 5160 καὶ
3385 5108 3460 5169 ὡς
3505 5123 3686 5176 προσ-

2117 5206 2321 5275 ληφθὲν
2370 5205 2443 5266 ὡς
2475 5203 2696 5270 ἀπαρχὴ
2743 5201 2838 5253 τοῦ
2870 5201 3060 5268 γένους
3100 5200 3272 5267 ἡμῶν,
3327 5198 3418 5250 καὶ
3464 5196 3559 5247 διὰ
3594 5195 3688 5247 τὸν

2115 5300 2299 5367 νόμον,
2345 5297 2426 5347 ὅτι
2477 5294 2820 5362 πρωτότοκος
2870 5287 2957 5361 ἦν.
3011 5290 3214 5341 Τούτου
3270 5290 3429 5358 χάριν
3478 5289 3548 5338 τὰ
3588 5287 3688 5340 νῦν

2116 5390 2397 5460 προσαγόμ
2410 5405 2504 5440 ενα
2538 5386 2605 5438 δι’
2629 5380 2702 5439 ὧν
2727 5385 2786 5437 τὸ
2820 5385 2978 5453 σῶμα
3005 5385 3182 5435 ἐκεῖνο
3207 5381 3556 5450 σημαίνεται,
3586 5380 3692 5431 οὐκ

2119 5487 2281 5546 εὐθὺς
2309 5487 2387 5545 είς
2420 5484 2478 5535 τὸ
2515 5482 2900 5549 θυσιαστήριον
2933 5479 3124 5544 ἄγεται
3159 5477 3252 5528 καὶ
3288 5475 3514 5526 θύεται·
3545 5473 3690 5526 ἀλλὰ

2115 5576 2274 5628 τοῦτο
2323 5573 2420 5640 μὲν
2479 5572 2728 5640 ὕστερον,
2786 5572 3049 5639 πρότερον
3095 5567 3149 5620 δὲ
3200 5567 3536 5627 ἀνατίθεται,
3591 5566 3690 5615 καί

2116 5669 2264 5735 δῶρα
2292 5666 2445 5731 τίμια
2474 5664 2549 5732 τῷ
2583 5664 2703 5730 Θεῷ
2760 5665 2852 5713 καὶ
2881 5661 3108 5724 γίνεται,
3150 5659 3241 5709 καὶ
3275 5656 3550 5708 κα).εῖτα;.
3581 5655 3692 5703 (νῦ-

2121 5775 2222 5814 τω;
2257 5758 2279 5807 ὁ
2312 5757 2544 5820 Χριστὸς
2576 5752 2848 5818 ἐποίησεν.
2897 5751 3023 5800 ’Ὅτε
3071 5748 3175 5817 γὰρ
3210 5748 3374 5816 ἄρτον
3416 5745 3505 5797 καὶ
3541 5742 3696 5796 οἶνον
