3992 6202
310 321 397 381 33i
1470 325 1795 395 LI'TUllGl
1813 327 1873 384 ,Ε
1916 327 2343 391 EXPOSlTlO.

3455 331 3561 394 332

306 444 373 495 τὶ
404 441 647 511 ὕστερον
667 441 939 512 γενόμενα
977 443 1036 495 ἐν
1084 442 1280 514 ἐκείνῳ
1329 443 1410 516 τῷ
1483 445 1697 514 σώματι
1735 446 1884 516 πάοη

1991 450 2225 503 cundum
2281 448 2474 516 legem,
2509 443 2633 517 quia
2687 454 2800 500 erat
2853 444 3264 514 primogenitus.
3296 445 3432 512 Quia
3464 463 3565 503 an-

307 536 393 588 ea
420 535 527 604 τὴν
552 534 834 605 σωτηρίαν
864 535 1045 604 ἡμῶν.
1075 538 1104 590 6
1155 537 1389 609 σταυρὸς
1422 539 1518 592 καὶ
1569 540 1596 591 6
1626 537 1878 600 θάνατος,

313 620 681 690 προετυπώθη
710 620 981 690 πρότερον
1014 624 1127 686 τοῖς
1169 623 1445 694 ἄρχαίοις,
1474 622 1665 677 τούτου
1725 625 1887 694 χάριν

312 714 404 767 κιὶ
430 716 460 766 6
488 713 673 785 ἱερεὺς
715 713 953 767 ενταῦθα
1014 716 1146 784 πρὶν
1198 716 1432 782 ἀγαγεῖν
1482 718 1564 778 είς
1602 716 1661 767 τδ
1700 715 1889 767 ουσια-

313 807 539 875 στήριον
570 805 699 866 τοὺς
720 804 922 872 ἄρτους
954 806 1051 857 καὶ
1097 803 1283 870 θῦσαι,
1314 805 1441 867 τοὺς
1491 806 1696 869 τύπους
1748 807 1890 859 ὲκεί-

311 914 432 958 νους
479 897 750 966 πρότερον
815 897 1072 964 πειρᾶται
1119 897 1394 950 δεικνύναι
1429 900 1487 952 ὲν
1549 898 1719 967 αὐτῷ.
1776 898 1889 950 Καὶ

306 990 422 1041 τίνα
450 988 799 1057 τρόπον;Ἒν
822 988 932 1058 ὅσῳ
959 988 1124 1041 αὑτὸν
1165 989 1276 1041 ἀπὸ
1307 990 1416 1042 τῶν
1452 989 1763 1058 ὁλοκλήρων
1792 991 1889 1057 ἄρ-

312 1098 420 1131 των
458 1078 876 1146 ἀφαιρούμενος
909 1081 1148 1132 ποιεῖται
1199 1078 1374 1150 δῶρον
1406 1080 1468 1131 τὸ
1521 1078 1616 1132 τοῦ
1677 1080 1885 1147 Κυρίου

310 1171 500 1232 πάθος,
536 1169 635 1222 καὶ
661 1170 752 1221 τὸν
786 1168 1026 1223 θάνατον
1082 1175 1140 1222 ὲν
1173 1168 1328 1239 αὐτῷ
1358 1169 1586 1237 γράφει,
1618 1168 1887 1240 ’καθάπερ

308 1264 364 1314 ὲν
392 1261 594 1314 πίνακι
621 1278 638 1291 ο
660 1261 752 1313 καὶ
777 1261 955 1313 πάντα
978 1262 1075 1314 ὅσα
1104 1263 1271 1324 ποιεῖ,
1293 1263 1363 1313 τὰ
1399 1262 1497 1331 μὲν
1521 1262 1661 1315 κατὰ
1676 1261 1884 1329 χρείαν,

308 1357 373 1408 τὰ
417 1355 475 1405 δὲ
504 1353 855 1420 ἐξεπίτηδες.
891 1354 971 1415 εἰς
999 1352 1099 1422 τὴν
1123 1353 1406 1421 σημασξαν
1462 1354 1668 1422 ταύτην
1710 1352 1890 1422 βιάζε-

304 1463 422 1496 ται*
457 1445 559 1497 καὶ
603 1444 719 1497 ἔστι
742 1444 812 1496 τὰ
857 1444 1121 1512 γινόμενα
1150 1444 1453 1511 τηνικαῦτα
1481 1443 1595 1496 τῶν
1649 1442 1885 1512 Χριστοῦ

307 1536 498 1586 παθῶν
560 1536 657 1589 καὶ
682 1534 775 1588 τοῦ
802 1533 1059 1609 θανάτου.
1084 1536 1369 1605 πρακτικὴ
1413 1536 1686 1605 διήγησις.
1715 1533 1887 1586 Τοῦτο

303 1628 357 1679 δὲ
400 1630 636 1696 ἀρχαῖον
697 1625 817 1689 ἔθος
874 1621 965 1696 ἦν,
1020 1626 1115 1679 καὶ
1162 1626 1489 1695 πρακτικῶς
1539 1625 1735 1689 ἐνίοτε,
1791 1626 1886 1679 ναὶ

305 1718 621 1789 διηγοῦντο,
671 1716 767 1770 καὶ
799 1716 1105 1788 παρῄνουν,
1165 1718 1258 1770 καὶ
1312 1717 1707 1786 προεφήτευον.
1769 1714 1882 1768 Καὶ

305 1812 418 1879 γὰρ
473 1811 504 1862 6
576 1810 888 1889 προφήτης,
950 1808 1190 1875 δηλῶσαι
1240 1808 1563 1879 βουλόμενος
1626 1806 1724 1875 τὴν
1775 1806 1884 1857 τῶν

317 1900 595 1967 Ἐϐραίων
627 1898 1036 1968 αἰχμαλωσίαν,
1057 1896 1249 1965 ἔδησεν
1276 1899 1490 1952 ἑαυτόν.
1516 1897 1625 1951 Καὶ
1645 1898 1886 1958 "al-(auo;

304 1990 540 2056 ὕστερον
578 1988 641 2042 τὺ
673 1989 804 2042 αὐτὸ
868 1987 1030 2041 τοῦτο
1064 1987 1313 2057 ἐποίησε,
1351 1990 1637 2057 σημαίνων
1674 2003 1734 2038 τε
1788 1983 1884 2037 τοῦ

310 2082 531 2135 Παύλου
563 2081 761 2150 δεσμά.
820 2080 933 2133 Καὶ
987 2082 1203 2146 πατέρα
1235 2075 1358 2133 τινὰ
1413 2081 1546 2147 φασὶ
1610 2079 1887 2147 θεοφὸρων

306 2174 668 2243 ἐρωτηθέντα
699 2172 753 2224 τί
786 2175 904 2224 ἔστι
961 2153 1219 2242 μοναχδς.
1255 2171 1627 2240 ἀποκριθῆναι
1657 2171 1755 2238 μὲν
1786 2186 1889 2240 μη-

305 2266 420 2324 δὲν,
453 2263 517 2317 τὸ
563 2263 619 2315 δὲ
644 2264 861 2330 ἱμάτιον
901 2263 1267 2330 περιδυθέντα
1327 2262 1742 2328 καταπατῆσαι.
1777 2261 1887 2312 Καὶ

307 2358 476 2408 αὖτὶν
499 2356 557 2406 δὲ
589 2355 685 2407 τοῦ
715 2354 924 2424 Κυρίου
979 2355 1236 2413 θάνατον.
1273 2354 1370 2406 καὶ
1404 2353 1502 2418 τὴν
1534 2352 1663 2421 ὅλην
1687 2353 1890 2403 οἰκονο-

309 2445 445 2514 μίαν
489 2446 542 2497 οἱ
597 2445 822 2497 ιι-τοιλειιολ⁵
887 2445 949 2497 οὐ
999 2444 1182 2511 λόγοις
1245 2444 1429 2511 μόνον,
1475 2442 1609 2495 ἀλλὰ
1653 2441 1749 2494 καὶ
1801 2440 1891 2510 ἔρ-

303 2554 427 2604 γοις
487 2536 931 2603 αὖτοὶέμήνυον,
992 2538 1088 2588 καὶ
1140 2536 1289 2602 παρὰ
1320 2533 1414 2586 τοῦ
1467 2532 1605 2585 Θεοῦ
1644 2531 1888 2597 ἐμάνθα-

306 2647 424 2691 νον,
456 2624 574 2680 οἷον
602 2623 670 2697 ἦν
723 2629 757 2697 ἡ
806 2630 1121 2696 τεμνομένη
1179 2626 1360 2696 ῥάϐδῳ
1403 2625 1676 2688 θάλασσα,
1714 2623 1810 2677 καὶ
1854 2624 1889 2694 ή

308 2719 585 2772 θάλλουσα
647 2719 704 2769 ὲν
736 2718 897 2786 φλογὶ
952 2716 1137 2786 βάτος.
1176 2716 1273 2767 καὶ
1320 2715 1348 2767 6
1386 2714 1479 2765 ἐπὶ
1514 2714 1615 2782 τὴν
1675 2712 1891 2780 σφαγὴν

305 2810 415 2862 ὖπδ
438 2808 536 2861 τοῦ
569 2810 774 2878 πατρὸς
799 2807 1072 2876 ἀγόμενος
1113 2806 1330 2868 Ἰσαὰκ,
1373 2807 1469 2858 καὶ
1522 2805 1591 2858 τὰ
1639 2805 1785 2860 ἄλλα
1824 2806 1891 2858 δι’

304 2894 381 2953 ὧν
420 2900 755 2970 ἓσημαίνετο
784 2898 845 2953 τὸ
875 2901 1180 2970 μυστήριον
1218 2898 1277 2963 ἐξ
1308 2898 1504 2967 ἀρχῆς.
1557 2897 1745 2952 Ταῦτα
1796 2898 1890 2951 καὶ

310 2995 339 3044 6
368 2994 557 3062 ἱερεὺς
608 2992 866 3059 φαίνεται
894 2991 1087 3053 ποιῶν,
1118 2989 1155 3044 ἃ
1184 2989 1318 3058 περὶ
1360 2990 1460 3050 τῆς
1516 2988 1711 3052 θυσίας
1747 2983 1893 3043 οἶδεν

1913 1772 1961 1831 Β

1989 551 2094 596 tem
2146 556 2265 611 quae
2322 549 2506 609 posma
2544 537 2698 592 factae.
2756 545 2880 591 sunt
2929 536 2982 590 in
3038 536 3131 590 illo
3168 552 3398 604 corpore,
3437 553 3564 606 pas-

1987 632 2167 686 siones
2236 640 2454 698 propter
2519 628 2747 683 salutem
2817 637 3083 692 nostram,
3136 642 3269 681 crux
3300 638 3355 682 et
3393 644 3561 692 mors,

1987 721 2228 791 antiquis
2274 723 2425 792 prius
2482 720 2721 792 ﬁgurata:
2773 728 2899 773 sunt
2935 734 2947 770 :
2982 733 3043 772 ea
3074 720 3139 771 de
3180 733 3340 772 causa
3397 721 3560 774 etiam

1988 817 2245 869 sacerdos
2286 814 2376 869 llic
2421 816 2735 883 priusquam
2798 826 2990 881 panem
3047 811 3113 863 ad
3147 810 3318 864 altare
3372 812 3563 865 afferat

1987 917 2039 961 et
2097 906 2390 969 sacriﬁcet,
2446 904 2565 958 illos
2601 916 2754 971 typos
2810 911 2863 957 et
2923 902 3120 970 ﬁguras
3162 903 3309 968 prius
3354 901 3406 954 in
3448 901 3564 966 ipso

1987 1009 2215 1052 conatur
2239 998 2542 1052 ostendere.
2578 996 2641 1049 Et
2663 991 2972 1060 quomodo?
3003 993 3211 1046 Interea
3241 990 3365 1046 dum
3387 991 3561 1060 ipsum

1988 1107 2018 1145 a
2054 1090 2284 1159 panibus
2317 1089 2540 1158 integris
2583 1085 2839 1142 auferens
2888 1086 3019 1138 facit
3087 1084 3313 1148 donum,
3349 1082 3560 1137 Domini

1990 1184 2294 1252 passionem
2319 1190 2373 1235 et
2399 1161 2627 1234 mortem
2659 1180 2710 1230 in
2734 1192 2799 1231 eo
2824 1175 3037 1239 scribit,
3062 1173 3228 1228 veluti
3258 1174 3312 1227 in
3339 1173 3517 1227 tabula
3545 1191 3557 1227 :

1989 1282 2046 1331 et
2086 1271 2264 1327 omnia
2300 1283 2637 1340 quacunque
2669 1266 2817 1332 facit,
2842 1267 3039 1335 partim
3071 1265 3290 1335 quidem
3315 1266 3381 1319 ad
3407 1280 3560 1317 usum

1989 1365 2340 1437 pertinentia,
2369 1362 2565 1433 partim
2590 1375 2721 1415 vero
2752 1361 2818 1414 de
2849 1357 3116 1413 industria
3142 1358 3306 1423 facta,
3332 1356 3398 1410 ad
3426 1357 3563 1411 hanc

1988 1456 2443 1527 signiﬁcationem
2499 1452 2882 1515 deducuntur;
2924 1458 2980 1503 et
3015 1457 3144 1503 sunt
3182 1461 3243 1502 ea
3275 1462 3395 1516 qum
3433 1456 3562 1502 tunc

1990 1550 2145 1615 ﬁunt,
2183 1547 2510 1602 salutarium
2553 1542 2864 1614 passionum
2889 1548 2944 1595 et
2980 1540 3172 1596 mortis
3211 1540 3385 1595 activa
3432 1555 3561 1594 nar.

1990 1642 2151 1697 ratio.
2188 1638 2288 1695 Hic
2306 1645 2427 1693 erat
2449 1644 2633 1691 autem
2666 1647 2784 1686 mos
2809 1631 3090 1700 antiquus,
3126 1639 3181 1686 et
3207 1633 3385 1685 active
3428 1645 3564 1684 non-

1989 1746 2267 1801 nunquam
2293 1739 2345 1785 et
2370 1726 2684 1791 narrabant,
2706 1733 2759 1779 et
2780 1722 3080 1777 suadebant
3106 1731 3160 1775 et
3178 1722 3561 1776 praedicabant.

1988 1814 2200 1880 Etenim
2254 1819 2518 1890 propheta
2549 1832 2673 1872 cum
2706 1815 2869 1871 vellet
2894 1814 3183 1869 ostendere
3212 1813 3562 1867 llebrteornnt

1989 1912 2382 1983 captivitatem,
2432 1907 2674 1976 scipsum
2731 1904 2917 1975 ligavit
2959 1920 2977 1957 :
3009 1912 3065 1957 et
3113 1903 3332 1972 Agabus
3380 1909 3561 1969 postea

1988 2006 2092 2060 hoc
2136 2003 2312 2073 ipsum
2355 1998 2506 2062 fecit,
2534 1996 2854 2068 signiﬁcans
2891 1992 3046 2048 Pauli
3096 1992 3332 2047 vincula.
3368 1991 3566 2044 Dicunt

1987 2097 2151 2150 etiam
2185 2095 2474 2162 quemdam
2510 2105 2576 2146 ex
2610 2088 2810 2165 divinis
2857 2087 3133 2153 Patribus,
3160 2096 3407 2155 rogatum
3432 2081 3563 2152 quid

1987 2194 2070 2239 est
2107 2184 2429 2245 monachus,
2463 2180 2598 2235 nihil
2641 2180 2860 2249 quidem
2903 2176 3275 2247 respondisse,
3310 2178 3403 2228 sed
3455 2187 3563 2244 qua

1990 2278 2210 2330 indutus
2253 2282 2371 2328 erat
2430 2282 2635 2326 ve5tem
2698 2279 2918 2324 exutam
2965 2267 3336 2322 conculcassc.
3396 2261 3564 2317 Porro

1989 2377 2168 2423 autem
2204 2366 2374 2433 ipsam
2410 2360 2623 2415 Domini
2649 2369 2903 2423 mortem,
2930 2368 2983 2415 et
3007 2374 3035 2411 a
3058 2357 3275 2413 Christo
3299 2361 3563 2422 suscepta:

1991 2456 2175 2511 carnis
2210 2453 2594 2516 meonomiam,
2633 2458 2846 2506 veteres
2873 2464 2979 2506 non
3024 2449 3201 2504 solum
3237 2446 3420 2500 verbis
3465 2445 3561 2499 scd

1991 2547 2154 2601 etiam
2196 2543 2354 2598 factis
2390 2551 2445 2595 et
2492 2540 2596 2610 ipsi
2623 2536 3021 2608 signiﬁcabant,
3064 2543 3120 2590 et
3160 2551 3188 2587 ο
3233 2532 3341 2585 Dco
3381 2531 3563 2585 disce-

1992 2641 2144 2693 bant.
2187 2633 2502 2705 Cuiusmodi
2536 2639 2656 2686 erat
2685 2644 2856 2693 mare,
2891 2628 3034 2698 quod
3082 2627 3230 2695 virga
3268 2624 3561 2679 scindeba-
3616 2694 3620 2697 _

1996 2740 2117 2792 tur;
2155 2737 2209 2781 et
2243 2727 2433 2788 rubus,
2465 2724 2557 2792 qui
2590 2724 2643 2776 in
2668 2720 2882 2774 flamma
2915 2718 3174 2781 ardebat;
3199 2716 3441 2775 etlsaae,
3469 2714 3559 2784 qui

1991 2835 2020 2874 a
2056 2805 2212 2888 patre
2251 2817 2318 2871 ad
2368 2814 2568 2869 caedem
2612 2808 2947 2874 ducebatur,
3000 2814 3054 2861 et
3083 2806 3187 2859 alia
3225 2822 3320 2874 per
3348 2820 3466 2873 quae
3494 2804 3562 2857 ab

1995 2910 2155 2965 initio
2207 2906 2620 2976 signiﬁcabatur
2666 2899 3008 2973 mysterium.
3067 2895 3337 2952 Sacerdos
3397 2897 3559 2950 etiam

1993 3018 2054 3057 ea
2089 3001 2302 3056 videtur
2338 2998 2538 3059 facere,
2584 3010 2706 3065 quae
2748 2993 2816 3047 de
2848 2992 2938 3046 illo
2982 2990 3135 3046 novit
3181 2987 3453 3043 sacriﬁcio
3508 2998 3564 3041 et

318 3084 553 3152 ἐκείνης,
575 3082 673 3135 xal
700 3082 882 3152 λόγοις
915 3082 1297 3153 διηγούμενος,
1336 3081 1431 3135 καὶ
1461 3081 1553 3133 ἐπὶ
1576 3081 1686 3133 τῶν
1713 3080 1886 3150 ἔργων

1992 3090 2175 3146 verbis
2226 3101 2476 3149 narrans,
2528 3095 2584 3139 et
2641 3084 2801 3138 factis
2853 3083 3170 3144 ostendens,
3221 3078 3395 3146 quoad
3443 3076 3563 3143 ejus

327 3174 552 3235 δεικνὺς,
590 3174 664 3235 ὡς
712 3172 940 3226 δύναται
987 3176 1046 3225 ἐν
1095 3173 1323 3245 τοιαύτῃ
1384 3171 1487 3244 ὕλῃ
1517 3172 1739 3225 τοιαῦτα
1771 3172 1884 3225 δει-

329 3266 524 3317 κνύναι·
562 3268 843 3333 μονονουχὶ
871 3264 1072 3331 λέγων’
1104 3262 1295 3324 Οὕτως
1321 3263 1413 3315 ἐπὶ
1442 3263 1502 3315 τὸ
1536 3263 1704 3324 πάθος
1722 3258 1885 3331 ἦλθεν

336 3354 608 3421 δΚύριος,
680 3353 856 3416 οὕτως
909 3354 1175 3419 ἀπέθανε,
1226 3351 1401 3415 οὕτως
1465 3351 1729 3421 ὲκεντήθη
1788 3350 1886 3419 τὴν

342 3444 810 3515 πλευρᾶνμοῦτως
879 3444 987 3497 ἀπὸ
1024 3445 1125 3511 τῆς
1168 3443 1525 3513 κεντηθείσης
1573 3442 1886 3512 πλευρᾶςτὸ

349 3529 467 3603 αἷμα
494 3538 581 3587 καὶ
608 3536 666 3588 τὸ
696 3534 845 3605 ὕδωρ
897 3534 1128 3604 ἐξεχύθη
1161 3535 1282 3587 τότε
1331 3535 1525 3586 ἐκεῖνο.
1571 3533 1683 3586 Καὶ
1709 3530 1885 3585 ταῦτα

347 3628 489 3690 ποιεῖ,
524 3627 738 3696 πρῶτον
778 3626 898 3695 μὲν,
939 3625 1027 3678 ἵνα
1063 3624 1235 3693 δείξῃ,
1287 3622 1541 3691 καθάπερ
1580 3618 1753 3681 εἷπον,
1808 3620 1886 3683 ὡς

344 3715 429 3781 τῆς
456 3715 701 3779 ἀληθείας
734 3714 940 3784 ταύτης
990 3716 1082 3769 καὶ
1127 3714 1237 3765 τῶν
1302 3713 1649 3782 πραγμάτων
1724 3712 1885 3764 τύποι

345 3807 424 3857 x1“.
471 3808 669 3877 γραφαί
694 3824 840 3869 τινες
865 3807 1145 3876 ἡγήσαντο
1177 3804 1466 3872 πρότερον,
1504 3804 1598 3857 καὶ
1635 3803 1882 3872 προεσή-

349 3914 515 3967 μαινον
537 3903 644 3962 τοῖς
697 3897 1012 3968 ἀνθρώποις
1031 3914 1044 3928 ’
1071 3896 1262 3965 ὥσπερ
1301 3895 1462 3957 αὐτὸς
1494 3895 1625 3965 πρὶν
1654 3895 1887 3959 εἰσαγαν

346 3991 447 4053 γείν
473 3990 557 4040 τὴν
578 3992 745 4057 ἄρτον
779 3990 857 4050 είς
905 3987 964 4040 τὸ
994 3987 1405 4055 θυσιαστήριον,
1443 3985 1535 4037 καὶ
1580 3983 1761 4043 οὖσαι,
1818 3984 1886 4037 τὰ

340 4081 427 4147 τῆς
459 4080 641 4153 θυσίας
693 4084 753 4133 ἐν
790 4080 945 4142 αύτῷ
976 4079 1206 4148 γράφει.
1257 4078 1492 4130 Ἔπειτα
1520 4075 1717 4143 δηλῶν,
1753 4074 1828 4138 ὡς
1858 4076 1886 4126 6

342 4172 483 4239 ἄρτος
535 4168 685 4235 οὗτος
732 4174 813 4233 εἰς
855 4173 1062 4223 ἐκεῖνον
1122 4169 1405 4235 ἐπείγεται
1484 4167 1886 4237 μεταϐληθῆναι

341 4265 417 4313 τὶν
438 4264 682 4331 ἀληθινὸν
735 4262 925 4331 ἄρτον,
962 4261 1050 4313 τὸν
1107 4259 1543 4330 ἐσταυρωμένον,
1595 4258 1687 4309 τὸν
1736 4257 1888 4310 τεθυ-

342 4355 482 4417 μένον
510 4371 524 4386 ⁸
565 4355 719 4422 παρὰ
778 4355 956 4405 πάντα
1009 4352 1063 4403 δὲ
1114 4350 1315 4413 ταῦτα,
1354 4351 1475 4401 ἐπεὶ
1512 4349 1605 4401 τὶν
1656 4349 1887 4402 θάνατον

1992 3182 2105 3236 ηειῐί
2144 3187 2342 3249 potest,
2385 3186 2447 3232 ut
2496 3177 2549 3230 in
2587 3191 2648 3231 ea
2688 3176 2912 3229 materia
2966 3173 3326 3232 ostendatur,
3367 3182 3562 3238 prope-

1988 3272 2206 3326 modum
2242 3268 2426 3324 dicens
2461 3285 2474 3321 :
2504 3266 2584 3322 lta
2639 3266 2787 3320 venit
2826 3267 2892 3317 ad
2940 3263 3249 3333 passionem
3281 3260 3561 3326 Dominus,

1987 3365 2061 3418 ita
2116 3370 2368 3415 mortuus
2419 3369 2525 3424 est,
2578 3359 2651 3410 ita
2700 3358 2753 3410 in
2804 3355 2973 3409 latere
3004 3363 3235 3422 punctus
3267 3360 3371 3417 cst,
3425 3353 3497 3407 ita
3532 3371 3561 3405 ιι

1986 3462 2185 3522 puncto
2222 3452 2388 3505 latere
2423 3447 2644 3515 sanguis
2689 3455 2742 3501 et
2775 3460 2915 3514 aqua
2959 3455 3091 3500 tunc
3125 3445 3216 3498 illa
3248 3444 3420 3499 effusa
3452 3456 3558 3499 est.

1987 3546 2052 3601 Et
2109 3546 2224 3601 lucc
2273 3544 2426 3606 facit,
2469 3542 2705 3608 primum
2743 3539 2983 3609 quidem,
3015 3547 3078 3593 ut
3111 3537 3387 3599 ostendat,
3421 3540 3565 3591 sicut

1988 3639 2121 3703 dixi,
2164 3636 2306 3705 quod
2360 3635 2520 3703 hujus
2554 3632 2803 3686 veritatis
2846 3639 2899 3685 et
2932 3645 3110 3684 rerum
3140 3630 3271 3700 typi,
3306 3638 3356 3681 et
3391 3629 3564 3695 scrip-

1987 3735 2123 3781 turae
2161 3726 2408 3795 quaedam
2448 3729 2574 3775 ante
2616 3724 3037 3790 praecesserunt,
3067 3724 3126 3770 et
3176 3713 3564 3785 praesigniﬁca-

1989 3823 2186 3870 veruut
2218 3813 2526 3869 hominibus
2553 3829 2569 3866 :
2600 3809 3060 3880 quemadmodum
3094 3808 3209 3874 ipse
3240 3806 3566 3874 priusquam.

1986 3920 2182 3977 panem
2235 3904 2301 3959 ad
2353 3904 2524 3958 altare
2570 3901 2761 3956 afferat
2810 3909 2864 3954 et
2909 3896 3199 3959 sacriﬁcet,
3234 3909 3296 3948 ea
3333 3909 3454 3963 qute
3490 3895 3557 3946 ad

1988 3996 2316 4052 sacriﬁcium
2385 3994 2692 4061 pertinent,
2731 3991 2784 4043 in
2866 3988 2983 4057 ipso
3032 3983 3311 4040 describit.
3359 3982 3562 4036 Deinde

1987 4084 2284 4142 ostendens
2343 4083 2486 4154 quod
2566 4080 2657 4135 hic
2733 4077 2889 4148 panis
2960 4075 3181 4129 festinat
3244 4073 3443 4125 mutari
3509 4072 3563 4122 in

1991 4177 2139 4232 illum
2205 4189 2390 4231 verum
2460 4186 2652 4243 panem
2723 4168 3091 4232 cruciﬁxum,
3139 4163 3562 4218 sacriﬁcatum:

1986 4279 2184 4340 praeter
2210 4269 2323 4323 haec
2346 4276 2529 4320 autem
2555 4264 2762 4330 onmia,
2794 4262 3049 4331 quoniam
3087 4265 3316 4311 mortem
3348 4253 3565 4307 Domini

1989 4358 2566 4429 oportetannuntiare:
2589 4365 2645 4409 ut
2665 4354 2870 4409 nullum
2894 4351 3110 4405 modum
3132 4346 3567 4403 annuntiatiuuis

336 4445 417 4495 τίιῦ
449 4446 641 4515 Κυρίου
665 4446 746 4497 δεῖ
781 4444 1201 4512 κιταγγέλλειν,
1265 4442 1353 4493 ἵνα
1415 4441 1621 4510 μηδένα
1682 4441 1885 4509 τρόπον

1991 4436 2404 4506 etuarrationis
2454 4447 2850 4517 praetermittat,
2892 4446 3148 4511 adquam
3185 4438 3564 4494 innumerabi-

339 4540 580 4603 ἀγγεὶίας
612 4540 711 4590 καὶ
741 4537 1043 4606 διηγήσεως
1082 4534 1397 4605 παραλίπῃ,
1423 4533 1558 4604 πρὸς
1592 4533 1651 4586 δν
1681 4533 1891 4603 μυρίων

339 4624 436 4680 ἔδει
458 4631 736 4697 στομάτων
764 4629 923 4697 ἡμῖν,
983 4626 1077 4680 καὶ
1134 4625 1374 4693 λογικῶς
1424 4623 1584 4677 αὐτὸν
1623 4623 1893 4695 διηγεῖται

338 4724 426 4775 καὶ
447 4723 784 4793 πρακτικῶς.

901 4808 1152 4862 ΚΕΦΑΛ.
1179 4805 1253 4862 Ζ’.

564 4905 627 4957 Τί
653 4906 785 4957 ἐστι
830 4901 934 4956 τοῦ
969 4901 1198 4965 Κυρίου
1238 4898 1605 4967 ἀνάμνησις.

397 4995 497 5047 Καὶ
558 4998 774 5067 πρῶτον
819 4993 985 5062 ἄρτου
1043 4992 1363 5059 λαϐόμενος,
1404 4990 1501 5059 ἀφ’
1560 4982 1621 5043 οὗ
1666 4989 1749 5041 δεῖ
1798 4987 1889 5043 τὸν

326 5085 465 5157 ἱερδν
495 5088 828 5140 ἀποκόπτειν
893 5085 1059 5151 ἄρτον
1084 5100 1097 5115 ⁸
1129 5084 1220 5146 Εἰς
1249 5083 1576 5153 ἀνάμνησιν,
1610 5082 1886 5152 φησὶ,’τοῦ

324 5180 522 5249 Κνρ³ιυ
549 5180 644 5232 καὶ
671 5176 832 5241 θεοῦ,
865 5177 960 5229 καὶ
1017 5175 1267 5245 Σωτῆρος
1296 5175 1452 5243 ἡμῶν
1521 5173 1695 5243 Ἰησοῦ
1749 5176 1886 5242 Χρι-

325 5272 469 5332 στοῦ,
506 5270 649 5322 κατᾶ
676 5269 776 5338 τὴν
800 5265 1013 5318 ἐκείνου
1045 5263 1449 5335 παραγγελίαν.
1486 5282 1502 5313 ι
1542 5261 1712 5316 Τοῦτο
1764 5263 1885 5333 μὲν,

314 5362 472 5429 φησι,
510 5379 527 5411 ι
567 5360 779 5413 ποιεῖτε
829 5358 909 5419 εις
966 5354 1067 5425 τὴν
1117 5353 1256 5424 ἐμὴν
1314 5353 1644 5423 ἀνάμνησιν.
1685 5354 1795 5407 Καὶ
1825 5354 1887 5406 οὐ

311 5452 442 5518 τερὶ
466 5449 557 5503 τοῦ
581 5450 752 5518 ἄρτου
782 5448 997 5499 ἐκείνου
1019 5444 1178 5498 τοῦτο
1217 5445 1365 5511 λέγει
1394 5445 1578 5513 μόνον,
1604 5444 1741 5497 ἀλλὰ
1791 5445 1886 5498 καὶ

316 5545 447 5610 περὶ
470 5545 652 5611 πὰσης
683 5539 931 5608 τελετῆς,
962 5538 1039 5600 ὡς
1086 5537 1152 5591 ἂν
1180 5539 1239 5590 ὲν
1300 5538 1615 5608 τελευτήσει
1674 5537 1887 5609 ἱερουρ-

322 5633 442 5698 γίαν
471 5633 798 5701 ἀρχόμενος.
841 5628 994 5681 Ἐπεὶ
1034 5629 1129 5681 καὶ
1186 5631 1213 5681 6
1246 5628 1455 5697 Κύριος
1506 5628 1645 5697 μετὰ
1696 5629 1756 5682 τδ
1802 5647 1885 5682 τε.

314 5717 468 5774 lica:
505 5724 561 5775 τὸ
597 5722 894 5791 μυστήριον
927 5718 1093 5783 ἅπαν,
1142 5719 1332 5772 τοῦτον
1366 5720 1624 5789 ἐπήγαγε
1677 5719 1769 5774 τὸν
1800 5721 1879 5774 λὸ·

1993 4545 2062 4598 lia
2098 4559 2192 4598 ora
2246 4557 2352 4597 non
2403 4540 2733 4605 suﬁicereut,
2788 4551 2907 4592 eam
2959 4542 3014 4588 et
3062 4533 3241 4588 verbis
3298 4541 3352 4585 et
3404 4530 3571 4595 factis

1994 4641 2262 4690 recenset.

2620 4803 2772 4861 CAP.
2820 4804 2927 4859 l'll.

2341 4897 2481 4964 Quid
2520 4909 2595 4952 est
2640 4897 2849 4951 Domini
2891 4896 3208 4951 recordatio.

2061 4990 2127 5047 Et
2162 4992 2400 5059 primum
2433 5005 2573 5059 pane
2597 5001 2844 5059 accepto,
2879 5006 2908 5043 a
2941 5005 3048 5059 quo
3097 4998 3311 5059 oportet
3345 5004 3564 5047 sacrum

1988 5100 2184 5157 panem
2215 5083 2557 5151 abscindere,
2586 5083 2737 5147 dicit,
2789 5082 2842 5136 In
2889 5082 3316 5138 recordationem
3353 5080 3563 5137 Dotnlini

1990 5184 2045 5230 et
2086 5175 2183 5231 Dei
2231 5187 2286 5230 et
2321 5175 2629 5230 Servatoris
2671 5175 2838 5230 nostri
2898 5172 3023 5228 Jesu
3051 5174 3278 5236 Christi,
3312 5189 3377 5227 ex
3419 5172 3566 5230 illius

1989 5256 2275 5338 praecepto.
2346 5266 2460 5322 Hoc
2524 5268 2692 5332 enim,
2764 5267 2960 5336 inquit,
3020 5265 3211 5321 Facite
3277 5266 3326 5317 in
3380 5277 3555 5316 meam

1992 5356 2448 5413 recordationem.
2510 5356 2576 5411 Et
2640 5374 2744 5413 non
2797 5360 2862 5413 de
2926 5373 3061 5429 pane
3102 5358 3195 5411 illo
3233 5357 3333 5410 hoc
3381 5354 3559 5408 solum

1992 5452 2144 5518 dicit,
2183 5452 2277 5505 sed
2303 5452 2369 5507 de
2394 5452 2653 5506 universo
2682 5450 2827 5520 quod
2858 5449 3170 5505 celebratur
3199 5445 3478 5517 mysterio,
3502 5454 3561 5497 ut

1990 5543 2078 5612 qui
2119 5542 2245 5597 hinc
2272 5556 2491 5597 sacrum
2522 5542 2737 5612 operari
2787 5540 3031 5609 incipiat.
3059 5538 3193 5592 Nam
3239 5538 3403 5590 etiam
3452 5534 3560 5587 Do-

1993 5635 2171 5687 minus
2201 5644 2486 5704 postquam
2523 5634 2837 5688 universum
2854 5630 3176 5701 mysterium
3211 5629 3436 5696 peregit.
3456 5626 3559 5681 hoc

1990 5725 2191 5779 dictum
2221 5725 2500 5796 subjunxit
2528 5741 2538 5775 :
2581 5741 2599 5774 ι
2646 5720 2757 5775 lluc
2790 5720 2949 5773 fat-ito
2983 5718 3035 5770 in
3078 5731 3249 5771 meatu
3285 5719 3556 5773 recorda-
