3992 6202
349 288 462 349 3)ξῆ

1512 288 1904 347 ΙΛΊῊΒΟΙΕ

2022 286 2366 345 (POSlTlCl.
3491 296 3596 360 {'86

345 403 449 453 καὶ
477 399 650 464 λέγει,
681 394 748 446 δι’
806 386 881 444 ὢν
912 392 1051 462 αὐτὴ
1150 392 1311 446 θυσία
1363 394 1456 448 καὶ
1490 396 1518 447 ὁ
1561 395 1656 446 τοῦ
1719 396 1915 461 Κυρίου

2031 393 2406 445 annuntiatur.
2472 410 2489 442 ι
2555 392 2940 460 Sacriﬁcatur,
2993 398 3189 479 inquit,
3244 400 3430 469 Agnus
3478 404 3598 463 Dei.

341 493 579 551 θάνατος
606 486 1064 554 καταγγέλλεται.
1113 505 1131 536 ι
1172 487 1399 548 essent,
1457 486 1652 554 φησὶν,
1686 488 1713 538 ὁ
1765 485 1922 550 ἆγιος

338 583 447 636 τοῦ
475 580 636 643 Θεοῦ,
671 578 701 631 ὁ
750 577 925 647 αἴρων
985 577 1087 645 τὴν
1138 578 1414 646 ἁμαρτίαν
1470 577 1564 629 τοῦ
1611 578 1840 641 κόσμου.
1898 596 1915 627 ι

339 673 537 726 Ταῦτα
564 670 835 737 λέγεικαὶ
860 671 1012 722 ποιεῖ
1079 668 1175 721 τοῦ
1238 669 1469 722 θανάτου
1525 669 1594 720 τὰ
1660 667 1930 738 δηλοῦντα

340 764 444 815 τὸν
481 761 704 830 τρόπον.
738 758 982 828 Σταυρὸν
1032 757 1141 826 γὰρ
1194 759 1250 810 ἐν
1298 758 1373 825 τῷ
1436 757 1585 826 ἄρτῳ
1637 763 1920 827 χαράττει,

341 856 443 905 ναὶ
469 852 614 905 οὕτω
640 850 835 920 μηνύει
866 850 983 911 πῶς
1013 851 1046 919 ἡ
1079 849 1240 901 θυσία
1262 848 1510 916 γέγονεν,
1551 849 1635 901 ὅτι
1686 848 1773 901 διὰ
1826 848 1921 901 τοῦ

344 942 589 1011 σταυροῦ
612 959 626 972 ’
664 942 804 1011 μετὰ
829 943 886 994 δὲ
911 941 1091 1004 τοῦτο,
1122 941 1216 993 καὶ
1245 940 1320 1003 ὼς
1354 942 1447 991 ἐπὶ
1495 938 1563 992 τὰ
1604 937 1751 1003 δεξιὰ
1778 940 1918 1008 μέρη

342 1035 536 1085 κεντεῖ
557 1032 649 1084 τὸν
672 1031 859 1101 ἄρτον,
888 1030 988 1099 τὴν
1018 1028 1232 1098 πληγὴν
1265 1029 1362 1098 τῆς
1405 1028 1648 1098 πλευρᾶς
1702 1028 1921 1097 ἐκείνης

342 1126 717 1194 διηγουμενος
752 1125 819 1193 τῇ
871 1122 966 1173 τοῦ
1012 1120 1180 1192 ἄρτου
1215 1121 1422 1191 πληγῇ.
1473 1120 1573 1172 Διὰ
1608 1118 1765 1171 τοῦτο
1814 1118 1921 1189 γὰρ

343 1218 446 1267 καὶ
478 1215 539 1267 τὸ
567 1213 806 1283 πλῆττον
821 1212 1066 1283 σιδήριον
1094 1211 1298 1281 λόγχην
1320 1210 1498 1274 καλεῖ,
1514 1212 1602 1263 καὶ
1634 1212 1713 1274 εἰς
1732 1210 1922 1280 σχῆμα

338 1306 553 1373 λόγχης
582 1305 716 1357 αὐτὸ
747 1303 866 1373 ἔχει
903 1303 1304 1371 πεποιημένον,
1326 1301 1415 1354 ἴνα
1437 1302 1649 1362 ἐκεῖνος
1678 1302 1923 1369 ἀναμιμ-

341 1402 538 1468 νήσκῃ
567 1396 663 1465 τῆς
684 1393 891 1463 λόγχης
923 1408 938 1425 ·
995 1394 1090 1445 καὶ
1140 1392 1314 1455 οὓτως
1365 1392 1512 1463 ἔργῳ
1560 1391 1734 1446 ταῦτα
1797 1389 1919 1458 διηι

338 1484 450 1551 γού
463 1500 647 1553 μενος,
682 1482 779 1536 καὶ
813 1483 926 1545 τοῖς
952 1482 1133 1549 λόγοις
1164 1482 1266 1550 τῆς
1308 1482 1553 1551 ἱστορίας
1610 1478 1919 1547 ἀναγιγνώ-

341 1592 500 1627 σκει.
565 1591 584 1624 ι
626 1575 736 1627 Καὶ
776 1569 855 1637 εἷς
883 1576 991 1626 τῶν
1025 1573 1401 1644 στρατιωτῶν,
1438 1575 1595 1644 φησὶ,
1622 1573 1792 1643 λόγχῃ
1822 1572 1918 1625 αύ-

334 1667 447 1720 τοῦ
473 1666 573 1738 τὴν
596 1665 838 1737 πλευρὰν
894 1665 1104 1732 ἔνυξεν.
1141 1686 1160 1718 ι
1206 1665 1447 1736 Ὁμοίως
1479 1667 1573 1718 καὶ
1603 1665 1663 1717 τὸ
1714 1665 1913 1734 ρεὖσαν

2030 483 2124 551 qui
2166 485 2303 536 tollit
2346 495 2569 553 peccata
2608 486 2852 540 mundi.»
2885 486 3007 561 limo
3040 490 3167 542 dicil
3196 502 3249 544 et
3298 493 3428 546 facit
3478 512 3600 563 qua:

2028 573 2308 625 declarant
2365 576 2580 628 modum
2639 580 2849 629 mortis.
2887 576 3116 631 Crucem
3167 581 3308 633 enim
3360 585 3408 635 in
3458 600 3597 650 pulte

2030 662 2313 728 imprimit,
2349 672 2404 717 et
2437 663 2507 715 ita
2547 664 2752 718 indicat
2782 668 3058 734 quomodo
3093 674 3422 726 sacrilicium
3458 674 3596 728 facta

2028 764 2133 816 est,
2177 770 2370 826 nempe
2411 773 2507 826 per
2537 774 2780 815 crucem.
2818 760 2944 813 Post
2979 764 3081 817 hoc
3111 765 3273 818 ctiam
3309 768 3374 820 ad
3407 772 3598 824 dexte-

2028 860 2118 897 ras
2146 855 2326 913 partes
2358 863 2548 914 partem
2588 852 2802 918 pungit,
2836 852 2981 906 illitis
3015 854 3203 908 lateris
3250 857 3412 911 ictum
3471 876 3600 912 nar-

2025 951 2151 990 mus
2204 953 2302 1007 per
2367 942 2771 1007 percussionem
2834 946 3011 1012 panis.
3084 945 3380 1017 Propterea
3448 955 3594 1005 enim

2023 1028 2187 1082 etiam
2234 1029 2550 1084 feniculum
2577 1034 2720 1099 quod
2761 1036 3018 1102 percutit,
3049 1054 3203 1090 vocat
3242 1040 3507 1107 lanceam,
3543 1055 3598 1096 et

2024 1119 2135 1187 ipse
2169 1121 2327 1175 habet
2362 1121 2561 1177 factum
2606 1125 2776 1178 instar
2803 1127 3027 1191 lanceae,
3052 1139 3109 1183 ut
3151 1131 3291 1184 illam
3349 1134 3592 1189 lanceam

2022 1212 2077 1262 in
2132 1214 2449 1266 memoriam
2499 1226 2733 1280 revocet,
2790 1228 2845 1271 et
2894 1223 2966 1272 ita
3030 1220 3176 1274 facto
3226 1238 3286 1276 ea
3340 1241 3593 1291 narrans,

2022 1299 2183 1351 etiam
2219 1300 2462 1355 historiae
2500 1306 2661 1356 verba
2708 1307 2858 1376 legit.
2900 1327 2918 1360 ι
2956 1308 3020 1363 Et
3055 1326 3194 1364 unus
3229 1314 3483 1378 militum,
3514 1319 3592 1369 in-

2020 1392 2155 1456 quit,
2210 1391 2401 1448 lancea
2448 1395 2589 1450 latus
2634 1397 2753 1465 ejus
2794 1402 3037 1469 pupugit.
3083 1420 3103 1452 ι
3143 1402 3405 1456 Similiter
3429 1395 3600 1459 etiam.

2018 1484 2334 1550 sanguinem
2365 1493 2419 1537 et
2442 1500 2636 1553 aquam
2660 1504 2779 1554 quia:
2804 1489 2950 1544 illinc
2978 1491 3154 1556 fluxit,
3188 1504 3244 1547 ct
3271 1496 3434 1551 verbo
3462 1512 3594 1550 nar-

2020 1581 2125 1633 rat,
2163 1584 2217 1626 et
2242 1573 2389 1628 facto
2420 1578 2659 1631 ostendit
2697 1595 2710 1631 :
2749 1596 2767 1628 ι
2802 1577 3093 1636 lufmulens
3140 1583 3360 1651 quidem
3412 1586 3462 1636 iu
3501 1600 3593 1640 sa-

2019 1678 2167 1717 crmu
2232 1665 2457 1720 calicem
2521 1671 2703 1722 vinum
2773 1679 2827 1723 et
2891 1687 3121 1739 aquam;
3185 1695 3203 1726 ι
3253 1679 3593 1745 sulijungens

332 1759 563 1810 ἐκεῖθεν
594 1754 758 1828 αἷμα,
791 1757 887 1810 καὶ
948 1757 1098 1828 ὕδωρ
1154 1757 1251 1809 imi.
1279 1757 1422 1824 λόγῳ
1483 1756 1779 1824 διηγεῖται,
1816 1755 1914 1807 καὶ

2022 1764 2197 1809 autem
2250 1757 2377 1812 illud
2425 1776 2440 1815 :
2488 1778 2508 1810 ι
2554 1759 2619 1814 Ει
2647 1763 2826 1817 statim
2875 1766 3008 1818 exiit
3037 1769 3260 1835 sanguis
3291 1780 3346 1824 et
3376 1786 3537 1838 aqua.
3566 1789 3585 1821 ι

332 1848 499 1917 ἔργῳ
535 1849 827 1912 δείκνυσιν,
884 1866 905 1900 ι
947 1845 1190 1917 Ἐγχέων
1227 1846 1327 1916 μὲν
1368 1847 1448 1910 είς
1490 1845 1549 1898 τὸ
1582 1845 1724 1915 ἱερὸν
1752 1846 1921 1915 ποτή-

339 1954 472 2006 ριον
504 1930 649 1989 οἶνον
685 1936 779 1989 καὶ
814 1934 960 2006 ὕδωρ
983 1953 997 1967 ·
1028 1954 1045 1986 ι
1100 1937 1237 2015 (καὶ.
1278 1932 1449 1987 ταῦτα
1507 1933 1629 2003 μὲν,
1673 1935 1922 2003 ἀνάμνη-

340 2043 441 2085 σις
463 2025 560 2078 τοῦ
594 2026 797 2096 Κυρίου
821 2026 873 2095 ’)
899 2027 1174 2094 ἐπιλέγων
1204 2043 1264 2078 τε
1296 2028 1392 2079 καὶ
1426 2027 1604 2078 ἐκεῖνο
1646 2027 1707 2079 τὸ
1742 2026 1919 2096 ῥῆμα,

346 2137 369 2168 ‹
418 2118 532 2170 Καὶ
572 2118 774 2181 εὐθέως
800 2118 1021 2188 ἐξῆλθεν
1058 2114 1203 2187 αἷμα
1233 2120 1329 2171 καὶ
1370 2118 1536 2189 ὕδωρ.
1576 2137 1595 2170 ι

941 2228 1192 2283 ΚΕΦΑΛ.
1226 2228 1302 2283 ϐ’.

334 2320 455 2373 Διά
488 2322 547 2373 τί
576 2323 607 2374 ὁ
640 2322 851 2389 Κύριος
871 2321 1159 2374 ἐκέλευσε
1212 2322 1407 2374 ποιεῖν
1435 2320 1610 2375 τοῦτο
1663 2324 1749 2384 εἰς
1805 2320 1920 2389 τὴν

810 2389 999 2445 αὐτοῦ
1030 2389 1393 2458 ἀνάμνησιν.

439 2480 605 2533 Ἀλλὰ
640 2482 790 2543 τίνος
820 2482 985 2532 ἓνεκα
1030 2480 1205 2534 ταῦτα
1247 2481 1524 2545 ἐκέλευσε,
1560 2483 1651 2534 καὶ
1688 2483 1824 2552 πρὸς
1864 2481 1918 2536 τί

331 2573 572 2641 βλέπων
606 2572 704 2642 τὴν
738 2572 1046 2639 ἀνάμνησιν
1075 2572 1283 2642 ταύτην
1310 2573 1560 2644 ἁπῄτησε
1588 2576 1717 2644 παρ’
1735 2576 1914 2645 ὴμῶνς

338 2668 473 2718 Ἵνα
511 2664 588 2734 μὴ
619 2665 1161 2734 ἀγνωμονεύσωμεν.
1231 2665 1458 2734 Ἀμοιϐὴ
1517 2666 1631 2735 γάρ
1666 2665 1746 2727 τίς
1800 2667 1915 2719 ἐστι

330 2757 507 2827 παρὰ
528 2760 637 2810 τῶν
666 2754 725 2811 εὖ
753 2759 1039 2812 παθόντων
1066 2760 1180 2820 τοῖς
1215 2758 1563 2825 εὐεργέταις,
1612 2756 1671 2808 τὸ
1707 2755 1916 2825 μεμνῆ-

328 2850 479 2900 σθαι
515 2848 693 2901 αὐτῶν
730 2850 821 2903 καὶ
852 2848 960 2901 τῶν
1026 2848 1205 2919 ἔργων
1238 2840 1314 2901 ὧν
1338 2842 1395 2900 εὖ
1429 2847 1754 2900 πεπόνθασι.
1807 2848 1917 2899 Καὶ

325 2939 561 3007 ταύτης
594 2940 690 3008 τῆς
739 2941 963 3009 μνήμης
1021 2939 1223 3001 πολλὰς
1288 2939 1547 3008 ἀφορμὰς
1611 2938 1914 3005 ἐπενόησαν

326 3033 390 3084 οἱ
416 3030 726 3099 ἄνθρωποι,
758 3031 989 3098 τάφους,
1029 3030 1381 3120 ἀνδριάντας,
1420 3028 1669 3120 στήλας,
1697 3028 1911 3120 ὲορτᾲς,
1942 3064 1983 3120 c

330 3123 719 3191 πανηγύρεις,
764 3122 1016 3189 ἀγῶνας·
1072 3115 1147 3175 ὧν
1180 3122 1401 3174 πάντων
1457 3120 1601 3172 ἐστὶν
1648 3119 1806 3186 ἔργον
1833 3119 1910 3181 ἓν,

325 3218 461 3277 τοῖς
486 3214 713 3281 ἀγαθοῖς
765 3214 876 3266 τῶν
916 3214 1125 3282 ἀνδρῶν
1174 3213 1249 3282 μὴ
1297 3212 1468 3283 λήθης
1537 3210 1912 3279 παραδοθῆναι

327 3307 556 3375 eaeor;
588 3304 844 3358 Τοιοῦτον
880 3305 1068 3358 καὶτὸ
1127 3302 1222 3355 τοῦ
1275 3302 1553 3372 Σωτῆρος,
1606 3301 1754 3355 ἄλλοι
1814 3300 1914 3368 μὲν

322 3399 510 3461 ἄλλα,
550 3399 702 3468 φησι,
740 3396 911 3467 λήθης
964 3396 1231 3466 φάρμακα
1287 3395 1567 3465 ζητοῦσιν,
1624 3395 1767 3460 ὑπὲρ
1819 3393 1912 3445 τοῦ

329 3490 665 3560 μεμνῆσθαι
712 3490 821 3542 τῶν
854 3484 913 3541 εὖ
949 3488 1330 3557 πεποιηκότων
1385 3488 1581 3548 αὐτούς
1608 3500 1624 3517 ·
1661 3504 1679 3537 ι
1724 3486 1915 3555 Ὑμεῖς

326 3582 398 3634 δὲ
468 3582 550 3643 είς
593 3581 691 3650 τὴν
743 3580 883 3650 ἐμὴν
916 3580 1223 3649 ἀνάμνησιν
1277 3576 1434 3630 τοῦτο
1492 3579 1726 3629 ποιεῖτε·
1766 3593 1785 3627 ι
1821 3576 1915 3628 καὶ

326 3673 541 3736 ὥσπερ
578 3672 695 3731 ταῖς
738 3670 958 3738 στήλαις
989 3671 1095 3723 τῶν
1126 3668 1399 3739 ἀριστέων
1431 3667 1498 3721 ἂν
1535 3667 1721 3730 πόλεις
1742 3683 1915 3737 προσ-

325 3760 777 3832 παραγράψουσι
828 3760 928 3824 τὰς
975 3761 1139 3824 νίκας
1200 3758 1267 3813 δι’
1321 3753 1393 3813 ὧν
1444 3758 1753 3828 ἐσώθησαν,
1812 3757 1913 3811 καὶ

324 3856 574 3924 ἄμεινον
614 3853 863 3923 ἔπραξαν
888 3851 1069 3905 ὀὕτω
1088 3854 1202 3915 τοῖς
1242 3849 1438 3919 δώροις
1494 3851 1707 3912 τούτοις
1754 3851 1915 3920 ἡμεῖς

330 3946 787 4015 παραγράφομεν
809 3946 901 3999 τὸν
936 3945 1169 4000 θάνατον
1202 3941 1299 3995 τοῦ
1326 3942 1561 4011 Κυρίου.
1598 3943 1657 3994 ὲν
1689 3934 1733 4008 ᾧ
1760 3943 1914 3993 πᾶσα

326 4038 539 4104 γέγονε
591 4038 798 4107 ήκατὰ
839 4036 933 4090 τοῦ
1003 4035 1244 4107 πονηροῦ
1296 4034 1444 4102 νίκη.
1505 4032 1615 4086 Καὶ
1673 4032 1760 4083 διὰ
1815 4029 1913 4099 μὲν

325 4127 454 4179 τῶν
507 4126 734 4181 εἰκόνων
765 4114 951 4190 πόλεις
1009 4125 1102 4178 τὸν
1138 4124 1309 4178 τύπον
1341 4124 1500 4193 μόνον
1524 4122 1618 4176 τοῦ
1660 4121 1911 4190 σώματος

330 4222 530 4287 ἔχουσι
575 4218 682 4270 τῶν
734 4218 1043 4287 εὐεργετῶν
1069 4233 1083 4248 ο
1120 4219 1279 4287 ἡμεῖς
1307 4216 1362 4269 δὲ
1413 4218 1521 4270 ἀπὸ
1552 4216 1650 4284 τῆς
1698 4231 1910 4287 προσα-

330 4309 535 4376 γωγῆς
562 4308 768 4378 ταύτης
795 4308 856 4360 οὐ
908 4309 1000 4360 τὸν
1031 4307 1203 4360 τύπον
1247 4306 1342 4361 τοῦ
1376 4305 1631 4376 σώματος
1688 4304 1905 4374 ἔχομεν,

2024 1846 2090 1899 Ει
2125 1848 2238 1902 haec
2279 1850 2495 1919 quidem
2557 1855 2865 1909 recordatio
2892 1856 3126 1926 Domini,
3169 1871 3223 1915 et
3252 1863 3441 1916 mortis
3473 1864 3591 1934 ejus

2026 1941 2289 1995 narratio.
2372 1936 2375 1941 ’

2666 2234 2819 2289 CAP.
2860 2236 2951 2291 IX.

2020 2319 2130 2373 Cur
2163 2319 2417 2374 Dominus
2446 2323 2543 2375 hoc
2562 2323 2723 2391 jussit
2748 2326 2925 2395 facere
2959 2330 3012 2382 in
3038 2330 3123 2383 sui
3151 2331 3587 2389 recordationem.

2090 2468 2194 2523 Sed
2218 2485 2452 2540 quanam
2484 2473 2552 2527 de
2580 2488 2743 2529 causa
2779 2477 2893 2530 haec
2925 2477 3113 2544 jussit,
3145 2488 3199 2534 et
3232 2483 3298 2535 ad
3334 2483 3465 2549 quid
3506 2501 3590 2537 rc-

2018 2558 2274 2624 spiciens,
2313 2560 2454 2615 hanc
2489 2563 2928 2619 recordationem
2972 2582 2998 2619 a
3038 2569 3192 2624 nobis
3241 2572 3463 2639 exegit?
3514 2571 3593 2625 Ne

2019 2650 2219 2717 ingrati
2267 2660 2323 2705 et
2369 2651 2715 2709 immemores
2760 2670 3029 2710 essemus.
3071 2657 3166 2712 Bst
3196 2662 3340 2715 enim
3378 2661 3597 2717 benefa~

2016 2740 2257 2794 ctorihus
2283 2741 2351 2795 ab
2396 2742 2462 2796 iis
2492 2745 2583 2812 qui
2631 2746 2895 2800 beneficio
2943 2747 3119 2802 affecti
3168 2761 3316 2817 sunt,
3346 2755 3591 2821 quoniam

2016 2831 2205 2899 gratia:
2257 2832 2471 2895 relatio,
2516 2850 2708 2888 eorum
2760 2838 3096 2902 meminisse,
3152 2851 3209 2894 et
3260 2858 3449 2896 eorum
3498 2859 3594 2911 per

2016 2936 2134 2990 quae
2188 2921 2453 2975 beneficio
2506 2922 2683 2979 allecti
2732 2936 2879 2981 sunt.
2922 2927 3094 2995 Hujus
3146 2941 3319 2985 autem
3371 2950 3593 2989 conser-

2018 3014 2205 3067 vandae
2243 3016 2521 3069 memoria}
2560 3017 2807 3073 homines
2853 3022 3055 3075 multas
3098 3025 3336 3079 rationes
3371 3029 3592 3097 excogi-

2019 3113 2222 3168 tarunt,
2258 3109 2527 3175 sepulcra,
2562 3117 2793 3175 statuas,
2826 3110 3126 3176 columnas,
3178 3114 3290 3167 dics
3321 3114 3489 3169 festos
3535 3129 3591 3171 et

2016 3195 2282 3260 celebres,
2330 3198 2631 3253 certamina
2682 3215 2696 3252 :
2747 3214 2980 3266 quorum
3012 3203 3255 3258 manium
3309 3221 3477 3259 unum
3504 3203 3590 3260 es‘

2016 3287 2344 3353 institutum,
2380 3304 2484 3343 non
2520 3288 2699 3344 sinere
2729 3299 2788 3344 ut
2823 3292 2921 3345 viri
2951 3294 3196 3360 praeclari
3228 3305 3282 3349 et
3308 3299 3588 3364 praestanti

2018 3379 2218 3433 virtute
2250 3380 2509 3435 oblivioni
2574 3382 2925 3439 mandentur.
2970 3382 3101 3439 Tale
3134 3397 3217 3440 est
3243 3388 3404 3441 etiam
3444 3391 3589 3458 quod

2015 3469 2146 3524 dicit
2198 3471 2457 3525 Servatur
2495 3488 2508 3525 :
2541 3472 2645 3526 Alii
2677 3474 2899 3543 quidem
2948 3477 3051 3530 alia
3096 3478 3391 3535 oblivionis
3436 3496 3589 3548 quze-

2015 3570 2142 3613 runt
2199 3562 2461 3623 remedia,
2520 3572 2580 3615 ut
2638 3564 2993 3619 recordentur
3044 3582 3232 3621 eorum
3289 3572 3381 3638 qui
3441 3572 3589 3638 ipsos

2015 3650 2277 3706 beuelicio
2322 3650 2616 3707 ali‘ecerunt
2654 3672 2668 3710 :
2709 3673 2729 3707 ι
2762 3655 2873 3710 Vos
2899 3668 3080 3713 autem
3110 3660 3163 3713 in
3211 3677 3383 3715 meam
3413 3678 3590 3715 ream-

2015 3742 2284 3795 dationem
2318 3745 2417 3795 hoc
2450 3742 2643 3809 facite;
2682 3763 2700 3795 ι
2742 3755 2797 3797 et
2826 3748 3283 3815 quemadmodum
3339 3752 3589 3805 civitates

2016 3831 2234 3884 fortium
2276 3833 2518 3886 virorum
2546 3849 2643 3902 per
2666 3850 2803 3903 quos
2833 3837 3114 3890 victoriam
3148 3848 3412 3894 assecuta:
3436 3852 3586 3905 sunt,

2017 3923 2094 3976 vel
2128 3924 2218 3992 qui
2254 3923 2333 3977 eis
2368 3924 2599 3979 salutem
2633 3926 2952 3991 attulerunt,
2986 3936 3081 3982 aut
3104 3944 3191 3983 res
3215 3945 3405 3985 earum
3436 3942 3586 3987 recte
3610 3926 3629 3944 '

2014 4025 2319 4084 gesserunt,
2352 4016 2619 4072 columnis
2665 4018 2973 4073 inscribunt
3002 4038 3016 4074 :
3051 4021 3123 4074 ita
3150 4022 3318 4076 etiam
3363 4024 3447 4077 his
3484 4029 3588 4077 do-

2016 4105 2099 4159 nis
2134 4119 2231 4158 nos
2266 4117 2496 4160 mortem
2530 4107 2745 4161 Domini
2801 4110 3154 4175 ascrihimus,
3201 4113 3253 4164 in
3300 4128 3406 4181 qua
3463 4116 3589 4167 uui-

2014 4211 2168 4250 versa
2203 4198 2305 4251 sita
2336 4196 2442 4251 fuit
2480 4198 2746 4253 adversus
2774 4200 3072 4269 inalignum
3110 4201 3359 4255 victoria.
3405 4200 3470 4255 Et
3492 4219 3590 4270 per

2015 4297 2230 4345 statuas
2276 4289 2521 4358 quidem,
2575 4290 2826 4346 civitates
2876 4294 3053 4345 solum
3101 4291 3299 4347 habent
3358 4293 3588 4364 ﬁguram

330 4400 458 4453 ἀλλ’
486 4399 652 4451 αὑτὸν
681 4400 768 4451 τὸν
796 4399 1051 4468 ἀριστέα,
1081 4397 1213 4451 αὐτὸ
1244 4398 1306 4450 τὸ
1334 4398 1494 4465 σῶμα
1515 4395 1609 4448 τοῦ
1638 4396 1907 4465 ἀριστέος.

2022 4380 2262 4450 corporis
2289 4378 2698 4435 benefactorum
2721 4398 2737 4448 ;
2763 4397 2859 4436 nos
2893 4391 3074 4436 autem
3100 4386 3168 4439 ab
3191 4384 3290 4437 hac
3317 4384 3589 4439 oblati0ne

333 4494 415 4545 Τὸ
433 4491 569 4543 αὐτὸ
600 4489 656 4544 δὲ
690 4489 849 4542 τοῦτο
891 4494 985 4542 καὶ
1040 4491 1098 4541 ὲν
1128 4491 1242 4551 τοῖς
1298 4490 1545 4550 παλαιοῖς
1592 4486 1914 4555 ἐνομοθέτη-

341 4599 470 4645 σαν,
519 4582 614 4633 ἐπὶ
644 4579 756 4633 τῶν
790 4578 980 4631 τύπων
1036 4580 1237 4643 ποιεῖν,
1282 4577 1310 4629 ὃ
1358 4575 1451 4628 νῦν
1495 4576 1586 4627 ἐπὶ
1644 4576 1742 4643 τῆς
1790 4573 1918 4644 ἀλη-

338 4674 498 4735 Θείας
528 4672 637 4725 τῶν
678 4673 1030 4742 πραγμάτων
1057 4671 1335 4724 ἐκέλευσε.
1388 4667 1559 4720 Τοῦτο
1588 4667 1696 4735 γὰρ
1743 4660 1811 4735 ἦν
1854 4665 1915 4717 τὸ

339 4759 560 4828 Πάσχα,
587 4759 682 4809 καὶ
716 4761 749 4826 ἡ
816 4757 1005 4827 σφαγὴ
1056 4756 1151 4810 τοῦ
1194 4756 1392 4825 ἀμνοῦ,
1456 4755 1763 4823 ἀνάμνησις
1810 4753 1914 4821 τῆς

339 4848 562 4913 σςαγῆς
586 4845 682 4898 τοῦ
716 4847 1019 4917 προὸἀτου,
1051 4846 1145 4898 καὶ
1186 4845 1280 4899 τοῦ
1334 4844 1471 4915 αἷμα
1486 4863 1570 4907 τος
1596 4843 1691 4897 τοῦ
1733 4844 1914 4897 διασε-

340 4939 579 4999 σωκότος
607 4938 667 4990 ὲν
689 4937 953 5007 Αἰγύπτῳ
972 4938 1083 4999 τοῖς
1127 4934 1406 5007 Ἑϐραίοις
1443 4936 1513 4988 τὰ
1560 4935 1906 5005 πρωτότοκα.

344 5028 451 5079 Καὶ
475 5027 647 5092 οὕτως
677 5030 777 5099 μὲν
803 5030 832 5082 ὁ
867 5029 965 5097 τῆς
997 5029 1359 5098 ἀναμνήσεως
1389 5028 1611 5097 τρόπος.

884 5120 1161 5215 arma.
1181 5138 1239 5193 ι’.

348 5251 488 5305 Τίνα
516 5255 667 5322 μετὰ
691 5251 808 5321 τὴν
829 5252 1180 5321 ἀνάμνησιν
1200 5253 1600 5322 ἐπιλεγόμενα
1625 5251 1698 5322 τῇ
1724 5265 1909 5318 προσ-

418 5321 631 5391 ατωτῇ,
666 5327 766 5376 καὶ
793 5323 882 5375 ὅτι
912 5324 949 5390 ἡ
980 5324 1339 5391 προσαγωγὴ
1386 5321 1521 5374 τῶν
1566 5321 1767 5389 δώρων
1799 5336 1909 5389 χαι

411 5392 717 5460 ριστήριός
740 5393 873 5445 ἐστι
903 5393 999 5444 καὶ
1028 5391 1323 5460 Ιχετήριος
1347 5392 1384 5458 ἡ
1415 5392 1590 5455 αὐτή.

428 5483 483 5534 ’0
514 5484 570 5536 δὲ
607 5485 786 5555 ἱερεὺς
817 5485 917 5553 τὴν
955 5484 1326 5553 προσαγωγὴν
1358 5483 1440 5535 ἐτι
1492 5483 1751 5544 ποιεῖται,
1809 5479 1904 5533 καὶ

346 5573 453 5623 τῶν
478 5574 948 5644 προσενεχθέντων
998 5577 1232 5629 ἑκάστου
1266 5576 1429 5645 μέρος
1479 5573 1900 5642 ἀφαιρούμενος,

353 5662 494 5733 ἱερὸν
520 5671 755 5723 mult"
777 5669 969 5739 δῶρον»
1001 5670 1060 5722 οὗ
1095 5668 1162 5722 τὰ
1189 5667 1327 5723 αὖτὰ
1352 5669 1528 5735 λέγων
1588 5668 1679 5720 καὶ
1708 5665 1898 5727 ποιῶν,

2020 4485 2128 4525 non
2160 4470 2429 4525 habemus
2463 4471 2690 4540 ﬁguram
2731 4473 3001 4541 corporis,
3043 4476 3136 4527 sed
3180 4474 3353 4541 ipsum
3390 4486 3589 4543 corpus

2016 4566 2136 4632 ejus
2165 4562 2258 4634 qui
2292 4578 2351 4617 se
2380 4565 2544 4632 gessit
2580 4563 2902 4619 fortissime.
2939 4564 3053 4621 Hoc
3088 4566 3264 4634 ipsum
3300 4567 3460 4622 etiam
3495 4583 3592 4621 au-

2019 4655 2185 4723 tiquis
2211 4655 2513 4721 constituit,
2538 4664 2597 4708 ut
2623 4655 2675 4707 in
2700 4656 2871 4725 figura
2898 4656 3159 4720 facerent,
3189 4657 3242 4710 id
3272 4660 3419 4726 quod
3444 4673 3587 4712 nunc

2014 4755 2098 4802 est
2127 4749 2180 4799 in
2228 4762 2410 4800 rerum
2447 4747 2694 4802 veritate.
2748 4748 2804 4802 ld
2848 4750 2992 4801 enim
3038 4757 3154 4803 erat
3192 4750 3420 4814 Pascha,
3464 4750 3586 4820 agni

2011 4839 2215 4895 occisio
2246 4840 2298 4892 in
2346 4840 2668 4895 memoriam
2724 4851 2944 4896 revocat
2992 4843 3157 4897 caedis
3184 4844 3333 4899 illius
3357 4845 3505 4909 ovis,
3532 4855 3588 4900 et

2012 4932 2296 4999 sanguinis
2346 4931 2441 5000 qui
2491 4932 2729 4986 servavit
2763 4931 2997 4986 Hebraeis
3028 4935 3079 4986 in
3113 4933 3348 5005 :Egypto
3386 4936 3590 5005 primo-

2013 5022 2215 5092 genita.
2248 5021 2315 5075 Et
2341 5025 2454 5078 [nec
2480 5024 2701 5093 quidem
2736 5033 2820 5077 est
2847 5026 2985 5078 ratio
3016 5027 3441 5084 recordationis.

2664 5142 2816 5199 CAP.
2854 5142 2925 5197 X.

2014 5252 2272 5318 Qurrnam
2306 5264 2422 5323 post
2454 5256 2995 5311 commemorationem
3021 5258 3075 5312 in
3107 5256 3370 5314 oblatione
3393 5259 3581 5311 dicun-

2081 5333 2206 5397 tur;
2242 5326 2461 5397 etquod
2503 5326 2762 5378 donarunt
2803 5327 3025 5391 oblatio,
3066 5328 3246 5380 eadem
3289 5340 3336 5383 ct
3375 5327 3578 5397 gratias

2077 5396 2208 5463 agit,
2236 5403 2283 5446 et
2303 5395 2521 5461 supplex
2545 5397 2697 5464 petit.

2075 5482 2342 5538 Sacerdos
2364 5493 2545 5537 autem
2600 5486 2779 5540 adhuc
2799 5487 2929 5542 facit
2949 5488 3297 5552 oblationem,
3314 5495 3367 5541 et
3391 5489 3577 5553 unius,

2004 5574 2269 5643 cujusque
2295 5591 2358 5645 pa
2371 5577 2452 5630 nis
2467 5592 2531 5632 ex
2552 5577 2618 5631 iis
2632 5578 2723 5646 qui
2748 5578 3068 5641 offeruntur,
3088 5586 3292 5645 partem
3322 5578 3580 5638 auferens

2005 5666 2132 5720 facit
2149 5681 2363 5721 sacrum
2397 5670 2620 5734 donum,
2647 5684 2753 5721 non
2773 5683 2831 5723 ea
2842 5669 2957 5722 dem
2978 5667 3159 5723 dicens
3173 5676 3225 5723 et
3245 5668 3447 5728 faciens
3462 5689 3580 5743 qua:
