3992 6202
493 278 600 341 387

1751 277 2058 342 NICULAI
2097 273 2487 338 CABASIL/E

3614 274 3714 338 388

495 391 674 457 initio,
725 405 820 462 per
859 403 977 458 qua!
1017 402 1162 443 mors
1192 385 1402 442 Domini
1447 387 1858 458 significabatur
1883 431 1899 456 ,
1932 393 2058 460 quia

2169 388 2303 456 Ξιπερ
2330 385 2390 448 ἐξ
2437 382 2631 451 ἀρχῆς,
2667 380 2735 434 δι’
2773 373 2847 434 ὧν
2871 379 2901 432 ό
2969 378 3201 441 θάνατος
3243 378 3565 447 ἐσημαίνετο
3622 382 3712 434 τοῦ

499 500 622 553 qua:
659 483 822 539 semel
852 483 992 536 dicta
1029 489 1177 543 sunt,
1209 482 1274 535 de
1309 479 1571 535 universo
1611 483 1871 552 mysterio
1910 484 2051 537 dicta

495 589 618 633 esse
673 573 1065 643 intelliguntur.
1109 573 1296 627 Omnis
1335 575 1479 628 enim
1540 573 1806 627 donorum
1849 574 2052 628 oblatio

495 671 556 722 fit
595 667 651 720 in
682 663 1115 718 recordationem
1158 661 1394 728 Domini,
1435 675 1490 720 et
1527 682 1621 734 per
1651 666 1705 719 id
1739 665 2050 720 universum

489 769 643 809 ‘mors
681 752 798 821 ejus
849 752 1222 805 annuntiatur.
1271 751 1528 818 Qumnam
1559 754 1721 808 etiam
1762 762 1888 808 sunt
1933 768 2053 822 qua:

496 843 839 898 recitantur?
877 843 937 896 In
970 842 1196 909 gloriam
1223 844 1576 898 sanctissimae
1618 843 1710 896 Dei
1744 843 1952 906 Matris,
1985 844 2050 897 ad

492 933 753 986 honorem
805 931 966 998 hujus
1003 932 1086 986 vel
1141 932 1288 986 illius
1329 934 1502 986 sancti
1540 949 1553 986 :
1607 933 1660 987 in
1705 943 2049 1003 peccatorum

493 1022 890 1080 remissionem.
923 1024 1228 1075 animarum
1259 1023 1342 1076 vel
1380 1025 1621 1077 vivorum
1681 1025 1766 1079 vel
1807 1035 2050 1079 mortuo-

493 1127 632 1164 rum.
655 1112 717 1163 Et
743 1113 867 1180 quid
895 1112 1006 1166 hinc
1027 1112 1132 1166 sibi
1152 1113 1377 1166 volunt?
1398 1114 1702 1168 Gratiarum
1727 1115 1864 1184 apud
1886 1113 2051 1169 Deum

494 1204 787 1266 actionem,
825 1203 1234 1273 supplicationis
1281 1206 1562 1258 materiam
1595 1214 1646 1260 et
1685 1206 2050 1272 occasionem,

495 1309 715 1349 causam
743 1296 1005 1350 donorum
1033 1295 1345 1350 oblationis.
1374 1295 1452 1349 Ita
1483 1298 1625 1350 enim
1654 1298 1844 1350 habet:
1879 1317 1898 1350 ι
1934 1297 2053 1350 Nul-

492 1383 602 1435 lum
651 1383 851 1437 donum
897 1383 1099 1438 frustra
1131 1385 1310 1449 datur,
1342 1386 1460 1440 sive
1497 1383 1666 1440 Deum
1708 1387 1910 1453 colere,
1940 1389 2053 1443 sive

495 1478 806 1536 hominibus
833 1476 1125 1546 gratificari
1154 1483 1385 1544 oportet,
1410 1476 1503 1530 sed
1531 1477 1760 1547 alicujus
1784 1478 1909 1533 boni
1933 1494 2056 1545 gra-

496 1575 590 1634 tia,
627 1567 771 1638 quod
807 1567 888 1621 vel
923 1567 1122 1620 factum
1155 1574 1237 1620 est
1259 1605 1273 1628 ,
1307 1567 1390 1621 vel
1428 1579 1696 1635 speratur.
1734 1585 1752 1619 ι
1788 1567 1882 1624 Vel
1910 1569 2052 1623 enim

495 1677 590 1729 pro
627 1661 694 1714 iis
734 1673 853 1728 quae
893 1658 1223 1724 accepimus,
1255 1655 1585 1712 benefactori
1627 1656 1786 1713 donis
1823 1659 2052 1728 gratiam

2153 477 2382 547 Κυρίου,
2446 476 2530 527 ὅτι
2575 471 2725 536 ἅπαξ
2794 469 3063 540 εἰρημένα
3120 468 3250 537 περὶ
3280 469 3458 538 πάσης
3500 472 3716 541 τελετῆς

2150 567 2402 638 εἰρῆσθαι
2443 563 2713 618 νοοῦνται.
2751 563 2908 616 Πᾶσα
2980 560 3088 630 γὰρ
3142 561 3176 629 ἡ
3230 562 3559 630 προσαγωγὴ
3609 565 3714 614 τῶν

2149 659 2335 729 δώρων
2383 658 2464 719 είς
2490 657 2794 724 ἀνάμνησιν
2828 652 3040 720 γίνεται
3067 650 3163 704 τοῦ
3206 649 3430 719 Κυρίου,
3491 654 3581 704 καὶ
3631 653 3716 706 διὰ

2152 753 2379 821 πάσηςὸ
2410 749 2576 802 αὐτοῦ
2607 748 2962 813 καταγίνεται
3011 744 3262 805 θάνατος.
3326 742 3462 796 Τίνα
3527 745 3585 796 δὲ
3648 749 3713 798 τζι

2149 840 2548 908 ἐπιλεγόμενα;
2581 839 2674 902 Εἰς
2701 835 2862 901 δόξαν
2891 835 2989 905 τῆς
3020 834 3289 903 παναγίου
3317 833 3407 886 τοῦ
3429 833 3562 886 Θεοῦ
3597 835 3713 888 Μα-

2149 937 2299 1007 τρός·
2343 937 2423 996 είς
2453 934 2751 1005 πρεσϐείαν
2778 933 2933 986 τοῦδε
2963 930 3057 984 τοῦ
3097 932 3276 998 ἁγίου,
3311 928 3344 999 ἢ
3408 928 3585 988 τοῦδε.
3639 930 3711 990 είς

2157 1027 2238 1089 εἰς
2274 1027 2475 1094 ἄφεσιν
2505 1023 2791 1094 ἁμαρτιῶν
2847 1022 3032 1091 ψυχῶν
3089 1023 3306 1087 ζώντων
3367 1021 3400 1092 ἦ
3457 1022 3712 1090 τεθνηκό-

2151 1134 2278 1172 των.
2335 1119 2442 1170 Καὶ
2505 1115 2560 1168 τί
2619 1113 2792 1168 ταῦτα
2858 1113 3140 1182 βούλεται;
3184 1111 3550 1182 Εύχαριστίαν
3586 1112 3713 1181 πρὸς

2151 1209 2240 1261 τὸν
2279 1208 2433 1272 Θεὸν,
2479 1206 2716 1267 ἱκεσίαν,
2753 1206 2854 1266 τὰς
2893 1203 3170 1273 ἀφορμὰς;
3198 1204 3265 1255 τὰ
3287 1202 3435 1256 αῐτια
3478 1203 3580 1271 τῆς
3613 1202 3714 1255 τῶν

2151 1298 2338 1368 δώρων
2387 1295 2773 1364 προσαγωγῆς.
2835 1292 2988 1361 Ἔχει
3022 1293 3129 1362 γὰρ
3178 1291 3368 1354 οὕτως.
3405 1291 3572 1344 Οὐδὲν
3618 1291 3716 1342 δύ.-

2164 1406 2255 1458 ρον
2313 1386 2512 1440 δίδοται
2582 1385 2758 1454 μάτην
2819 1383 2928 1436 εἴτε
2995 1382 3128 1436 Θεὸν
3189 1383 3546 1451 θεραπεύειν.
3613 1383 3716 1434 εἴτε

2151 1481 2279 1542 τοὺς
2310 1478 2633 1547 ἀνθρώπους
2672 1474 2995 1546 χαρίζεσθαι
3043 1474 3144 1527 δεῖ·
3179 1475 3292 1527 ἀλλ’
3330 1475 3535 1542 ἀγαθοῦ
3581 1476 3718 1535 τινὲς

2152 1559 2348 1633 ἕνεκα,
2406 1569 2439 1638 ἢ
2495 1567 2830 1636 γενομένου,
2887 1565 2920 1634 ἦ
2971 1564 3345 1632 ἐλπιζομένου.
3399 1584 3419 1617 ›
3491 1566 3562 1617 ’Ἠ
3616 1566 3718 1634 γόρ

2156 1663 2296 1733 ὑπὲρ
2354 1655 2429 1712 ὧν
2495 1657 2806 1727 ἐλάϐομεν,
2875 1656 3218 1726 ἀμιιϐόμεθα
3267 1658 3357 1709 τὸν
3432 1657 3720 1728 εὐεργέτην

493 1753 824 1808 referimus:
868 1749 953 1805 vel
1001 1749 1046 1804 si
1092 1748 1236 1802 nulla
1291 1749 1467 1803 adhuc
1521 1748 1763 1815 fuerint,
1799 1766 1923 1806 eum
1958 1751 2049 1821 qui

2169 1756 2363 1825 ἱώροις,
2421 1752 2455 1822 ἢ
2515 1751 2624 1803 τῶν
2680 1752 2844 1820 μήπω
2895 1748 3202 1818 γενομένων
3231 1749 3382 1816 ἡμῖν,
3426 1747 3515 1800 ἵνα
3578 1745 3722 1815 τύχω

494 1849 626 1902 dare
660 1851 870 1913 potest,
920 1851 981 1894 ut
1021 1853 1401 1908 assequamur,
1443 1841 1676 1897 colimus
1709 1854 1764 1897 et
1801 1842 2057 1897 observa-

496 1949 637 1988 mus.
671 1934 796 1988 lia-c
835 1940 1015 1986 autem
1048 1929 1190 1983 dona
1255 1942 1475 1999 propter
1519 1942 1804 2002 utrumque
1843 1934 1952 1988 Deo
1979 1933 2060 1989 of-

499 2026 626 2079 ferri
663 2025 935 2085 videntur,
965 2033 1018 2077 et
1045 2023 1168 2089 quia
1203 2023 1514 2092 accepimus
1542 2033 1596 2078 et
1626 2032 1682 2078 ut
1707 2025 2056 2093 accipiamus,

505 2129 560 2174 et
593 2119 699 2172 Deo
735 2115 939 2185 gratias
979 2121 1202 2180 agentes
1235 2122 1291 2167 et
1329 2114 1377 2166 ei
1418 2115 1806 2183 supplicantes.
1845 2116 2060 2172 Gratias

500 2219 746 2279 agentes,
781 2219 879 2275 pro
910 2203 1190 2258 beneficiis
1237 2219 1355 2273 quae
1387 2205 1716 2273 accipimus;
1753 2208 2062 2276 supplican-

500 2311 604 2361 tes.
638 2308 694 2352 ut
743 2297 1092 2364 accipiamus.
1131 2295 1278 2348 Dona
1326 2297 1514 2362 itaque
1577 2304 1631 2350 et
1665 2297 1719 2349 in
1766 2297 2060 2362 gratiarum

501 2392 737 2452 actione,
760 2397 814 2442 et
846 2388 898 2439 in
928 2385 1318 2454 supplicatione
1346 2395 1668 2449 versantur;
1694 2385 1784 2439 sed
1819 2401 2063 2454 quaenam

503 2489 629 2537 sunt
663 2494 787 2546 qua:
812 2476 925 2547 jam
956 2477 1115 2531 nobis
1145 2477 1270 2529 data
1303 2486 1429 2529 sunt
1457 2476 1480 2529 ἲ
1514 2491 1633 2545 qua:
1659 2491 1786 2530 vero
1817 2492 2067 2546 quaerun-

501 2570 635 2626 tur?
661 2569 865 2624 Eadem
917 2566 1160 2630 omnino,
1201 2567 1454 2621 remissio
1496 2575 1867 2635 peccatorum,
1917 2570 2065 2637 regni

504 2661 797 2716 haereditas
827 2675 841 2721 ;
877 2659 991 2710 hac
1019 2657 1162 2710 enim
1210 2656 1326 2724 ipse
1364 2658 1525 2726 jussit
1571 2657 1675 2726 peti
1709 2669 1832 2711 ante
1862 2659 2063 2713 omnia.

503 2753 578 2806 Ea
607 2761 732 2807 sunt
762 2765 886 2818 quae
929 2747 1040 2816 jam
1089 2747 1297 2814 accepit
1325 2747 1562 2802 Ecclesia
1583 2789 1598 2812 ,
1635 2763 1698 2801 ea
1730 2759 1854 2803 sunt
1883 2759 1936 2803 et
1975 2765 2070 2818 pro

503 2846 701 2917 quibus
718 2841 1003 2911 supplicat.
1020 2839 1085 2893 Et
1101 2839 1222 2906 quis
1239 2848 1319 2893 eat
1335 2838 1657 2908 modus,quo
1677 2839 1792 2895 haec
1808 2841 1942 2896 bona
1955 2842 2068 2911 jam

503 2942 751 2991 assecuta
775 2942 879 2996 est,
901 2941 956 2985 et
976 2931 1116 2999 quis,
1137 2943 1244 2998 quo
1274 2929 1511 2983 nondum
1543 2939 1795 2985 assecuta
1818 2942 1919 2998 est,
1938 2941 1990 2987 et
2013 2943 2071 2986 ut

435 3037 442 3042 '
504 3035 830 3094 assequatur
852 3033 970 3076 erat
991 3020 1263 3074 'IPrimum
1287 3017 1502 3087 quidem
1525 3029 1768 3075 assecuta
1795 3031 1877 3076 est
1902 3059 1918 3086 ,
1937 3023 2068 3077 etad

2163 1864 2284 1916 μεν,
2313 1846 2404 1898 τὸν
2431 1842 2613 1896 δοῦναι
2641 1841 2937 1911 δυνάμενον
2985 1838 3383 1910 θεραπεύομεν.
3441 1836 3627 1890 Ταῦτα
3671 1836 3723 1887 δὲ

2159 1939 2228 1990 τὰ
2252 1935 2401 2002 δῶρα
2435 1935 2529 1985 κα)⁵
2552 1932 2887 2000 ἀμφοτέρων
2907 1930 3073 1983 ἕνεκα
3096 1931 3172 1999 τῷ
3200 1931 3318 1997 Θεῷ
3341 1930 3725 1999 προσαγόμεναι

2161 2026 2431 2094 φαίνεται,
2477 2025 2566 2076 καὶ
2597 2023 2680 2076 ὅτι
2741 2021 3026 2089 ἐλάϐομεν,
3069 2019 3163 2072 καὶ
3187 2021 3275 2072 ἵνα
3302 2019 3583 2089 λάϐωμεν,
3638 2021 3724 2072 καὶ

2164 2113 2620 2185 εὐχαριστοῦντες
2685 2112 2763 2182 τῷ
2817 2111 2960 2182 Θεῷ,
3001 2111 3098 2163 καὶ
3156 2108 3489 2172 ἱκετεύοντες
3551 2112 3723 2162 αὐτόν·

2163 2204 2614 2274 εὐχαριστοῦντες
2637 2203 2777 2272 ὑπὲρ
2815 2196 2890 2256 ὧν
2916 2202 3288 2271 πεπόνθαμεν,
3308 2201 3644 2264 ἱκετεύοντες
3667 2200 3725 2254 ἵν’

2166 2295 2494 2365 εὒτςὰθωμεν
2528 2336 2540 2356 ,
2577 2295 2718 2346 ὥστε
2749 2294 2816 2347 τὰ
2846 2294 2986 2346 αὐτὰ
3016 2293 3164 2364 δῶρα
3199 2290 3335 2347 εἶναι
3382 2295 3475 2346 καὶ
3501 2295 3728 2363 εὐχαρι-

2168 2388 2382 2456 στήρια,
2422 2387 2512 2439 καὶ
2556 2387 2754 2439 ίκέσια.
2810 2385 2974 2438 Ἀλλὰ
3036 2385 3164 2439 τίνα
3227 2387 3294 2438 τὰ
3345 2385 3446 2456 ἤδη
3513 2385 3724 2439 δοθέντα

2167 2481 2298 2547 ἡμῖν
2325 2477 2535 2545 ἀγαθά;
2575 2477 2696 2529 τίνα
2730 2477 2784 2529 δὲ
2813 2477 2880 2528 τὰ
2914 2477 3224 2546 ζητούμενα
3249 2493 3264 2540 ;
3294 2475 3376 2528 Τὰ
3423 2475 3568 2529 αὐτὰ
3605 2477 3727 2529 πάν-

2166 2587 2294 2633 τως,
2320 2572 2513 2638 ἄφεσις
2537 2570 2842 2639 ἁμαρτιῶν,
2883 2568 3159 2639 βασιλείας
3193 2569 3564 2638 κληρονομία.
3591 2570 3726 2622 Ταῦ-

2170 2679 2235 2712 ττ
2267 2661 2377 2730 γὰρ
2405 2661 2563 2721 αὐτὸς
2597 2660 2848 2712 ἐκέλευσε
2882 2661 2985 2730 πρὸ
3006 2660 3223 2712 πάντων
3255 2661 3552 2726 αίτεῖσθαι,
3598 2661 3725 2715 ταῦ-

2168 2754 2236 2805 τά
2261 2754 2412 2804 ἐστιν
2450 2749 2594 2818 ᾇπερ
2633 2749 2825 2803 ἐλαϐεν
2848 2751 2881 2819 ἡ
2922 2750 3218 2818 Ἐκκλησία
3256 2751 3379 2821 ἤδη,
3429 2751 3607 2805 ταῦτα
3645 2751 3727 2805 και

2177 2844 2320 2912 ύπέρ
2346 2835 2420 2896 ὧν
2463 2843 2717 2896 ἱκετεύει.
2749 2841 2859 2895 Καὶ
2887 2841 2968 2902 τίς
2999 2843 3026 2893 ό
3051 2842 3253 2911 τρόπος
3313 2841 3432 2896 καθ’
3462 2842 3526 2894 ὃν
3585 2842 3728 2911 ἔτυχε

2157 2936 2279 2987 ’τῶν
2301 2932 2520 3002 ἀγαθῶν
2559 2933 2767 2985 τούτων
2793 2950 2808 2996 ;
2844 2933 2924 2996 τίς
2952 2933 3009 2985 δέ
3042 2932 3164 2986 καθ’
3197 2933 3256 2986 ὅν
3285 2933 3440 2986 οῦπω
3467 2933 3728 3003 τετύχηκε

2175 3027 2266 3078 κα)⁵
2299 3026 2384 3078 ἵνα
2413 3025 2573 3095 τύχῃ,
2603 3025 2699 3077 τοῦ
2729 3024 2867 3077 Θεοῦ
2908 3024 3078 3077 δεῖται
3107 3041 3122 3090 ;
3171 3024 3450 3095 Τετύχηκε
3493 3023 3729 3095 πρῶτον.

502 3135 568 3173 ea
596 3089 912 3186 potestatem
941 3113 1168 3180 accepit.
1192 3110 1398 3164 Etenim
1429 3112 1635 3180 accepit
1664 3121 1983 3180 potestatem
2011 3126 2066 3168 υι

2169 3116 2246 3167 ὅτι
2273 3089 2736 3184 δύναμιν-ἐδέξατο
2759 3116 2892 3184 πρὸς
2913 3116 3072 3171 αὐτά.
3097 3089 3206 3168 Καὶ
3231 3089 3344 3185 γὰρ
3365 3089 3569 3170 ἐλαϐεν
3592 3116 3719 3180 ἐξουο

507 3208 604 3261 ﬁlii
648 3205 741 3259 Dei
777 3204 1060 3265 fierent,et
1089 3201 1192 3253 hoc
1218 3209 1300 3253 est
1329 3197 1501 3253 solum
1529 3215 1810 3256 commune
1841 3204 2063 3270 donum,

505 3296 650 3365 quod
669 3290 993 3346 Christianis
1012 3287 1260 3343 omnibus
1286 3301 1379 3355 per
1403 3296 1630 3340 mortem
1657 3286 1957 3342 Servatoris
1972 3290 2067 3343 da-

506 3396 620 3439 tum
645 3391 745 3438 est.
780 3380 888 3434 lloc
916 3387 1001 3432 est
1026 3377 1168 3430 enim
1193 3377 1437 3431 divinum
1467 3378 1826 3448 baptisma,et
1850 3381 2067 3448 aliaisa-

508 3480 804 3535 cramenta,
823 3485 920 3539 per
940 3483 1057 3536 quae
1087 3483 1118 3520 a
1155 3467 1264 3521 Deo
1287 3468 1626 3536 adoptantur,
1649 3479 1700 3523 et
1725 3471 1872 3540 regni
1900 3471 2070 3527 ctelo-

509 3579 631 3618 rum
659 3559 902 3615 hatredes
937 3557 1220 3614 efﬁcimur.
1245 3558 1450 3613 Deinde
1493 3560 1660 3628 ipsius
1683 3576 1895 3630 quoque
1920 3568 2069 3634 regni

511 3668 632 3710 aetu
658 3655 758 3706 luit
781 3653 974 3714 haeres,
1004 3650 1055 3704 in
1089 3650 1593 3718 innumerabilibus,
1617 3653 1708 3720 qui
1731 3663 1853 3706 sunt
1879 3669 1944 3708 ex
1977 3671 2073 3710 suo

503 3749 850 3814 choro,quos
877 3745 929 3797 in
957 3743 1078 3798 coeli
1111 3744 1255 3798 misit
1282 3743 1568 3804 coloniam.
1587 3758 1720 3812 quos
1745 3745 2075 3814 primogeni-

505 3850 693 3894 ’torum
718 3837 773 3890 in
798 3836 948 3890 ccelis
965 3834 1362 3902 descriptorum
1393 3833 1685 3889 Ecclesiam
1713 3837 1922 3890 vocavit
1954 3839 2078 3891 bea-

504 3936 621 3982 rtus'
647 3927 864 3980 Paulus.
899 3925 972 3978 Ita
1011 3940 1140 3994 ergo
1167 3923 1409 3979 Ecclesia
1436 3926 1545 3978 haec
1577 3939 1769 3994 magna
1811 3927 1946 3980 bona
1995 3935 2077 3982 est

503 4027 828 4072 consecuta.
849 4016 1080 4084 Propter
1104 4030 1230 4069 suos
1253 4023 1433 4068 autem
1465 4016 1623 4077 filios,
1645 4018 1732 4084 qui
1759 4016 1932 4072 adhuc
1957 4033 2078 4071 cur-

520 4116 646 4163 runt
673 4109 736 4160 ad
763 4108 1031 4166 bravium,
1053 4115 1128 4169 et,
1154 4116 1212 4157 ut
1235 4105 1403 4158 semel
1430 4105 1630 4167 dicam,
1659 4121 1751 4159 eos
1775 4109 1867 4173 qui
1897 4108 1948 4160 in
1981 4109 2078 4160 hat:

516 4199 628 4248 vita
671 4195 842 4246 adhuc
873 4195 1076 4254 vivunt,
1098 4207 1325 4260 quorum
1353 4201 1434 4246 est
1467 4193 1588 4246 finis
1617 4194 1876 4258 incertus,
1899 4205 1951 4248 et
1986 4212 2080 4250 eos

505 4285 610 4352 qui
656 4294 1002 4336 excesserunt
1033 4296 1139 4332 non
1174 4295 1296 4332 cum
1346 4280 1478 4333 bona
1515 4281 1776 4350 firmaque
1814 4296 1869 4338 et
1897 4287 2078 4341 stabili

2167 3207 2313 3272 σίαν,
2347 3209 2510 3260 τέκνα
2536 3205 2672 3258 Θεοῦ
2698 3206 2974 3274 γενέσθαι,
3002 3206 3097 3259 καὶ
3127 3205 3284 3259 τοῦτο
3305 3207 3481 3259 κοινόν
3506 3208 3627 3260 ἐστι
3646 3207 3738 3259 δῶ-

2173 3315 2265 3366 ρον
2287 3299 2360 3365 Χγ.
2375 3299 2627 3361 ιστιαιοίς
2652 3299 2820 3351 ἅπασι
2843 3299 2928 3351 διὰ
2946 3298 3036 3352 τοῦ
3055 3297 3281 3352 Θανάτου
3303 3300 3432 3368 ἡμῖν
3453 3301 3738 3369 γενόμενον

2169 3391 2262 3442 τοῦ
2293 3391 2564 3460 Σωτῆρος.
2601 3391 2774 3442 Τοῦτο
2814 3393 2924 3460 γάρ
2955 3393 3068 3444 ἐστι
3090 3392 3150 3444 τὸ
3175 3391 3456 3460 βάπτισμα
3488 3392 3558 3443 τὸ
3585 3390 3736 3449 θεῖον,

2172 3482 2267 3535 καὶ
2292 3482 2358 3535 τὰ
2389 3481 2522 3534 ἄλλα
2551 3484 2824 3553 μυστήρια
2855 3483 2923 3536 δι’
2967 3479 3040 3536 ὧν
3070 3483 3454 3553 είσποιούμεθα
3485 3483 3572 3552 τῷ
3608 3483 3738 3550 Θεῷ,

2174 3573 2268 3626 καὶ
2298 3572 2574 3640 βασιλείας
2600 3573 2845 3643 οὐρανῶν
2867 3575 3132 3646 γινόμεθα
3157 3576 3504 3646 κληρονόμον
3549 3575 3732 3628 ἔπειτα

2175 3667 2268 3719 καὶ
2303 3666 2472 3735 αὐτῆς
2507 3667 2946 3737 ἐκληρονόμησεν
3000 3668 3254 3736 ἐνεργείᾳ.
3304 3667 3402 3736 τῆς
3459 3666 3735 3734 βασιλείας

2179 3759 2237 3810 ἐν
2269 3758 2486 3826 μυρίοις
2515 3758 2622 3810 τῶν
2662 3758 2863 3827 έαυτῆς
2893 3759 3141 3821 οἰκετῶν,
3177 3759 3268 3821 οὓς
3295 3759 3560 3811 ἀποικίαν
3615 3758 3739 3809 ἁπέ-

2180 3849 2386 3902 στειλεν
2409 3850 2488 3912 είς
2511 3851 2602 3902 τὸν
2618 3850 2866 3920 οὐρανὸν,
2895 3851 2987 3913 οὒς
3023 3851 3352 3922 Ἐκκλησίαν
3385 3851 3739 3919 πρωτοτόκων

2179 3944 2695 4012 ἀπογεγραμμένων
2730 3944 2786 3994 ἐν
2835 3945 3081 4014 οὐρανοῖς
3115 3945 3143 3995 ὁ
3189 3946 3459 4014 μακάριος
3522 3942 3733 4002 Παῦλος

2179 4034 2455 4086 ἐκάλεσεν,
2483 4033 2638 4087 Οῦτω
2679 4033 2776 4103 μὲν
2807 4035 2917 4085 τῶν
2974 4034 3230 4102 μεγάλων
3281 4033 3490 4086 τούτων
3517 4035 3553 4102 ἡ
3627 4033 3742 4083 Ἐκ-

2181 4124 2384 4192 κλησία
2416 4123 2686 4192 τετύχηκε
2720 4123 2964 4189 ἀγαθῶν.
2997 4125 3100 4176 Διὰ
3121 4125 3177 4177 δὲ
3200 4126 3324 4186 τοὺς
3354 4125 3741 4191 ἐπιτρέχοντας

2181 4214 2287 4267 τῶν
2324 4215 2530 4266 τέκνων
2581 4215 2776 4284 αὐτῆς,
2809 4217 2903 4267 ἐπί
2958 4217 3021 4267 τὸ
3081 4215 3352 4282 βραϐεῖον,
3411 4215 3503 4268 καὶ
3564 4215 3743 4273 ἁπλῶς

2179 4307 2306 4366 τοὺς
2334 4306 2392 4357 ὲν
2414 4304 2490 4373 τῷ
2525 4303 2624 4373 βίῳ
2651 4303 2825 4375 τούτῳ
2854 4305 3085 4367 ζῶντας,
3116 4299 3190 4356 ὧν
3227 4304 3288 4355 τὸ
3326 4305 3496 4374 πέρας
3557 4305 3744 4372 ἄδηλον

512 4386 636 4441 spe,
663 4385 882 4438 regnum
917 4371 1158 4424 nondum
1191 4381 1273 4424 est
1295 4380 1540 4424 assecuta
1564 4389 1578 4437 ;
1600 4388 1660 4426 ca
1693 4375 1758 4428 de
1779 4390 1944 4430 causa
1973 4394 2066 4432 me-

2185 4390 2428 4452 καὶτοὺς
2464 4389 2819 4456 ἀπελθόντας,
2854 4392 2917 4443 οὐ
2955 4390 3092 4460 μετὰ
3153 4390 3292 4442 πάνυ
3345 4391 3600 4460 χρηστῶν
3656 4407 3742 4442 και
3776 4405 3782 4410 ·

512 4461 679 4513 mittit
707 4458 924 4527 quidem
954 4459 1146 4514 mortis
1182 4459 1389 4512 Domini
1420 4477 1432 4513 :
1466 4463 1711 4516 meminit
1739 4477 1917 4520 autem
1951 4484 2076 4522 san-

501 4560 755 4614 eetorum,
779 4548 974 4617 quibus
994 4549 1149 4618 plena
1175 4564 1269 4603 sua
1301 4549 1493 4617 obtigit
1515 4552 1777 4619 perfectio
1795 4595 1810 4619 ,
1836 4558 2083 4611 meminit

503 4651 575 4696 σοι
603 4655 790 4696 eorum
823 4640 914 4708 qui
961 4641 1192 4694 nondum
1229 4639 1452 4708 perfecti
1488 4651 1657 4708 sunt;
1693 4658 1788 4710 pro
1823 4644 1928 4699 illis
1961 4648 2083 4713 qui-

511 4734 644 4788 dem
681 4746 846 4800 agens
880 4733 1104 4799 gratias,
1132 4744 1226 4799 pro
1271 4730 1355 4784 bis
1384 4747 1509 4784 vero
1538 4734 1869 4803 supplicans.
1901 4735 2083 4801 Quare

509 4826 710 4894 prima:
740 4822 954 4890 quidem
987 4823 1274 4876 oblationis
1307 4834 1509 4891 partes,
1531 4836 1583 4877 et
1624 4825 1785 4879 etiam
1835 4829 2083 4881 secundm

454 4945 462 4952 ο
515 4926 806 4967 versantur
835 4915 887 4967 in
910 4913 1127 4980 agendis
1146 4915 1364 4982 gratiis:
1387 4929 1508 4982 qua:
1534 4924 1712 4969 autem
1737 4931 2080 4986 causequun-

511 5012 635 5065 xtur,
679 5003 734 5055 in
766 5001 1176 5071 supplicatione,
1231 5001 1286 5054 in
1337 5003 1708 5057 recordatione
1750 5005 1984 5068 Domini,
2025 5007 2078 5059 in

511 5093 689 5158 gloria
729 5094 897 5144 beata:
940 5105 1049 5144 Sua:
1089 5091 1296 5158 Matris,
1342 5094 1394 5145 in
1430 5093 1814 5147 intercessione
1865 5107 2083 5149 sanctu-

527 5196 668 5232 rum.
701 5197 719 5229 ι
753 5179 985 5243 Gratias,
1011 5181 1202 5248 inquit,
1229 5173 1437 5248 agimus
1465 5183 1602 5249 quod
1637 5195 1807 5235 morte
1842 5194 1928 5236 tua
1962 5188 2083 5238 vita:

525 5279 708 5336 portas
742 5267 894 5320 nobis
937 5267 1220 5332 aperuisti,
1259 5271 1402 5337 quod
1429 5267 1650 5322 Matrem
1690 5287 1754 5323 ex
1798 5274 1953 5326 nobis
1985 5289 2078 5327 ac-

523 5355 735 5424 cepisti,
769 5358 912 5424 quod
957 5367 1156 5410 tantam
1192 5357 1418 5426 gloriam
1455 5357 1620 5412 homo
1650 5371 1735 5413 est
1773 5374 2076 5428 assecutus,

521 5452 663 5517 quod
681 5448 944 5502 habemus
960 5447 1452 5519 intercessoresqui
1477 5462 1600 5506 sunt
1621 5453 1861 5520 ejusdem
1882 5457 2076 5523 gentis,

521 5547 575 5588 et
619 5538 686 5589 iis
724 5536 817 5604 qui
851 5545 981 5590 sunt
1027 5535 1269 5601 ejusdem
1313 5537 1590 5591 nobiscum
1626 5540 1839 5606 generis
1873 5551 2076 5595 tantam

521 5626 825 5683 libertatem
863 5627 1196 5707 impertlisti.
1230 5646 1248 5679 ι
1277 5628 1412 5683 illud
1444 5629 1609 5711 enim,
1641 5647 1660 5712 ι
1692 5629 1746 5682 in
1774 5629 1996 5706 gloriam
2024 5642 2077 5686 ct

2187 4481 2419 4551 βεϐαίων
2449 4483 2708 4544 ἐλπίδων,
2738 4482 2930 4534 τούτου
2963 4483 3142 4552 χάριν,
3182 4481 3456 4550 μέμνηται
3493 4481 3592 4549 μὲν
3653 4480 3740 4532 toﬁ

2186 4572 2412 4640 Κυρίου·
2442 4571 2718 4639 μέμνηται
2741 4572 2797 4624 δέ
2847 4571 3072 4623 καὶτῶν
3135 4572 3486 4624 ἀπελθόντων
3546 4572 3740 4639 ἁγίων·

2185 4661 2537 4729 μέμνηταιδὲ
2565 4664 2675 4713 τῶν
2711 4663 2878 4730 μήπω
2913 4662 3159 4725 τελείων,
3191 4664 3332 4730 ὑπὲρ
3363 4665 3462 4731 μὲν
3521 4664 3742 4715 ἐκείνων

2183 4753 2674 4821 εύχαριστουμένη,
2702 4753 2839 4820 ὑπὲρ
2868 4752 2925 4804 δὲ
2955 4753 3160 4806 τούτων
3195 4755 3571 4820 ίκετευομένη.
3618 4754 3744 4804 Ὠσ-

2184 4859 2244 4893 τε
2283 4844 2349 4894 τὰ
2375 4843 2474 4909 μὲν
2508 4843 2700 4911 πρῶτα
2747 4846 2847 4912 τῆς
2871 4845 3260 4913 προσαγωγῆς,
3288 4849 3380 4898 καὶ
3415 4844 3494 4896 ἔτι
3528 4846 3596 4896 τὰ
3634 4845 3747 4895 δεύο

2183 4950 2316 5001 τερα
2373 4935 2732 5003 χαριστήρια,
2787 4937 2853 4987 τὰ
2903 4938 2958 4988 δὲ
3012 4938 3127 5006 μετ’
3184 4941 3390 4998 ἐκεῖνα,
3442 4939 3622 4990 ἱκέσια
3674 4938 3746 4995 είς

2186 5023 2494 5091 ἀνάμνησιν
2527 5025 2622 5074 τοῦ
2655 5026 2883 5094 Κυρίου,
2940 5029 3018 5088 εἰς
3077 5027 3235 5092 δόξαν
3290 5029 3391 5095 τῆς
3438 5029 3744 5094 μαρτυρίου

2186 5113 2351 5166 αὐτοῦ
2385 5115 2626 5183 Μητρὸς,
2658 5119 2732 5176 εἰς
2769 5116 3064 5183 πρεσϐείαν
3096 5119 3205 5170 τῶν
3232 5120 3427 5186 ἁγίων.
3468 5138 3486 5168 ι
3520 5118 3750 5186 Εὐχαρι-

2189 5204 2425 5268 στοῦμέν
2477 5223 2581 5266 σοι,
2622 5207 2808 5273 φησὶν,
2851 5209 2932 5260 ὃτι
2993 5210 3073 5279 τῷ
3104 5210 3319 5276 θανάτῳ
3374 5209 3468 5262 σοῦ
3495 5209 3590 5270 τὰς
3655 5209 3749 5273 τῆς

2185 5295 2329 5361 ζωῆς
2378 5294 2549 5356 πύλας
2585 5297 2716 5364 ἡμῖν
2748 5297 3016 5368 ἀνέῳξας.
3060 5301 3141 5352 ὅτι
3189 5301 3420 5369 Μητέρα
3438 5302 3565 5368 παρ’
3593 5298 3750 5367 ἡμῶν

2187 5383 2378 5444 ἔλαϐες
2405 5423 2416 5440 .
2445 5385 2524 5434 ὅτι
2545 5385 2816 5452 τοσαύτης
2854 5388 3011 5458 δόξης
3067 5389 3258 5457 ἔτυχεν
3317 5391 3624 5457 ἄνθρωπος.
3670 5389 3751 5438 δτι

2189 5473 2538 5543 πρεσϐευτὰς
2568 5476 2769 5545 ἔχομεν
2796 5478 3124 5546 ὁμοφύλους,
3151 5483 3244 5532 καὶ
3277 5485 3387 5543 τοῖς
3428 5481 3751 5550 ὁμογενέσιν

2181 5565 2340 5634 ἡμῶν
2355 5569 2618 5636 τοσαύτης
2645 5570 2952 5635 μετέδωκας
2977 5574 3305 5640 παρρησίας.
3325 5592 3340 5622 ι
3367 5574 3436 5623 Τὸ
3453 5573 3576 5640 γὰρ,
3612 5591 3628 5617 ι
3661 5569 3750 5630 El;

2185 5655 2361 5719 δόξαν»
2391 5673 2407 5704 ι
2435 5661 2546 5722 καὶ,
2570 5675 2586 5707 ι
2612 5658 2701 5720 Εἰς
2728 5660 3073 5728 πρεσϐείαν,ι
3111 5659 3264 5714 tam
3293 5665 3428 5729 ἐστι,
3455 5665 3531 5724 τερ,
3562 5662 3751 5711 ,ἕνεκα
