3992 6202
431 220 528 288 3'31

1679 219 1983 279 NICOLAI
2029 215 2408 276 (.ABASLLE

437 356 596 408 μενος
659 338 725 392 τὰ
785 341 881 408 τῆς
963 341 1275 409 ἱερουργίαις
1331 342 1544 392 ἅπαντα
1607 340 1747 390 κατὰ
1799 339 2000 390 σκοπὸν
2072 337 2406 402 ἀπαντήσειν
2467 331 2635 400 αὐτῷ,
2694 331 2772 392 είς
2830 330 2889 380 τὸ
2947 325 3335 395 θυσιαστήριον

3557 205 3656 266 392

3427 323 3653 393 ἔρχεται,

433 436 530 489 καὶ
555 435 686 497 στὰς
736 435 840 504 πρὸ
869 434 968 497 τῆς
1015 437 1162 501 ἱερᾶς
1199 433 1473 502 τραπέζης
1526 435 1624 501 τῆς
1685 433 1997 503 ἱερουργίας
2037 431 2286 500 ἄρχεται.

1056 525 1204 577 CAP.
1244 525 1358 577 XII.

782 615 854 668 De
884 614 1270 681 gloriﬁcatioue
1310 615 1360 664 in
1395 615 1670 682 principio.

507 704 840 762 Sacrificium
873 710 1050 755 autem
1072 700 1305 768 incipita
1328 699 1714 766 gloriﬁcatione
1740 716 1752 749 :
1788 717 1805 747 ι
1830 698 1999 750 Bene-

435 797 636 850 dictum
679 803 762 846 est
792 807 1011 859 regnum
1065 789 1241 843 Patris
1273 798 1324 843 et
1349 789 1468 842 Filii
1515 798 1568 841 et
1611 789 1843 856 Spiritus
1877 803 2001 840 san-

437 887 534 941 cti.
567 905 584 936 ν
614 885 742 949 Quae
765 883 829 936 ad
858 882 1021 934 Deum
1043 884 1096 934 tit
1118 882 1393 942 allocutio,
1416 881 1806 949 cstgratiarnm
1834 879 1995 940 actio,

435 977 776 1045 glorilicatio,
794 974 1088 1039 confessio,
1108 973 1315 1042 petitio.
1341 973 1520 1025 Prima
1551 984 1731 1026 autem
1758 973 1995 1025 omnium

432 1080 516 1123 est
559 1069 901 1136 glorilicatio,
933 1069 1165 1121 maxime
1209 1067 1448 1130 quidem,
1482 1066 1621 1133 quod
1653 1073 1995 1132 peccatorum

431 1160 568 1229 grati
602 1160 764 1213 animi
797 1169 908 1223 est,
943 1159 1008 1212 ad
1049 1159 1329 1211 Dominum
1380 1157 1701 1210 accedentes
1750 1169 1852 1206 non
1903 1166 2028 1203 sua-

432 1253 610 1304 statitn
648 1253 699 1303 in
735 1251 963 1304 medium
991 1249 1279 1311 adducere,
1324 1248 1414 1300 sed
1443 1263 1561 1315 qurc
1587 1245 1753 1299 solius
1787 1243 1996 1296 Domini

433 1351 569 1404 pure
631 1345 776 1388 sunt.
822 1334 952 1389 Tale
985 1336 1110 1402 quid
1164 1344 1342 1387 autem
1385 1343 1468 1387 est
1520 1329 1864 1400 gloriﬁcatio.
1897 1328 1997 1393 Qui

433 1428 578 1482 enim
628 1429 780 1496 petit,
814 1442 907 1480 sua
938 1428 1122 1480 volens
1177 1425 1484 1492 pulchriora
1522 1422 1722 1484 facere,
1757 1421 1997 1488 scipsum

435 1520 798 1588 prtedicatzet
830 1519 918 1587 qui
950 1519 1153 1586 gratias
1187 1518 1318 1584 agit,
1352 1516 1560 1569 clarum
1593 1523 1676 1566 est
1704 1514 1842 1580 quod
1876 1527 2000 1580 pro-

436 1610 567 1677 priis
607 1609 758 1662 bonis
793 1609 1036 1676 gaudens
1066 1606 1141 1671 ei,
1193 1607 1284 1672 qui
1320 1604 1404 1658 illa
1442 1604 1769 1673 suppeditat,
1800 1603 1999 1670 gratias

431 1702 558 1768 agit.
598 1700 696 1765 Qui
736 1708 914 1751 autem
957 1698 1255 1766 glorilicat,
1308 1696 1488 1763 seipso
1532 1695 1756 1747 dimisso
1786 1701 1838 1746 et
1889 1692 1999 1745 suis

431 1791 685 1846 clunibus
737 1789 912 1858 ipsum
963 1796 1182 1854 prapter
1229 1785 1428 1853 ipsum,
1475 1795 1528 1838 et
1575 1785 1748 1851 ipsius
1788 1783 1997 1837 Domini

432 1881 724 1949 potentiam
780 1888 832 1933 et
894 1878 1112 1945 gloriam
1173 1877 1458 1946 gloriﬁcat.
1520 1876 1836 1937 Praeterea,
1885 1875 1997 1942 ipsa

430 1970 592 2022 etiam
625 1978 814 2020 natura
849 1977 894 2019 et
933 1967 1008 2020 rei
1041 1965 1412 2034 probabilitas,
1439 1965 1522 2017 hic
1552 1966 1779 2029 primam
1805 1963 2004 2032 glorili-

429 2063 696 2115 cntionem
730 2060 915 2127 exigit.
944 2058 1192 2112 Protinus
1219 2059 1361 2111 enim
1391 2058 1455 2110 ad
1487 2058 1653 2109 Deum
1683 2057 2002 2109 accedentes

432 2149 801 2203 accessibilem
853 2148 970 2213 ejus
1017 2149 1261 2215 gloriam,
1294 2157 1347 2199 et
1383 2148 1682 2216 potentiam
1715 2157 1766 2200 et
1803 2146 2004 2211 magni-

437 2240 675 2293 tudinem
706 2251 885 2292 mente
915 2240 1238 2306 cogitamus,
1267 2239 1410 2305 quod
1437 2238 1657 2306 quidem
1718 2237 2002 2289 admiratio

439 2337 491 2381 rt
521 2328 936 2397 obstupefactiu,
968 2337 1021 2382 et
1048 2344 1169 2396 qua:
1200 2336 1325 2383 sunt
1358 2328 1619 2393 ejusmodi
1656 2343 2002 2396 consequun-

441 2431 550 2484 tur,
567 2423 667 2474 hoc
695 2429 874 2474 autem
902 2420 1219 2485 glorilicatio
1245 2420 1551 2474 necessario
1581 2420 1848 2487 sequitur.
1875 2420 2005 2473 Pro-

439 2516 692 2568 cedentes
742 2522 920 2566 autem
956 2514 1074 2580 ejus
1103 2512 1486 2580 benignitatem
1519 2522 1574 2566 et
1615 2514 2000 2566 hmuanitatem

437 2603 736 2655 discimus:
784 2601 928 2669 quod
961 2603 1313 2669 consequitur
1347 2601 1642 2669 gratiarum
1673 2605 1836 2655 actio.
1871 2603 2001 2656 Post

436 2694 536 2745 hoc
599 2692 861 2760 insignem
917 2689 1034 2759 ejus
1105 2691 1495 2759 benignitatem
1545 2701 1600 2745 et
1644 2691 2000 2745 humanitatis

433 2780 649 2833 divitias
679 2779 1107 2840 consideramus,
1145 2789 1389 2831 nostram
1422 2777 1825 2845 improbitatem
1857 2781 1998 2833 illius

434 2869 706 2923 subiciens
744 2883 862 2924 esse
917 2869 1129 2938 signum
1180 2869 1482 2922 ducentes:
1522 2871 1665 2938 quod
1703 2885 1824 2924 cum
1864 2873 1997 2925 tales

435 2964 624 3023 simus,
659 2977 761 3016 nos
791 2962 1069 3016 beneﬁciis
1101 2962 1313 3016 allicere
1343 2977 1616 3031 nunquam
1649 2972 1845 3017 cesset.
1884 2963 1997 3018 Hoc

434 3055 580 3105 enim
615 3052 850 3121 signum,
892 3053 1053 3104 etiam
1085 3062 1210 3105 ante
1243 3052 1370 3115 alia,
1407 3067 1505 3106 nos
1538 3053 1692 3107 docet
1726 3069 1884 3121 quam
1915 3065 1996 3108 est

2016 524 2065 581 Α

2679 518 2720 566 Κ
2734 515 2925 567 ΕΦΑΛ.
2965 513 3063 566 IB'.

2396 611 2532 677 Περὶ
2571 607 2678 676 τῆς
2715 612 2782 660 ἐν
2815 605 2972 674 ἀρχῇ
3008 603 3386 671 δοξολογίας.

2172 707 2278 757 Καὶ
2303 704 2520 771 πρῶτον
2549 702 2767 768 ἁπάσης
2790 701 2886 765 τῆς
2917 697 3218 768 ίερολογίας
3242 696 3388 748 ἐστίν
3413 692 3662 763 ἀρχὴτῆς

2095 793 2426 860 δοξολογίας·
2480 811 2497 843 ι
2539 792 2893 860 Εὐλογημένη
2937 787 3248 858 ἡβασιλεία
3294 785 3389 837 τοῦ
3440 786 3662 852 Πατρός,

2101 887 2191 937 καὶ
2206 887 2299 937 τοῦ
2321 884 2587 946 Υίοῠ,⁰και
2611 884 2702 936 τοῦ
2727 884 2882 951 ἁγίου
2912 881 3228 947 [Ινεύματος
3243 918 3258 934 .
3275 896 3291 928 ι
3313 879 3374 930 'H
3395 876 3665 946 πρὸςθεδν

2100 978 2358 1043 ἔντευξις.
2385 976 2702 1046 εὐχαριστία
2735 973 2873 1038 ἐστὶ,
2924 972 3225 1037 δοξολογία,
3261 969 3663 1036 ἐξομολόγησις.

2101 1067 2334 1134 αἴτησις.
2375 1067 2570 1135 Πρώτη
2603 1066 2659 1117 δὲ
2682 1064 2872 1115 πασῶν
2903 1063 2935 1131 ἡ
2964 1061 3264 1126 δοξολογία,
3301 1059 3531 1126 μάλιστα
3573 1057 3668 1123 μὲν

2101 1155 2179 1204 ὅτι
2217 1153 2372 1204 τοῦτο
2398 1151 2623 1204 οἰκετῶν
2657 1151 3015 1218 εὐγνωμόνων
3045 1147 3120 1215 τῷ
3149 1146 3392 1214 Δεσπότῃ
3427 1143 3670 1210 προσιόνο

2103 1263 2230 1302 των,
2269 1245 2343 1311 μὴ
2375 1243 2444 1295 τὰ
2477 1242 2690 1294 ἑαυτῶν
2725 1242 2940 1312 πρῶτον
2971 1240 3125 1306 ἄγειν
3156 1240 3237 1300 είς
3269 1237 3454 1304 μέσον·
3482 1235 3596 1285 ἀλλ’
3616 1235 3671 1286 5.-

2103 1352 2207 1400 περ
2244 1335 2404 1402 μόνον
2447 1335 2565 1385 ἐστι
2605 1333 2854 1402 καθάπερ
2884 1331 2979 1382 τοῦ
3014 1329 3296 1382 δεσπότου.
3340 1325 3593 1377 Τοιοῦτον
3617 1325 3670 1376 δὲ

2099 1425 2460 1492 ’ίιᾼδοξολογίσι⁸
2510 1425 2536 1475 ὁ
2569 1424 2664 1492 μὲν
2723 1423 2832 1490 γὰρ
2871 1422 3061 1483 αἰτῶν,
3109 1420 3177 1472 τὰ
3223 1416 3418 1470 ἑαυτοῦ
3473 1416 3671 1468 καλλίω

2103 1488 2422 1584 βουλόμενος
2471 1488 2715 1583 ποιησαι,
2755 1488 2914 1565 αίτεῖ·
2971 1513 3062 1564 καὶ
3114 1512 3142 1562 ὁ
3189 1506 3675 1575 ἐξομολογούμενος

2103 1605 2285 1657 κακῶν
2325 1605 2707 1672 ἀπαλλαγῆναι
2763 1603 2965 1671 ζητῶν,
3009 1601 3201 1654 ἑαυτὸν
3246 1595 3672 1669 προσαγγέλλει,

2102 1695 2198 1747 καὶ
2226 1693 2564 1764 εὐχαριστῶν
2594 1694 2751 1762 δῆλός
2779 1696 2945 1756 ἐστιν,
2980 1693 3062 1743 ὅτι
3092 1693 3204 1752 τοῖς
3262 1688 3415 1750 ίδίοις
3447 1686 3675 1753 ἀγαθοῖς

2103 1787 2309 1855 χαίρων
2359 1786 2690 1854 εὐχαριστεῖ·
2724 1788 2750 1837 ό
2799 1785 2852 1836 δὲ
2902 1783 3217 1848 δοξολογῶν,
3252 1782 3440 1834 ἑαυτὸν
3493 1782 3672 1847 ἀφεὶς,

2107 1877 2203 1930 καὶ
2233 1877 2298 1927 τὰ
2343 1875 2536 1928 ἑαυτοῦ
2574 1876 2772 1938 πάντα,
2809 1875 2970 1925 αὐτὸν
3002 1873 3068 1925 δι’
3099 1873 3282 1936 αὑτὸν,
3317 1871 3407 1923 καὶ
3446 1871 3541 1938 τὴν
3574 1873 3673 1922 αὺ-

2107 1969 2197 2019 τοῦ
2253 1967 2482 2034 δύναμιν
2552 1966 2646 2018 καὶ
2690 1964 2866 2029 δόξαν,
2925 1965 3016 2017 τὸν
3059 1965 3334 2029 Δεσπότην
3383 1962 3674 2027 δοξολογεῐο

2106 2059 2295 2112 ἔπειτα
2322 2060 2415 2110 καὶ
2444 2058 2580 2128 αὑτὴ
2613 2060 2644 2126 ἡ
2682 2057 2867 2124 φύσις,
2904 2059 2996 2108 καὶ
3031 2057 3090 2107 τὸ
3111 2057 3255 2117 εἰκὸς
3287 2054 3380 2106 τοῦ
3413 2054 3678 2122 πράγμα-

2105 2172 2193 2215 τος
2235 2153 2471 2205 ἐνταῦθα
2508 2151 2730 2220 πρώτην
2748 2153 2970 2202 ἀπαιτεῖ
3004 2149 3101 2218 τὴν
3130 2148 3463 2214 δοξολογίαν.
3499 2147 3678 2209 Εὐθὺς

2105 2245 2211 2314 γὰρ
2240 2245 2314 2312 τῷ
2337 2244 2455 2312 Θεῷ
2483 2244 2934 2314 προσερχόμενοι,
2976 2243 3036 2296 τὸ
3066 2243 3360 2312 ἀπρόσιτον
3400 2241 3496 2309 τῆς
3519 2240 3678 2309 δόξης

2105 2335 2266 2387 αὐτοῦ
2308 2336 2402 2386 καὶ
2446 2336 2544 2403 τὴν
2568 2336 2822 2403 δύναμιν,
2865 2337 2960 2388 καὶ
2999 2335 3059 2388 τό
3101 2335 3395 2403 μεγαλεῖον
3447 2350 3677 2384 κατανο-

2103 2421 2290 2489 οῦμενί
2319 2415 2361 2488 ᾧ
2392 2423 2593 2491 θαῦμα,
2631 2428 2722 2475 καὶ
2751 2424 3011 2492 ἔκπληξις
3065 2425 3157 2476 καὶ
3195 2425 3260 2476 τὰ
3288 2422 3512 2476 τοιαῦτα
3546 2424 3677 2473 ἀκι-

2103 2513 2304 2578 λουθεί,
2330 2515 2490 2566 τοῦτο
2521 2517 2575 2567 δὲ
2610 2519 2641 2585 ἡ
2683 2517 2982 2584 δοξολογία.
3039 2517 3323 2584 Προῖόντες
3341 2516 3416 2580 δὲ,
3448 2517 3546 2584 τὴν
3584 2517 3677 2568 αὐ-

2101 2605 2194 2656 τοῦ
2233 2607 2565 2675 χρησότητα,
2599 2609 2692 2659 καὶ
2711 2608 3041 2674 δοξολογίαν,
3093 2609 3186 2661 καὶ
3239 2607 3673 2677 φιλανθρωπίαν,

2101 2690 2143 2762 ᾧ
2178 2697 2464 2748 ἀκολουθεῖ
2495 2700 2524 2767 ἡ
2558 2700 2904 2769 εὐχαριστία·
2947 2699 3084 2767 μετὰ
3112 2699 3285 2762 τοῦτο,
3317 2699 3415 2769 τὴν
3447 2698 3681 2769 ὑπερδο-

2101 2787 2196 2855 λὴν
2221 2787 2382 2840 αὑτοῦ
2412 2789 2506 2858 τῆς
2527 2792 2916 2861 χρηστότητος,
2945 2795 3037 2844 καὶ
3057 2793 3146 2844 τὸν
3176 2792 3407 2844 πλοῦτον
3431 2793 3527 2859 τῆς
3558 2791 3680 2859 φιλ-

2100 2880 2414 2948 ανθρωπίας
2469 2882 2914 2950 ἁνασκοποῦμεν,
2966 2884 3168 2950 ταύτης
3221 2883 3526 2953 ὑπερϐολῆς
3586 2885 3677 2933 καὶ

2099 2971 2293 3022 τούτου
2334 2973 2427 3024 τοῦ
2469 2973 2700 3025 πλούτου
2738 2977 2966 3042 σημεῖον
2994 2975 3309 3041 ποιούμενοι
3339 2976 3551 3044 πρῶτον
3587 2984 3678 3031 καὶ

2102 3061 2302 3125 ἱκανὸν,
2335 3063 2431 3130 τὴν
2451 3064 2607 3130 ἡμῶν
2637 3063 2815 3115 αὐτῶν
2851 3064 3137 3134 πονηρίαν,
3164 3067 3248 3116 ὅτι
3277 3066 3548 3128 τοιούτους
3576 3065 3679 3117 ’ὅν-

433 3140 699 3208 benignus
731 3148 784 3192 et
835 3141 1101 3194 humanus
1151 3140 1315 3204 Deus,
1353 3143 1497 3208 quod
1544 3142 1595 3195 in
1641 3143 1819 3207 nobis,
1853 3147 1993 3212 quod

2103 3167 2218 3213 τας,
2257 3152 2559 3217 εὐεργετῶν
2591 3153 2650 3203 οὐ
2683 3153 2965 3205 διαλείπει.
3003 3153 3392 3222 Τοῦτο-γὰρτὸ
3423 3157 3678 3222 σημεῖον,

433 3230 725 3298 anteipsos
752 3230 958 3284 oculos.
996 3229 1314 3285 Nostrormn
1347 3243 1526 3286 autem
1561 3234 1825 3289 malorum
1859 3240 1996 3306 apud

438 3320 602 3374 Deum
629 3321 959 3384 meminisse,
983 3322 1080 3374 hoc
1104 3324 1344 3390 estquod
1368 3326 1674 3379 nominatur
1709 3326 1999 3380 confessio.

434 3411 700 3476 Quartum
750 3421 950 3474 autem,
1005 3413 1212 3480 petitio.
1245 3415 1676 3470 Consentaneum
1727 3418 1871 3471 enim
1922 3429 2002 3470 cst

433 3502 742 3565 conlidere,
775 3503 916 3570 quod
973 3504 1058 3555 illa
1104 3519 1328 3574 quorum
1367 3522 1610 3576 egemus,
1647 3519 1890 3574 petentes
1939 3525 2000 3562 ea

435 3605 855 3658 consequemur,
893 3601 1016 3661 post
1053 3608 1146 3647 eas
1193 3595 1676 3662 considerationes,
1712 3597 1766 3650 in
1805 3599 2003 3666 quibus

437 3681 530 3735 Dei
564 3683 615 3735 in
643 3696 737 3736 nos
767 3683 1155 3752 benignitatem
1182 3694 1234 3737 et
1263 3687 1650 3740 humanitatem
1683 3689 1998 3744 ediscimus.

436 3773 538 3838 Qui
573 3776 714 3828 enim
755 3775 818 3828 iis
845 3775 937 3844 qui
992 3776 1116 3830 mali
1176 3781 1355 3832 adhuc
1407 3789 1583 3845 erant,
1639 3781 1812 3835 bonus
1868 3766 2001 3846 fuit:

434 3870 696 3938 quidnam
729 3871 834 3923 erit
862 3870 1102 3935 mutatis,
1135 3882 1188 3924 et
1223 3873 1364 3940 quod
1393 3874 1549 3940 primi
1595 3885 1809 3940 peccata
1847 3874 2004 3928 dixe-

439 3962 567 4024 rint,
609 3961 938 4032 justiﬁeatis,
977 3965 1366 4018 convenienter
1413 3965 1459 4016 ci
1495 3965 1632 4031 qttod
1667 3981 1693 4016 a
1744 3967 2004 4034 propheta

437 4050 642 4103 dictum
671 4060 792 4105 est:
831 4071 847 4102 ι
889 4052 983 4105 Dic
1020 4055 1224 4119 primus
1262 4064 1478 4120 peccata
1509 4064 1619 4117 tna,
1653 4066 1710 4108 ιιι
1745 4058 2005 4123 jnstilice—

442 4141 518 4193 ris
548 4139 571 4191 ‘I
600 4158 618 4189 ι
651 4137 706 4190 In
741 4140 1113 4207 compellando
1143 4155 1272 4207 ergo
1304 4143 1406 4194 Deo
1437 4142 1667 4208 primum
1700 4143 1870 4195 locum
1908 4145 2002 4196 ha-

444 4231 534 4284 bet
560 4228 904 4298 gloriﬁeatio.
935 4226 1282 4296 Quapropter
1335 4242 1458 4282 ante
1506 4247 1695 4285 omnes
1731 4249 1916 4300 preces
1953 4248 2000 4288 ct

437 4335 598 4373 omne
652 4318 975 4373 sacriﬁcium
1021 4318 1276 4373 sacerdos
1332 4320 1599 4389 gloriﬁcat
1662 4323 1852 4378 Deum.
1899 4326 2006 4379 Cur

437 4422 568 4477 ergo
599 4418 680 4460 ter
733 4408 897 4461 Deum
949 4408 1264 4474 glorificans
1293 4410 1509 4470 eﬂatur.
1545 4423 1598 4466 et
1629 4429 1732 4466 non
1771 4416 2005 4482 singula-

2104 3241 2198 3292 καὶ
2226 3241 2329 3310 πρὸ
2356 3242 2461 3293 τῶν
2498 3243 2670 3296 ἄλλων
2733 3246 2875 3312 ἡμᾶς
2909 3245 3147 3296 διδάσκει
3181 3247 3304 3298 ὅσον
3342 3246 3456 3296 ἐστὶ
3487 3247 3682 3312 φιλάνο

2104 3329 2318 3396 θρωπος
2353 3334 2378 3382 ὁ
2409 3333 2558 3395 Θεὸς,
2614 3334 2694 3385 ὅτι
2721 3335 3035 3402 ἐγγύτερον,
3063 3335 3141 3387 ὅτι
3173 3338 3228 3387 ὲν
3253 3337 3406 3404 ἡμῖν,
3463 3337 3544 3388 ὅτι
3576 3339 3681 3404 προ

2103 3422 2209 3473 τῶν
2235 3423 2550 3492 ὀφθαλμῶν,
2596 3425 2667 3475 Τὸ
2693 3426 2747 3477 δὲ
2773 3427 3084 3496 μεμνῆσθαι
3109 3427 3215 3479 τῶν
3248 3428 3532 3496 ἡμετέρων
3576 3445 3680 3482 κα-

2103 3513 2213 3564 κῶν
2251 3513 2390 3582 πρὸς
2410 3515 2500 3565 τὶν
2525 3515 2676 3576 Θεὸν,
2706 3518 2862 3570 τοῦτό
2919 3520 3065 3570 ἐστιν
3096 3519 3123 3570 ὃ
3156 3519 3536 3588 ἐξομολόγησις
3564 3521 3683 3571 ὀνο-

2109 3603 2361 3671 μάζεται.
2398 3605 2669 3673 Τέταρτον
2721 3608 2798 3669 δὲ,
2859 3608 3159 3676 ἡαίτησις.
3202 3610 3516 3661 Ἀκόλουθον
3569 3611 3681 3677 γὰρ

2110 3693 2350 3762 Θαρρείν,
2414 3696 2487 3755 ὡς
2520 3689 2593 3747 ὧν
2653 3697 2905 3766 δεόμεθα,
2947 3701 3282 3768 αἰτούμενοι,
3344 3700 3679 3768 τευξόμεθα,

2108 3784 2242 3850 με.τὰ
2277 3783 2493 3845 τούτους
2524 3787 2646 3846 τοὺς
2686 3786 2974 3854 λογισμοὺς
3007 3789 3064 3840 ὲν
3107 3783 3184 3850 οἷς
3223 3789 3320 3859 τὴν
3353 3791 3477 3858 περὶ
3528 3792 3684 3859 ἡμᾶς

2105 3872 2197 3923 τοῦ
2222 3872 2354 3923 Θεοῦ
2398 3877 2739 3945 χρηστότητα
2769 3881 2861 3930 καὶ
2892 3877 3296 3948 φιλανθρωπίαν
3327 3881 3683 3946 καταμανθά-

2106 3981 2284 4031 νομεν.
2329 3965 2388 4015 Ὀ
2419 3964 2525 4036 γὰρ
2553 3971 2811 4036 πονηροῖς
2829 3965 2978 4021 οὖσιν
3005 3972 3086 4023 ἔτι
3135 3973 3426 4040 γενόμενος
3451 3975 3682 4042 ἀγαθὸς,

2104 4052 2184 4112 τίς
2216 4052 2280 4104 ἂν
2331 4055 2541 4119 γένοιτο
2591 4057 3115 4127 μεταϐαλλομένοις;
3149 4063 3241 4114 καὶ
3290 4065 3379 4115 διὰ
3421 4065 3478 4117 τὸ
3503 4067 3684 4118 εἰπεῖν

2106 4145 2370 4213 πρότερον
2397 4147 2492 4207 τὰς
2524 4148 2822 4216 ἁμαρτίας,
2846 4151 3205 4216 δικαιωθεῖσι,
3247 4155 3387 4207 κατὰ
3430 4156 3488 4207 τὸ
3527 4159 3682 4224 εἰρηο

2111 4236 2269 4301 μένον
2305 4237 2407 4286 ὑπο
2449 4237 2543 4288 τοῦ
2607 4241 2886 4307 προφήτου
2920 4257 2932 4268 ·
2976 4242 3155 4308 «Λέγε
3187 4245 3249 4296 σὺ
3307 4243 3520 4312 πρῶτον
3579 4249 3683 4309 τὰς

2107 4327 2381 4395 ἁμαρτίας
2455 4330 2571 4389 σοῦ,
2627 4330 2712 4382 ἵνα
2771 4332 3106 4402 δικαιωθῇς;
3174 4352 3191 4384 ι
3243 4335 3401 4388 Οὕτω
3453 4337 3682 4406 πρώτην

2106 4415 2219 4484 ἔχει
2248 4416 2397 4481 τάξιν
2429 4418 2538 4468 τῶν
2588 4419 2720 4488 πρὸς
2774 4419 2906 4472 Θεὸν
2956 4423 3248 4484 ἐντεύξεων
3294 4425 3327 4493 ἡ
3374 4424 3679 4492 δοξολογία.

439 4497 614 4552 riter?
642 4497 759 4552 Non
789 4502 931 4551 enim
975 4498 1294 4554 Benedictus
1327 4501 1487 4565 Deus,
1529 4503 1610 4556 vel
1657 4502 1999 4558 Benedictum

2107 4509 2200 4557 Διὰ
2223 4507 2377 4558 τοῦτο
2425 4509 2524 4577 πρ³»
2557 4511 2733 4577 πάσης
2798 4512 2965 4580 εὐχῆς
3024 4515 3116 4565 καὶ
3167 4515 3487 4584 ίερολογίας.
3541 4519 3566 4568 ὁ
3606 4519 3685 4570 ἱε-

441 4590 533 4644 Dci
565 4605 809 4659 regnum,
848 4591 936 4644 sed
971 4590 1180 4643 divisim
1235 4608 1326 4660 per
1361 4607 1618 4660 personas
1653 4610 1666 4646 :
1709 4611 1729 4646 ε
1771 4596 1998 4650 Benedi-

437 4691 584 4733 ctum
617 4679 707 4733 Dei
736 4694 981 4748 regnum,
1011 4679 1181 4734 Patris
1205 4681 1392 4735 etFilii
1415 4693 1466 4735 et
1500 4681 1732 4750 Spiritus
1765 4686 1992 4740 sancti.»

439 4769 573 4832 Quia
605 4783 701 4837 per
740 4771 965 4838 primam
997 4769 1201 4824 Christi
1229 4771 1658 4827 incarnationem
1693 4775 1998 4829 didicerunt

442 4857 710 4921 homines,
747 4859 889 4926 quod
940 4868 1049 4912 tres
1083 4874 1325 4926 personae
1364 4861 1502 4914 Deus
1534 4871 1637 4915 est.
1685 4862 1857 4932 Hujus
1899 4879 1998 4917 au-

440 4958 546 5001 tem
590 4948 800 5002 Domini
841 4950 1232 5006 incarnationis
1286 4954 1602 5022 mysterium
1658 4965 1781 5008 sunt
1840 4969 1996 5010 sacra

437 5052 558 5106 qua:
589 5039 951 5092 celebrantur.
977 5039 1130 5094 Unde
1162 5043 1211 5094 in
1238 5057 1422 5096 eormn
1449 5046 1688 5098 exordiis
1717 5049 2001 5114 oportebat

438 5125 761 5182 Trinitatem
801 5130 1144 5198 resplendere
1179 5143 1233 5185 et
1296 5133 1602 5201 prmdicari.
1639 5136 1766 5190 Post
1796 5139 1996 5206 gloriﬁ-

434 5219 706 5273 cationem
755 5229 974 5283 autem,
1032 5220 1327 5274 introducit
1383 5223 1733 5291 petitionem,
1787 5227 2000 5289 dicens,

441 5324 462 5357 ε
505 5308 557 5360 In
589 5323 717 5376 pace
752 5307 1034 5362 Dominum
1065 5324 1319 5376 oremus;
1365 5331 1384 5364 ι
1424 5313 1552 5366 illud
1589 5315 1732 5367 enim
1755 5354 1770 5380 ,
1806 5333 1824 5366 ι
1865 5317 2004 5380 Quid

433 5413 655 5453 oremus
690 5411 749 5454 ut
777 5408 1010 5470 Oportet,
1038 5401 1344 5468 nescimus;
1387 5422 1405 5455 ι
1445 5414 1496 5459 et
1529 5419 1594 5458 ne
1623 5406 1789 5459 multa
1824 5416 1877 5458 ct
1911 5421 2002 5460 su-

433 5501 769 5553 pervacanea
823 5490 1143 5559 loquamur,
1195 5491 1394 5544 docens
1441 5507 1539 5546 nos
1591 5508 1708 5560 qua:
1756 5493 2002 5547 oratione

437 5577 679 5634 iacienda
721 5593 876 5647 sunt;
909 5592 959 5636 et
989 5582 1161 5649 printo
1188 5583 1339 5636 docet
1371 5584 1606 5649 modum,
1634 5600 1821 5653 nempe
1853 5589 1994 5654 quod

2107 4601 2232 4665 ρεὺς
2267 4597 2534 4666 δτιξολογεί
2567 4601 2655 4651 τὸν
2689 4601 2842 4654 Θεόν.
2877 4603 2941 4653 Τί
2978 4603 3070 4656 οὖν
3111 4606 3170 4656 τὸ
3223 4608 3441 4675 τρισσὸν
3481 4610 3683 4676 ἐπιφη-

2110 4688 2253 4755 μίζει
2285 4689 2376 4740 τοῦ
2403 4689 2535 4740 Θεού
2565 4693 2655 4742 καὶ
2684 4692 2742 4742 οὐ
2784 4694 2843 4745 τὸ
2879 4695 3113 4757 ἑνιαῖονς
3148 4697 3221 4748 Οὐ
3249 4697 3357 4766 γὰρ
3387 4698 3682 4767 εὐλογητὶς

2105 4783 2130 4833 ὁ
2177 4782 2322 4842 Θεὸς,
2417 4785 2753 4853 εὐλογημένη
2798 4790 2829 4855 ἠ
2886 4788 3146 4855 βασιλεία,
3181 4789 3314 4841 ἀλλὰ
3365 4792 3473 4852 τοῖς
3505 4807 3677 4860 προσ·

2104 4873 2271 4934 ώποις
2321 4874 2682 4943 διῃρημένωςο
2737 4898 2754 4927 ς
2788 4879 3135 4949 Εὐλογημένη
3197 4883 3228 4950 ἡ
3289 4881 3537 4950 βασιλεία
3582 4886 3679 4935 τοῦ

2106 4963 2315 5030 Πλτρῦς
2345 4965 2435 5016 καὶ
2462 4965 2553 5017 τοῦ
2583 4965 2730 5029 Υίοῦ,
2755 4972 2843 5018 καὶ
2876 4969 2966 5020 τοῦ
2990 4972 3143 5036 ἁγίου
3173 4972 3509 5042 Πνεῦματοςο
3548 4993 3564 5026 ι
3595 4975 3679 5026 ὅτι

2105 5053 2194 5103 διὰ
2216 5054 2310 5120 τῆς
2349 5056 2814 5127 ὲνανθρωπήσεως
2847 5061 2937 5112 τοῦ
2979 5063 3179 5131 Κυρίου
3205 5065 3419 5132 πρῶτον
3441 5065 3683 5133 ἑμὰνθαυ

2106 5160 2194 5193 νον
2226 5146 2270 5193 οἱ
2305 5145 2586 5215 ἄνθρωποι
2618 5148 2692 5211 ὡς
2720 5149 2804 5220 εἴη
2846 5152 2969 5218 τρία
2995 5155 3260 5221 πρόσωπα
3293 5159 3319 5208 ὁ
3344 5157 3492 5217 Θεὸς.
3535 5156 3680 5208 Ταύ-

2103 5251 2199 5302 της
2237 5235 2296 5286 δὲ
2327 5237 2424 5304 τῆς
2453 5239 2912 5309 ἐνανθρωπήσεως
2951 5243 3042 5296 τοῦ
3080 5247 3284 5314 Κυρίου
3315 5250 3678 5317 μυσταγωγία

2102 5325 2218 5376 ἐστὶ
2242 5326 2306 5376 τὰ
2331 5327 2665 5393 τελούμενα·
2720 5332 2842 5384 ὅθεν
2877 5336 2934 5384 ἐν
2962 5338 3070 5397 τοῖς
3128 5339 3434 5407 προοιμίοις
3497 5341 3680 5393 αὐτῶν

2103 5413 2207 5464 ἔδει
2236 5415 2615 5484 προσλάμπειν
2641 5419 2734 5470 καὶ
2760 5421 3236 5495 κηρύττεσθαιτὴν
3261 5428 3486 5494 Τριάδα.
3520 5428 3676 5481 Μετὰ

2099 5503 2154 5553 δὲ
2185 5505 2278 5573 τὴν
2313 5505 2618 5575 δοξολογίαν
2643 5512 2851 5578 είσέιγει
2878 5515 2975 5581 τὴν
3007 5518 3238 5588 αἴτησιν,
3279 5519 3471 5588 λέγων,
3511 5543 3527 5572 ι
3587 5522 3679 5572 Ἑν

2109 5596 2294 5665 εἰρήνη
2331 5598 2420 5648 τοῦ
2453 5601 2655 5669 Κυρίου
2693 5603 2992 5675 δεῃθῶμεν.
3037 5627 3052 5657 ›
3088 5610 3159 5660 Τὸ
3191 5613 3318 5681 γὰρ,
3360 5632 3374 5660 ι
3413 5614 3473 5664 Τί
3514 5630 3681 5683 προσ-
