3992 6202
353 305 465 368 3'3

1545 325 1944 385 LITURGL’E
1987 326 2413 388 EXPOSITIO.

3484 346 3583 403 333i

348 414 622 483 ευξόμεθα
652 414 776 469 καθ’
805 416 834 469 δ
855 418 953 483 δεῖ,
981 420 1078 473 οὐκ
1105 421 1348 492 οῖδαμεν’
1383 444 1399 479 ι
1442 430 1537 480 καὶ
1569 432 1658 484 ἴνα
1686 433 1760 501 μὴ
1792 433 1905 503 βατε

2026 437 2077 490 iu
2116 453 2245 505 pace
2280 454 2442 495 orare
2481 450 2715 510 Oportet.
2759 443 3055 515 Quidergo
3088 458 3206 515 post
3247 450 3604 518 gloriticatin-

348 507 689 576 τολογῶμεν,
718 508 961 563 διδάσκει
983 512 1134 583 ἡμᾶς
1157 514 1193 568 ἃ
1214 515 1295 568 δεῖ
1323 523 1452 588 περὶ
1477 520 1574 587 τῆς
1630 524 1814 593 εὐχῆς
1840 526 1933 577 καὶ

351 597 569 665 πρῶτον
595 599 686 651 τὸν
717 602 917 669 τρόπον
946 604 1026 657 ὅτι
1059 606 1119 656 ἐν
1172 607 1365 678 εἰρήνη
1416 610 1695 679 εὔχεσθαι.
1750 614 1814 666 Τί
1839 610 1933 667 οὖν

351 688 497 755 μετὰ
526 690 626 757 τὴν
648 689 961 759 δοξολογίαν
984 694 1146 758 εὐθὺς
1171 699 1441 752 αἰτεῖσθαι
1463 701 1769 767 ἐκέλευσεν,
1801 707 1927 759 οὔτε

344 778 922 850 ἐξομολογησαμένους
965 786 1248 859 πρότερον,
1286 790 1407 844 οὔτε
1437 792 1932 867 εὐχαριστήσαντας

344 869 427 938 τῷ
454 872 575 942 Θεῷ
604 890 618 938 ;
656 873 779 927 Ὀτι
806 877 864 927 ὲν
923 877 1002 948 τῷ
1029 880 1203 933 εἰπεῖν
1233 884 1329 950 τήν
1392 884 1637 955 εἰρήνην,
1705 888 1933 943 κάκεῖνα

347 964 699 1031 περιέλαϐεν,
761 965 816 1017 εῖ
851 983 934 1030 τις
987 970 1201 1039 άληθῶς
1243 973 1422 1027 ἐθέλει
1477 980 1724 1032 σκοπεῖν.
1795 979 1932 1033 Οὔτε

343 1055 459 1121 γὰρ
510 1056 537 1107 ὀ
570 1056 1017 1128 ἀπαρεσκόμενος
1054 1065 1167 1125 τοῖς
1203 1066 1591 1135 συμϐαίνουσιν
1623 1069 1767 1140 αὐτῷ
1793 1071 1932 1124 κατὰ

342 1143 441 1193 τὸν
475 1142 610 1210 βίον,
661 1146 893 1200 δύναται
937 1151 1167 1224 εἰρήνην
1194 1155 1251 1207 ἐν
1299 1157 1478 1227 ἑαυτῷ
1522 1158 1689 1228 ἔχειν,
1736 1160 1851 1213 ἀλλ’
1903 1163 1931 1214 ὀ

340 1234 649 1304 εὐγνώμων
688 1240 785 1292 καί
815 1241 874 1293 ἐν
900 1244 1064 1296 παντί
1125 1246 1466 1317 εὐχαριστῶν
1498 1252 1639 1305 κατά
1689 1252 1784 1304 τὸν
1831 1251 1928 1306 τοῦ

339 1319 621 1394 μακαρίου
684 1329 893 1384 Παύλου
942 1333 1125 1404 νόμον·
1159 1337 1285 1390 οὔτε
1316 1340 1344 1391 ὁ
1383 1342 1456 1409 μὴ
1502 1342 1741 1406 συνειδὸς
1792 1344 1930 1414 ἔχων

338 1414 611 1507 καθαρόν
642 1421 881 1507 συνειδὸς
908 1422 966 1475 δὲ
990 1426 1228 1497 καθαρὸν
1272 1430 1442 1500 χωρὶς
1492 1432 1930 1507 ἐξομολογήσεως

333 1504 629 1575 ἀμήχανον
672 1505 834 1566 εἰναι.
878 1512 1041 1567 Ὥστε
1079 1519 1219 1586 μετὰ
1260 1521 1482 1592 εἰρήνης
1505 1504 1817 1597 εὐχόμενος,
1840 1532 1930 1582 εύ-

338 1599 716 1692 χαριστοῦσαν
748 1604 841 1655 καί
872 1604 1380 1683 ἐξομολογουμένην
1412 1616 1676 1688 πρότερον
1692 1619 1814 1689 ἔσχε
1832 1621 1929 1692 τήν

334 1687 552 1782 ψυχήν.
585 1692 708 1745 Ἔτι
737 1692 794 1745 δὲ
841 1696 935 1747 καὶ
959 1698 1174 1768 σίτησις
1228 1703 1297 1772 ήν
1332 1687 1629 1774 αἰτοῦνται,
1675 1687 1927 1782 εὐχαρισο

2034 545 2157 584 nrm
2189 533 2374 585 statim
2416 532 2579 599 jussit
2617 544 2798 602 petere
2825 552 2920 592 eos
2962 538 3055 607 qui
3086 556 3260 608 neque
3288 544 3435 610 prius
3465 559 3600 598 cou-
3649 528 3659 539 ’

2034 618 2162 675 fessi
2203 629 2345 687 sunt,
2388 637 2566 690 neque
2597 624 2705 678 Deo
2733 628 2935 694 gratias
2987 632 3257 697 egerunt?
3286 633 3423 698 Quia
3474 638 3599 689 (illm

2038 726 2224 779 pacem
2256 713 2417 780 dixit,
2446 714 2534 767 illa
2565 715 2728 768 etiam
2769 719 3196 787 comprehendit,
3231 724 3273 777 si
3322 724 3444 792 quis
3478 728 3556 779 vel
3587 738 3605 779 t

2034 815 2223 857 exacte
2254 805 2597 860 considerare
2658 792 2841 876 Neque
2874 809 3017 863 enim
3061 812 3151 879 qui
3198 827 3303 865 non
3346 824 3427 868 est
3468 830 3598 868 cou-

2034 902 2212 947 tentus
2245 895 2310 946 iis
2357 909 2476 961 quae
2504 896 2605 950 sibi
2650 897 2702 949 in
2753 896 2857 950 vita
2915 898 3189 961 eveniunt,
3227 909 3404 968 potest
3444 901 3494 953 in
3540 916 3601 955 se

2034 998 2217 1052 pacem
2267 985 2485 1048 habere,
2532 988 2622 1041 sed
2669 989 2876 1056 quiest
2918 999 3103 1057 gratus
3135 1000 3189 1044 et
3248 992 3299 1044 in
3346 991 3597 1045 OllllllllUS

2033 1078 2141 1147 agit
2174 1080 2401 1145 gratias,
2441 1089 2501 1134 ut
2542 1082 2842 1149 praescribit
2879 1082 2958 1138 lex
2995 1084 3134 1137 beati
3174 1084 3342 1149 Pauli,
3378 1100 3475 1139 nec
3503 1087 3595 1153 qui

2035 1183 2141 1223 non
2175 1169 2335 1223 habet
2380 1186 2568 1239 puram
2619 1171 3052 1238 conscientiam;
3103 1175 3213 1228 iieri
3271 1186 3447 1228 autem
3490 1190 3594 1227 non

2033 1269 2213 1327 potest
2247 1271 2303 1314 ut
2330 1263 2397 1316 sit
2428 1277 2561 1331 pura
2591 1263 2920 1317 conscientia
2957 1265 3073 1317 sine
3102 1264 3459 1319 cenfessione.
3491 1264 3592 1330 Qui

2028 1364 2158 1417 ergo
2186 1360 2304 1403 orat
2331 1366 2453 1405 cum
2482 1367 2631 1421 pare,
2671 1354 2871 1421 gratias
2906 1366 3150 1424 agentern
3180 1363 3232 1408 et
3252 1356 3593 1409 conﬁtentem

2032 1440 2178 1508 prius
2214 1440 2398 1496 habuit
2436 1442 2694 1497 animam.
2725 1445 2805 1498 Ad
2839 1447 2954 1500 lucc
2991 1459 3174 1500 autem
3208 1448 3371 1501 etiam
3408 1446 3594 1513 petitio

2030 1548 2192 1602 quam
2232 1534 2463 1609 faciunt,
2508 1550 2601 1590 eos
2632 1548 2685 1591 et
2714 1538 2917 1606 gratias
2937 1548 3160 1607 agentes
3183 1548 3237 1593 et
3270 1538 3595 1593 conﬁtentes

2031 1625 2288 1680 ostendit.
2329 1624 2468 1690 Quid
2512 1627 2655 1682 enim
2715 1629 2946 1695 petunt?
2976 1629 3433 1684 misericordiam.
3470 1628 3593 1682 llaec

2031 1726 2208 1771 autem
2232 1726 2314 1772 est
2346 1718 2534 1787 petitio
2554 1733 2737 1773 eorum
2757 1721 2846 1788 qui
2880 1720 2954 1775 rei
2988 1730 3235 1789 aguntur,
3255 1722 3346 1789 qui
3378 1721 3592 1789 quando

334 1779 576 1879 τοῦντας
608 1785 698 1837 καὶ
726 1785 1254 1879 ὲξομολογουμένους
1285 1796 1481 1861 αὐτοὺς
1508 1779 1829 1872 παρίστησιῖ
1856 1805 1899 1857 Τ

2023 1808 2170 1863 omni
2199 1808 2283 1861 sui
2323 1808 2640 1863 defendendi
2693 1811 2901 1866 ratione
2946 1811 3145 1875 ablata,
3197 1812 3329 1865 nihil
3369 1820 3592 1879 possunt

327 1871 457 1969 γὰρ
528 1871 838 1969 dimoveat;
898 1879 1207 1952 ἐλεηθῆναι.
1276 1887 1446 1940 Τοῦτο
1492 1889 1552 1943 δὲ
1613 1871 1905 1950 καταδίκωι

2021 1900 2232 1954 discere
2268 1915 2376 1969 quo
2417 1914 2476 1955 se
2516 1900 2836 1967 justiﬁeent,
2871 1912 2925 1955 et
2959 1917 3176 1957 causam
3212 1918 3369 1957 suam
3402 1912 3591 1955 tuean-

326 1962 495 2014 ἐστὶν
517 1964 745 2057 αἴτημα,
780 1970 830 2023 οἰ
862 1972 992 2027 ὅταν
1027 1975 1214 2029 πᾶσαν
1240 1978 1536 2048 ἀπολογίαν
1570 1989 1915 2057 περιῃρημέ-

326 2070 446 2147 νοι,
492 2056 763 2127 μηδεμίαν
801 2061 1004 2131 ἔχωσιν
1040 2066 1214 2121 εἰπεῖν
1262 2068 1653 2139 δικαιολογίαν,
1706 2056 1914 2147 ταύτην

320 2146 571 2214 ἔσχατον
600 2152 795 2220 ἀφιᾶσι
834 2155 934 2223 τὴν
972 2157 1155 2228 φωνην
1179 2158 1316 2229 πρὸς
1361 2162 1452 2215 τὸν
1503 2164 1781 2238 δικαστὴν,
1814 2146 1913 2224 οῦκ

323 2240 453 2291 ἀπὸ
480 2242 587 2333 τῶν
633 2245 879 2309 δικαίων,
905 2250 1024 2303 ἀλλ’
1056 2253 1164 2306 ἀπὸ
1212 2255 1311 2325 τῆς
1340 2258 1549 2312 ἐκείνου
1610 2262 1915 2333 φιλανθρω-

321 2333 495 2397 πίας,
543 2327 617 2387 ὧν
645 2335 854 2392 δέονται
899 2345 1083 2411 τυχεῖν
1138 2347 1567 2415 προσδοκῶντες.
1623 2327 1797 2406 Τοῦτο
1856 2353 1913 2407 δέ

319 2425 459 2476 ἐστι
518 2430 954 2497 μαρτυρούντων,
1016 2436 1093 2504 τῷ
1135 2437 1235 2506 μὲν
1283 2438 1513 2510 δικαστῇ
1568 2444 1911 2515 χρηστότητα

326 2515 571 2587 πολλήν
600 2521 817 2586 ἑαυτοῖς
831 2522 909 2591 δὲ,
930 2529 1217 2598 πονηρίαν·
1236 2522 1332 2597 ὧν,
1358 2534 1419 2585 τὸ
1448 2533 1547 2602 μὲν
1578 2532 1910 2607 ἐξομολογή-

328 2622 511 2670 σεως,
544 2608 682 2661 τὸδὲ
731 2613 1083 2685 εὐχαριστίας
1136 2620 1272 2673 ἐστί.
1315 2621 1690 2691 Προτρέπεται
1744 2624 1800 2677 δὲ
1851 2626 1909 2693 ἐξ

311 2699 514 2767 ἀρχῆς
544 2703 571 2753 ό
609 2703 785 2772 ἰερεὺς
830 2707 921 2759 τὸν
950 2706 1077 2762 λαίιν
1108 2712 1188 2772 εἰς
1237 2711 1335 2782 τήν
1358 2713 1523 2784 εὐχήν
1548 2720 1906 2785 τεταγμένος,

310 2793 435 2841 καὶ
465 2790 551 2843 διὰ
580 2794 736 2847 τοῦτο
762 2796 854 2850 τοῦ
891 2798 1021 2853 λαοῦ
1050 2803 1489 2874 προϐεϐλημένος
1517 2806 1700 2871 αὑτός·
1738 2808 1858 2863 ἀλλ’
1879 2810 1907 2863 ὁ

320 2881 468 2947 μὲν,
497 2881 571 2943 ῶς
602 2886 942 2960 πρεσϐευτὴς
981 2892 1164 2945 αὐτῶν
1194 2893 1290 2947 καὶ
1316 2895 1563 2966 μεσίτης,
1623 2898 1708 2951 ἵνα
1741 2900 1905 2954 αὐτοῦ

302 2972 518 3040 δέησις
552 2975 915 3050 ἐνεργουμένη
951 2983 1083 3036 πολὺ
1122 2986 1304 3058 ἰσχύῃ,
1337 2988 1639 3059 καθάπερό
1667 2992 1904 3047 ἀπόστο-

2021 2000 2129 2056 tur,
2175 1991 2315 2045 hanc
2339 2006 2518 2045 vocem
2546 2002 2820 2060 postremo
2841 1996 2904 2046 ad
2924 1993 3160 2061 judicem
3186 1994 3458 2053 emittunt,
3482 2007 3585 2045 non
3656 2014 3659 2015 ν

2014 2082 2165 2151 jure,
2205 2083 2300 2137 sed
2345 2098 2408 2137 ex
2452 2080 2569 2149 ejus
2630 2082 2916 2139 clementia
2961 2100 3025 2140 ea
3080 2084 3277 2153 quibus
3346 2085 3590 2153 indigent

2016 2174 2229 2244 assequi
2270 2185 2667 2244 exspectantes.
2719 2176 2832 2231 Hoc
2882 2188 3061 2233 autem
3110 2185 3194 2232 est
3244 2192 3432 2231 eorum
3490 2178 3582 2243 qui

2017 2263 2237 2317 tnultam
2283 2266 2499 2335 quidem
2541 2268 2741 2336 judicis
2766 2283 2887 2324 esse
2919 2268 3307 2339 benignitatem
3366 2280 3420 2322 et
3473 2267 3583 2322 cle-

2015 2358 2314 2421 mentiam,
2372 2373 2620 2427 magnam
2674 2371 2857 2415 autem
2929 2376 3052 2416 esse
3122 2376 3272 2415 suam
3325 2361 3583 2430 improbi—

2015 2455 2180 2501 tatem
2258 2448 2558 2518 vitinmque
2612 2458 2897 2505 testantur.
2950 2451 3190 2517 Quorum
3268 2452 3369 2505 hoc
3444 2449 3582 2518 qui-

2011 2536 2131 2592 dem
2154 2546 2239 2593 est
2272 2539 2653 2604 confessionis,
2676 2541 2801 2595 illud
2836 2556 2963 2596 vero
2991 2543 3286 2612 gratiarum
3323 2541 3577 2596 actionis.

2010 2627 2273 2685 llortatur
2300 2640 2480 2686 autem
2512 2633 2767 2689 sacerdos
2804 2634 2873 2689 ab
2898 2636 3050 2689 initio
3080 2635 3329 2703 populum
3361 2634 3427 2688 ad
3459 2649 3581 2687 ora-

2012 2720 2233 2785 tionem,
2251 2722 2417 2789 utqui
2445 2722 2567 2777 talis
2594 2723 2666 2778 sit
2689 2725 2780 2793 qni
2801 2726 2864 2780 ad
2886 2725 3144 2781 orandum
3171 2736 3252 2781 est
3274 2728 3576 2786 ordinatus.

2007 2819 2062 2865 et
2101 2812 2219 2867 ideo
2258 2813 2328 2868 sit
2362 2814 2547 2884 populi
2596 2818 2904 2885 propositus
2943 2818 3274 2872 intercessor
3300 2828 3352 2871 et
3376 2818 3575 2871 media-

2009 2909 2112 2966 tor,
2155 2912 2212 2955 ut
2269 2904 2386 2973 cjus
2426 2918 2659 2973 operans
2710 2905 2884 2960 oratio
2940 2907 3165 2960 multum
3196 2907 3395 2970 valeat,
3433 2905 3577 2960 sicut

2006 2994 2143 3049 dixit
2170 2993 2404 3050 Jacobns
2426 2996 2723 3065 apostolus:
2754 2995 3027 3065 Operatur
3051 2997 3191 3051 enim
3213 2999 3388 3051 oratio
3426 2994 3573 3062 justi.

305 3066 426 3127 λος
479 3066 727 3131 Ἰάκωϐος
765 3068 938 3127 εἶπεν
994 3076 1301 3146 ἐνεργεῖται
1350 3080 1461 3149 γὰρ
1513 3083 1767 3154 ήδέησις
1809 3085 1903 3139 τοῦ

305 3158 538 3184 κυηι-..
586 3161 711 3184 2---.
750 3164 962 3184 --ιμμ
1078 3168 1092 3184 ,
1265 3171 1279 3184 .
1337 3171 1349 3184 .
1429 3166 1456 3184 τ
1533 3176 1546 3184 .
1599 3174 1649 3184 -.
1879 3179 1889 3184 -

2009 3084 2223 3152 quando
2252 3084 2330 3137 illi
2381 3085 2542 3139 etiam
2596 3087 2821 3140 omnino
2844 3100 2941 3154 pro
2964 3085 3163 3155 quibus
3202 3099 3386 3154 preces
3417 3085 3570 3145 tinnit,

298 3158 560 3224 δικαίου,
584 3161 711 3215 ὅταν
749 3164 993 3219 κάκεῖνοι
1021 3168 1224 3232 πάντες
1257 3171 1396 3243 ὑπὲρ
1421 3166 1495 3227 ὧν
1523 3176 1556 3246 ἡ
1594 3174 1801 3245 δέησις,
1833 3179 1905 3232 τά

2009 3190 2071 3230 ex
2143 3189 2203 3229 se
2231 3175 2413 3229 omnia
2461 3177 2813 3244 contulerint,
2857 3192 3066 3232 morum
3098 3176 3419 3238 bonitatem,
3454 3190 3575 3243 pre-

302 3248 690 3316 :ap’ﬁaattbv
724 3255 1057 3325 εἰσφέρωσιν
1104 3260 1341 3316 ἃπαντα’
1374 3265 1720 3336 χρηστότητα
1776 3268 1905 3335 τρό-

302 3355 469 3403 πων,
515 3342 701 3411 εὐχὰς,
735 3347 1058 3417 ἐπιείκειαν,
1115 3352 1212 3406 καί⁵
1247 3354 1357 3425 ὅτῳ
1413 3355 1559 3426 ἄλλῳ
1600 3358 1749 3411 ίσασι
1784 3361 1905 3429 χαίςι

300 3448 495 3501 ροντα
524 3433 612 3488 τὸν
645 3437 803 3491 Θεόν.
842 3440 906 3492 Τί
926 3441 985 3495 δὲ
1021 3443 1082 3496 τὸ
1111 3446 1321 3517 αττημα
1363 3448 1425 3500 τὸ
1458 3450 1674 3520 πρῶτον
1701 3454 1849 3515 εὐθύ,
1883 3473 1898 3522 ;

311 3522 512 3616 ῖΓπίρ
560 3526 659 3595 τῆς
688 3528 895 3585 ἄνωθεν
928 3534 1174 3605 εἰρήνης,
1208 3539 1302 3592 καί
1337 3544 1437 3610 τῆς
1470 3545 1746 3616 σωτηρίας
1793 3547 1902 3601 τῶν

292 3613 513 3683 ψυχῶν
536 3617 709 3686 ήμῶν·
740 3620 955 3686 διδάξας
1001 3625 1266 3698 πρότερον
1313 3629 1459 3694 ὅπως
1484 3613 1702 3703 ἔχοντας
1749 3635 1904 3706 εὔχε-

294 3708 453 3760 σθαι
487 3709 584 3773 δεῖ,
618 3711 711 3764 νῦν
735 3714 999 3784 διδάσκει,
1034 3720 1127 3772 καὶ
1167 3721 1220 3773 τί
1252 3721 1334 3775 δεῖ
1362 3724 1578 3794 πρῶτον
1607 3729 1895 3784 αἰτεῖσθαι’

293 3799 541 3890 πρῶτον
563 3804 659 3871 τὴν
713 3805 990 3873 βασιλείαν
1037 3811 1132 3865 τοῦ
1160 3814 1320 3880 θεοῦ,
1358 3817 1452 3871 καὶ
1492 3819 1592 3890 τὴν
1618 3821 1899 3876 δικαιοσύ-

290 3901 422 3951 νην
463 3885 646 3938 αὐτοῦ’
680 3891 779 3958 τὴν
814 3892 912 3959 μὲν
942 3892 1054 3962 γὰρ
1080 3895 1356 3963 βασιλείαν
1386 3902 1417 3969 ἠ
1444 3885 1558 3956 τῶν
1583 3902 1774 3974 ψυχῶν
1797 3923 1899 3960 σω·-

292 3992 376 4043 τη
385 3974 512 4043 ρία,
546 3978 579 4047 ή
602 3977 659 4030 δὲ
686 3979 895 4068 ἄνωθεν
925 3984 1118 4056 εἰρήνη
1149 3988 1247 4058 τήν
1266 3990 1358 4043 τοῦ
1386 3990 1523 4045 Θεοῦ
1549 3994 1896 4068 δικαιοσύνην

294 4068 599 4136 σημαίνειο
631 4071 759 4141 περὶ
786 4066 850 4142 ἧς
880 4070 1001 4127 εἰπε
1032 4076 1264 4145 Παῦλος,
1303 4100 1322 4132 ι
1371 4082 1577 4155 Εἰρήνη
1608 4086 1702 4140 τοῦ
1728 4066 1887 4155 Θεοῦ,

292 4160 331 4226 ἡ
377 4158 732 4250 ὑπερέχουσα
786 4166 966 4219 πάντα
1013 4168 1158 4234 νοῦν,
1193 4189 1213 4223 r
1266 4173 1386 4243 ἥνό
1436 4176 1640 4247 Κύριος
1682 4180 1896 4250 ἀφῆκεν

295 4249 428 4309 τοῖς
456 4249 793 4318 ἀποστόλοις,
838 4256 1143 4313 ἀναϐαίνων
1194 4262 1329 4332 πρὸς
1362 4263 1451 4316 τὸν
1486 4267 1719 4338 Πατέρα,
1750 4249 1893 4325 «Εἰ-

294 4340 509 4433 ρήνην,
544 4342 733 4406 εἰπὼν,
754 4346 955 4418 ἀφίημι
988 4349 1137 4419 ύμῖν,
1171 4354 1393 4424 εἰρήνην
1418 4357 1517 4426 τήν
1547 4360 1683 4430 ἐμήν
1697 4362 1890 4433 δίδωμι

2007 3281 2099 3321 ces
2134 3307 2148 3332 ,
2179 3265 2452 3321 lenitatem
2509 3278 2565 3321 et
2601 3269 2908 3338 mqui’tatem
2947 3308 2963 3331 ,
2999 3276 3055 3323 et
3091 3281 3413 3337 quocunque
3465 3266 3573 3319 alio

2004 3359 2184 3413 sciunt
2243 3357 2406 3412 Deum
2480 3358 2759 3415 delectari.
2830 3359 2961 3426 Qua:
3020 3368 3102 3415 est
3141 3368 3318 3413 autem
3379 3372 3568 3413 eorum

2005 3450 2175 3519 prima
2217 3453 2463 3518 protinus
2514 3452 2740 3521 petitio?
2772 3450 2877 3506 Pro
2903 3467 3135 3520 superna
3163 3466 3313 3522 pace,
3371 3459 3427 3505 et
3485 3465 3572 3504 sa-

2004 3541 2115 3595 lute
2175 3543 2478 3595 animarum
2529 3552 2859 3598 nostrarum.
2909 3542 3043 3596 Cum
3101 3544 3251 3612 prius
3301 3542 3571 3597 docuisset

2002 3632 2272 3703 quomodo
2335 3645 2394 3687 se
2417 3631 2681 3688 habentes
2734 3646 2893 3687 orare
2960 3642 3193 3702 oportet,
3236 3646 3381 3687 nunc
3405 3631 3567 3686 etiam

2002 3723 2155 3777 docet
2208 3722 2337 3791 quid
2363 3722 2436 3778 sit
2486 3724 2723 3792 primum
2744 3723 3060 3793 petendum,
3094 3737 3326 3791 superna
3360 3722 3571 3776 scilicet

2001 3829 2127 3882 pax,
2175 3823 2230 3867 et
2282 3816 2586 3868 animarum
2650 3815 2819 3869 salus.
2856 3816 2927 3868 ita
2957 3815 3102 3868 enim
3131 3814 3296 3882 jussit
3314 3812 3566 3867 Christus

1998 3911 2184 3972 petere
2229 3903 2463 3970 primum
2513 3918 2734 3972 regnum
2792 3903 2882 3956 Dei
2931 3911 2986 3956 ct
3013 3903 3297 3972 justitiam.
3322 3901 3564 3971 Regnum

1999 3994 2143 4047 enim
2184 3993 2330 4047 salus
2374 3994 2722 4061 animarum;
2782 4009 3016 4063 superna
3076 4004 3255 4048 autem
3312 4008 3412 4061 pax
3471 3992 3565 4047 Dei

1992 4086 2255 4154 justitiam
2331 4086 2620 4152 signiﬁcat.
2656 4087 2730 4142 De
2778 4101 2885 4157 qua
2931 4087 3066 4141 dixit
3117 4086 3315 4141 Paulus
3349 4104 3362 4139 :
3401 4105 3419 4138 ι
3454 4083 3566 4140 Pax

2001 4177 2116 4243 Dei,
2148 4192 2269 4247 qua:
2296 4179 2663 4246 supereminet
2685 4194 2901 4235 omnem
2941 4186 3196 4241 mentem,
3225 4196 3244 4229 ι
3279 4179 3567 4247 quamDo-

1995 4267 2176 4324 minus
2243 4268 2464 4337 reliquit
2515 4270 2821 4340 discipulis,
2873 4272 3171 4326 ascendens
3218 4272 3284 4325 ad
3316 4269 3561 4332 Patrem,

2000 4381 2020 4412 ‹
2052 4360 2267 4425 Pacem,
2323 4362 2531 4425 dicens,
2560 4363 2807 4431 relinquo
2853 4364 3039 4430 vobis;
3064 4377 3251 4432 pacem
3279 4378 3455 4417 meam
3494 4378 3563 4415 uo

295 4432 499 4526 ὑμῖν.»
538 4434 747 4504 Ὠσπερ
804 4438 910 4507 γὰρ
933 4440 994 4491 τὸ
1025 4441 1197 4512 ὄνομα
1253 4448 1353 4515 τῆς
1394 4446 1741 4520 δικαιοσύνης
1770 4432 1890 4509 ἐκεῖ

2009 4453 2197 4506 vobis.)
2228 4451 2381 4507 Sicut
2430 4457 2575 4508 enim
2605 4454 2715 4509 illic
2757 4454 2952 4509 nomen
2981 4455 3229 4526 justitite,
3263 4470 3370 4510 non
3398 4456 3564 4526 signi-

294 4524 364 4575 οὐ
400 4524 502 4593 τήν
535 4526 623 4578 τοῦ
648 4527 765 4579 ίσου
794 4528 1054 4601 διανομήν
1081 4534 1334 4605 σημαίνει
1359 4538 1540 4606 μόνον,
1571 4540 1890 4607 ἀλλ’ἁπλῶς

294 4616 510 4673 παντὸς
544 4616 740 4687 ἀρετῆς
777 4619 947 4682 εἴδους
983 4622 1279 4693 δηλωτικόν
1306 4629 1453 4681 ἐστιν
1483 4647 1497 4661 ·
1529 4631 1668 4684 οῦτω
1700 4633 1795 4686 καὶ
1831 4635 1890 4687 τὸ

294 4710 407 4774 τῆς
466 4708 684 4777 εἰρήνης
740 4710 995 4776 ἐνταῦθα,
1059 4715 1290 4771 καθόλου
1351 4720 1405 4772 τί
1456 4725 1591 4775 ἐστι’
1630 4726 1725 4776 καὶ
1779 4726 1887 4797 γάρ

298 4801 461 4850 ἐστιν
492 4800 720 4854 ἀπασῶν
767 4802 988 4869 ἀγαθῶν
1020 4808 1155 4875 ὁμοῦ
1216 4809 1309 4863 καὶ
1339 4812 1517 4881 πάσης
1566 4813 1888 4885 φιλοσοφίας

299 4892 543 4956 καρπός
578 4892 640 4944 οὐ
702 4894 811 4964 γὰρ
843 4895 990 4949 ἔστιν
1020 4900 1244 4969 εἰρήνην
1310 4902 1523 4957 τελείαν
1581 4908 1885 4978 κτήσασθαι

294 4984 394 5033 τὸν
432 4984 623 5048 ἐνδεῶς
674 4985 865 5056 ἔχοντα
920 4991 1047 5058 μιᾶς
1093 5007 1238 5054 τινος
1264 4992 1485 5063 άρετῆς⁶
1528 4996 1643 5050 ἀλλ’
1672 4998 1887 5071 ἀνάγκη

304 5077 400 5125 τὸν
432 5077 777 5146 εἰρηνεύσειν
808 5080 1076 5149 μέλλοντα
1110 5084 1202 5137 διὰ
1234 5088 1425 5140 πασῶν
1453 5089 1767 5156 ἀφικέσθαι.
1795 5097 1889 5151 Δεῖ

299 5170 480 5221 τοίνυν
503 5173 690 5224 ἀσκεῖν
717 5174 943 5237 ἑαυτοὺς
975 5177 1111 5239 πρὸς
1134 5179 1234 5249 τὴν
1267 5181 1488 5251 εἰρήνην
1529 5182 1745 5252 πρῶτον
1774 5188 1887 5250 τοῖς

298 5262 609 5329 ἀνθρώποις
642 5264 894 5336 δυνατήν·
955 5266 1077 5321 εῐτα
1110 5271 1382 5325 αἰτεῖσθαι
1429 5274 1580 5343 παρὰ
1622 5274 1757 5329 Θεοῦ
1788 5276 1886 5347 τήν

297 5353 467 5405 αὐτοῦ
517 5356 765 5426 εἰρήνην,
806 5358 1054 5431 καθάπερ
1108 5363 1205 5413 καὶ
1262 5364 1344 5432 ἐφ’
1377 5364 1622 5436 ἑκάστης
1683 5369 1884 5438 ἀρετῆς

299 5442 438 5511 ἔχει.
471 5444 627 5497 Ἔστι
666 5447 777 5518 γὰρ
804 5451 1126 5520 σωφροσύνη
1157 5452 1245 5504 διὰ
1273 5453 1558 5524 ἀσκήσεως
1596 5458 1879 5528 γινομένη,

298 5534 394 5583 καὶ
423 5532 541 5586 ἐστι
574 5535 897 5608 σωφροσύνη
927 5540 1080 5610 παρὰ
1109 5541 1244 5595 Θεοῦ
1288 5546 1354 5614 τῇ
1406 5544 1551 5615 ψυχῇ
1594 5546 1877 5617 διδομένη.

301 5626 393 5676 καὶ
412 5626 624 5694 ἀγάπη,
659 5633 755 5684 καὶ
776 5632 935 5701 εὐχὴ,
964 5634 1060 5688 καί⁸
1083 5636 1266 5706 σοφία,
1303 5639 1396 5691 καὶ
1424 5640 1517 5691 ἐπὶ
1562 5640 1670 5692 τῶν
1700 5642 1878 5695 ἄλλων

300 5713 389 5767 τὶν
417 5719 578 5772 αὺτὲν
602 5721 821 5790 τρόπον.
858 5726 953 5778 Διά
978 5727 1134 5781 τοῦτο
1164 5731 1256 5783 καὶ
1298 5731 1325 5781 ό
1375 5730 1552 5801 ἱερεὺς
1602 5734 1723 5804 περὶ
1775 5733 1875 5804 τῆς

550 5816 821 5876 Ριτιιοι..
860 5818 975 5878 Gn.
1009 5820 1102 5879 CL
1125 5861 1140 5879 .

1996 4546 2123 4596 licat
2154 4544 2326 4598 solum
2386 4543 2505 4611 ejus
2546 4545 2688 4615 quod
2731 4561 2944 4616 aequum
2968 4556 3068 4612 est,
3093 4547 3556 4613 distributionem,

1996 4638 2089 4692 sed
2138 4638 2380 4692 absolute
2448 4652 2611 4693 omne
2665 4654 2837 4709 genus
2868 4641 3086 4694 virtutis
3121 4680 3137 4706 ,
3168 4641 3245 4693 ita
3269 4641 3356 4695 hic
3396 4642 3556 4694 etiam

1998 4744 2191 4783 nomen
2234 4731 2384 4799 paci-3
2438 4741 2518 4785 est
2568 4732 2698 4799 quid
2748 4733 3098 4793 universale;
3153 4741 3238 4787 est
3269 4733 3413 4785 enim
3443 4747 3561 4786 om-

1996 4822 2143 4875 nium
2206 4822 2365 4878 simul
2430 4823 2689 4876 virtutum
2764 4832 2818 4877 et
2873 4824 3137 4879 universae
3202 4822 3559 4892 philosophiae

1997 4908 2227 4964 fructus.
2276 4908 2461 4978 Neque
2503 4910 2646 4963 enim
2672 4909 2785 4964 ﬁeri
2816 4920 2989 4978 potest
3016 4922 3072 4964 ut
3097 4925 3282 4977 pacem
3318 4910 3557 4980 perfecte

1997 5000 2191 5054 habeat
2229 5040 2245 5065 ,
2272 5000 2357 5053 cui
2387 5001 2470 5056 vel
2525 5014 2629 5054 una
2686 5000 2861 5068 aliqua
2890 5000 3063 5055 virtus
3089 5000 3290 5066 deﬁcit,
3321 5002 3415 5057 sed
3459 5018 3556 5056 ne-

1982 5101 2148 5141 cesse
2211 5097 2293 5143 est
2336 5128 2350 5150 ,
2383 5088 2557 5155 utqui
2599 5094 2820 5156 pacatus
2869 5094 2955 5141 est
2982 5087 3215 5151 iuturus,
3247 5102 3341 5155 per
3369 5101 3558 5146 omnes

1994 5178 2169 5239 veniat
2200 5196 2216 5245 ;
2247 5187 2462 5248 oportet
2509 5191 2638 5245 ergo
2688 5178 2897 5247 seipsos
2930 5177 3163 5245 primum
3196 5191 3451 5233 exercere
3488 5176 3554 5228 ad

1993 5280 2176 5335 pacem
2218 5281 2335 5335 quae
2368 5274 2544 5335 potest
2592 5265 2775 5319 haberi
2834 5265 2903 5318 ab
2933 5264 3259 5328 hominibus,
3290 5264 3485 5318 deinde
3524 5281 3552 5313 a

1994 5357 2101 5408 Deo
2127 5362 2309 5424 petere
2368 5366 2518 5405 suam
2592 5366 2777 5419 pacem
2813 5392 2828 5416 ,
2864 5352 3005 5406 sicut
3032 5366 3092 5406 se
3123 5351 3284 5405 habet
3304 5351 3463 5403 etiam
3499 5350 3552 5401 in

1992 5457 2316 5511 unaquaque
2369 5441 2586 5494 virtute.
2643 5438 2736 5493 Est
2791 5440 2934 5492 enim
2992 5441 3364 5508 temperantia,
3432 5452 3550 5506 quae

1990 5538 2209 5598 paratur
2227 5543 2321 5597 per
2342 5527 2809 5590 exercitationem,
2835 5536 2885 5580 et
2908 5538 2991 5580 est
3009 5525 3357 5595 temperantia
3375 5540 3496 5592 quae
3519 5543 3548 5579 a

1990 5622 2097 5675 Deo
2114 5620 2271 5674 datur
2294 5621 2509 5685 animm,
2539 5630 2593 5674 et
2615 5620 2872 5683 charitas,
2899 5631 2951 5672 et
2974 5619 3167 5680 oratio,
3186 5625 3237 5669 et
3260 5618 3548 5684 sapientia.

1986 5721 2039 5764 ct
2080 5710 2129 5762 in
2158 5709 2278 5764 aliis
2322 5710 2509 5763 eodem
2559 5710 2735 5761 modo.
2790 5707 3077 5775 Propterea
3100 5708 3259 5760 etiam
3294 5709 3549 5766 sacerdos

3000 5820 3070 5879 l3
