3992 6202
305 287 419 348 3J7

1498 289 1894 349 L-l'l‘URGI/E
1931 291 2373 351 EXPOSITIO.

3447 298 3549 357 39$

308 398 488 448 αὑτοῦ
529 390 804 464 βασιλείαν
837 393 986 445 ἐστὶν
1019 392 1217 457 αἰτεῖν,
1275 391 1341 462 ἢν
1397 395 1506 456 τοῖς
1547 393 1885 461 αἰτουμένοις

1993 411 2210 465 regnum
2260 405 2440 467 petere
2471 435 2485 462 ,
2512 396 2652 466 quod
2694 411 2752 452 se
2783 399 3093 465 petentibus
3119 399 3368 456 daturum
3397 404 3550 460 Chri-

301 491 334 539 ὀ
374 487 614 558 Χριστὸς
647 488 816 553 αὐτήν
864 503 922 538 τε
977 485 1346 554 ὲπηγγεῖλατο
1401 485 1616 552 δώσειν,
1684 486 1777 538 καὶ
1813 487 1881 538 τὰ

303 577 454 630 ἄλλα
480 572 554 630 ὧν
590 577 776 647 χρείαν
827 576 1023 646 ἔχομεν
1053 578 1246 640 πάντα,
1277 576 1624 647 προσθήσειν,
1658 575 1752 630 καὶ
1794 576 1882 628 διὰ

297 668 477 719 τοῦτο
499 667 670 738 ταύτῃ
704 666 1000 737 ἀρκοῦνται
1044 669 1108 737 τῇ
1143 667 1349 736 δεήσει,
1402 666 1476 726 ὡς
1535 667 1712 720 πάντα
1746 666 1881 737 ὁμοῦ

302 760 622 831 δυναμένῃ.
660 758 767 810 Καὶ
794 758 956 810 πόθεν
983 758 1099 810 ἔστι
1126 757 1285 810 τοῦτο
1323 758 1515 827 μαθεῖν
1546 798 1560 821 ,
1594 759 1778 828 φησὶν,
1807 759 1883 822 ὡς

301 851 516 913 65.50.;
541 852 636 904 τοῦ
693 850 829 903 Θεοῦ
897 850 996 918 τὴν
1043 849 1207 902 αὐτοῦ
1265 849 1544 920 βασιλείαν
1592 851 1878 920 σημαίνει;

297 943 412 1008 Ἓξ
446 939 518 996 ὧν
552 946 580 994 ὁ
613 943 844 1012 Χριστζς
870 942 929 994 τὸ
971 937 1131 994 ἆθλον
1160 942 1268 994 τῶν
1317 941 1630 1012 ἐλεημόνων
1663 943 1881 1013 διηγού·

307 1051 509 1103 μενος,
534 1035 627 1086 καὶ
659 1037 722 1103 ἣν
749 1033 1011 1103 λήψονται
1043 1031 1174 1102 παρ’
1203 1032 1366 1085 αὐτοῦ
1390 1033 1488 1102 τῆς
1517 1035 1882 1104 χρηστότητος

302 1129 581 1207 ἀμοιβὴν,
609 1128 704 1180 νῦν
735 1127 834 1196 μὲν
880 1126 1275 1197 ἐλεηθήσεσθαι
1312 1127 1510 1189 αὐτοὺς
1551 1127 1722 1194 λέγει,
1787 1127 1882 1180 νῦν

297 1222 363 1274 δὲ
401 1221 688 1290 βασιλείας
742 1219 1057 1281 τεύξεσθαι’
1085 1219 1158 1281 ὡς
1195 1218 1393 1271 ταυτὸν
1423 1217 1502 1282 ὃν,
1547 1220 1607 1271 τό
1665 1236 1723 1271 τε
1785 1219 1881 1271 τοῦ

301 1313 454 1383 παρ’
491 1312 657 1365 αὑτοῦ
689 1312 840 1363 ἐλέου
875 1313 1080 1380 τυχεῖν,
1130 1311 1222 1362 καὶ
1276 1310 1554 1380 βασιλείας
1615 1311 1880 1381 κληρονο-

296 1404 455 1471 μίαν
485 1401 693 1454 )α6εῖν.
740 1420 758 1452 ι
802 1402 1080 1470 Μακάριοι
1108 1400 1238 1470 γὰρ,
1276 1402 1467 1470 φησὶν,
1493 1402 1542 1453 oi
1567 1401 1880 1472 ἐλεήμονες,

293 1500 388 1550 ὅτι
434 1498 590 1549 αὐτοὶ
629 1496 1034 1566 ἐλεηθήσονται.
1067 1514 1085 1546 ι
1149 1491 1285 1550 Εἶτα
1318 1494 1573 1564 ἀλλαχοῦ,
1629 1497 1882 1567 καθάπερ

296 1587 686 1657 ἐξηγούμενος
716 1588 937 1651 ἑαυτὸν,
969 1586 1062 1639 καὶ
1089 1587 1140 1639 τί
1186 1590 1300 1639 ἐστι
1347 1587 1406 1639 τὸ
1445 1587 1754 1657 ἐλεηθῆναι,
1784 1606 1883 1657 ση‹

294 1679 557 1745 μαίνων·
586 1696 602 1728 ι
647 1677 812 1746 Ἐρεῖ,
844 1676 1026 1745 φησὶν,
1064 1678 1090 1727 ὁ
1117 1675 1369 1745 βασιλεὺς
1414 1676 1526 1738 τοῖς
1574 1678 1636 1727 ὲκ
1693 1675 1884 1740 δεξιῶν

295 1765 511 1816 αὐτοῦ’
533 1764 655 1824 τοὺς
680 1763 976 1833 ἐλεήμονας
1000 1764 1175 1831 λέγων
1195 1783 1206 1794 ·
1230 1762 1416 1828 Δεῦτε,
1447 1766 1495 1816 oi
1526 1765 1877 1835 εὐλογημένοι

297 1852 408 1904 τοῦ
455 1853 665 1922 Πατρός
697 1870 822 1922 μου,
857 1853 1306 1923 κληρονομήσατε
1335 1852 1432 1921 τήν
1465 1853 1878 1923 ἡτοιμασμένην

297 1945 454 2012 ὑμῖν
481 1943 764 2013 βασιλείαν
798 1945 906 1997 ἀπὸ
963 1943 1272 2012 καταϐολῆς
1307 1945 1534 2014 κόσμου.
1578 1964 1596 1996 ι
1637 1947 1746 1999 Καὶ
1783 1947 1878 1999 ἄλ-

290 2037 418 2097 λως
458 2035 515 2086 δὲ
539 2037 592 2087 εί
616 2052 701 2099 τις
738 2035 796 2100 ἐξ
845 2028 918 2088 ὧν
961 2036 1253 2104 ἐλεήμονες
1321 2036 1597 2107 ἄνθρωποι
1646 2038 1880 2102 ποιοῦσι,

295 2132 364 2180 τ’)
399 2129 576 2197 ἔργον
618 2129 709 2181 τοῦ
748 2121 894 2181 θείου
920 2128 1074 2181 ἐλέου
1098 2129 1341 2183 κατιδεῖν
1400 2129 1670 2201 ἐθελήσει,
1729 2132 1882 2185 οἰδὲν

292 2221 505 2288 ’ἕτερον
531 2221 750 2289 εὑρήσει
806 2220 1126 2290 δυνάμενον,
1150 2221 1184 2289 ἢ
1241 2220 1340 2292 τὴν
1378 2221 1655 2292 βασιλείαν
1685 2224 1880 2295 αὐτήν.

293 2310 370 2362 Τί
395 2309 500 2362 οὖν
531 2313 582 2362 οἱ
615 2312 942 2380 ἐλεήμονεςς
980 2331 999 2364 ‹
1055 2311 1371 2375 Ἐπείνασα,
1410 2314 1568 2382 φησι,
1595 2315 1689 2367 καὶ
1744 2314 1876 2367 έδώο

297 2419 452 2456 κατε
478 2404 600 2472 ἐμοὶ
654 2406 847 2472 φαγεῖν
873 2421 887 2434 ·
935 2404 1182 2474 ἐδίψησα,
1229 2419 1327 2458 και
1359 2405 1640 2458 ἐποτίσατέ
1694 2423 1819 2476 μου.
1858 2425 1876 2458 ι

297 2494 537 2548 Οὶκοῦν
566 2495 662 2548 καὶ
709 2499 735 2547 ὁ
759 2495 991 2567 Χριστὶς
1023 2495 1115 2558 οὓς
1145 2496 1302 2561 ἐλεεῖ,
1335 2497 1556 2560 τούτους
1609 2497 1708 2566 τῆς
1758 2500 1888 2551 ἐαυ-

293 2587 404 2639 τοῦ
482 2586 782 2655 μεταδώσει
843 2588 1141 2658 τραπέζης.
1194 2587 1289 2651 Τίς
1340 2589 1396 2642 δέ
1451 2590 1598 2644 ἔστιν
1655 2589 1882 2658 ἐκείνης

304 2700 324 2732 ι
365 2681 504 2732 Ἵνα
548 2679 784 2749 ἐσθίητε,
819 2683 970 2750 φησὶ,
999 2681 1094 2730 καὶ
1128 2678 1324 2748 πίνητε
1360 2681 1453 2732 ἐπὶ
1471 2680 1571 2749 τῆς
1607 2681 1887 2750 τραπέζης

300 2789 449 2840 μου,
493 2773 548 2822 ἐν
571 2773 632 2840 τῇ
671 2769 921 2842 βασιλείᾳ
961 2788 1085 2838 μου.
1125 2788 1144 2822 ι
1183 2772 1291 2824 Καὶ
1316 2771 1401 2822 ἵνα
1428 2771 1570 2841 γνῷς
1598 2771 1695 2841 τὴν
1751 2772 1887 2841 λαμ-

297 2864 572 2933 πρᾶτητα
600 2863 692 2932 τῆς
724 2862 1000 2932 τραπέζης
1052 2861 1290 2930 ἐκείνης,
1347 2862 1441 2913 καὶ
1492 2861 1568 2924 ὡς
1602 2862 1702 2915 ούκ
1769 2863 1885 2916 ἐστι

294 2956 548 3018 δούλων,
604 2954 737 3006 ἀλλὰ
781 2953 1065 3023 βασιλέων,
1124 2953 1428 3022 μανθάνετε
1474 2953 1566 3006 τὸν
1614 2954 1882 3020 διάκονον,

1982 494 2097 540 stus
2141 494 2227 540 est
2281 485 2572 554 pollicitus,
2602 496 2654 540 et
2679 485 2780 538 alia
2810 488 2970 540 etiam
2998 489 3194 554 quibus
3227 505 3361 558 opus
3383 492 3547 546 habe-
3601 475 3614 488 ’

1982 590 2104 629 mus
2127 590 2186 629 se
2229 576 2585 644 adiecturum:
2640 587 2689 630 et
2739 588 3020 644 prepterea
3077 579 3155 632 eis
3195 580 3309 634 haec
3357 581 3552 638 summ

1982 665 2222 735 precatio
2250 705 2268 730 ,
2295 674 2479 734 utpote
2516 681 2634 736 qua
2666 668 2844 720 omnia
2876 668 3034 721 simul
3060 670 3250 737 possit.
3284 671 3349 724 Et
3384 677 3553 725 unde-

1983 773 2105 811 nam
2134 758 2257 812 sciri
2310 768 2509 829 potest,
2559 759 2700 828 quod
2769 760 3134 813 misericordia
3189 761 3279 814 Dei
3305 763 3421 828 ejus
3469 779 3551 816 re-

1983 864 2146 920 gnum
2172 850 2465 918 signiﬁcat?
2488 848 2564 903 Ex
2604 863 2670 903 eo
2693 849 2833 917 quod
2861 848 3112 904 Christus
3141 854 3419 920 praemium
3452 856 3553 906 mi-

1984 941 2336 996 sericordium
2371 956 2598 995 narrans
2621 979 2635 1003 ,
2659 951 2711 994 et
2733 952 2893 1009 quam
2921 942 2988 993 ab
3012 955 3075 994 eo
3103 945 3368 1012 accipient
3403 943 3533 999 beni-

1983 1029 2204 1097 gnitatis
2257 1030 2750 1084 remunerationem
2777 1067 2792 1089 .
2824 1044 2966 1084 nunc
2999 1031 3216 1099 quidem
3244 1033 3365 1088 illos
3397 1035 3546 1088 mise-

1986 1119 2270 1173 ricordiam
2292 1129 2655 1186 assecuturos,
2688 1135 2830 1174 nunc
2857 1135 2982 1176 vero
3004 1137 3225 1190 regnum
3249 1124 3397 1188 dicit;
3434 1139 3554 1192 per-

1986 1209 2112 1264 inde
2162 1225 2224 1265 ac
2266 1211 2405 1265 idem
2471 1213 2560 1274 sit,
2589 1221 2642 1265 et.
2665 1211 2732 1264 ab
2762 1212 2878 1280 ipso
2946 1213 3374 1267 misericordiam
3405 1230 3555 1270 asse-

1985 1301 2100 1371 qui,
2154 1311 2207 1354 et
2245 1318 2466 1372 regnum
2523 1303 2790 1372 accipere.
2827 1304 3007 1356 «Beati
3029 1305 3192 1370 enim,
3229 1306 3424 1374 inquit,
3451 1306 3560 1359 mi-

1987 1394 2310 1457 Sericordes,
2337 1395 2589 1464 quoniam
2624 1396 2720 1464 ipsi
2755 1397 3181 1452 misericordiam
3223 1383 3555 1466 consequen-

1988 1498 2126 1540 ων.»
2179 1487 2380 1541 Deinde
2419 1488 2543 1541 alibi
2583 1489 2742 1542 veluti
2806 1489 3040 1557 seipsum
3079 1489 3466 1557 interpretans,
3499 1501 3556 1544 et

1987 1579 2114 1646 quid
2141 1581 2210 1632 sit
2229 1578 2652 1633 misericordiam
2674 1580 2927 1648 consequi
2955 1579 3290 1648 signiﬁcans,
3325 1598 3342 1632 ι
3377 1582 3551 1643 Dicet,

1988 1671 2180 1737 inquit,
2209 1670 2320 1724 Rex
2355 1673 2418 1725 iis
2446 1672 2533 1740 qui
2565 1681 2690 1723 sunt
2730 1687 2756 1722 a
2789 1671 2994 1725 dextris
3018 1710 3036 1736 ,
3075 1672 3258 1726 dicens
3289 1673 3355 1726 ad
3389 1674 3550 1727 misc-

1986 1763 2224 1817 ricordes
2258 1764 2485 1818 :Venite
2518 1803 2532 1827 ,
2565 1764 2830 1817 benedicti
2896 1762 3072 1818 Patris
3133 1765 3233 1817 mei
3262 1806 3277 1826 ,
3313 1766 3556 1820 hazredes

1983 1866 2098 1910 este
2151 1857 2326 1923 parati
2379 1855 2530 1908 vobis
2585 1857 2752 1924 regni.
2785 1855 2881 1908 »Ει
2930 1855 3132 1924 alioqui
3172 1857 3218 1910 si
3244 1857 3363 1924 quis
3389 1871 3454 1912 ex
3489 1860 3556 1910 i;s

1983 1962 2101 2016 quae
2138 1947 2346 2002 iaciunt
2403 1947 2645 2000 homines
2673 1948 3072 2010 misericordes,
3093 1936 3325 2000 voluerit
3361 1947 3554 2001 divina'

1985 2040 2372 2095 misericordia:
2421 2055 2557 2110 opus
2607 2041 2912 2110 perspicere
2939 2079 2953 2103 ,
2975 2055 3036 2094 ea
3065 2039 3195 2094 nihil
3228 2040 3368 2093 aliud
3394 2043 3545 2096 invo-

1986 2131 2096 2184 niet
2149 2132 2327 2184 valere
2357 2169 2372 2193 ,
2410 2145 2570 2199 quam
2602 2132 2770 2197 ipsum
2799 2145 3043 2199 regnum.
3072 2129 3354 2196 Quidergo
3389 2133 3552 2184 tniSv—

1985 2224 2228 2280 ricordes
2254 2225 2278 2276 ί
2308 2223 2512 2277 tEsurii
2554 2263 2570 2288 ,
2604 2223 2781 2292 inquit
2804 2263 2819 2286 ,
2850 2233 2904 2276 et
2959 2222 3078 2276 dedi
3110 2225 3180 2276 tis
3213 2224 3342 2276 mihi
3375 2238 3553 2280 come-

1988 2318 2117 2372 dere
2143 2334 2156 2382 ;
2189 2317 2355 2382 sitivi,
2394 2325 2449 2370 et
2469 2325 2652 2384 potum
2681 2315 2909 2369 dedistis
2943 2316 3128 2370 mihi.)
3159 2317 3296 2385 Ergo
3326 2328 3372 2371 et
3393 2316 3553 2372 Citri-

1986 2415 2102 2462 stus
2136 2424 2367 2478 quorum
2403 2407 2811 2471 miseretur,eis
2839 2423 2989 2459 suam
3024 2424 3260 2462 mensam
3292 2410 3553 2478 impertit.

1989 2498 2242 2565 Quaenam
2294 2509 2377 2554 cSt
2426 2508 2603 2553 autem
2637 2496 2768 2552 illa?
2803 2496 2903 2552 «Ut
2933 2498 3252 2559 remeantis,
3276 2499 3470 2568 inquit,
3502 2509 3557 2552 et

1989 2592 2185 2646 bibatis
2221 2592 2272 2645 in
2305 2607 2484 2646 mensa
2521 2605 2672 2656 mea,
2713 2593 2764 2644 in
2799 2607 2964 2660 regno
3014 2607 3183 2646 meo.»
3219 2591 3284 2645 Et
3324 2603 3379 2644 ut
3410 2593 3554 2647 scias

1988 2682 2135 2736 illius
2161 2697 2362 2736 mensae
2411 2682 2746 2750 splendorem
2779 2682 2870 2748 ,fet
2909 2684 3050 2748 quod
3105 2698 3210 2734 non
3259 2690 3340 2736 est
3367 2697 3555 2737 servo-

1989 2789 2127 2836 rum,
2157 2775 2250 2828 sed
2271 2789 2456 2842 regum
2502 2774 2642 2826 scias
2682 2773 3011 2834 ministrum,
3069 2788 3188 2828 esse
3231 2774 3409 2843 ipsum
3435 2793 3556 2829 om-

1987 2865 2133 2918 nium
2166 2864 2468 2918 Dominum.
2501 2884 2522 2916 ι
2558 2864 2882 2933 Accingetur
2944 2865 3087 2917 enim
3119 2905 3133 2928 ,
3161 2865 3356 2934 inquit,
3388 2878 3442 2920 et
3465 2881 3558 2920 eos

1990 2956 2148 3011 faciet
2189 2957 2510 3011 accumbere
2542 2995 2556 3017 ,
2595 2966 2645 3008 rt
2703 2955 2962 3009 accedens
3011 2954 3339 3010 ministrabit
3370 2957 3551 3024 ipsis.»

294 3048 391 3098 ἰτι
420 3045 594 3106 αὑτός
622 3047 767 3098 ἐστιν
798 3047 825 3097 ὁ
865 3044 1084 3097 πάντων
1132 3045 1428 3114 Δεσπότης.
1465 3063 1482 3095 t
1519 3045 1885 3115 Περισὼζεται

1992 3045 2130 3112 Quin
2163 3046 2323 3099 etiam
2371 3046 2562 3099 vestiet
2596 3060 2714 3098 eum
2749 3044 2902 3112 cujus
2943 3047 3196 3100 misertus
3228 3047 3410 3112 fuerit,
3436 3065 3555 3101 cum

293 3141 454 3206 γὰρ,
489 3138 643 3205 φησι,
696 3137 790 3189 καὶ
850 3135 1134 3189 ἀνακλινεῖ
1184 3137 1402 3199 αὐτοὺς,
1460 3137 1555 3188 καὶ
1604 3137 1886 3208 παρελθὼν

292 3227 634 3295 διακονήσει
671 3227 875 3288 αὐτοῖς.
910 3245 928 3278 ι
977 3225 1144 3279 Ἀλλά
1204 3226 1297 3277 καὶ
1337 3224 1623 3293 περιδαλεῖ
1683 3226 1888 3294 γυμνὸν

293 3319 452 3370 ὄντα
487 3317 577 3368 τὸν
601 3316 924 3386 ήλεημένον.
960 3316 1171 3369 Οὐκοῦν
1210 3314 1404 3384 στολὴν
1456 3315 1617 3367 δώσει
1682 3315 1889 3385 βασιλι-

295 3414 421 3478 κήν
453 3427 474 3475 ;
503 3411 729 3462 Οίκοθεν
760 3411 868 3478 γὰρ
922 3408 1084 3461 αύτὶν
1119 3407 1324 3460 ἐνδύσει
1389 3407 1485 3461 καὶ
1536 3407 1645 3460 τῶν
1699 3407 1886 3462 αὐτοῦ.

293 3501 584 3556 Δουλικὸν
603 3501 656 3552 δὲ
683 3500 835 3553 οὐδὲν
866 3499 994 3569 παρ’
1021 3497 1169 3568 αὐτῷ
1199 3498 1411 3569 βασιλεῖ
1443 3515 1505 3565 γε
1531 3499 1668 3560 ὄντι.
1701 3499 1888 3571 ὥσπερ

301 3593 483 3646 οἰδὲν
516 3594 643 3662 παρ’
679 3594 810 3662 ἡμῖν
845 3591 1058 3644 οἴκοθεν
1079 3591 1378 3660 βασιλικὸν,
1419 3586 1537 3643 οὖσί
1567 3607 1627 3659 γε
1661 3591 1887 3655 δούλοις.

303 3686 503 3738 Τοῦτο
530 3685 588 3737 δέ
625 3686 738 3736 ἐστι
771 3683 829 3736 τὸ
862 3683 1063 3752 ἔνδυμα
1097 3681 1188 3735 τοῦ
1221 3682 1421 3752 γάμου,
1456 3682 1594 3752 ὅπερ
1622 3685 1748 3747 τοὺς
1794 3701 1890 3738 πε-

311 3778 676 3847 ρικειμένους
705 3776 849 3828 ἔνδον
879 3774 1096 3844 ἀνάγκη
1123 3775 1222 3843 τῆς
1253 3775 1532 3844 βασιλείας
1569 3771 1708 3829 εἶναι
1738 3792 1752 3806 ’
1807 3777 1888 3828 ὅτι

298 3871 480 3923 οὐδὲν
509 3869 624 3932 laet
662 3870 689 3920 ὁ
741 3867 1014 3935 βασιλεὺς,
1069 3869 1097 3919 ὁ
1133 3867 1488 3937 μεμψάμενος
1535 3867 1752 3930 αὐτοὺς,
1787 3869 1890 3920 ὲκ·

295 3962 485 4015 ϐαλεῖ
540 3959 632 4012 τοῦ
688 3960 994 4028 νυμςῶνος.
1037 3958 1102 4010 Τί
1147 3960 1263 4022 ξτες
1300 3960 1433 4028 ,Τὴν
1490 3959 1669 4012 οἰκίαν
1708 3958 1890 4021 αὐτοῖς

297 4051 531 4115 ἀνοίξει
594 4051 690 4122 τὴν
742 4050 937 4104 ἑαυτοῦ
967 4067 980 4081 ⁸
1053 4052 1146 4104 καὶ
1201 4051 1509 4119 είσαγαγὼν
1560 4049 1887 4104 ἀναπαύσει.

308 4165 322 4199 ἱ
375 4143 551 4206 Ξένος
579 4144 686 4213 γὰρ
716 4144 887 4212 ἥμην,
933 4146 1026 4196 καὶ
1061 4142 1404 4210 συνηγάγετέ
1450 4158 1538 4208 με.
1589 4159 1608 4192 ι
1656 4141 1794 4193 Ἀλλ’
1839 4140 1888 4192 οἱ

299 4239 529 4303 ταύτης
562 4235 658 4304 τῆς
691 4235 912 4303 χάριτος
939 4233 1271 4303 ἀξιούμενοι,
1305 4233 1403 4285 οὐκ
1433 4231 1888 4297 ἓτιδοῦλοι,ἀλλά

306 4329 450 4382 υἱοί,
489 4345 508 4377 ι
548 4328 610 4380 ’0
642 4328 750 4398 γὰρ
772 4328 988 4393 δοῦλος,
1025 4329 1212 4397 φησὶν,
1247 4328 1309 4380 ού
1358 4327 1509 4396 μένει
1533 4329 1591 4378 ὲν
1647 4330 1710 4396 τῇ
1744 4325 1889 4395 οἰκία

1987 3138 2057 3191 sit
2082 3138 2275 3190 nudus.
2312 3135 2467 3190 Dabit
2486 3151 2614 3204 ergo
2638 3145 2836 3190 vestem
2869 3137 3123 3207 regalem;
3175 3153 3206 3191 e
3231 3140 3388 3192 domo
3411 3139 3553 3192 enim

1988 3238 2043 3282 et
2067 3242 2137 3281 ex
2187 3227 2300 3281 suis
2347 3241 2474 3280 cum
2524 3227 2737 3280 ind-aet.
2769 3226 2910 3280 Nihil
2941 3237 3020 3281 est
3045 3235 3227 3281 autem
3262 3230 3400 3296 apud
3432 3243 3552 3284 eum

1989 3319 2203 3386 servile,
2240 3333 2362 3372 cum
2403 3319 2471 3371 sit
2497 3319 2770 3381 rex,sicnt
2796 3318 2928 3372 nihil
2951 3320 3192 3387 estapud
3216 3336 3315 3375 nos
3347 3336 3376 3376 e
3398 3323 3556 3376 domo

1990 3409 2191 3476 regale,
2250 3424 2372 3463 cum
2402 3409 2542 3464 servi
2577 3410 2762 3463 s‘mus.
2791 3408 2907 3463 Hoc
2936 3420 3017 3464 est
3055 3421 3235 3466 autem
3270 3412 3555 3466 indumen-

1985 3509 2102 3554 tum
2148 3499 2384 3570 nuptiale
2438 3514 2542 3569 quo
2572 3500 2662 3569 qui
2718 3500 2887 3554 induti
2915 3509 3060 3565 sunt,
3095 3517 3316 3558 necesse
3351 3512 3434 3557 est
3464 3519 3557 3557 eos

1990 3595 2140 3662 regni
2204 3609 2346 3650 esse.
2385 3594 2528 3648 Nihil
2561 3597 2702 3649 enim
2735 3596 2895 3649 habet
2938 3612 3052 3662 rex,
3073 3596 3216 3666 quod
3238 3613 3360 3652 cum
3391 3599 3443 3651 in
3471 3599 3553 3652 ei.

1992 3686 2414 3755 reprehenderit,
2476 3702 2538 3739 ex
2567 3685 2894 3755 nuptialibus
2935 3687 3136 3742 aedibus
3158 3687 3360 3754 ejiciat.
3413 3689 3554 3754 Quid

1990 3777 2285 3845 praaterea?
2319 3779 2536 3829 domum
2566 3777 2644 3830 eis
2677 3791 2830 3829 suam
2885 3778 3111 3845 aperiet,
3142 3790 3196 3832 et
3220 3779 3556 3834 introductos

1989 3866 2151 3920 faciet
2181 3867 2482 3935 quiescere.
2518 3865 2758 3935 «Hospes
2789 3868 2930 3920 enim
2963 3881 3115 3923 eram
3147 3906 3164 3933 ,
3195 3879 3247 3923 et
3278 3885 3363 3924 me
3388 3873 3554 3926 colle-

1987 3958 2165 4028 gistis.
2199 3977 2217 4010 ι
2255 3957 2360 4013 Sed
2390 3960 2478 4026 qui
2515 3959 2613 4012 hac
2639 3960 2814 4027 gratia
2871 3959 3078 4027 dignati
3119 3970 3266 4026 sunt,
3294 3977 3398 4015 non
3441 3981 3556 4017 am-

1993 4051 2130 4120 plius
2178 4053 2316 4105 servi
2337 4051 2428 4104 Dei
2459 4089 2474 4113 .
2503 4051 2595 4105 sed
2641 4052 2756 4104 ﬁlii.
2787 4050 3013 4106 «Servus
3035 4054 3200 4118 enim,
3234 4055 3550 4123 inquit,uon

1993 4144 2240 4199 manetin
2275 4145 2434 4198 domo
2488 4143 2540 4198 in
2562 4153 2878 4197 aeternum.»
2905 4144 3020 4198 Filii
3047 4155 3226 4200 autem
3253 4147 3417 4201 etiam
3444 4151 3552 4202 ha:-

1993 4237 2170 4300 redcs,
2212 4251 2315 4289 non
2356 4237 2503 4304 regni
2543 4234 2738 4300 solum,
2768 4236 2859 4288 sed
2884 4237 3046 4289 etiam
3075 4236 3188 4306 ejus
3218 4239 3308 4306 qui
3332 4254 3552 4307 regnum

1997 4327 2393 4395 complectitur,
2429 4324 2710 4381 illmredes
2731 4327 2898 4390 enim,
2931 4327 3124 4396 inquit,
3166 4329 3280 4393 Dei,
3319 4331 3554 4385 coluere-

306 4424 395 4483 εἰς
439 4421 532 4473 τὸν
565 4395 769 4474 αἰῶνα.
819 4440 838 4473 ι
878 4421 942 4472 οι
996 4395 1052 4472 δὲ
1092 4395 1240 4482 τεο-ι,
1277 4395 1371 4471 και
1422 4395 1767 4487 κληρονόμοι,
1827 4418 1885 4470 οὐ

1999 4421 2091 4474 des
2146 4429 2324 4473 autem
2377 4417 2634 4473 Christi.»
2695 4418 2768 4471 Ita
2815 4434 2844 4472 a
2875 4419 2982 4472 Deo
3021 4429 3204 4487 petere
3252 4421 3557 4476 misericor-

307 4516 413 4580 τῆς
462 4511 742 4581 βασιλείας
779 4512 962 4575 ἁπλῶς
994 4512 1174 4581 μόνον,
1237 4509 1373 4563 ἀλλὰ
1427 4510 1521 4561 καὶ
1577 4509 1742 4561 αὐτοῦ
1792 4507 1885 4560 τοῦ

311 4603 712 4672 ,περικειμένου
739 4604 836 4671 τὴν
891 4603 1182 4671 βασιλείαν.

1994 4510 2135 4562 diam
2190 4521 2269 4562 est
2314 4519 2495 4577 petere
2547 4518 2604 4560 ut
2647 4525 2866 4578 regnum
2924 4511 3024 4562 sibi
3085 4511 3242 4564 liccat
3313 4513 3551 4581 assequi.

1258 4619 1278 4653 ι
1343 4600 1683 4669 κληρονόμοι
1737 4600 1864 4671 γὰρ,
1909 4599 2706 4668 φησὶ,Θεοῦ,συγκληρονόμοι
2763 4599 2820 4653 δὲ
2861 4599 3116 4669 Χριστοῦ.
3156 4619 3172 4650 ι
3245 4601 3400 4654 Οὕτω
3467 4605 3555 4655 τὸν

313 4697 475 4747 ἔλεον
503 4695 654 4763 παρὰ
683 4695 775 4748 τοῦ
805 4695 1038 4765 Χριστοῦ
1091 4695 1284 4755 αἰτεῖν,
1309 4694 1369 4746 τὸ
1408 4694 1592 4762 τυχεῖν
1623 4695 1754 4765 παρ’
1781 4693 1948 4747 αὐτοῦ
1980 4691 2278 4764 βασιλείας,
2313 4689 2456 4742 ἐστιν
2488 4691 2681 4744 αἰτεῖν.

889 4788 1140 4839 ΚΕΦΑΛ.
1168 4787 1260 4838 IA'.

723 4879 862 4946 Περὶ
897 4878 1007 4945 τῆς
1036 4877 1438 4945 παραθέσεως.

395 4974 552 5027 Μετά
583 4973 639 5025 δὲ
664 4973 726 5024 τὸ
760 4971 1023 5034 εὔξασθαι
1060 4971 1188 5040 περὶ
1211 4969 1450 5033 πάντων,
1515 4968 1743 5030 ἑαυτοὺς
1801 4986 1893 5021 κε-

321 5065 583 5134 λεύειτῷ
643 5063 762 5130 Θεῷ
801 5061 1220 5131 παρατίθεσθαι,
1269 5061 1480 5129 λέγων’
1531 5077 1550 5111 ι
1591 5059 1888 5123 Παναγίας,

326 5158 631 5224 ἀιράντουι
667 5152 1127 5220 ὕπερευλογίμου,
1161 5151 1371 5217 ἐνδόξου
1408 5149 1706 5218 Δεσποίνης
1739 5148 1894 5217 ἡμῶν

326 5247 595 5298 Θεοτόκου
634 5246 728 5298 καὶ
758 5245 845 5298 ἀεὶ
873 5243 1143 5314 παρθένου
1197 5241 1434 5312 Μαρίας,
1490 5238 1628 5310 μετά
1679 5236 1896 5290 πάντων

327 5338 436 5389 τῶν
472 5338 646 5403 ἁγίων
679 5333 1178 5404 μνημονεύσαντες,
1205 5333 1434 5394 ἑαυτοὺς
1484 5332 1577 5383 καὶ
1634 5328 1892 5390 ἀλλήλους

335 5432 423 5482 καὶ
461 5430 644 5480 πᾶσαν
674 5429 773 5497 τὴν
800 5427 944 5495 ζωὴν
981 5425 1133 5497 ἡμῶν
1163 5425 1240 5495 τῷ
1269 5425 1387 5492 Θεῴ
1438 5422 1830 5491 παραθώμεθα.
1870 5439 1888 5470 ι

336 5523 404 5572 03
437 5520 653 5572 πάντων
682 5521 798 5571 ἐστὶ
827 5519 886 5570 τὸ
916 5517 1315 5587 παρατίθεσθαι
1365 5516 1594 5578 ἑαυτοὺς
1646 5513 1725 5582 τῷ
1755 5513 1893 5580 Θεῷ.

339 5613 408 5662 Οὔ
435 5613 543 5679 γὰρ
575 5612 737 5680 ἀρκεῖ
789 5610 849 5661 τὸ
867 5612 1064 5671 εἰπεῖν,
1089 5608 1222 5661 ἀλλά
1259 5608 1337 5660 δεῖ
1365 5608 1458 5660 καὶ
1487 5606 1577 5659 τὸν
1617 5605 1748 5657 Θεῆν
1776 5621 1896 5654 συν-

337 5702 616 5771 τ.θέ;ι;ν-,ν
648 5701 814 5770 ἔχειν.
847 5701 1016 5752 Τοῦτο
1038 5701 1092 5752 δὲ
1117 5699 1425 5772 παρῤησίας
1460 5701 1630 5750 δεῖται
1657 5697 1893 5760 πάντως,

2607 4781 2758 4834 CAP.
2805 4779 2940 4836 XIV.

2298 4871 2370 4926 De
2399 4870 2847 4925 commendatione
2879 4890 2969 4926 seu
3002 4875 3256 4945 deposito.

2071 4964 2356 5031 Postquam
2401 4972 2577 5016 autem
2638 4965 2811 5018 oravit
2840 4981 2935 5032 pro
2981 4971 3252 5028 tnunibns.
3283 4969 3434 5038 jubet
3465 4986 3560 5025 eos

2003 5054 2107 5107 Deo
2138 5053 2340 5122 seipsos
2378 5054 2780 5119 couunendare,
2817 5055 3044 5110 dicens:
3087 5077 3104 5109 ι
3157 5060 3557 5120 Sanctissima-,

2000 5146 2352 5207 intemerata},
2415 5145 2899 5211 superhcnedictae,
2992 5148 3244 5215 gleiiosa:
3323 5151 3558 5204 Dominae

2001 5249 2194 5293 nostra;
2235 5238 2474 5308 Deiparze
2502 5277 2517 5302 ,
2546 5249 2600 5291 et
2637 5251 2849 5308 semper
2910 5237 3140 5310 Virginis
3201 5242 3380 5296 Mariae
3433 5258 3557 5296 cum

2001 5331 2250 5384 omnibus
2277 5330 2478 5384 sanctis
2520 5331 2838 5383 memoriam
2874 5329 3159 5394 facientes,
3190 5348 3286 5387 nos
3311 5334 3481 5400 ipsos,
3505 5342 3559 5384 et

2001 5435 2098 5473 uos
2164 5419 2411 5482 inviCetu,
2457 5430 2509 5471 et
2560 5433 2772 5472 omnem
2829 5420 2990 5472 vitatu
3057 5431 3293 5474 nostram
3345 5423 3559 5474 Christo

2005 5511 2462 5568 ctunmendemus,
2497 5521 2549 5562 et
2582 5508 2963 5562 cnsmdiendos
2992 5511 3337 5577 deponamus.
3383 5527 3400 5560 ο
3443 5510 3557 5562 Non

2004 5614 2083 5656 est
2114 5603 2351 5654 (lllllliillll
2417 5601 2522 5653 Deo
2577 5601 2783 5668 St'ipStts
2837 5600 3236 5664 eotnmcntlare,
3282 5610 3333 5653 et
3381 5613 3562 5655 t'llSlO-

2004 5694 2230 5747 diendes
2285 5694 2514 5748 tradere.
2580 5690 2691 5743 Non
2766 5690 2962 5743 solliit
3018 5692 3157 5744 enim
3211 5694 3412 5758 dicere,
3466 5699 3558 5748 sed
