3992 6202
487 296 604 357 39f)

1759 288 2063 349 NlCOLAl
2106 287 2495 348 CABASILE

3633 279 3730 340 400

497 413 714 478 oportet
742 405 905 458 etiam
961 401 1054 456 Dei
1097 387 1432 456 consensum
1465 400 1691 456 habere.
1723 400 1839 455 Hoc
1895 412 2073 455 autem
2101 453 2104 462 ,

2207 400 2494 474 παρρησίαν
2529 398 2586 451 δὲ
2616 397 2857 466 καθαρὶν
2883 396 3028 448 ποιεῖ
3062 393 3298 453 σννειδός
3321 409 3336 424 ο
3381 392 3507 444 ὅταν
3535 394 3564 454 ἡ
3598 411 3733 464 κορ-

500 496 724 554 omuino
745 496 944 562 indiget
963 493 1211 546 libertate
1235 509 1248 544 :
1269 492 1574 546 libertatem
1593 503 1772 545 autem
1796 490 1923 546 facit
1943 504 2075 560 pura

505 587 856 647 conscientia,
892 587 1105 652 quando
1135 598 1230 637 cor
1267 598 1514 638 nostrum
1562 599 1658 638 nos
1688 598 1794 637 non
1820 583 2079 637 condem-

507 690 620 742 nat,
651 679 868 747 quando
909 691 1027 743 qum
1061 686 1186 728 sunt
1238 674 1376 743 ejus,
1412 691 1670 730 curamus
1703 694 1716 728 :
1769 674 1983 742 quando
2023 681 2081 726 ut

507 787 692 824 eorum
729 784 846 836 qua:
886 775 1011 820 sunt
1047 767 1181 833 ejus,
1207 782 1391 819 curam
1447 783 1721 834 geramus,
1765 774 1948 820 nostra
1984 778 2080 817 nc-

509 865 780 932 gligimus.
802 860 955 916 Tunc
985 861 1128 914 enim
1179 871 1231 916 et
1264 860 1366 928 ipsi
1401 876 1528 912 vere
1558 876 1584 911 a
1628 875 1752 912 cura
1787 857 1954 911 nostri
1994 871 2080 910 re-

514 955 782 1017 cedimus,
818 963 870 1007 et
895 952 1003 1006 Deo
1034 969 1152 1005 eam
1193 966 1386 1006 secure
1422 951 1835 1014 committimus,
1865 948 2083 1018 quando

515 1048 725 1098 ﬁrmam
754 1044 1073 1098 etstabilem
1125 1041 1280 1097 ﬁdem
1313 1042 1572 1095 habemus
1608 1040 1748 1109 quod
1783 1039 2083 1107 depositum

516 1152 755 1192 nostrum
820 1135 1079 1202 suscipiet
1127 1144 1180 1187 et
1234 1134 1495 1187 servaliit.
1563 1130 1700 1198 Quia
1757 1139 1935 1184 autem
2001 1143 2087 1182 res

517 1241 663 1283 tanta
726 1226 1167 1282 consideratione
1195 1236 1247 1279 et
1286 1224 1468 1280 studio
1533 1223 1758 1288 indiget,
1801 1227 2088 1289 propterea

518 1335 658 1371 nunc
679 1316 894 1384 quidem
943 1312 1303 1367 sanctissimae
1338 1310 1430 1363 Dei
1495 1309 1680 1362 blattis
1732 1317 1786 1360 ct
1843 1305 2088 1360 onmium

523 1419 834 1463 sanctorum
873 1414 1049 1459 cintus
1082 1405 1334 1456 invocato
1368 1402 1592 1466 auxilio,
1624 1401 1692 1454 iia
1732 1399 2088 1453 commcnda-

523 1505 730 1557 tiouein
765 1515 858 1553 seu
892 1498 1288 1567 depositionem
1335 1495 1602 1549 facimus:
1633 1495 1735 1547 hoc
1785 1492 1927 1545 enim
1988 1488 2090 1542 sibi

522 1594 634 1645 vult
664 1590 816 1654 illud,
850 1606 868 1638 ι
899 1599 1350 1645 commemorare,
1393 1595 1610 1641 vocare,
1652 1593 1828 1633 orare.
1866 1595 1884 1627 ι
1938 1575 2094 1629 Nunc

524 1696 700 1738 autem
729 1681 849 1735 ﬁdei
877 1679 1105 1740 unitate,
1138 1686 1192 1730 et
1224 1675 1398 1729 sancti
1449 1672 1685 1740 Spiritus
1731 1669 1880 1739 prius
1928 1669 2093 1739 petita

519 1775 931 1834 communione,
963 1769 1161 1824 deinde
1210 1782 1310 1821 nos
1350 1767 1494 1836 ipsos
1549 1777 1602 1819 et
1657 1778 1873 1818 omnem
1925 1763 2092 1816 vitam
2127 1739 2166 1796 Β

525 1876 766 1922 nostram
804 1865 913 1918 Deo
959 1860 1426 1921 commendamus,
1465 1866 1518 1911 et
1546 1855 1949 1910 custodiendam
1979 1861 2093 1907 tra-

523 1961 722 2013 dimus.
791 1955 929 2022 Quid
985 1963 1068 2008 est
1127 1961 1306 2005 autem
1361 1951 1543 2003 unitas
1603 1945 1766 2001 ﬁdei?
1817 1963 1836 1998 ι
1888 1943 2092 2008 llomo,

525 2053 744 2122 inquit,
820 2048 1021 2114 duplici
1087 2045 1297 2108 corde,
1381 2051 1466 2097 est
1545 2040 1811 2095 instabilis
1877 2040 1929 2090 in
1993 2036 2096 2091 viis

524 2146 637 2199 suis
693 2160 707 2197 :
764 2161 783 2194 ι
843 2139 1040 2209 duplici
1106 2137 1271 2190 corde
1344 2134 1620 2188 hominem
1680 2145 1908 2195 vocans,
1971 2143 2093 2182 eum

527 2238 620 2305 qui
671 2246 756 2292 est
787 2234 986 2287 dubius
1043 2240 1099 2284 et
1147 2228 1366 2282 minime
1411 2228 1597 2279 ﬁrmus
1626 2235 1677 2278 et
1723 2224 1955 2279 stabilis.
1993 2219 2097 2287 Qui

525 2331 672 2382 enim
742 2326 864 2380 talis
913 2333 1039 2390 est,
1116 2323 1158 2374 is
1224 2321 1275 2373 in
1322 2326 1607 2386 utramque
1664 2324 1872 2383 partem
1928 2311 2096 2367 decli-

531 2437 691 2482 nans,
745 2421 796 2473 in
861 2429 1051 2472 neutra
1110 2424 1264 2485 parte
1317 2413 1547 2482 ﬁrmiter
1604 2410 1930 2477 ingreditur.
1989 2404 2100 2459 llu-

531 2517 622 2585 jus
676 2524 859 2567 autem
919 2508 1254 2564 contrarium
1289 2520 1384 2576 per
1424 2505 1684 2558 unitatem
1718 2501 2095 2571 signiﬁcatur:

535 2610 584 2662 id
612 2607 752 2676 quod
792 2603 1003 2657 sciliret
1053 2611 1139 2653 est
1197 2597 1432 2659 ﬁrmum,
1490 2604 1745 2649 constans
1801 2601 1854 2646 et
1883 2591 2098 2644 stabile.

528 2701 634 2768 Qui
666 2698 811 2752 enim
840 2703 1162 2750 constanter
1213 2689 1407 2752 credit,
1442 2701 1606 2740 unum
1639 2684 1912 2754 quidpiam
1947 2685 2013 2736 de
2042 2696 2101 2736 re

529 2791 726 2856 credit,
758 2790 841 2843 vel
871 2803 1010 2848 esse,
1046 2783 1126 2838 vel
1153 2800 1255 2835 nou
1305 2795 1454 2835 esse.
1487 2778 1589 2844 Qui
1628 2785 1807 2831 autem
1861 2783 1944 2828 est
1998 2773 2101 2827 du-

532 2889 679 2952 bius,
707 2897 832 2938 eum
866 2883 931 2932 ad
966 2888 1256 2944 utrumque
1297 2871 1572 2927 declinare
1592 2869 1675 2924 vel
1703 2885 1764 2924 cx
1797 2868 1913 2937 ipso
1941 2880 2103 2921 voca-

528 2977 660 3030 liulo
682 2970 1030 3027 manili-stum
1062 2972 1163 3019 est.
1192 2962 1302 3016 Hoc
1329 2977 1482 3031 ergo,
1519 2961 1640 3015 ﬁdei
1665 2959 1874 3013 scilicet
1902 2956 2099 3020 unitas,

2180 493 2266 545 δία
2299 491 2456 562 ἡμῶν
2483 495 2556 560 μὴ
2603 487 3003 556 καταγινώσκει
3056 488 3248 554 ἡμῶν·
3287 485 3414 536 ὅταν
3469 485 3532 536 τὰ
3575 486 3734 538 αὖτοῦ

2186 587 2563 656 μεριμνῶμεν,
2597 585 2728 636 ὅταν
2763 583 2902 650 ὑπὲρ
2934 581 3026 633 τοῦ
3071 574 3342 649 μεριμνᾷν
3394 577 3460 629 τὰ
3509 579 3733 641 ἐκείνου,

2180 679 2288 730 τῶν
2314 678 2598 749 ἡμετέρων
2654 674 3106 743 καταφρονῶμεν.
3159 673 3292 723 Τότε
3323 670 3430 738 γὰρ
3487 670 3639 721 αὐτοί
3678 688 3735 722 τε

2184 771 2398 840 ἀληθῶς
2424 767 2773 837 ἀφιστάμεθα
2804 769 2902 828 τῆς
2932 764 3203 834 μερίμνης
3246 763 3347 828 τῆς
3401 762 3540 831 ὑπὲρ
3583 762 3737 831 ἡμῶν

2187 861 2523 932 aii-canant!
2547 859 2626 928 τῷ
2657 858 2776 929 Θεῷ
2809 857 3010 926 ταύτην
3059 856 3432 923 παρατίθεμεν
3469 855 3737 920 ἀσφαλῶς·

2188 953 2538 1016 πιστεύοντες
2572 952 2804 1020 βεϐαίως
2835 953 2915 1003 ὅτι
2945 948 3155 1012 δέξεται
3194 948 3293 1016 τὴν
3362 947 3740 1018 παρακαταθή-

2189 1065 2294 1117 κην
2325 1046 2482 1115 ἡμῶν
2512 1046 2606 1097 καὶ
2633 1043 2880 1113 φυλάξει.
2913 1041 3068 1093 Ἐπεὶ
3087 1040 3266 1092 τοίνυν
3293 1039 3562 1106 τοσαύτης
3579 1039 3741 1090 δεῖται

2189 1141 2251 1193 τδ
2290 1142 2523 1208 πρᾶγμα
2591 1136 2908 1204 φιλοσοφίας
2946 1152 3005 1186 τε
3052 1134 3146 1185 κα)⁹
3177 1133 3432 1199 σπουδῆς,
3473 1131 3558 1182 διὰ
3595 1129 3744 1183 τοῦτο

2191 1233 2284 1285 νῦν
2323 1233 2419 1300 μὲν
2451 1229 2727 1296 παναγίαν
2764 1227 2858 1280 τοῦ
2899 1225 3033 1278 Θεοῦ
3086 1227 3336 1295 Μητέρα,
3376 1225 3468 1276 καὶ
3516 1224 3606 1276 τὸν
3643 1224 3745 1276 τῶν

2193 1324 2365 1392 ἁγίων
2403 1324 2620 1376 ἅπαντα
2655 1321 2857 1372 κύκλον
2898 1320 2975 1381 εἰς
3018 1318 3334 1388 ἐπικουρίαν
3405 1315 3747 1374 καλέσαντες,

2193 1418 2334 1471 οὕτω
2360 1415 2662 1485 ποιούμεθα
2687 1414 2784 1485 τὴν
2818 1414 3118 1482 παράθεσιν
3147 1427 3160 1440 '
3201 1410 3354 1462 τοῦτο
3375 1409 3483 1477 γὰρ
3509 1407 3750 1478 βούλεται

2193 1510 2275 1573 τὸ,
2295 1527 2313 1559 t
2346 1507 2737 1577 μνημονεῦσαι,
2764 1524 2782 1558 ι
2803 1505 2885 1569 τὸ,
2911 1523 2931 1555 «
2961 1503 3206 1564 καλέσαι,
3238 1521 3255 1552 ι
3275 1505 3355 1566 τδ,
3382 1519 3400 1551 ι
3422 1499 3700 1571 δεηθῆναι.
3731 1519 3747 1548 ι

2196 1599 2311 1652 Νῦν
2341 1599 2397 1652 δὲ
2422 1598 2522 1667 τὴν
2555 1597 2781 1666 ἑνότητα
2803 1596 2902 1664 τῆς
2922 1595 3178 1658 πίστεως,
3206 1593 3301 1646 καὶ
3332 1593 3430 1660 τὴν
3471 1589 3752 1642 κοινωνία-ι

2197 1687 2291 1740 τοῦ
2336 1687 2492 1754 ἁγίου
2531 1686 2847 1756 Πνεύματος
2903 1685 3256 1754 αίτησάμενοι
3295 1681 3584 1752 πρότερον,
3646 1675 3755 1732 εἶτα

2199 1781 2428 1840 ἑαυτοὺς
2456 1780 2549 1830 καὶ
2587 1776 2875 1845 ἀλλήλους,
2920 1776 3015 1828 καὶ
3069 1777 3249 1828 πᾶσαν
3288 1772 3386 1844 τὴν
3415 1773 3563 1842 ζωὴν
3609 1772 3756 1842 ἡμῶν

2197 1869 2617 1942 παρατιθέμεθα
2669 1868 2747 1940 τῷ
2777 1867 2918 1937 Θεῷ.
2950 1868 3014 1918 Τί
3058 1867 3114 1920 δέ
3162 1867 3315 1919 ἐστιν
3341 1867 3373 1935 ἡ
3401 1866 3496 1934 τῆς
3529 1865 3757 1924 πίστεως

2200 1963 2432 2031 ὲνότης;
2479 1980 2496 2012 t
2551 1960 2738 2030 Ἀνὴρ,
2787 1960 2943 2030 φησι,
2977 1958 3223 2029 δίψυχος,
3268 1957 3653 2018 ἀκατάστατος
3705 1956 3758 2006 ἐν

2198 2054 2399 2116 πάσαις
2433 2055 2554 2116 ταῖς
2581 2053 2721 2115 ὁδοῖς
2757 2050 2924 2104 αὐτοῦ
2947 2068 2960 2081 ·
2999 2070 3018 2102 ι
3075 2051 3296 2121 δίψυχον
3335 2049 3508 2117 λέγων
3539 2048 3636 2100 τὸν
3668 2049 3761 2115 ἅμ-

2199 2145 2441 2213 φίίτολον,
2492 2144 2585 2197 τὸν
2635 2141 2874 2214 οὐδαμοῦ
2939 2142 3176 2212 βέϐαιον.
3257 2139 3318 2192 '0
3371 2141 3478 2209 γὰρ
3528 2139 3760 2200 τοιοῦτος

2197 2238 2282 2306 ἐφ’
2307 2239 2576 2308 ἑκατέρας
2614 2236 2833 2300 κλίνων,
2889 2232 3214 2303 οὑδετέρωθι
3276 2232 3448 2301 βαίνει
3505 2231 3758 2300 βεϐαίως.

2199 2330 2404 2383 Τούτου
2446 2329 2504 2382 τὸ
2531 2328 2773 2381 ἐναντίον
2802 2325 3059 2393 δηλοῦται
3090 2328 3181 2381 διὰ
3231 2326 3328 2392 τῆς
3376 2322 3653 2385 ἐνώσεως,
3706 2321 3760 2373 τὸ

2200 2423 2419 2490 πάγιον,
2452 2423 2511 2474 τὸ
2547 2421 2789 2490 βέϐαιον,
2820 2420 2880 2472 τὺ
2923 2420 3112 2482 ἑστώς.
3155 2419 3214 2470 '0
3249 2417 3469 2488 μὲνγὰρ
3490 2413 3761 2467 πιστεύων

2203 2515 2458 2586 βεϐαίως,
2491 2513 2548 2566 ’ἐν
2575 2531 2627 2566 τι
2653 2512 2950 2581 γιγνώσκει
3007 2513 3134 2581 περὶ
3184 2509 3277 2564 τοῦ
3326 2511 3678 2580 πράγματος,
3731 2510 3760 2579 ἦ

2201 2609 2260 2659 τὸ
2290 2602 2452 2671 εῖναι,
2481 2608 2511 2676 ἢ
2543 2605 2603 2658 τὸ
2641 2605 2718 2675 μὴ
2743 2600 2904 2658 εῖναι.
2937 2605 2995 2657 ὐ
3033 2603 3086 2655 δὲ
3111 2601 3410 2672 ἀμφίϐολος
3444 2602 3585 2668 πρὸς
3611 2601 3765 2670 ἄμφω

2205 2697 2408 2766 ῥέπων,
2445 2697 2538 2748 καὶ
2575 2695 2683 2749 ἀπὸ
2712 2695 2812 2762 τῆς
2873 2693 3244 2763 προσηγορίας
3285 2691 3531 2760 γίνεσθαι
3596 2691 3763 2760 δῆλος.

2203 2786 2374 2840 Τοῦτο
2404 2786 2503 2857 μιν
2543 2787 2576 2855 ἡ
2623 2785 2725 2855 τῆς
2755 2785 2989 2846 πίστεως
3047 2784 3260 2853 ἑνότηςο
3295 2784 3353 2835 τὸ
3396 2783 3676 2851 ἀκίνητον,
3711 2783 3766 2832 τὸ

2206 2880 2388 2950 πάσης
2453 2877 2852 2948 ἀμφιϐολογίας
2914 2875 3358 2946 ἀπηλλαγμένον.
3428 2875 3492 2927 Ἦ
3562 2875 3626 2927 δὲ
3677 2873 3763 2926 τοῦ

2210 2973 2367 3040 ἁγίου
2419 2971 2738 3040 Πνεύματος
2800 2968 3050 3022 κοινωνία
3105 2969 3202 3038 τὴν
3243 2967 3454 3020 ἐκείνου
3515 2965 3766 3036 σημαίνει

517 3077 613 3122 cst
646 3066 697 3119 id
728 3063 866 3132 quod
900 3069 983 3114 est
1040 3055 1340 3117 immobile,
1381 3063 1434 3108 ct
1463 3053 1529 3107 ab
1573 3051 1718 3106 omni
1768 3049 2104 3104 dubitatione

2211 3065 2396 3135 χάριν.
2418 3061 2652 3128 Λέγεται
2696 3059 2750 3112 δὲ
2779 3060 3058 3124 κοινωνία,
3105 3060 3188 3111 ὅτι
3214 3057 3305 3110 τοῦ
3329 3057 3529 3126 Κυρίου
3578 3056 3765 3109 διὰτοῦ

528 3162 784 3214 liberum.
840 3151 1024 3207 Sancti
1094 3158 1274 3203 autem
1328 3147 1562 3216 Spiritus
1593 3143 1904 3200 communio
1963 3142 2106 3196 illius

536 3253 767 3320 gratiam
804 3247 1100 3316 signiliCal.
1152 3240 1360 3294 Dicitur
1383 3249 1560 3293 autem
1591 3239 1927 3301 communio,
1981 3232 2106 3304 quia

533 3357 656 3396 cum
695 3338 952 3392 Dominus
985 3349 1080 3405 per
1108 3346 1330 3388 crucem
1393 3329 1731 3396 interiectam
1755 3327 1900 3395 sepis
1933 3339 2110 3380 macc-

538 3436 700 3496 riam,
736 3445 857 3498 qua:
885 3429 1028 3480 inter
1057 3442 1152 3480 nos
1187 3434 1241 3478 et
1267 3423 1432 3478 Deum
1467 3430 1609 3484 erat,
1637 3419 1916 3482 diruisset,
1972 3432 2110 3486 quo-

524 3528 685 3579 ..-niam
756 3537 852 3575 eos
909 3519 1000 3588 qui
1045 3528 1176 3571 tunc
1225 3513 1481 3585 disiuncti
1529 3521 1705 3579 erant,
1749 3510 1899 3564 nullo
1956 3510 2111 3564 modo

528 3632 700 3687 posse
731 3613 1024 3669 convenire
1072 3621 1124 3664 et
1152 3605 1554 3662 communicare
1604 3610 1931 3673 cognoverat
1962 3619 1975 3656 :
2013 3602 2110 3655 de-

534 3714 736 3778 .inceps
769 3705 946 3761 sancti
994 3701 1227 3771 Spiritus
1265 3698 1331 3752 ad
1367 3695 1642 3766 apostolos
1690 3695 1955 3747 adventus
2010 3694 2112 3746 hoc

542 3801 724 3856 cllicit.
759 3796 1056 3851 liincenim
1091 3797 1338 3846 sanctum
1380 3788 1648 3857 baptisma
1707 3796 1761 3840 et
1793 3788 1968 3840 oumis
1995 3785 2113 3841 fons

543 3895 852 3950 divinarum
890 3887 1181 3959 gratiarum
1210 3882 1517 3936 horninibus
1543 3887 1762 3948 apertus
1794 3891 1899 3932 est.
1940 3879 2024 3944 Et,
2058 3885 2114 3930 ut

546 3986 679 4039 dicit
735 3983 929 4036 beatus
963 3976 1176 4037 Petrus,
1204 3971 1398 4026 divina:
1425 3981 1631 4024 natura:
1667 3970 1800 4023 socii
1853 3969 1977 4022 laeti
2027 3985 2114 4022 su-

529 4093 667 4131 mius
696 4073 1008 4143 participes.

616 4167 764 4234 Opus
797 4173 878 4216 est
907 4175 1034 4226 ergo
1082 4167 1134 4212 et
1169 4157 1272 4212 ﬁde
1311 4157 1461 4210 ﬁrma
1506 4167 1560 4211 et
1589 4156 1809 4226 spiritus
1833 4152 2033 4207 auxilio
2067 4153 2116 4206 ci

545 4259 639 4328 qui
670 4256 907 4323 seipsum
945 4252 1056 4303 Deo
1084 4261 1167 4303 est
1192 4248 1694 4312 commendaturus,
1735 4257 1790 4301 et
1842 4261 1901 4300 se
1943 4246 1992 4300 ei
2022 4261 2121 4300 cu-

545 4345 888 4400 stodiendum
913 4342 1160 4395 daturus.
1187 4337 1373 4408 Neque
1428 4353 1560 4393 vero
1596 4338 1965 4410 unusquisque
2029 4354 2116 4394 se-

2210 3153 2444 3223 σταυροῦ
2487 3151 2548 3204 τὸ
2598 3150 2916 3221 μεσότοιχον
2977 3149 3072 3202 τοῦ
3114 3145 3371 3217 φραγμοῦ
3399 3186 3414 3211 ,
3455 3148 3513 3198 τὸ
3571 3146 3767 3214 μεταξὺ

2207 3245 2343 3299 Θεοῦ
2365 3241 2461 3298 καὶ
2489 3242 2646 3312 ἡιιῶν
2695 3240 3040 3306 καθελόντος,
3081 3240 3202 3294 ἐπεὶ
3234 3241 3356 3302 τοὺς
3410 3239 3528 3292 τότε
3570 3239 3768 3291 διισταο

2213 3339 2409 3408 μένους
2460 3335 2554 3389 καὶ
2623 3333 2789 3405 μηδὲν
2847 3333 3068 3403 ἔχοντας
3129 3330 3330 3394 κοινὸν,
3390 3330 3636 3384 συνιέναι
3685 3333 3771 3382 καὶ

2210 3433 2490 3485 κοινωνεῖν
2529 3429 2635 3480 ἔδει
2659 3426 2869 3491 λοιπὸν,
2899 3427 2932 3498 ἡ
2976 3424 3069 3478 τοῦ
3103 3425 3259 3493 ἁγίου
3285 3425 3615 3493 Πνεύματος
3645 3423 3771 3493 πρός

2209 3523 2336 3586 τοὺς
2367 3519 2704 3582 ἀποστόλους
2764 3517 3030 3587 ἐπιδημία
3089 3515 3248 3570 τοῦτο
3285 3515 3447 3568 ποιεῖ.
3493 3512 3774 3566 Ἐντεῦθεν

2212 3610 2321 3678 γὰρ
2356 3607 2416 3659 τὸ
2470 3607 2623 3676 ἅγιον
2679 3605 2958 3675 βάπτισμα
3029 3605 3123 3658 καὶ
3175 3607 3325 3658 πᾶσα
3369 3605 3403 3673 ἡ
3455 3603 3566 3656 τῶν
3625 3603 3774 3656 θείων

2213 3701 2450 3771 χαρίτων
2682 3702 2792 3762 τοῖς
2838 3696 3148 3768 ἀνθρώποις
3185 3696 3416 3764 ἀνέῳγε,
3463 3695 3596 3762 καὶ,
3635 3694 3771 3747 κατά

2213 3794 2303 3846 τὸν
2362 3791 2630 3862 μακάριον
2688 3792 2916 3862 Πέτρον,
2977 3790 3128 3851 θείας
3170 3788 3473 3858 γεγόναμεν
3533 3787 3779 3839 κοινωνοὶ

2216 3900 2451 3952 φυσεως.

2288 4155 2381 4207 Δεῖ
2417 4152 2598 4206 τοίνυν
2628 4149 2720 4204 καὶ
2765 4149 3002 4211 πίστεως
3042 4147 3282 4217 βεϐαίας,
3342 4146 3439 4200 καὶ
3478 4147 3586 4215 τῆς
3645 4149 3786 4218 παρὰ

2221 4247 2312 4301 τοῦ
2342 4246 2499 4314 ἀγίιι.)
2525 4245 2844 4314 Πνεύματος
2882 4242 3159 4312 βοηθείας,
3198 4240 3276 4308 τῷ
3305 4240 3551 4309 μέλλοντι
3611 4240 3787 4300 καλῶς

2225 4338 2540 4391 ἀνατιθέναι
2564 4337 2641 4407 τῷ
2667 4335 2784 4406 Θεῷ
2809 4335 3024 4388 ἑαυτόν.
3055 4334 3167 4387 Καὶ
3199 4334 3296 4385 οὐκ
3329 4332 3525 4384 ἑαυτὸν
3555 4332 3792 4392 ἕκαστος

545 4442 722 4508 ipsum
777 4439 971 4506 solum,
1008 4435 1102 4491 sed
1151 4435 1312 4490 etiam
1353 4450 1457 4488 nos
1510 4433 1738 4489 invicem
1779 4435 2104 4488 commenda-

2232 4431 2410 4501 μόνον,
2447 4429 2580 4482 ἀλλὰ
2618 4430 2710 4481 καὶ
2765 4427 3025 4496 ἀλλήλους
3076 4425 3515 4497 παρατιθέμεθα.
3553 4427 3651 4476 Δεῖ
3686 4427 3789 4494 γὰρ

549 4542 690 4580 mus.
751 4525 975 4594 Oportet
1028 4522 1172 4576 enim
1235 4536 1339 4576 non
1414 4531 1624 4575 tantum
1673 4537 1918 4590 quaerere
1975 4521 2118 4591 quod

552 4633 710 4670 suum
737 4627 850 4679 est,
889 4616 983 4670 sed
1020 4614 1185 4668 etiam
1227 4611 1478 4676 aliorum,
1518 4621 1734 4681 propter
1775 4611 1944 4680 legem
1993 4609 2123 4663 clla-

552 4710 750 4766 ritatis.

1175 4795 1332 4851 CAP.
1382 4793 1495 4849 XV.

728 4915 802 4969 De
847 4911 1149 4982 antiphonis
1181 4925 1296 4977 qua:
1325 4908 1597 4982 dicuntur,
1641 4915 1688 4960 et
1715 4906 1952 4974 precibus

1045 4997 1162 5050 qua:
1191 4983 1245 5032 in
1307 4979 1431 5046 ipsis
1477 4977 1630 5045 ﬁunt.

629 5083 837 5133 Interea
873 5085 1052 5128 autem
1091 5075 1216 5125 dum
1257 5070 1542 5140 petitiones
1567 5068 1720 5137 prmit
1752 5067 2042 5129 diaconus,
2073 5073 2126 5118 et

555 5186 715 5227 sacer
785 5174 903 5220 orat
957 5163 1205 5233 populus,
1273 5159 1525 5214 sacerdos
1576 5159 1718 5211 intus
1776 5167 1894 5210 orat
1943 5172 2036 5222 per
2070 5171 2127 5209 se

559 5262 828 5318 submissa
867 5271 998 5311 voce
1051 5270 1146 5322 pro
1190 5249 1516 5315 astantibus,
1551 5260 1604 5302 et
1639 5263 1736 5318 pro
1792 5248 1889 5300 hac
1945 5255 2127 5298 sancta

561 5362 746 5418 domo,
775 5360 830 5405 ut
871 5351 949 5405 eis
988 5347 1183 5402 divites
1246 5343 1592 5396 eﬁundantur
1640 5338 2025 5392 misericordite
2077 5345 2130 5388 et

562 5448 938 5505 miserationes
965 5459 990 5493 a
1016 5439 1124 5493 Deo
1144 5479 1157 5501 ,
1194 5449 1245 5489 et
1280 5434 1464 5502 adjicit
1489 5447 1704 5486 causam
1725 5438 1941 5498 promer
1967 5442 2128 5498 quam

561 5551 614 5595 ει
650 5543 763 5612 ipse
800 5539 909 5590 ιιαιο
942 5531 1093 5602 petit,
1126 5540 1175 5581 el
1213 5527 1349 5580 Deus
1383 5539 1499 5591 quzc
1550 5523 1760 5590 petivit,
1812 5521 1955 5588 jusle
1998 5533 2132 5586 pite-

561 5639 764 5700 buerit,
796 5651 899 5688 non
929 5633 1071 5700 quod
1104 5627 1248 5693 digni
1284 5625 1392 5677 sint
1420 5623 1505 5680 qui
1541 5628 1665 5673 sunt
1700 5615 1995 5684 accepturi,
2027 5630 2129 5666 non

556 5727 706 5792 Quod
736 5740 796 5780 ea
829 5727 949 5792 jure
978 5722 1224 5790 aCCipcrc
1257 5728 1583 5777 mereamur,
1615 5709 1705 5764 seti
1735 5709 1856 5778 quia
1885 5709 1974 5762 tibi
2006 5723 2134 5762 con-

2221 4523 2281 4576 οὐ
2306 4523 2366 4575 es
2392 4522 2582 4575 ἑαυτοῦ
2609 4519 2793 4590 ζητεῖν
2819 4521 3004 4589 μόνον,
3025 4520 3159 4572 ἀλλὰ
3188 4521 3281 4572 καὶ
3308 4519 3378 4572 τὰ
3424 4521 3530 4572 τῶν
3593 4522 3789 4576 ἀλλων.

2222 4615 2310 4668 διὰ
2335 4616 2426 4668 τὸν
2453 4615 2551 4680 τῆς
2584 4615 2804 4686 ἀγάπης
2836 4614 3021 4683 νόμον.

2810 4791 2852 4840 Κ
2864 4791 3053 4842 ΕΦΛΛ.
3105 4787 3200 4841 IE'.

2294 4903 2435 4971 Περὶ
2470 4900 2588 4955 τῶν
2612 4901 2955 4987 λεγομέγωις
2979 4900 3350 4980 ἀιιιτιςξώιτυν,
3374 4898 3468 4951 καὶ
3513 4897 3635 4951 τῶν
3663 4899 3732 4950 ἐν·

2776 4972 2983 5035 αὐτοῖς
3011 4970 3231 5039 εὐχῶν.

2313 5067 2401 5119 Ἐν
2434 5068 2542 5135 ὅσῳ
2581 5064 2636 5116 δὲ
2674 5065 2782 5114 τῶν
2832 5064 3104 5133 αἰτήσεων
3138 5066 3165 5115 ὁ
3197 5061 3445 5122 διάκονος
3496 5059 3794 5130 ἐξηγεῖται,

2230 5162 2324 5213 καὶ
2355 5163 2381 5211 ὁ
2407 5159 2552 5226 ίερδς
2594 5157 2718 5219 λαὸς
2756 5155 2997 5224 εὔχεται,
3041 5159 3068 5207 ὁ
3101 5155 3278 5224 ίερεὺς
3306 5155 3453 5208 ἔνδον
3483 5154 3652 5223 εὐχὴν
3682 5168 3801 5203 ποι-

2229 5253 2370 5301 εῖται
2403 5250 2576 5316 ησυχῇ
2637 5247 2732 5299 καὶ
2766 5245 2887 5298 καθ’
2921 5247 3140 5310 ἑαυτὸν,
3173 5247 3313 5316 ὑπὲρ
3358 5245 3465 5296 τῶν
3499 5242 3802 5312 περιεστώ-

2231 5359 2356 5402 των,
2396 5341 2488 5392 κα“ι
2510 5339 2601 5390 τοῦ
2632 5339 2786 5404 ἁγίου
2811 5337 2987 5401 οἴκου,
3023 5339 3251 5391 πλούσια
3279 5336 3506 5406 χεθῆναι
3528 5335 3715 5396 αὐτοῖς
3737 5332 3800 5384 τὰ

2232 5432 2356 5499 ὲ).ἑη
2382 5430 2531 5499 παρὰ
2549 5427 2641 5481 τοῦ
2665 5427 2828 5492 θεοῦ,
2853 5430 2944 5480 καὶ
2977 5430 3097 5489 τοὺς
3128 5430 3449 5497 οίκτιρμούς
3477 5443 3488 5457 ·
3517 5427 3609 5478 καὶ
3638 5440 3805 5494 προσ-

2235 5525 2415 5594 τίθησι
2443 5524 2542 5594 τὴν
2573 5522 2752 5576 αἰτίαν
2784 5522 2853 5575 δι’
2888 5524 2953 5593 ἦν
2998 5522 3159 5583 αὐτὸς
3189 5521 3363 5574 ταῦτα
3405 5520 3664 5579 αἰτεῖται,
3710 5519 3804 5569 καὶ

2234 5622 2259 5669 ὁ
2283 5620 2414 5681 θεὸς
2445 5619 2506 5671 iv
2539 5618 2818 5687 παράσχοι
2845 5616 2913 5667 τὰ
2949 5613 3147 5668 ἑαυτοῦ
3169 5613 3373 5676 δίκαια,
3403 5613 3464 5665 ού
3488 5611 3581 5677 τῷ,
3619 5609 3806 5674 ἀξίους

2235 5704 2374 5762 εἶναι
2408 5710 2530 5771 τοὺς
2556 5708 2937 5778 αἱτουμὲνους,
2961 5709 3056 5776 οὐχ
3079 5708 3162 5760 ὅτι
3187 5705 3388 5759 δίκαιοι
3417 5703 3596 5757 λαϐεῖν
3618 5702 3807 5771 ἡμεῖς,
