3992 6202
317 211 415 277 tot
1509 237 1906 320 LITURGL‘E
1940 246 2369 312 EXPOSITIO.

310 328 431 380 ἀλλ’
460 331 544 384 ὅτι
585 349 668 385 σοι
714 336 915 402 πρέπει
950 339 1100 394 πᾶσα
1131 341 1275 409 δόξα,
1310 349 1467 419 τιμὴ,
1504 353 1596 406 καὶ
1641 360 1884 428 προσκύ-

3455 271 3584 333 402’

1910 367 1954 422 Α
1985 364 2130 417 venit
2164 367 2339 420 omnis
2395 367 2585 437 gloria,
2651 371 2823 425 honor
2851 382 2904 426 et
2956 375 3218 432 adoratio.
3272 400 3290 432 ι
3333 383 3558 449 Propter

308 437 492 487 νησις.
527 442 544 474 ι
583 424 680 477 Διὰ
728 425 828 497 τὴν
880 429 982 513 σὴν
1020 433 1179 496 δόξαν
1244 438 1421 495 ταῦτα
1451 443 1643 514 δέομαί
1687 424 1821 514 σου,
1859 469 1877 503 ι

308 515 474 607 φησί,
505 515 577 568 Τὸ
625 517 734 607 γὰρ
766 519 910 573 οὕτω
946 523 1534 596 φιλανθρωπεύσασθαι
1577 539 1716 607 πρὸς
1749 544 1884 606 τοὺς

307 604 575 698 άναξίους
615 606 784 698 ήμᾶς,
812 611 952 683 ὑπὲρ
984 619 1082 687 τῆς
1111 618 1212 689 σῆς
1259 622 1469 688 γίνεται
1504 604 1682 698 δόξης.
1714 604 1884 687 Τοῦτο

301 694 366 745 δὲ
403 695 464 794 το
497 696 816 762 δοξάζεσθαι
847 705 1047 773 πρέπει
1081 726 1162 763 σοι
1192 713 1316 766 κατ’
1347 717 1523 772 ἐκεῖνο
1550 694 1628 773 το⁷
1654 723 1748 777 τοῦ
1781 743 1886 794 μα-

302 782 504 883 καρίου
529 787 718 883 dumo,
761 807 780 841 ι
808 792 897 862 Μὴ
930 795 1080 864 ήμίν,
1127 799 1321 870 Κύριε,
1353 803 1430 875 μὴ
1453 807 1610 873 ἡμῖν,
1636 782 1878 883 ἀλλὰ-τῷ

299 873 542 973 όνόματί
579 893 674 931 σου
706 880 793 944 δὸς
824 883 1002 947 δόξαν.
1045 906 1063 939 ι
1105 888 1208 944 Διά
1239 873 1544 969 τοῦτοήτὴν
1591 901 1758 973 εὐχὴν
1794 873 1880 958 ’τεζ

299 964 496 1028 λέσας,
528 968 628 1039 τὴν
657 973 995 1042 αἰτιολογίαν
1026 981 1253 1051 ταύτην,
1295 987 1376 1040 ὃτι
1429 991 1522 1044 καὶ
1554 992 1880 1060 άκροτελεύ-

297 1070 424 1118 τιος
448 1053 584 1110 οὖσα
615 1063 712 1116 καὶ
749 1063 1025 1135 δοξολογία
1059 1073 1228 1136 ἐστὶν,
1265 1080 1342 1141 εἰς
1389 1080 1536 1147 ὲπήκ
1570 1100 1628 1135 ον
1661 1089 1879 1141 πάντων

297 1147 711 1217 ἀναγινώσκει,
770 1157 856 1228 ἵνα
907 1160 1002 1213 τοῦ
1058 1163 1228 1233 ὕμνου
1281 1175 1574 1236 κοινωνοὺς
1628 1175 1881 1242 ἅπαντας

293 1237 472 1340 λάϐῃ,
512 1244 604 1297 καὶ
627 1245 733 1298 ὑπὸ
773 1249 952 1320 πάσης
986 1255 1084 1325 τῆς
1129 1259 1454 1332 Ἐκκλησίας
1483 1268 1510 1318 ὁ
1544 1266 1677 1331 Θεὸς
1707 1237 1881 1340 ὐμνηξ

293 1331 402 1403 θῇ.
451 1337 561 1390 Καὶ
613 1339 793 1394 τοίνυν
838 1345 1132 1414 ἀκούοντες
1180 1356 1531 1411 κοινωνοῦσιν
1580 1360 1729 1431 αὐτῷ
1783 1364 1876 1417 τοῦ

293 1421 504 1522 ὕμνου,
534 1429 795 1496 Εἰπόντος
830 1436 938 1508 γὰρ
978 1439 1071 1492 τοῦ
1106 1443 1300 1514 ἱερέως
1356 1447 1450 1501 καὶ
1492 1421 1878 1522 δοξολογήσανο

295 1535 424 1611 τος,
452 1519 504 1571 οἰ
538 1525 720 1576 πιστοὶ
750 1526 952 1590 πάντες
976 1530 1036 1584 τὸ
1072 1551 1090 1584 ι
1139 1535 1312 1608 Ἀμην
1341 1556 1360 1589 ι
1397 1519 1742 1611 ἐπιλέγουσι,
1780 1550 1877 1602 καὶ

291 1610 467 1662 τοῦτο
513 1612 574 1664 τὺ
607 1615 756 1683 ῥῆμα
813 1617 1114 1690 βοήσαντες
1167 1627 1500 1684 οἰκειοῦνται
1548 1635 1728 1700 πάσας
1774 1639 1871 1702 τὰς

285 1702 517 1755 ἐκείνου
546 1707 746 1772 φωνάς.
788 1707 919 1764 Εἶτα
960 1714 1072 1768 τῶν
1122 1718 1286 1788 ἰερῶν
1316 1720 1652 1794 ψαλμῳδιῶν
1695 1729 1872 1798 άπὰρ-
1906 1712 1948 1770 Β

280 1807 456 1859 χεται
486 1793 586 1887 μὲν
623 1799 650 1850 ὁ
683 1799 861 1870 ἱερεὺς
888 1803 1156 1875 πληροῦσι
1198 1809 1255 1862 δὲ
1278 1811 1338 1862 τὸ
1366 1793 1550 1868 nivei
1574 1793 1874 1887 περιεστῶ-

280 1900 414 1947 τες,
441 1886 513 1937 τὰ
560 1888 890 1947 θεόπνευστα
939 1897 1048 1949 τῶν
1102 1902 1264 1970 ἱερῶν
1313 1908 1607 1977 προφητῶν
1658 1913 1872 1983 ᾅδοντες

282 1977 564 2044 ρἠατω
600 1998 618 2032 ι
672 1981 900 2050 Ἀγαθὸν
956 1987 1016 2040 τὸ
1069 1990 1510 2062 ἐξομολογεῖσθαι
1552 2001 1629 2071 τῷ
1667 1977 1871 2074 ἰκυρίςρ

280 2069 395 2119 καὶ
424 2068 646 2137 ψάλλειν
675 2075 752 2144 τῷ
789 2077 1015 2147 ὀνόματί
1044 2099 1156 2146 σου,
1191 2085 1425 2155 ’Ὑψιστε
1451 2105 1465 2120 ⁶
1509 2109 1529 2143 ι
1563 2068 1707 2165 ἀρχῇ
1741 2068 1872 2167 πρέ-

278 2176 405 2211 πον
427 2161 589 2226 εὐθὺς
631 2165 690 2217 τὸ
721 2168 895 2237 ῥῆμα,
924 2171 1007 2224 ὃτι
1037 2176 1163 2244 περὶ
1190 2178 1356 2231 αὑτοῦ
1387 2180 1536 2250 λέγει
1560 2161 1868 2256 τούήύμνου,

275 2251 374 2302 ὅτι
407 2252 633 2320 ἀγαθὸν,
667 2257 696 2309 ὃ
724 2257 802 2311 δεῖ
831 2261 1047 2328 πάντως
1074 2267 1271 2324 εἰδέναι
1303 2271 1410 2342 πρὸ
1434 2275 1634 2340 παντὸς
1674 2277 1866 2348 ὕμνουο

279 2340 748 2411 ἐξομολογεῖσθαι
790 2349 963 2417 λέγων
1015 2355 1076 2408 τὺ
1122 2340 1490 2431 εὐχαριστεῖν,
1549 2368 1608 2419 τὸ
1658 2340 1868 2438 ὑμνεῖν.

274 2431 518 2487 Τούτων
545 2437 599 2489 δὲ
632 2439 725 2491 καὶ
761 2441 869 2496 τῶν
900 2444 1024 2512 ἑξῆς
1052 2448 1426 2520 ὑμνηθέντων,
1459 2459 1485 2510 ὁ
1514 2431 1763 2526 διάκονος
1787 2470 1869 2529 εἰς

271 2525 462 2594 εὐχὴν
505 2531 869 2602 προτρέπεται
901 2539 1027 2602 τοὺς
1057 2544 1302 2611 πιστοὺς,
1335 2543 1423 2600 οἷα
1461 2550 1554 2603 καὶ
1604 2555 1869 2625 πρότερον

269 2619 567 2672 αἰτεῖσθαι
627 2623 887 2681 κελεύων.
928 2629 1017 2682 Ἑν
1068 2632 1178 2705 ὅσῳ
1221 2635 1278 2689 δὲ
1323 2640 1354 2707 ή
1415 2619 1705 2711 ψαλμῳδία
1753 2619 1869 2700 ἐττε-

267 2709 456 2775 latro,
494 2713 586 2765 καὶ
630 2718 676 2767 οἰ
706 2721 890 2772 πιστοὶ
931 2722 1181 2793 ηὔχοντο,
1215 2731 1242 2781 ὁ
1292 2729 1471 2800 ἱερεὺς
1502 2734 1649 2789 ἔνδον
1700 2739 1866 2809 εὐχὴν

266 2806 660 2874 ποιησάμενος
683 2811 764 2873 εἰς
790 2812 880 2864 τὸν
905 2813 1059 2881 Θεὸν,
1091 2818 1324 2875 καθόλου
1359 2841 1416 2876 τε
1449 2827 1576 2898 περὶ
1605 2828 1700 2882 τοῦ
1729 2806 1864 2902 πλη·

248 2893 548 2965 ’ρώματος
598 2901 695 2970 τῆς
743 2904 1092 2976 Ἐκκλησίας,
1138 2912 1232 2966 καὶ
1281 2915 1425 2980 ἰδίως
1455 2893 1594 2989 ὑπὲρ
1634 2921 1742 2974 τῶν
1777 2893 1867 2976 xo-

267 2991 575 3058 σμούντων
598 2995 688 3050 τὸν
721 2997 878 3066 ᾶγιον
911 3003 1077 3056 αὑτοῦ
1105 3002 1275 3069 οἷκον,
1312 3013 1408 3063 καὶ
1440 3013 1692 3086 λαμπρὸν
1726 3035 1834 3072 παν

265 3081 518 3149 ταχόθεν
550 3085 937 3144 ἀποδεικνύναι
989 3095 1424 3167 ἐπιθυμούντων,
1454 3102 1540 3156 ἵνα
1572 3106 1664 3158 καὶ
1707 3109 1861 3162 αὐτοί⁵

268 3175 424 3243 παρ’
448 3177 612 3230 αὐτοῦ
640 3179 995 3252 δοξασθῶσιν,
1030 3189 1214 3243 αἰτίαν
1252 3195 1611 3266 προστίθησιν
1644 3200 1860 3254 ἐπικαι-

266 3267 543 3346 poti-try,
583 3287 602 3320 ι
645 3270 768 3325 Ὅτι
805 3275 896 3328 σὺν
939 3278 999 3330 τὸ
1045 3281 1266 3351 κράτος,
1327 3288 1420 3338 καί⁵
1473 3287 1568 3340 σού
1627 3290 1774 3343 ἐστιν
1823 3295 1856 3362 ή

264 3359 554 3451 βασιλεία.
596 3381 615 3412 ι
652 3364 812 3435 Παρὰ
865 3371 975 3432 τοῖς
1028 3371 1329 3441 βασιλεῦσι,
1383 3379 1569 3448 φησὶν,
1622 3384 1652 3451 ἠ
1709 3359 1856 3449 δόξα,

259 3450 374 3500 καὶ
407 3451 468 3501 τὸ
516 3450 774 3508 δύνασθαι
807 3456 1092 3530 λαμπροὺς
1144 3467 1336 3531 ποιεῖν,
1368 3469 1462 3533 οὓς
1502 3472 1567 3524 ἂν
1623 3472 1858 3541 βούλων-

256 3556 388 3591 ται.
426 3540 495 3592 Σὺ
519 3545 595 3606 δὲ,
631 3545 889 3613 βασιλεὺς
920 3552 1156 3618 αἰώνιος,
1185 3560 1276 3609 καὶ
1308 3559 1398 3611 σὸν
1429 3560 1489 3614 τὸ
1512 3563 1728 3632 κράτος,
1761 3568 1855 3620 καί¹

258 3629 373 3681 σοῦ
420 3633 566 3682 ἐστιν
598 3635 628 3700 ή
662 3632 931 3701 βασιλεία.
975 3642 1085 3694 Καὶ
1118 3644 1321 3714 ταύτην
1348 3648 1446 3718 τὴν
1496 3653 1850 3722 αἰτιολογίαν,

256 3723 342 3783 ὡς
377 3722 696 3792 ὁοξολογίαν
743 3723 907 3783 οὖσαν
963 3731 1163 3803 βοήσας
1198 3739 1394 3802 ἐντοῖς
1445 3741 1701 3796 ἁπάντων
1749 3747 1852 3800 ὠσὶ

255 3815 382 3864 τῶν
422 3817 652 3880 πιστῶν,
683 3820 776 3872 καὶ
804 3825 1089 3878 κοινωνίαν
1108 3827 1294 3882 λαὸὼν
1322 3831 1420 3884 τοῦ
1448 3835 1586 3903 πρὸς
1609 3835 1697 3890 τὸν
1720 3837 1852 3892 Θεὸν

259 3904 472 3970 ὕμνου,
503 3909 754 3980 καθάπερ
803 3915 895 3965 καὶ
941 3916 1229 3988 πρότερον,
1265 3918 1421 3986 αὖθις
1472 3907 1581 3980 τῶν
1627 3926 1853 4000 ψαλμῳ-

257 4000 406 4051 ὅιῶν
435 4001 683 4070 ἄρχεται,
714 4006 806 4058 καὶ
833 4006 883 4058 οἰ
916 4012 1098 4063 πιστοὶ
1144 4015 1577 4085 συμπληροῦσιν.
1611 4014 1730 4073 εἶτα
1761 4023 1846 4074 αἰ-

259 4092 496 4145 τοῦνται
533 4097 680 4166 παρὰ
710 4097 846 4151 Θεοῦ
881 4101 977 4163 τὰς
999 4103 1270 4173 αἰτήσεις,
1303 4101 1376 4161 ὧν
1397 4111 1424 4162 ὁ
1446 4109 1692 4175 διάκονος
1717 4113 1846 4184 ἐξη-

257 4188 474 4253 γεῖται,
509 4189 650 4241 κατὰ
697 4190 767 4242 τὰ
818 4193 1085 4262 πρότερον
1133 4197 1416 4268 εἰρημένα.
1457 4201 1514 4254 ’0
1564 4201 1621 4255 δὲ
1665 4205 1844 4277 ἰερεὺς

259 4276 439 4327 πάλιν
485 4277 649 4347 εὐχὴν
696 4285 1066 4351 ποιησάμενος
1109 4287 1246 4357 ὑπὲρ
1275 4289 1384 4342 τῶν
1429 4297 1843 4366 συνευχομένων

1990 466 2134 510 tttam
2167 460 2414 523 gloriam,
2483 462 2677 530 inquit,
2719 465 2831 518 haec
2892 473 2944 521 te
2977 484 3122 536 rogo.
3162 489 3180 523 ι
3254 472 3552 541 B‘cnignam

1985 550 2130 604 enim
2159 560 2213 604 et
2253 552 2566 606 muniﬁcum
2595 571 2716 610 esse
2747 557 2799 610 in
2829 575 2929 614 nos
2959 564 3047 629 qui
3080 579 3268 618 sumus
3327 568 3554 638 indigni.

1985 641 2050 693 ad
2085 651 2232 695 tuam
2264 643 2488 710 gloriam
2527 648 2791 716 pertinet;
2827 650 2928 705 hoc
2956 660 3158 718 autem,
3195 659 3400 713 scilicet
3435 663 3550 727 glo-

1983 729 2328 796 riﬁcari,tibi
2382 738 2656 802 convenit,
2690 747 2749 792 ut
2807 749 2890 794 est
2949 741 3081 798 illud
3135 746 3274 800 beati
3335 751 3548 804 David:

1988 839 2007 872 ι
2042 820 2156 876 Νοη
2189 825 2365 889 nobis,
2402 824 2652 892 Domine,
2687 845 2790 885 non
2828 832 3006 897 nobis,
3039 834 3134 888 sed
3188 839 3394 892 nomini
3460 851 3565 893 ltto-

1981 914 2045 964 da
2075 914 2324 982 gloriam.
2370 937 2388 969 ι
2431 917 2728 989 Propterea
2762 938 2881 977 cum
2930 925 3157 993 perfecit
3219 932 3546 995 orationem,

1980 1002 2120 1057 hanc
2174 1022 2353 1062 causae
2403 1009 2735 1079 allattonem,
2792 1029 2907 1082 qua
2965 1025 3016 1070 et
3069 1030 3152 1072 est
3197 1020 3248 1074 in
3307 1031 3551 1076 extrema

1981 1106 2158 1163 parte,
2186 1108 2238 1150 et
2263 1100 2702 1168 estgloriticatio.
2742 1105 2870 1172 legit
2904 1109 3155 1163 omnibus
3183 1112 3547 1176 audientibus,

1981 1196 2035 1238 ιιι
2061 1202 2255 1242 omnes
2276 1190 2457 1259 hymni
2476 1193 2766 1261 participes
2788 1197 3047 1264 accipiat,
3091 1209 3143 1251 et
3159 1200 3298 1253 Deus
3317 1201 3382 1255 ab
3401 1205 3550 1255 omni

1979 1277 2214 1332 Ecclesia
2253 1279 2515 1337 laudetur.
2553 1285 2845 1339 Audientes
2871 1302 2998 1354 ergo
3043 1298 3170 1342 sunt
3206 1290 3388 1360 hymni
3426 1309 3546 1344 tum

1979 1371 2068 1423 illo
2094 1372 2408 1441 participes.
2438 1372 2729 1445 Postquam
2784 1378 2928 1431 enim
2963 1379 3052 1431 ille
3082 1379 3221 1433 dixit
3266 1391 3334 1435 et
3367 1382 3549 1449 glori-

1978 1462 2176 1527 ﬁcavit,
2217 1466 2400 1522 ﬁdeles
2437 1483 2628 1524 omnes
2664 1487 2684 1520 ι
2717 1469 2887 1522 Amen
2925 1488 2943 1521 ι
2979 1472 3183 1538 dicunt,
3213 1485 3268 1526 et
3300 1489 3421 1528 cuin
3447 1476 3550 1529 hoc

1978 1555 2199 1609 verbum
2230 1558 2620 1624 acclamarunt,
2641 1575 2830 1617 omnes
2861 1561 3001 1616 illius
3033 1578 3192 1618 voces
3218 1572 3276 1619 ut
3302 1567 3548 1634 preprias

1979 1647 2079 1700 sibi
2133 1659 2442 1704 assumunt.
2490 1650 2691 1707 Deinde
2741 1669 2931 1710 sacras
2973 1655 3302 1723 psalmodias
3359 1658 3551 1727 incipit

1977 1737 2192 1806 quidem
2224 1741 2501 1806 sacerdos,
2543 1743 2765 1812 implent
2791 1757 2972 1801 autem
3010 1747 3329 1803 universum
3365 1749 3401 1803 ii
3455 1751 3547 1818 qui

1977 1831 2354 1897 circumstant,
2402 1835 2658 1890 divinitus
2683 1837 2941 1903 inspirata
2993 1856 3274 1895 sacrorum
3307 1843 3546 1909 pmphe-

1978 1934 2151 1977 tarum
2193 1925 2357 1981 verba
2407 1939 2694 1982 canentes:
2737 1947 2755 1980 ι
2796 1928 3000 1984 Bonum
3051 1942 3134 1988 est
3157 1933 3402 1988 conﬁteri
3449 1934 3554 1989 υο-

1976 2016 2144 2076 mino.
2180 2026 2235 2071 et
2255 2017 2487 2086 psallere
2535 2020 2741 2074 nomini
2769 2029 2881 2086 tuo,
2919 2022 3214 2078 Altissime.
3268 2044 3288 2077 ι
3326 2026 3547 2080 Princi-

1975 2109 2063 2175 pio
2099 2109 2427 2164 conveniens
2453 2113 2638 2165 statim
2667 2113 2913 2175 verbum,
2953 2115 3078 2182 quia
3117 2117 3182 2170 de
3244 2117 3363 2185 ipso
3413 2117 3548 2171 dicit

1975 2198 2192 2267 hymno,
2221 2200 2362 2268 quod
2385 2210 2468 2255 est
2494 2201 2719 2270 bonum,
2751 2207 2891 2272 quod
2913 2217 3127 2276 oportet
3152 2208 3374 2262 omnino
3400 2209 3545 2263 scire

1974 2300 2100 2346 ante
2125 2307 2337 2347 omnem
2363 2295 2642 2364 hymnum,
2674 2296 2949 2364 appellans
3009 2298 3283 2362 conﬁteri,
3341 2300 3548 2369 gratias

1973 2399 2153 2454 agere,
2189 2385 2417 2458 hymnos
2447 2401 2666 2442 canere.
2703 2388 2798 2444 His
2837 2399 3015 2445 autem
3058 2399 3112 2444 et
3174 2391 3238 2445 iis
3278 2407 3399 2460 quae
3456 2407 3545 2447 sea

1972 2487 2212 2544 qunntur
2255 2479 2518 2543 cantatis,
2569 2479 2830 2534 diaconus
2861 2481 3047 2536 ﬁdeles
3112 2482 3178 2537 ad
3237 2484 3539 2538 orationem

1970 2571 2313 2626 adhortatur.
2350 2570 2559 2627 Interea
2591 2582 2770 2627 autem
2809 2574 2933 2627 dum
2969 2574 3372 2645 peragebantur
3398 2576 3540 2644 psal—

1970 2664 2180 2729 modize,
2209 2673 2264 2719 et
2299 2664 2478 2719 ﬁdeles
2507 2666 2757 2730 orabant,
2789 2667 3048 2722 sacerdos
3073 2677 3356 2736 postquam
3391 2669 3542 2721 intus

1967 2756 2034 2808 ad
2069 2755 2230 2811 Deum
2265 2756 2390 2812 fecit
2433 2758 2759 2824 orationem,
2798 2767 2850 2812 et
2884 2759 3210 2829 generaliter
3264 2775 3359 2828 pro
3425 2769 3540 2814 toto

1968 2863 2196 2918 corpore
2224 2848 2502 2912 Ecclesiae,
2539 2861 2594 2905 et
2623 2866 2868 2905 seorsum
2899 2866 2998 2919 pro
3046 2851 3111 2906 iis
3146 2851 3236 2920 qui
3291 2861 3534 2905 sanetam

1969 2940 2182 2992 domum
2205 2940 2320 3008 ejus
2340 2950 2555 3004 ornant,
2585 2950 2634 2994 et
2669 2956 2786 2995 eam
2818 2942 3172 3011 undequaque
3194 2942 3542 3009 splendidam

1888 3061 1930 3117 ο
1969 3030 2189 3084 reddere
2224 3031 2557 3097 desiderant,
2623 3040 2680 3084 ut
2712 3041 2766 3086 et
2799 3032 2899 3102 ipsi
2931 3036 2996 3086 ab
3035 3034 3154 3102 ipso
3218 3033 3530 3103 gloriﬁcen-

1967 3131 2073 3188 tur,
2120 3137 2338 3176 causam
2373 3122 2555 3190 adjicit
2588 3123 2640 3176 in
2671 3123 2863 3192 primis
2917 3134 3281 3193 opportunam
3315 3135 3370 3179 et
3400 3141 3530 3179 con-

1963 3213 2306 3266 venientem:
2346 3231 2364 3264 ι
2399 3213 2534 3279 Quia
2568 3222 2660 3266 tua
2689 3224 2772 3268 est
2799 3216 3062 3282 potentia.
3121 3225 3268 3268 tuum
3326 3224 3410 3269 est
3446 3230 3533 3270 rc-

1960 3317 2145 3371 gnum.
2177 3322 2195 3354 ι
2223 3304 2376 3373 Apud
2434 3320 2609 3374 reges,
2674 3305 2867 3375 inquit,
2903 3316 2987 3361 est
3021 3306 3215 3376 gloria,
3259 3317 3314 3362 et
3372 3323 3535 3378 posse

1959 3396 2268 3462 splemlidos
2293 3397 2504 3452 elﬁcere
2558 3413 2694 3467 quos
2729 3400 3020 3454 voluerint.
3055 3398 3134 3454 Tu
3171 3412 3371 3467 autem,
3431 3419 3526 3458 rex

1957 3498 2211 3556 aeternus,
2245 3496 2296 3541 et
2331 3497 2418 3543 tua
2445 3499 2528 3543 est
2551 3491 2816 3557 polentia.
2850 3501 2903 3545 et
2961 3503 3109 3546 tuum
3153 3501 3236 3546 est
3273 3509 3524 3563 regnum.

1961 3575 2166 3630 Etcum
2205 3578 2346 3632 hanc
2387 3593 2563 3633 causa:
2594 3581 2975 3644 redditionem,
3036 3591 3220 3653 utpote
3272 3599 3393 3653 qum
3454 3590 3530 3640 sit

1955 3665 2295 3734 gloriﬁcatio,
2326 3669 2567 3722 omnium
2626 3670 2864 3725 ﬁdelium
2913 3672 3137 3726 auribus
3180 3673 3521 3741 inclamavit,

1955 3767 2009 3810 ct
2033 3771 2130 3812 nos
2157 3759 2340 3829 hymni
2369 3761 2434 3814 ad
2471 3760 2638 3815 Deum
2672 3763 2963 3832 participes
3015 3763 3217 3826 eﬂecit,
3269 3766 3412 3820 sicut
3470 3779 3524 3821 ct

1954 3850 2101 3918 prius
2168 3866 2354 3906 rursus
2415 3852 2598 3921 incipit
2679 3855 3003 3923 psalmodias
3046 3898 3060 3922 ,
3096 3867 3151 3910 et
3201 3855 3384 3912 ﬁdeles
3431 3874 3524 3912 cas

1953 3937 2242 4006 complent.
2299 3939 2500 3994 Deinde
2532 3950 2721 4008 petunt
2775 3957 2804 3996 a
2854 3943 2966 3997 Deo
3021 3945 3328 4013 petitiones,
3386 3962 3522 4016 quas

1952 4027 2106 4095 praeit
2139 4028 2413 4094 diaconus,
2452 4039 2510 4084 ut
2540 4041 2666 4086 ante
2691 4031 2895 4086 dictum
2947 4043 3053 4088 est.
3109 4033 3375 4089 Sacerdos
3427 4053 3521 4088 au-

1952 4123 2058 4168 tem
2093 4131 2281 4172 rursus
2311 4117 2452 4173 facta
2482 4119 2727 4175 oratione
2749 4136 2849 4190 pro
2874 4122 2942 4176 iis
2971 4123 3064 4192 qui
3123 4140 3227 4178 una
3288 4142 3408 4180 cttm
3455 4143 3524 4180 co-

1952 4214 2240 4274 precantur
2270 4207 2536 4274 lidelibus,
2573 4221 2776 4279 utqute
2833 4214 3211 4284 unusquisque
3266 4217 3522 4285 privatim

1949 4297 2101 4364 petit,
2146 4312 2174 4350 a
2207 4299 2315 4354 Deo
2346 4314 2730 4371 consequatur,
2765 4315 2929 4372 prout
2959 4309 3007 4360 ei
3039 4309 3168 4362 utile
3223 4308 3406 4375 fuerit,
3464 4318 3522 4364 et

258 4365 424 4432 αὖτῷ
455 4369 679 4433 πιστῶν,
715 4370 803 4421 ἵνα
848 4365 923 4425 ὧν
953 4374 1180 4438 ἕκαστος
1237 4379 1343 4449 ἰδίᾳ
1388 4383 1644 4448 αἰτεῖται,
1693 4387 1844 4456 τύχοι

1960 4399 2206 4454 praeterea
2240 4391 2401 4445 vitam
2433 4401 2689 4448 :cternam
2723 4394 2782 4449 in
2818 4395 3025 4464 futuro,
3057 4399 3242 4468 adjicit
3292 4414 3512 4454 causam

259 4458 416 4508 κατὰ
446 4457 506 4510 τὸ
553 4459 703 4529 αὑτῷ
763 4465 1044 4536 συμφέρον
1087 4470 1238 4537 παρὰ
1268 4473 1360 4524 τοῦ
1409 4473 1568 4540 Θεοῦ,
1620 4477 1716 4530 καὶ
1760 4480 1840 4531 ἔτι

259 4549 421 4618 ζωὴν
450 4551 670 4606 αἰώνιον
706 4555 767 4608 ὲν
795 4556 872 4626 τῷ
919 4559 1172 4626 μέλλοντι
1194 4577 1208 4592 ο
1239 4565 1596 4637 προστίθησιν
1628 4571 1836 4633 αἰτίαν,

259 4640 364 4705 τὴν
423 4642 586 4694 αὑτοῦ
638 4645 951 4717 ἀγαθότητα
1004 4651 1098 4703 καὶ
1151 4655 1596 4725 φιλανθρωπίαν
1648 4663 1713 4733 ἦν
1747 4666 1842 4717 καὶ

260 4733 685 4798 ἀκροτελεύτιον
717 4735 882 4792 οὖσαν
917 4743 997 4805 εἰς
1039 4743 1274 4814 ἐπήκοον
1321 4749 1432 4802 τῶν
1463 4751 1717 4808 ἁπάντων
1759 4756 1839 4808 εἰ·

258 4821 406 4884 πῶν,
446 4825 544 4892 τῆς
573 4828 876 4898 ἁπάρχεται
919 4831 1238 4903 ψαλμῳδίας
1270 4839 1484 4908 τρίτης,
1529 4836 1596 4912 ἦς
1639 4844 1836 4915 ᾀδομέ-

259 4931 360 4981 νης
390 4915 451 4965 τὸ
493 4917 826 4986 Εὑαγγέλιον
880 4925 1162 4992 εἰσάγεται
1204 4929 1695 5003 δορυφορούμενον,
1732 4938 1836 4992 ὑπὸ

256 5003 514 5072 λαμπάσι
550 5012 644 5060 καὶ
691 5011 1024 5082 θυμιάμασι,
1057 5019 1277 5074 πάντων
1321 5025 1673 5092 πεμπόντων,
1720 5030 1833 5083 ὅσοι

258 5101 353 5152 τοῦ
386 5102 650 5173 βήματος,
681 5107 778 5160 τοῦ
804 5109 1054 5164 διακόνου
1085 5115 1216 5167 αὐτὸ
1243 5118 1582 5186 κομίζοντος,
1615 5121 1646 5192 ἢ
1677 5125 1724 5176 εἰ
1759 5124 1833 5194 μὴ

261 5192 450 5259 παρὼν
485 5195 658 5265 τύχοι,
687 5199 784 5251 τοῦ
819 5202 1034 5269 ἱερέως.
1071 5204 1128 5256 Ὀ
1171 5206 1226 5258 δὲ
1260 5209 1443 5278 ἱερεὺς
1476 5211 1535 5262 ἐν
1579 5206 1623 5278 ᾧ
1667 5214 1746 5276 εἰς
1772 5192 1831 5266 το

260 5280 644 5353 θυσιαστήριον
675 5289 901 5343 εἰσιέναι
945 5293 1151 5361 μέλλει,
1189 5297 1322 5361 στὰς
1366 5300 1470 5368 πρὸ
1510 5301 1618 5355 τῶν
1649 5303 1829 5373 θυρῶν

258 5373 323 5422 ἐκ
358 5377 559 5445 μικροῦ
587 5378 985 5449 διαστήματος,
1018 5385 1124 5444 ’ἐως
1151 5389 1180 5455 ἡ
1212 5387 1504 5457 ψαλμῳδία
1537 5395 1823 5466 πληρωθῇ,

258 5463 466 5533 εὔχεται
499 5468 577 5536 τῷ
613 5470 731 5539 Θεῷ
775 5475 965 5540 ἁγίους
1014 5480 1285 5544 ἀγγέλους
1322 5485 1708 5545 συνεισελθεῖν,
1746 5491 1826 5551 εἰς

255 5556 314 5603 τὸ
368 5560 759 5631 θυσιαστήριον
811 5567 1057 5632 εἰσιόντι,
1114 5574 1206 5626 καὶ
1264 5576 1675 5646 συνεφάψασθαι
1725 5583 1822 5649 τῆς

257 5649 585 5717 ἱερουργίας,
635 5657 730 5705 καὶ
782 5661 1106 5728 κοινωνίεσαι
1148 5664 1244 5731 τῆς
1274 5665 1407 5733 πρὸς
1450 5667 1580 5720 Θεὸν
1614 5669 1817 5736 δοξολο-

1948 4481 2118 4547 ipsius
2140 4480 2435 4537 bonitatem
2467 4495 2522 4539 et
2554 4487 2921 4542 clementiam.
2945 4490 3116 4554 Quam
3143 4499 3328 4558 utpote
3380 4493 3515 4546 ulti-

1946 4587 2113 4637 tuam,
2146 4582 2431 4642 postquam
2481 4578 2733 4632 omnibus
2769 4579 3112 4635 audientibus
3166 4583 3322 4644 dixit,
3386 4583 3517 4635 inci-

1944 4665 2020 4731 pit
2046 4666 2256 4718 tertiam
2286 4667 2657 4734 psaltno-diam.
2694 4668 2825 4735 Quae
2853 4675 2976 4724 dum
3004 4674 3238 4734 canitur.
3262 4675 3510 4745 Evange-

1941 4753 2074 4806 lium
2125 4755 2488 4810 introducitur
2537 4763 2790 4828 stipatum
2838 4761 3198 4830 lampadibus,
3260 4767 3512 4821 omnibus

1941 4845 2009 4898 iis
2036 4847 2428 4902 deducentibus
2457 4849 2548 4918 qui
2582 4859 2710 4904 sunt
2744 4851 2978 4905 ministri
3010 4853 3220 4920 altaris,
3283 4856 3510 4911 diacono

1942 4937 2116 5006 ipsum
2153 4936 2433 5002 afferente,
2474 4940 2578 5004 vel,
2636 4941 2680 4994 si
2713 4958 2817 4994 non
2844 4944 3006 5007 adsit,
3044 4947 3346 5001 sacerdote.
3408 4948 3508 5002 Sa-

1939 5031 2130 5083 cerdos
2159 5041 2360 5094 autem,
2408 5035 2624 5100 quando
2649 5044 2732 5088 est
2786 5036 2850 5089 ad
2913 5037 3084 5092 altare
3135 5038 3499 5108 ingressurus,

1937 5131 2090 5173 stans
2116 5137 2282 5189 parvo
2307 5124 2592 5192 interjecto
2613 5126 2787 5192 spatio
2813 5139 2940 5181 ante
2966 5129 3128 5195 fores,
3160 5131 3329 5184 donec
3356 5146 3505 5184 com-

1935 5213 2075 5280 pleta
2109 5211 2270 5266 fuerit
2304 5215 2624 5282 psalmodia,
2651 5229 2772 5270 orat
2797 5217 2987 5284 Deum,
3024 5231 3080 5273 ut
3109 5223 3279 5276 sancti
3325 5223 3499 5291 angeli

1935 5318 2040 5357 una
2071 5320 2194 5357 cum
2220 5303 2332 5359 Deo
2364 5305 2760 5375 ingrediantur,
2813 5312 3046 5365 intrante
3104 5313 3169 5365 ad
3219 5315 3412 5374 altare,
3445 5317 3499 5362 et

1932 5397 2257 5450 sacriﬁcium
2289 5408 2650 5464 contrecwnt,
2685 5410 2739 5455 et
2763 5402 2872 5455 sint
2924 5419 3043 5455 cum
3079 5402 3198 5470 ipso
3230 5404 3498 5472 gloriﬁca-

1931 5487 2096 5540 tionis
2122 5490 2428 5558 participes,
2467 5499 2521 5545 et
2555 5493 2745 5561 adjicit
2767 5508 3010 5558 causam,
3041 5494 3166 5562 quia
3201 5505 3254 5545 et
3282 5494 3349 5545 ab
3393 5493 3492 5547 lto-

1933 5579 2168 5632 niiuibus
2199 5580 2346 5634 etab
2379 5583 2586 5650 angelis
2617 5585 2867 5638 convenit
2892 5585 3065 5652 ipsum
3111 5583 3408 5652 gloriﬁcari
3437 5597 3495 5642 ct

1929 5668 2161 5724 adorari.
2192 5668 2305 5726 lloc
2350 5672 2490 5725 enim
2515 5673 2621 5727 sibi
2661 5675 2771 5727 vult
2805 5674 2968 5727 illud:
3069 5675 3256 5728 Omnis
3296 5677 3506 5745 gloria,

3586 5174 3611 5191 1
