3992 6202
301 269 414 343 405

1483 285 1881 348 LlTURGl/E
1924 286 2358 351 EXPOSITIU.

3444 287 3565 348 4C6?

301 389 638 462 πληροῦ-δτα,
675 393 951 462 σημασίας
973 395 1028 448 δὲ
1057 395 1219 450 ἕνεκα
1253 396 1412 464 μόνον
1442 395 1764 465 τελούμενα,
1795 396 1868 455 ὡς

2009 394 2279 464 xilemque
2316 407 2372 450 et
2425 397 2996 463 imperfectissimam,
3053 396 3140 450 illa
3191 405 3370 449 autem
3421 412 3548 465 per-

303 483 338 552 ἡ
377 482 572 553 λόγχη,
615 487 707 537 καὶ
739 486 772 555 ἡ
805 485 897 538 τοῦ
930 486 1092 557 ἄρτου
1141 487 1414 556 κέντησις,
1443 487 1535 539 καὶ
1568 489 1598 556 ἡ
1649 489 1706 539 ὲν
1736 486 1880 557 αὐτῷ

303 575 497 645 γραφὴ
526 575 620 629 τοῦ
649 577 911 648 σταυροῦ,
943 579 1038 630 καὶ
1065 578 1125 632 τὸ
1149 579 1458 632 τελευταῖον
1484 579 1518 649 ἡ
1543 580 1622 641 εἰς
1647 581 1714 632 τὰ
1748 579 1812 646 ἇγ
1828 597 1881 632 ια

309 667 534 738 ὲκῦολή.
563 669 673 722 Καὶ
698 670 756 721 ἐν
781 672 896 730 τοῖς
925 671 1101 732 ἄλλοις
1125 670 1182 724 δὲ
1211 671 1529 740 μυστηρίοις
1563 671 1732 723 πολλὰ
1767 689 1882 724 τοι-

307 755 449 809 αῦτα
467 757 536 810 ἂν
555 756 758 827 εὕροις,
787 759 973 830 ὥσπερ
1005 761 1062 812 ἐν
1086 759 1161 830 τῷ
1192 760 1529 830 βαπτίσματι
1549 761 1609 814 τὸ
1631 761 1881 814 λούεσθαι

270 899 282 908 ,
312 847 629 914 μέλλοντας,
667 850 994 902 ὑποδύεσθαι
1027 851 1108 904 δεῖ
1155 853 1249 904 καὶ
1281 851 1632 916 ἀποδύεσθαι,
1668 855 1760 906 καὶ
1803 839 1883 915 είς

309 938 408 999 τὰς
435 938 641 1008 δεσμάς
673 939 966 1009 βλέποντας
991 941 1089 1004 τάς
1120 941 1310 1012 χεῖράς
1337 960 1391 994 τε
1427 943 1756 1008 ἀποτείνειν,
1788 946 1880 997 καὶ

309 1031 577 1101 ἑκερυσᾷν.
611 1030 799 1084 Ταῦτα
834 1032 942 1102 γὰρ
985 1032 1076 1084 καὶ
1104 1033 1268 1098 ἔτερα
1295 1033 1522 1086 τοιαῦτα
1563 1035 1750 1104 χρείαν
1782 1034 1883 1104 μὲν

312 1121 570 1189 οὐδεμίαν
616 1123 696 1184 εἰς
743 1122 804 1174 τὸ
858 1125 1156 1193 μυστήριον
1206 1123 1524 1191 εἰσάγουσι·
1575 1125 1884 1179 διδάσκουσι

314 1208 370 1259 δὲ
400 1210 491 1261 τ³.ν
512 1210 858 1280 τεῗ·ούμενον,
889 1213 950 1264 τὸ
973 1216 1126 1283 μῖσος
1159 1215 1253 1266 καὶ
1275 1214 1372 1284 τὴν
1398 1213 1619 1284 ἔχθραν,
1652 1215 1718 1284 ἣν
1747 1216 1885 1285 πρὸς

313 1303 407 1354 τὸν
441 1305 676 1374 πονηρὸν
727 1305 871 1376 ἔχειν
909 1308 1146 1377 ἀνάγκη,
1186 1308 1280 1360 καὶ
1320 1309 1467 1369 ὅπως
1506 1307 1666 1360 αὐτὸν
1699 1308 1887 1375 ἐκτρέ-

319 1397 520 1450 πεσθαι
551 1399 682 1468 χρὴ,
713 1399 807 1451 τὸν
851 1400 1113 1466 μέλλοντα
1145 1401 1471 1471 Χριστιανὸν
1514 1400 1688 1469 ἀληθῆ
1723 1397 1881 1456 εἶναι.

318 1487 542 1540 Τούτων
596 1489 769 1552 οὕτως
817 1491 1044 1560 ἐχόντων
1101 1491 1395 1562 θεωρῶμεν
1450 1492 1549 1561 τὴν
1579 1493 1888 1563 ἱερουργίαν

320 1580 540 1631 Ξιτασαν
565 1581 710 1632 κατά
747 1581 930 1650 μέρος,
964 1582 1084 1635 καθ’
1108 1583 1232 1635 ὅσον
1279 1586 1377 1652 τῆς
1412 1583 1501 1635 τοῦ
1534 1585 1782 1654 Σωτῆρος
1813 1588 1887 1639 οἰ-

1979 483 2332 540 l'cctissimam
2361 495 2416 540 et
2447 486 2715 540 ultimam.
2767 485 2903 540 Sunt
2936 496 3112 539 autem
3167 487 3329 540 etiam
3358 500 3548 540 eorum

1980 590 2100 645 qua:
2155 577 2208 630 in
2254 579 2480 646 mystica
2533 578 2899 631 celebratione
2966 577 3119 640 ﬁunt,
3170 593 3292 646 quae
3341 577 3546 632 nullum

1983 683 2136 722 usum
2190 670 2433 738 implent,
2490 668 2829 737 signiﬁcandi
2876 677 3055 722 autem
3100 669 3270 736 gratia
3335 676 3550 722 tantum

1986 761 2146 823 tiunt,
2182 770 2240 816 ut
2274 761 2461 816 lancea
2491 772 2544 814 et
2570 761 2724 830 panis
2764 761 3007 829 punctio,
3039 769 3095 814 et
3145 761 3323 812 crucis
3355 759 3550 812 inscri-

1983 852 2116 922 ptio,
2149 863 2204 907 et
2237 863 2508 922 postremo
2529 865 2678 920 aquae
2711 851 2902 904 calida:
2952 851 3004 905 in
3055 858 3247 906 sancta
3309 850 3546 919 injectio.

1982 943 2124 1009 Quin
2161 943 2416 998 etiamin
2453 942 2582 996 aliis
2651 942 3007 996 sacramentis
3062 940 3226 993 multa
3283 941 3547 1009 ejusmodi

1984 1035 2295 1090 inveneris:
2353 1033 2810 1104 quemadmodum
2877 1034 2930 1087 in
2986 1033 3250 1102 baptismo
3308 1047 3404 1086 eos
3459 1034 3547 1101 qui

1983 1128 2092 1181 sint
2146 1128 2426 1197 tingettdi,
2479 1142 2538 1180 se
2583 1134 2638 1182 et
2707 1125 2904 1179 calceis
2958 1134 3011 1179 et
3057 1126 3293 1179 veSIibus
3351 1141 3558 1179 exuere

1984 1228 2218 1287 Oportet,
2245 1229 2300 1274 et
2327 1222 2394 1273 ad
2423 1219 2767 1275 Occidentem
2805 1217 3148 1284 aspicientes,
3209 1233 3400 1270 manus
3431 1227 3552 1270 lett-

1985 1313 2112 1365 dere
2171 1321 2227 1366 et
2276 1311 2571 1366 insulllare.
2627 1310 2749 1364 Ilaec
2803 1309 2949 1364 enim
3016 1319 3068 1362 et
3121 1310 3220 1362 alia
3281 1311 3559 1378 ejusmodi

1987 1404 2193 1458 nullum
2241 1403 2459 1472 quidem
2509 1419 2662 1458 usum
2693 1405 2757 1456 ad
2817 1412 3214 1458 sacramentum
3273 1403 3556 1461 inducunt,

1988 1498 2078 1551 sed
2116 1499 2315 1552 docent
2343 1513 2466 1552 eum
2517 1498 2606 1566 qui
2657 1496 2925 1560 initiatur,
2993 1493 3173 1549 odium
3227 1503 3278 1547 et
3324 1493 3556 1545 inimici-

1990 1590 2114 1650 tias,
2145 1603 2278 1656 quas
2307 1589 2565 1642 adversus
2601 1588 2895 1657 malignum:
2929 1602 3118 1657 gerere
3170 1601 3395 1638 necesse
3447 1594 3552 1644 cst,

320 1674 586 1742 κονομίας
614 1675 796 1728 εἰκόνα
824 1677 978 1744 φέρει
1013 1693 1025 1708 ⁸
1054 1678 1148 1730 καὶ
1181 1677 1396 1746 πρῶτον
1420 1679 1514 1740 τὰς
1544 1678 1884 1748 ψαλμῳδίας.

2006 1688 2048 1732 at
2085 1680 2355 1747 quomodo
2389 1687 2602 1746 oportet
2635 1679 2920 1746 malignum
2992 1677 3251 1736 aversari,
3287 1692 3406 1728 eum
3463 1676 3554 1744 qni

321 1777 482 1818 verus
509 1765 851 1822 Christianus
879 1768 1089 1823 futurus
1113 1779 1218 1824 est.
1278 1769 1372 1823 llis
1408 1770 1476 1823 ita
1533 1787 1590 1824 se
1642 1773 1980 1835 habentibus,
2047 1772 2471 1842 contemplemur
2515 1772 2790 1839 sigillatint
2843 1771 3147 1824 universum
3208 1767 3556 1832 sacriﬁcium,

321 1870 594 1928 quatenus
679 1859 984 1914 Servatoris
1046 1861 1434 1916 incarnationis
1483 1863 1584 1918 fert
1666 1864 1973 1933 imaginem.
2012 1865 2075 1918 Et
2109 1865 2335 1933 primum
2375 1862 2716 1932 psalmodias.

910 1954 1160 2008 ΚΕΦΑΛ.
1200 1953 1298 2009 1Ζ’.

515 2045 838 2112 Ἑξ-ἠγησις
890 2047 1007 2098 τῶν
1041 2045 1288 2115 πρώτων
1339 2048 1712 2116 ἀντίφωνον.

403 2140 469 2189 'll
497 2139 596 2207 μὲν
620 2138 712 2191 οὖν
747 2138 932 2209 πρώτη
970 2141 1251 2210 προτροπή
1280 2142 1426 2194 ἐστιν
1458 2144 1536 2204 εἰς
1580 2141 1888 2210 δοξολογίαν

323 2231 654 2300 ἀρχομένοις
697 2232 1016 2300 πρέπουσαο
1055 2251 1072 2283 ι
1128 2231 1378 2300 Ἀγαθὸν,
1421 2234 1576 2302 φησὶ,
1609 2233 1669 2286 τὸ
1703 2233 1892 2302 ἐξομο-

326 2323 604 2391 λογεῖσθαι
641 2322 719 2392 τῷ
755 2323 944 2396 Κυρίῳ
968 2340 981 2353 ·
1017 2342 1034 2374 ι
1074 2326 1101 2377 ὁ
1131 2323 1303 2394 ὕμνος
1337 2325 1471 2394 πρὸς
1520 2325 1610 2377 τὸν
1640 2325 1774 2376 Θεὸν
1790 2310 1892 2376 ’καὶ

331 2412 575 2482 Πατέρα,
615 2414 711 2465 καὶ
757 2411 1012 2482 περὶτοῦ
1063 2412 1400 2476 Μονογενοῦς
1435 2429 1449 2445 ·
1487 2433 1505 2465 ι
1559 2413 1788 2481 ’Λγαοὸν
1836 2414 1895 2465 τὸ

327 2504 777 2572 ἐξομολογεῖσθαι
808 2504 882 2573 τῷ
913 2505 1123 2575 Κυρίῳ,
1166 2506 1258 2558 καὶ
1301 2504 1526 2574 ψάλλειν
1556 2505 1633 2574 τῷ
1675 2505 1896 2573 ὀνόματί

333 2613 452 2660 σου,
477 2596 713 2665 ’Υψιστε
738 2611 751 2624 ’
783 2616 800 2647 ι
836 2596 1098 2664 ’Ὕψιστον
1119 2596 1334 2666 Πατέρα
1355 2595 1546 2664 λέγων,
1574 2594 1776 2664 Κύριον
1806 2596 1897 2646 τὸν

329 2688 617 2759 Μονογενῆ
643 2704 657 2717 ⁸
686 2689 889 2755 ἀγαθὸν
915 2689 1004 2742 τὸν
1039 2688 1166 2740 Υἱὸν
1202 2689 1414 2758 ὑμνεῖν,
1449 2688 1540 2740 καί
1577 2705 1636 2740 σε
1663 2687 1754 2740 τὸν
1785 2689 1894 2740 Πα-

330 2777 490 2846 τέρα.
526 2779 634 2832 Καὶ
684 2780 735 2832 τί
777 2779 1024 2848 βούλεται
1077 2778 1292 2844 ταῦτας
1337 2781 1479 2848 Πρὸς
1525 2780 1591 2833 τὰ
1638 2779 1763 2848 ἑξῆς
1803 2779 1896 2832 τοῦ

332 2865 498 2931 λόγου
560 2866 1003 2934 προοιμιάζεται.
1060 2866 1258 2920 Μέλλει
1313 2867 1420 2936 γὰρ
1479 2869 1656 2920 κοινὸν
1718 2869 1898 2931 αὐτοῖς

338 2956 612 3008 ποιεῖσθαι
671 2958 762 3010 τὸν
811 2957 999 3028 ὕμνον.
1045 2960 1181 3014 Τίνα
1232 2962 1464 3030 τρόπον;
1504 2963 1584 3015 Ti
1625 2961 1720 3016 τοῦ
1773 2963 1898 3016 Υἱοῦ

335 3045 546 3115 βοήσει,
574 3048 640 3100 δι’
665 3042 739 3103 ὧν
761 3056 854 3106 καὶ
875 3053 900 3102 ὁ
923 3051 1108 3122 Πατὴρ
1129 3052 1410 3121 ἐδοξάσθη.
1429 3051 1526 3116 Τίς
1550 3054 1655 3123 γὰρ
1679 3053 1900 3125 ἀφορμὴ

331 3136 436 3204 τῆς
469 3137 792 3208 ὑμνήσειι›ς;
839 3141 900 3195 Ἦ
937 3140 1030 3194 τοῦ
1072 3141 1203 3193 Υίοῦ
1245 3141 1472 3204 κένωσις
1505 3143 1599 3195 καὶ
1629 3143 1896 3210 πτωχεία,

2587 1957 2738 2013 CAP.
2764 1953 2926 2010 XVll.

2307 2052 2679 2122 Interpretatio
2704 2058 2888 2119 prtmw
2921 2049 3239 2116 antipltoua’.

2061 2147 2234 2199 Prima
2269 2159 2398 2212 ergo
2463 2152 2546 2197 est
2616 2142 2924 2195 adhortatio
2977 2142 3041 2193 ad
3087 2139 3558 2208 gloriﬁcationcm,

1993 2237 2376 2303 incipientibus
2413 2233 2778 2289 conveniens:
2818 2252 2835 2283 ι
2868 2231 3095 2297 Danum,
3149 2231 3340 2299 inquit,
3397 2233 3565 2286 centi-

1994 2330 2093 2382 teri
2129 2327 2372 2382 Domino.
2411 2345 2429 2377 ι
2461 2327 2704 2396 ilytnuus
2736 2327 2799 2378 ad
2827 2323 2992 2378 Deum
3025 2331 3078 2377 et
3108 2322 3345 2388 Patrem,
3392 2333 3446 2378 et
3501 2325 3564 2376 de

1998 2419 2314 2490 Unigcnito:
2350 2418 2583 2472 «Bonum
2603 2429 2683 2473 est
2718 2417 2962 2472 conﬁteri
2998 2418 3244 2483 Domino,
3282 2428 3334 2472 et
3362 2433 3558 2472 canere

1997 2512 2203 2566 nomini
2231 2522 2342 2577 tuo,
2370 2511 2678 2566 Altissime:
2706 2510 3074 2564 iAltissimum
3110 2510 3318 2564 Patrem
3356 2509 3559 2572 dicens,

1999 2599 2282 2652 Dominum
2315 2597 2701 2668 Unigeuitum;
2744 2599 2944 2651 bonum
2979 2598 3196 2652 laudare
3275 2596 3464 2650 Filium
3511 2606 3564 2649 et

1997 2695 2232 2749 Patrem.
2279 2695 2337 2746 Et
2368 2694 2496 2762 quid
2521 2683 2634 2748 hinc
2652 2692 2751 2745 sibi
2791 2692 3016 2746 volunt?
3047 2692 3122 2744 Ad
3159 2707 3217 2745 ea
3265 2707 3383 2758 qme
3437 2707 3516 2745 su:
3545 2698 3568 2743 ι

1998 2787 2252 2854 deinceps
2275 2786 2496 2838 dicenda
2527 2783 2809 2838 exordium
2865 2781 3037 2833 ducit.
3097 2781 3188 2833 Est
3233 2780 3373 2832 enim
3402 2778 3566 2832 utris-

1999 2894 2104 2947 que
2184 2890 2522 2931 communem
2582 2875 2835 2944 hymnum
2893 2871 3164 2924 dicturus.
3239 2868 3579 2933 Quomodo?

2001 2968 2259 3024 Clamnhit
2281 2982 2339 3022 ea
2366 2981 2487 3036 qua:
2524 2975 2650 3019 sunt
2673 2963 2814 3027 Filii,
2856 2978 2950 3032 per
2985 2977 3104 3030 qua:
3158 2961 3319 3014 Pater
3351 2976 3570 3030 quoque

2001 3060 2329 3131 gioriﬁcatus
2358 3069 2460 3112 est.
2497 3056 2750 3122 Qurcnam
2771 3063 2849 3108 est
2881 3055 3021 3107 enim
3063 3053 3387 3106 laudationis
3408 3068 3562 3106 Occa—

2005 3155 2127 3208 sio?
2157 3151 2275 3206 Filii
2329 3148 2624 3205 cxiuanitio
2667 3156 2720 3200 ct
2771 3154 3079 3215 paupertas,
3122 3144 3173 3196 in
3211 3158 3371 3195 carne
3403 3157 3564 3210 opt-ra

333 3228 407 3280 τὰ
434 3229 522 3282 διὰ
547 3233 642 3299 τῆς
677 3234 878 3301 σαρκὸς
910 3235 1043 3304 ἔργα
1075 3236 1173 3286 καὶ
1198 3235 1348 3303 πάθη
1369 3248 1383 3262 '
1417 3233 1589 3287 ταῦτα
1623 3235 1729 3304 γὰρ
1755 3235 1900 3297 ἔλεος

2006 3256 2058 3299 et
2089 3245 2398 3314 passiones;
2430 3255 2494 3295 ea
2519 3239 2661 3294 enim
2694 3247 2844 3292 vocat
2895 3235 3317 3290 misericordiam
3375 3243 3428 3288 et
3474 3247 3566 3285 ve-

336 3321 437 3374 καὶ
497 3323 742 3392 ἀλήθεια.
783 3325 970 3387 Ἔλεος
1023 3325 1143 3392 μὲν,
1194 3326 1275 3377 ὃτι
1329 3326 1546 3379 πάντων
1597 3325 1904 3379 ἀθλιώτατα

335 3412 742 3480 διακειμένους,
797 3416 892 3466 καὶ
948 3416 1176 3487 ἐχθροὺς
1225 3418 1405 3482 διτας,
1462 3421 1555 3473 καὶ
1613 3418 1904 3488 πολεμίους

338 3504 516 3573 αὐτῷ,
546 3505 634 3556 διὰ
686 3506 885 3576 πολλὴν
917 3512 1284 3580 χρηστότητα,
1328 3512 1417 3563 καὶ
1477 3510 1902 3580 φιλανθρωπίαν,

336 3597 403 3646 οὐ
434 3597 694 3664 περιεῖδε,
732 3600 824 3650 καὶ
847 3599 909 3652 οὐ
949 3603 1254 3673 σιλνὴλγησε
1291 3603 1452 3672 μόνον
1485 3603 1586 3670 τῆς
1619 3603 1906 3672 συμφορᾶς

337 3697 515 3762 ἡμῖν,
541 3695 676 3747 ἀλλὰ
704 3695 795 3750 καὶ
832 3697 1010 3750 αὐτῶν
1041 3699 1370 3768 ἐκοινώνησε
1396 3697 1504 3750 τῶν
1531 3699 1740 3760 κακῶν,
1776 3700 1902 3765 φησ-

345 3793 448 3859 ρᾶς
496 3790 589 3843 τιλὶ
629 3792 879 3858 θανάτου,
913 3793 1004 3844 καὶ
1042 3792 1162 3844 οὐδὲ
1211 3793 1473 3860 ἀνέστησε
1506 3793 1662 3861 μόνον
1701 3793 1908 3844 ἐκείνου

341 3884 440 3935 τοῦ
486 3884 723 3950 χαλεποῦ
775 3883 1090 3952 πτώματος,
1132 3883 1268 3936 ἀλλά
1319 3883 1415 3938 καὶ
1471 3883 1768 3953 βασιλείας,
1817 3884 1910 3934 καὶ

344 3971 457 4022 τῶν
495 3973 765 4039 μεγίστων
796 3973 1024 4040 ἠξίωσεν
1052 3973 1291 4039 ἀγαθῶν.
1312 3974 1410 4025 Διά
1442 3973 1602 4026 τοῦτο
1630 3974 1723 4025 καὶ
1769 3973 1913 4025 Παῦ-

345 4063 437 4123 λος
461 4080 473 4090 ·
515 4081 530 4110 ι
580 4064 730 4125 Ὂτε,
769 4066 930 4132 φησ“.ν
959 4065 1318 4134 ηχρηστότης
1353 4065 1446 4116 καὶ
1473 4066 1503 4134 η
1536 4062 1913 4132 φιλανθρωπία

345 4153 600 4223 ἐπεφάνη
635 4153 728 4205 τοῦ
761 4154 1012 4223 Σωτῆρος
1043 4155 1201 4223 ημῶν
1236 4155 1393 4218 Θεοῦ,
1436 4175 1454 4206 ι
1491 4155 1564 4218 ὡς
1608 4154 1914 4226 τηνικαῦτα

346 4243 572 4308 πρῶτον
605 4243 1012 4312 φανερωθείσης
1041 4245 1140 4314 ὃτη
1187 4245 1266 4307 τίς
1299 4249 1434 4298 ἐστι.
1469 4247 1578 4298 Καὶ
1611 4247 1638 4296 ὁ
1669 4247 1868 4313 Κύριος
1895 4260 1910 4275 ·

356 4355 373 4383 ι
400 4336 584 4395 Οὕτως
619 4335 906 4403 ἠγάπησεν
933 4337 960 4386 ὁ
988 4335 1113 4396 Θεὸς
1136 4337 1227 4387 τὸν
1249 4335 1450 4404 κόσμον
1470 4352 1514 4387 ἰ
1550 4335 1646 4404 τὴν
1685 4335 1916 4405 ὑπερϐο-

346 4428 448 4492 HT:
483 4427 580 4492 τῆς
611 4427 826 4496 ἀγάπης
854 4427 1126 4495 ὲκφαίνων
1156 4427 1233 4496 τῷ
1266 4429 1472 4496 ῥήματι
1499 4428 1692 4496 τούτῳ.
1728 4429 1914 4489 Ἔλεος

348 4609 409 4659 δὲ
441 4610 525 4660 ὅτι
568 4609 815 4676 καθάπερ
847 4608 994 4660 σκιαὶ
1033 4607 1125 4660 καὶ
1151 4607 1313 4660 τύποι
1353 4607 1490 4677 πρὸς
1522 4608 1692 4677 αὐτὴν
1716 4608 1781 4661 τά
1809 4626 1912 4662 πα-

351 4699 482 4750 λαιά
515 4701 688 4751 πάντα
720 4698 923 4768 ἐώρων.
957 4700 1054 4751 Διὰ
1089 4699 1246 4752 τοῦτο
1276 4701 1402 4770 περὶ
1448 4700 1616 4768 αὐτῆς
1643 4703 1670 4754 ὁ
1701 4702 1914 4771 προφή-

350 4807 454 4854 της
481 4790 676 4855 λέγων,
709 4810 724 4838 ι
769 4790 974 4859 Ὤμοσε
1005 4790 1230 4860 Κύριος.
1285 4791 1440 4858 φησὶ,
1479 4791 1556 4859 τῷ
1588 4791 1750 4843 Δαῦὶδ
1787 4793 1914 4861 ἁλή-

351 4879 523 4935 ἃεειι.
558 4898 581 4932 ε
612 4880 744 4934 Τίνα
761 4879 818 4931 δὲ
850 4881 917 4932 τά
939 4880 1358 4949 ὠμωμοσμένα;
1399 4881 1459 4933 Ἢ
1480 4881 1571 4934 τοῦ
1601 4883 1802 4950 Κυρίου
1829 4882 1916 4935 διὰ

356 4973 560 5041 σαρκὸς
592 4973 875 5042 ἐπιδημία,
902 4973 993 5025 καὶ
1017 4972 1279 5026 πολιτεία.
1316 4990 1334 5024 ι
1376 4972 1468 5026 Ἐκ
1487 4973 1724 5044 καρποῦ,
1758 4975 1914 5042 φησὶ,

355 5062 460 5128 τῆς
490 5060 704 5122 κοιλίας
749 5077 841 5112 σου
875 5060 1113 5130 θήσομαι
1142 5064 1231 5114 ἐπὶ
1268 5061 1364 5114 τοῦ
1390 5063 1582 5130 θρόνου
1611 5079 1728 5125 σου,
1771 5081 1788 5113 ι
1827 5063 1924 5116 αύ-

353 5154 446 5202 τὸν
474 5152 652 5216 δηλῶν
687 5151 778 5202 τὸν
821 5152 1071 5221 Σωτῆρα.
1121 5153 1229 5205 Καὶ
1269 5152 1430 5205 πόθεν
1475 5153 1671 5221 δῆλονς
1720 5153 1776 5204 '0
1812 5154 1917 5204 Γα-

356 5246 522 5314 6;.ιὴλ
552 5244 794 5307 ἐδίδαξεν
818 5246 878 5296 ὲν
907 5237 988 5306 οἷς
1020 5245 1112 5296 τὸν
1146 5245 1458 5314 ἀπόρρητον
1493 5246 1653 5297 τόκον
1679 5249 1742 5314 τῇ
1773 5246 1922 5314 Παρ·

356 5337 497 5404 θὲνῳ
538 5333 783 5402 μηνύων,
833 5336 924 5386 καὶ
971 5335 1062 5385 τὸν
1109 5334 1506 5403 τεχθησόμενον
1538 5335 1723 5405 ἡλίκος
1771 5335 1924 5388 ἔσται

357 5427 649 5481 διδάσκων.
699 5444 717 5474 ¢
758 5423 929 5476 Δὼσει
965 5424 1136 5494 αὐτῷ,
1167 5427 1322 5492 φησὶ,
1369 5427 1568 5493 Κύριος
1605 5427 1632 5476 ὁ
1673 5424 1803 5488 Θεὸς
1837 5427 1924 5477 τὸν

359 5519 548 5584 (φόνον
579 5515 746 5567 Διϐὶδ
768 5515 864 5566 τοῦ
907 5516 1114 5586 πατρὸς
1151 5515 1340 5575 αὑτοῦ.
1370 5517 1464 5567 καὶ
1497 5515 1807 5584 βασιλεύσει
1835 5516 1926 5566 ἐπὶ

360 5610 449 5658 τὶν
490 5603 642 5658 οἷκον
678 5604 871 5658 Ἰακὼϐ
899 5608 977 5669 εἰς
1000 5607 1127 5668 τοῦς
1154 5607 1382 5670 αίῶνας,
1408 5607 1498 5658 καὶ
1524 5607 1624 5675 τῆς
1649 5606 1926 5675 βασιλείας

370 5696 533 5747 αὖτοῦ
565 5697 662 5748 οὐκ
698 5696 852 5749 ἔσται
883 5697 1053 5759 τέλος.
1103 5717 1118 5748 ι
1170 5697 1307 5748 Ἀλλ’
1343 5697 1480 5767 αὑτὴ
1521 5699 1552 5765 ἡ
1582 5697 1804 5767 ἀλήθεια
1837 5696 1931 5749 καὶ

2007 3335 2242 3391 ritatcm.
2275 3330 2702 3388 Misericordiam
2732 3328 2972 3397 quidem,
3008 3328 3146 3393 quod
3193 3327 3428 3378 omnimn
3463 3325 3566 3378 mi-

2006 3429 2229 3484 serrime
2262 3426 2502 3487 affectos,
2539 3437 2660 3478 cum
2692 3422 2810 3490 ejus
2859 3435 3103 3474 essemus
3134 3418 3337 3472 inimici
3375 3427 3426 3472 et
3465 3419 3564 3470 lto-

2006 3531 2141 3578 stes.
2173 3527 2393 3587 propter
2426 3514 2643 3568 multam
2675 3527 2824 3567 suam
2848 3497 3224 3580 benignitatem
3256 3521 3306 3564 ct
3336 3511 3570 3564 elemen-

2011 3612 2139 3666 tiam
2182 3627 2285 3663 non
2323 3607 2598 3677 despexit:
2625 3616 2679 3660 et
2704 3620 2812 3659 non
2855 3605 3024 3658 solum
3061 3614 3255 3656 nostra:
3295 3604 3563 3657 calamita-

2011 3703 2078 3756 tis
2109 3703 2356 3756 misertus
2395 3707 2495 3761 est,
2523 3697 2615 3751 scd
2683 3698 2916 3764 ipsorum
2945 3695 3104 3747 etiam
3160 3693 3418 3744 malorum
3469 3692 3567 3744 fuit

2009 3796 2186 3850 socius
2217 3801 2269 3844 et
2295 3789 2587 3859 particeps,
2629 3786 2876 3840 interitus
2907 3794 2960 3837 et
3019 3784 3239 3846 mortis;
3273 3793 3322 3834 et
3351 3798 3452 3835 non
3477 3797 3567 3834 so—

2012 3885 2118 3936 lum
2142 3897 2240 3934 nos
2271 3881 2445 3932 erexit
2498 3893 2524 3928 a
2557 3875 2704 3945 gravi
2732 3875 2822 3926 illo
2863 3888 3015 3936 casu,
3051 3873 3142 3924 sed
3200 3885 3362 3938 regno
3407 3871 3569 3923 etiam

2010 3986 2064 4030 et
2097 3971 2344 4025 maximis
2391 3968 2547 4022 bonis
2595 3967 2844 4033 dignatus
2896 3971 2998 4018 est.
3060 3962 3319 4027 Quocirca
3377 3961 3572 4014 Paulus

2012 4079 2242 4135 quoque.
2278 4061 2568 4129 «Quando,
2605 4057 2798 4128 inquit,
2864 4055 3167 4124 benignitas
3211 4064 3265 4109 ct
3321 4055 3574 4108 humani-

2015 4169 2095 4212 tas
2129 4155 2376 4224 apparuit
2433 4149 2732 4206 Servatoris
2781 4149 2943 4201 nostri
2978 4147 3093 4211 Dei,
3130 4165 3148 4196 ι
3185 4155 3240 4200 ut
3297 4161 3418 4215 qua:
3451 4158 3574 4200 tunc

2015 4250 2246 4318 primum
2278 4255 2491 4300 ostensa
2545 4251 2600 4296 et
2632 4240 2972 4294 manifestata
3006 4248 3087 4292 est
3138 4249 3337 4304 quanta
3361 4241 3452 4292 sit.
3514 4239 3576 4291 Et

2018 4339 2310 4393 Dominus:
2333 4354 2359 4383 σ-
2383 4335 2473 4388 Sic
2493 4333 2633 4386 Deus
2649 4332 2835 4386 dilexit
2859 4330 3141 4390 mundum,
3169 4347 3188 4380 ι
3210 4328 3472 4396 insignem
3501 4330 3576 4382 di-

2018 4430 2301 4485 lectionem
2339 4429 2438 4480 hoc
2461 4423 2627 4479 verbo
2659 4423 2970 4476 ostendens.
3002 4419 3422 4474 Misericordiam
3447 4435 3576 4490 ergo

348 4517 455 4582 μὲν
488 4515 693 4565 τούτων
723 4516 908 4580 ἕνεκα,
942 4515 1040 4584 τὴν
1082 4517 1395 4584 οἰκονομίαν
1431 4515 1588 4567 καλεῖ
1608 4532 1630 4575 ’,
1653 4515 1902 4586 ἀλήθειαν

2019 4523 2102 4576 his
2134 4521 2199 4574 de
2222 4517 2402 4574 causis
2427 4525 2580 4570 vocat
2646 4524 2908 4578 suscepta:
2961 4513 3140 4564 carnis
3195 4510 3572 4564 (BCOI'IOIltlttlll.

2021 4612 2312 4666 Veritatem
2339 4617 2542 4668 autem,
2569 4604 2692 4674 quia
2725 4603 2868 4657 velut
2899 4602 3102 4655 umbrae
3135 4609 3188 4654 et
3257 4601 3437 4669 ﬁgurae.
3491 4617 3580 4655 vc-

2024 4713 2134 4755 tera
2160 4700 2336 4752 omnia
2363 4698 2426 4750 ad
2459 4711 2576 4750 eam
2639 4692 3016 4762 respiciebant.
3053 4690 3340 4760 Propterea
3395 4691 3461 4745 de
3513 4705 3576 4745 ea

2024 4792 2247 4858 loquens
2278 4787 2534 4856 propheta
2563 4805 2573 4835 :
2613 4803 2634 4834 ι
2666 4783 2892 4845 .Iuravit,
2913 4781 3105 4850 inquit,
3136 4780 3389 4834 Dominus
3411 4778 3577 4834 David

2022 4881 2320 4936 veritatem.
2337 4897 2354 4929 ι
2385 4877 2512 4942 Quae
2532 4883 2657 4930 sunt
2679 4874 2820 4928 cnim
2844 4890 2963 4943 qum
2981 4875 3161 4942 ju-rata
3181 4874 3341 4928 stitit?
3373 4871 3579 4926 Dutttiui

2024 4987 2118 5041 per
2149 4984 2369 5024 carnem
2419 4965 2798 5036 peregrinatio,
2854 4974 2908 5019 et
2930 4975 3071 5018 recta
3127 4965 3246 5018 vite
3291 4967 3579 5024 Institutio.

2037 5062 2143 5116 «De
2176 5060 2372 5122 fructu,
2401 5057 2593 5126 inquit,
2628 5055 2830 5110 ventris
2887 5057 2959 5110 tui
2991 5073 3182 5124 ponam
3211 5073 3372 5125 super
3398 5062 3579 5114 sedem

2023 5162 2225 5211 tuam.»
2261 5151 2432 5220 ipsum
2463 5146 2804 5201 Servatorem
2862 5148 3147 5216 signiﬁcat.
3205 5146 3268 5200 Et
3312 5150 3579 5203 nndcuam

2025 5248 2124 5300 hoc
2156 5243 2282 5299 sciri
2307 5241 2523 5312 potest?
2549 5239 2766 5295 Gabriel
2795 5239 2971 5293 docuit
3024 5239 3075 5292 in
3097 5239 3161 5292 iis
3190 5239 3241 5292 in
3270 5239 3465 5305 quibus
3489 5252 3579 5290 ar-

2026 5352 2216 5389 cauum
2241 5344 2451 5405 partum
2476 5331 2808 5400 signiﬁcans,
2854 5339 2907 5384 et
2929 5339 3160 5398 quantus
3193 5329 3262 5383 sit
3285 5332 3374 5396 qui
3409 5328 3586 5381 nasci-

2033 5440 2184 5480 turus
2212 5436 2296 5478 est
2323 5425 2545 5486 docens,
2579 5423 2764 5475 «Dabit
2816 5421 2886 5480 ei.
2910 5421 3103 5489 inquit,
3161 5420 3414 5472 Dominus
3446 5419 3587 5470 Deus

2033 5521 2210 5572 Sedem
2243 5515 2404 5568 David
2436 5514 2600 5577 patris
2642 5513 2748 5576 sui,
2786 5522 2838 5564 et
2883 5511 3124 5579 regnabit
3181 5523 3338 5576 super
3367 5507 3588 5561 donum:

2034 5607 2198 5660 Juzob
2222 5605 2272 5656 in
2313 5603 2528 5663 sarcula,
2558 5611 2612 5654 et
2644 5603 2790 5670 regni
2828 5601 2940 5668 ejus
2969 5613 3072 5650 non
3127 5595 3230 5649 erit
3265 5597 3408 5650 ﬁnis.
3451 5595 3600 5652 iSed.

2018 5693 2463 5765 ipsaveritasest
2521 5701 2573 5743 et
2638 5689 2892 5753 indicium
2950 5698 3001 5737 et
3042 5684 3269 5754 iustitia.
3336 5687 3583 5753 Quonam
