3992 6202
303 183 314 193 ’
364 235 467 300 tor

1619 191 1927 292 NICOLAI
1968 230 2369 294 ρΑῐιΑειιΛι

3509 245 3616 317 408

363 345 561 401 modo?
588 342 724 410 Quia
756 345 1010 403 Servator
1061 345 1114 400 in
1143 360 1207 399 ea
1240 346 1412 413 eiecto
1444 353 1668 414 peccato
1711 356 1767 401 et
1814 344 1931 400 dia-

2056 346 2224 416 ιρίσις
2248 349 2367 401 ἐστὶ
2401 350 2498 403 καὶ
2535 349 2852 422 δικαιοσύνη
2884 369 2900 386 ο
2940 353 3062 408 τίνα
3092 352 3287 424 λόγον;
3320 357 3403 411 ὅτι
3445 361 3474 413 6
3499 363 3620 416 Σωο

365 439 486 496 bolo
513 440 821 502 interfecto.
855 455 956 494 non
991 438 1186 508 insigni
1218 437 1400 508 aliquo
1429 439 1649 504 robore,
1673 453 1770 492 nec
1796 438 1939 508 quod

363 534 598 600 potentia
641 535 899 596 vinceret,
934 530 1038 585 hoc
1093 530 1240 594 iecit,
1277 532 1371 586 sed
1408 531 1611 601 indicio
1638 532 1934 601 etiustitia.

361 626 503 681 sicut
527 624 726 677 dictum
760 630 882 676 est:
922 621 1170 677 «Justitia
1207 632 1260 677 et
1300 623 1564 692 judicium
1615 625 1938 694 praeparatio

363 715 702 777 sedistuaap
768 713 910 766 sicut
937 720 993 767 et
1060 727 1158 767 nos
1215 713 1267 768 in
1325 715 1546 784 iudiciis
1596 716 1939 770 adversarios

365 803 630 856 sententia
661 801 900 870 judicuut
931 803 1215 858 vincimus.
1249 801 1569 874 Propterea,
1597 823 1615 855 ι
1644 802 1795 859 Nunc
1830 787 1961 870 εει,

363 895 557 964 inquit,
612 893 878 959 judicium
947 895 1131 950 mundi
1200 896 1410 966 hujus;
1475 911 1619 951 nunc
1688 897 1938 966 princeps

364 986 546 1040 muniti
580 985 742 1055 huius
787 986 1002 1055 ejicitnr
1067 985 1234 1040 foras.
1273 1005 1294 1038 ι
1355 985 1482 1041 Haac
1518 987 1697 1041 sciens
1747 986 1936 1042 beatus

364 1078 650 1148 Dionysius
689 1079 882 1131 divinae
932 1079 1190 1132 bonitatis
1244 1081 1481 1134 maxime
1534 1078 1806 1134 inﬁnitam
1856 1078 1938 1132 di-

364 1169 870 1237 eitbenignitatem,
926 1170 1236 1226 defectrieis
1303 1170 1705 1236 multitudinis,
1739 1171 1938 1226 daemo-

366 1274 494 1313 num
533 1260 1084 1329 seilicet,polentiam
1150 1262 1414 1317 adversus
1459 1277 1557 1318 nos
1617 1261 1935 1322 dissolvere.

366 1365 472 1405 non
508 1364 601 1419 per
645 1352 968 1420 potentiam.
1025 1365 1276 1424 tanquam
1331 1363 1764 1423 exsuperantem,
1839 1354 1938 1411 sed

368 1452 425 1494 ut
459 1442 686 1509 mystice
738 1443 870 1498 dicit
902 1444 1160 1500 traditum
1192 1446 1489 1515 eloquium,
1522 1447 1577 1501 in
1621 1446 1829 1516 judicio
1882 1455 1938 1502 et

363 1532 594 1601 justitia.
620 1533 755 1600 Quia
793 1549 922 1603 ergo
983 1538 1128 1604 quod
1189 1536 1463 1604 laudatur,
1512 1551 1617 1592 non
1658 1538 1830 1593 Solum
1856 1547 1938 1592 est

365 1623 739 1678 misericordia
776 1633 830 1678 et
858 1625 1076 1689 veritas,
1115 1625 1208 1680 sed
1245 1626 1408 1680 etiam
1432 1627 1641 1695 iustitia
1695 1636 1750 1682 et
1793 1626 1938 1693 judi-

368 1714 536 1777 cium,
578 1723 860 1783 propterea
884 1715 1166 1784 sulijunxit
1213 1715 1708 1786 Psalmog-raplms:
1743 1737 1761 1769 ι
1795 1719 1946 1784 Quo-

370 1806 514 1856 niam
545 1813 725 1857 rectus
771 1804 1028 1860 Dominus
1068 1817 1272 1870 noster,
1312 1816 1366 1862 et
1417 1823 1519 1863 non
1555 1821 1638 1864 est
1691 1810 1948 1880 iniquitas

371 1899 424 1949 in
454 1910 537 1949 eo.
565 1914 686 1946 i—c
727 1895 929 1952 Bonum
960 1907 1041 1952 est
1071 1899 1414 1965 annuntiare,
1446 1901 1637 1971 inquit,
1660 1917 1815 1957 mane
1849 1904 1950 1957 mi-

370 1986 722 2041 sericordiam
752 1997 922 2054 tuam,
947 1999 999 2043 et
1027 1989 1308 2045 veritatem
1341 1999 1486 2046 tuam
1536 2008 1631 2064 per
1653 2004 1889 2048 noctem.
1921 2012 1940 2046 υ

372 2079 468 2135 Die
514 2090 567 2134 et
599 2091 785 2146 noctu,
834 2081 1031 2151 inquit,
1079 2093 1293 2152 Oportet
1335 2083 1505 2140 Deum
1545 2085 1787 2140 laudare.
1824 2083 1940 2140 ΙΙοε

370 2175 514 2228 enim
537 2184 619 2228 est
640 2174 793 2238 illud,
825 2193 845 2225 ο
874 2175 1047 2240 Mane,
1076 2195 1095 2229 ι
1123 2187 1203 2246 et,
1236 2195 1256 2230 σ
1281 2178 1384 2234 Per
1403 2189 1636 2234 noctem.
1663 2197 1684 2233 ›
1705 2178 1858 2246 Quod
1887 2182 1943 2232 in

371 2267 470 2322 aiic
503 2267 641 2322 dixit
681 2268 800 2323 loco
831 2284 845 2321 :
884 2288 902 2321 ι
937 2269 994 2323 ιη
1021 2260 1172 2325 omni
1217 2273 1476 2342 temporis
1504 2283 1797 2330 momento.
1825 2291 1845 2326 ι
1882 2273 1947 2328 Et

375 2361 492 2416 haec
529 2361 744 2431 quidem
776 2361 949 2429 prima
978 2365 1303 2432 psalmodia.

951 2545 1106 2602 CAP.
1150 2548 1330 2610 XVIII.

380 2642 522 2707 Quid
551 2640 856 2710 signiﬁcant
897 2641 952 2694 in
995 2642 1267 2716 principiis
1311 2647 1564 2716 sacriﬁcii
1593 2663 1711 2716 qum
1751 2660 1952 2700 canun-

945 2723 1033 2765 tur
1073 2714 1397 2781 prophetica.

452 2829 700 2883 Secunda
738 2836 918 2882 autem
955 2827 1250 2897 psalmodia
1302 2829 1477 2900 ipsum
1507 2844 1732 2901 regnum
1764 2829 1949 2886 laudat

379 2932 426 2975 et
478 2922 751 2987 decorem,
797 2929 852 2976 et
882 2923 1181 2992 pot-entiam
1218 2921 1341 2978 Filii
1389 2922 1502 2986 Dei,
1537 2938 1660 2993 quae
1710 2937 1775 2976 ex
1825 2924 1945 2977 exi-

385 3015 667 3069 nanitione
708 3025 759 3068 et
799 3023 1119 3082 paupertate
1151 3013 1201 3066 ei
1252 3013 1506 3068 accessit.
1548 3015 1653 3068 Sed
1705 3015 1831 3084 quis
1862 3023 1946 3069 est

384 3106 472 3158 hic
510 3119 640 3159 usus
672 3103 864 3157 horum
900 3103 1190 3157 verborum
1231 3101 1693 3172 propheticorum,
1720 3111 1774 3156 et
1795 3103 1954 3172 quid-

385 3207 510 3244 nnm
537 3192 845 3261 signiﬁcant
892 3190 1198 3247 Servatoris
1265 3199 1533 3259 suscepta:
1579 3192 1761 3246 carnis
1804 3205 1955 3246 (eco-

389 3282 626 3337 nomiae?
654 3281 929 3350 Principia
977 3279 1099 3349 ejus
1130 3282 1458 3350 praesentiae,
1505 3283 1725 3351 quando
1765 3281 1957 3338 aderat

388 3375 632 3443 quidem,
673 3373 765 3426 sed
803 3386 905 3426 non
941 3373 1372 3441 cognoscebatur
1401 3388 1429 3426 a
1481 3372 1689 3438 multis,
1737 3372 1957 3442 quando

391 3447 444 3518 in
494 3465 697 3520 mundo
725 3475 862 3527 erat,
919 3474 974 3518 et
1001 3463 1257 3519 'muudus
1305 3465 1482 3534 ipsum
1534 3479 1640 3520 non
1681 3465 1958 3537 cognovit,

392 3567 602 3630 tempus
624 3558 766 3630 quod
787 3557 883 3612 l'uit
906 3567 1032 3612 ante
1052 3557 1338 3622 Joannem,
1387 3558 1700 3626 priusquam
1726 3572 1956 3613 accensa

392 3663 539 3709 esset
569 3653 795 3723 lampas.
839 3651 993 3709 Tunc
1027 3654 1170 3708 enim
1196 3663 1250 3708 et
1277 3654 1457 3709 adhuc
1488 3669 1624 3724 opus
1651 3663 1768 3709 erat
1798 3654 1958 3728 dicgis

389 3743 743 3814 propheticis.
779 3742 970 3798 Postea
1011 3752 1189 3798 autem
1219 3745 1468 3814 apparuit
1495 3745 1612 3815 ipse
1639 3744 1730 3814 qui
1759 3743 1956 3813 praedi—

389 3839 645 3900 cabatur,
689 3844 743 3890 et
783 3851 889 3890 non
927 3844 1043 3889 erat
1074 3834 1302 3903 amplius
1343 3835 1446 3905 ipsi
1482 3832 1762 3905 prophetis
1801 3848 1961 3902 Opus,

395 3929 486 3984 sed
537 3940 860 3998 praesentem
907 3927 1084 3997 ipsum
1140 3928 1379 3983 ostendit
1437 3926 1697 3986 Joannes.
1746 3936 1800 3979 et
1839 3937 1963 3979 ante

390 4022 652 4075 Joannem
710 4020 826 4088 ipse
865 4016 1048 4072 Pater.
1101 4017 1708 4086 Propterea,¢0mues,
1764 4014 1959 4078 inquit,

394 4114 678 4184 propheta:
730 4109 1128 4179 prophetarum
1163 4122 1336 4176 usque
1374 4108 1438 4160 ad
1481 4106 1806 4162 Joannem.)
1847 4105 1962 4162 Hoc

395 4219 525 4274 ergo
555 4201 942 4271 tempus,quod
989 4201 1090 4252 fuit
1152 4211 1278 4252 ante
1315 4198 1605 4262 Joannem,
1651 4199 1964 4269 signiﬁcant

2043 440 2149 510 τὴρ
2176 442 2233 495 ὲν
2261 441 2401 513 αὐτῇ
2444 444 2544 514 τὴν
2572 443 2847 516 ἁμαρτίαν
2877 446 3178 513 ἐκϐάλλων,
3215 450 3308 502 καὶ
3350 451 3444 503 τὸν
3491 452 3614 506 διά-

2045 529 2202 585 ϐολον
2248 533 2601 598 ἀποκτείνας,
2645 537 2745 607 οὐχ
2797 538 3073 610 ὑπερϐολῇ
3121 541 3328 610 ἰσχύος,
3380 544 3502 598 οὐδὲ
3529 545 3612 614 τῷ

2043 623 2202 694 νικᾷν
2229 623 2460 694 δυνάμει
2491 626 2652 679 τοῦτο
2687 628 2944 699 ἐποίησεν
2966 645 2982 662 ο
3013 631 3150 685 ἀλλὰ
3181 633 3383 703 κρίσει,
3411 635 3506 687 καὶ
3533 635 3616 689 δι-

2043 712 2329 785 καιοσύνῃ,
2383 718 2523 769 κατὰ
2579 718 2639 770 τὺ
2701 720 3018 791 είρημὲνον,
3067 739 3087 774 ι
3126 724 3455 798 Δικαιοσύνη
3516 729 3616 781 καὶ

2043 807 2218 876 κρίμα
2249 809 2538 877 ἐτοιμασία
2559 809 2653 863 τοῦ
2685 811 2878 880 θρόνου
2921 829 3016 866 σου
3043 829 3056 843 ·
3097 832 3116 866 ι
3154 815 3408 887 καθάπερ
3447 819 3614 888 ἡμεῖς

2043 897 2102 950 ἐν
2135 901 2246 963 τοῖς
2274 900 2650 971 δικαστηρίοις
2710 901 2837 968 τοὺς
2871 903 3180 970 ἀντιδίκους
3225 908 3495 978 αἱροῦμεν
3539 913 3610 982 τῇ

2043 992 2212 1064 ψήφῳ
2240 993 2349 1046 τῶν
2377 995 2668 1049 δικαστῶν.
2699 996 2797 1048 Διά
2827 996 2987 1049 τοῦτό
3017 1015 3150 1069 φησι
3179 1016 3193 1030 ο
3229 1018 3248 1052 ι
3284 998 3397 1053 Νῦν
3428 1002 3613 1072 κρίσις

2043 1082 2160 1135 ἐστὶ
2194 1081 2290 1135 τοῦ
2325 1084 2534 1153 κόσμου
2569 1083 2765 1138 τούτου
2790 1101 2805 1117 ν
2841 1086 2935 1140 νῦν
2981 1088 3008 1138 6
3034 1089 3220 1157 ἄρχων
3264 1089 3362 1141 τοῦ
3400 1091 3614 1162 κόσμου

2042 1172 2236 1226 τούτου
2266 1174 2668 1247 ἐκϐληθήσεται
2707 1176 2834 1241 ἔξω.
2871 1178 3056 1232 Ταῦτα
3097 1179 3252 1244 εἰδὼς
3284 1181 3310 1233 6
3339 1183 3617 1253 μακάριος

2043 1267 2340 1329 Διονύσιος,
2387 1268 2487 1336 τὴν
2529 1267 2628 1338 τῆς
2663 1267 2960 1340 θεαρχιχῆς
2999 1272 3342 1342 ἀγαθότητος
3388 1275 3620 1344 ἀπειρο-

2043 1357 2216 1426 τάτην
2267 1357 2685 1429 φιλανθρωπίαν
2723 1363 2860 1432 φησὶ
2903 1363 3002 1432 τῆς
3041 1364 3420 1436 ἁποστατικῆς
3471 1366 3618 1436 πλη-

2044 1447 2191 1513 θύος,
2222 1449 2332 1502 τῶν
2360 1451 2635 1520 δαιμόνων
2684 1453 2950 1525 δηλονότι,
2985 1455 3044 1508 τὸ
3096 1455 3222 1509 καθ’
3259 1458 3417 1526 ἡμῶν
3450 1475 3620 1512 κατα-

2043 1540 2201 1596 λῦσαι
2233 1545 2458 1613 κράτος,
2491 1545 2722 1600 οὑθκατὰ
2755 1546 2988 1616 δύναμιν
3019 1547 3096 1609 ὡς
3136 1549 3574 1620 ὑπερισχύουσαν
3599 1565 3620 1580 ο

1975 1657 2024 1717 Β
2050 1635 2192 1689 κατὰ
2220 1635 2275 1690 δέ
2297 1638 2358 1689 τὸ
2383 1638 2666 1705 μυστικῶς
2690 1639 2824 1708 ἡμῖν
2852 1638 3158 1710 παραδοθὲν
3185 1639 3384 1707 λόγιον,
3416 1641 3473 1692 ἐν
3493 1638 3625 1709 κρί-

2058 1743 2164 1790 σει,
2194 1728 2292 1782 καὶ
2339 1727 2679 1799 δικαιοσύνῃ.
2730 1729 2884 1783 Ἐπεὶ
2935 1731 3118 1783 τοῖνυν
3167 1731 3225 1783 τὸ
3259 1729 3628 1799 ὑμνούμενον,

2055 1819 2118 1871 οὓ
2152 1819 2312 1888 μόνον
2352 1818 2502 1882 ἔλεος
2549 1819 2648 1872 καὶ
2691 1821 2943 1890 ἀλήθεια,
2987 1821 3127 1875 ἀλλὰ
3158 1821 3252 1875 καὶ
3305 1820 3627 1890 δικαιοσύνη

2057 1912 2178 1964 ἐστὶ
2210 1912 2305 1966 καὶ
2348 1911 2554 1982 κρίσις,
2587 1911 2676 1965 διὰ
2708 1913 2868 1966 τοῦτο
2921 1915 3208 1984 ἐπήγαγεν
3236 1915 3265 1966 ὁ
3289 1913 3632 1983 Ψαλμωδὺς,

2063 2023 2082 2056 ι
2121 2004 2245 2058 Ὅτι
2265 2002 2428 2065 εὐθὺς
2451 2004 2479 2056 6
2509 2002 2715 2073 Κύριος
2738 2005 2895 2074 ήμῶν
2917 2004 3068 2068 Θεὸς,
3088 2004 3184 2058 καὶ
3216 2005 3315 2056 οὐκ
3339 2003 3484 2056 ἐστιν
3507 2003 3634 2056 sat-

2056 2094 2150 2148 κία
2173 2095 2231 2146 ἐν
2250 2093 2419 2163 αὐτῷ.
2455 2111 2473 2144 ι
2494 2110 2584 2145 -ι
2624 2093 2855 2162 Ἀγαθὸν
2880 2095 2941 2148 τὸ
2977 2094 3350 2164 ἀναγγέλλειν,
3369 2093 3520 2163 φησὶ,
3546 2093 3632 2162 τῷ

2053 2181 2198 2256 πρωῒ
2220 2185 2279 2239 τὸ
2295 2184 2442 2247 ἔλεός
2463 2200 2578 2249 σου,
2601 2185 2697 2239 καὶ
2716 2185 2813 2256 τὴν
2833 2185 3094 2256 ἀλήθειάν
3122 2203 3214 2238 σου
3233 2185 3370 2238 κατὰ
3392 2185 3578 2239 νύκτα.
3598 2203 3626 2237 ο

2061 2254 2308 2349 Ἡμέρας
2321 2276 2415 2330 καὶ
2441 2275 2636 2338 νυκτὸς
2657 2254 2932 2345 δεῖξφησὶ,
2953 2277 3045 2330 τὸν
3059 2276 3190 2330 Θεὸν
3213 2277 3429 2345 ὑμνεῖν.
3454 2274 3633 2328 Τοῦτο

2051 2372 2161 2441 γάρ
2185 2370 2378 2424 ἐστιτδ
2397 2386 2416 2418 ι
2442 2367 2588 2440 πρωῒ
2614 2387 2632 2420 ι
2657 2367 2752 2422 καὶ
2782 2385 2800 2420 ι
2830 2367 2971 2422 κατὰ
2989 2368 3180 2422 νύκτα.
3217 2389 3235 2421 ι
3266 2370 3438 2437 Ὅπερ
3462 2367 3636 2420 ἀλλα-

2051 2461 2147 2535 χοῦ
2168 2477 2350 2531 φησιν,
2365 2478 2384 2513 ι
2407 2460 2494 2514 Ἐν
2508 2461 2674 2514 παντὶ
2685 2461 2880 2532 καιρῷ.
2896 2461 3032 2514 ’Καὶ
3048 2460 3218 2515 ταῦτα
3240 2464 3340 2532 μὲν
3357 2463 3388 2531 ἡ
3409 2459 3593 2531 πρώτη
3607 2498 3634 2515 .

2645 2553 2895 2608 ΚΕΦΑΛ.
2936 2551 3044 2608 lil'.

2062 2649 2124 2702 TI
2156 2646 2572 2718 σημαίνουσιν
2603 2647 2675 2718 ἓν
2719 2641 2849 2712 ταῖς
2893 2646 3106 2715 ἀρχαῖς
3124 2646 3250 2718 ,τῆς
3296 2645 3640 2716 ἱερουργίας

2479 2717 2550 2772 τὰ
2576 2717 2839 2785 ᾀδόμενα
2865 2716 3212 2785 προφητῶν.

2135 2834 2201 2888 Ἥ
2222 2834 2278 2887 δὲ
2304 2834 2526 2904 δευτέρα
2553 2830 2838 2902 ψαλμῳδία
2870 2830 3039 2901 αὐτὴν
3072 2832 3301 2900 ἀνυμνεῖ
3335 2831 3432 2900 τὴν
3467 2830 3628 2900 βασι-

2054 2925 2205 2980 λείαν
2229 2924 2324 2979 καὶ
2354 2922 2453 2993 τὴν
2481 2923 2819 2994 εὐπρέπειαν
2849 2921 2945 2975 καὶ
2974 2921 3073 2990 τὴν
3107 2922 3336 2990 δύναμιν
3366 2923 3459 2973 τοῦ
3490 2920 3626 2973 Υίοῦ

2053 3017 2146 3071 τοῦ
2175 3017 2331 3081 Θεοῦ,
2353 3017 2449 3086 τὴν
2479 3015 2586 3069 ἀπὸ
2605 3019 2705 3084 τῆς
2730 3013 3014 3075 κενώσεως
3043 3013 3137 3066 καὶ
3173 3013 3451 3082 πτωχείας
3474 3011 3630 3082 αὐτῷ

2057 3109 2498 3181 περιγινομένης.
2548 3107 2712 3162 Ἀλλᾶ
2761 3107 2847 3170 τίς
2879 3105 3116 3159 ἐνταῦθα
3147 3105 3306 3175 χρεία
3336 3105 3447 3157 τῶν
3486 3122 3624 3175 προ-

2057 3197 2306 3267 φητικῶν
2347 3198 2553 3251 τούτων
2588 3195 2889 3268 ρημάτωνς
2933 3196 3031 3248 καὶ
3073 3195 3124 3247 τί
3167 3193 3499 3264 σημαίνουσι
3534 3194 3631 3246 διὰ

2056 3290 2158 3360 τῆς
2187 3290 2282 3343 τοῦ
2318 3290 2570 3358 Σωτῆρος
2595 3288 2946 3358 οἰκονομίαςς
2976 3287 3087 3350 Τὰς
3117 3288 3286 3357 ἀρχὰς
3319 3288 3418 3356 τῆς
3455 3286 3640 3340 αὐτοῦ

2059 3384 2388 3454 παρουσίας,
2435 3383 2525 3436 ὅτε
2557 3383 2892 3452 παρεγένετο
2943 3379 3064 3448 μὲν,
3101 3377 3252 3431 οὔπω
3296 3378 3342 3430 δ’
3377 3378 3631 3446 ἐφαίνετο

2057 3481 2172 3541 τοῖς
2224 3475 2463 3538 πολλοῖς,
2511 3476 2599 3528 ὅτε
2639 3475 2698 3528 ἐν
2737 3473 2813 3544 τῷ
2862 3474 3056 3543 κόσμῳ
3085 3467 3172 3541 ῆν,
3214 3472 3306 3524 καὶ
3353 3471 3382 3523 6
3425 3470 3632 3539 κόσμος

2062 3570 2224 3625 αὑτὸν
2253 3568 2354 3622 οὐκ
2387 3566 2706 3635 ἐγίνωσκεν,
2737 3567 2830 3619 τὸν
2862 3567 2966 3637 πρὸ
2994 3564 3088 3618 τοῦ
3134 3563 3380 3618 Ἰωάννου
3411 3564 3634 3633 καιρὸν,

2063 3662 2192 3729 πρὶν
2225 3661 2467 3731 ἁφθῆναι
2494 3660 2583 3712 τὸν
2613 3658 2825 3729 λύχνον.
2859 3658 2993 3710 Τότε
3030 3656 3139 3727 γὰρ
3174 3656 3333 3726 χρεία
3376 3650 3443 3724 ῆν
3478 3653 3659 3722 αὐτῷ,

2061 3750 2141 3803 ἔτι
2164 3750 2274 3804 τῶν
2304 3747 2661 3820 προφητικῶν
2713 3747 2907 3815 λόγων.
2940 3747 3096 3800 Μετὰ
3131 3747 3187 3798 δὲ
3238 3743 3410 3796 ταῦτα
3461 3743 3626 3803 αὐτὸς

2062 3842 2233 3912 ἐφάνη
2263 3841 2292 3893 6
2316 3840 2815 3912 προφητευόμενος,
2847 3839 2939 3892 καὶ
2965 3839 3065 3891 οὐκ
3095 3835 3161 3908 ἦν
3182 3836 3260 3888 ἔτι
3291 3835 3436 3905 αὐτῷ
3467 3834 3627 3904 χρεία

2063 3934 2172 3986 τῶν
2222 3933 2543 4004 προφητῶν,
2594 3931 2726 3983 ἀλλὰ
2783 3931 3030 4000 παρόντα
3084 3927 3248 3981 αὑτὸν
3298 3927 3326 3978 6
3374 3926 3629 3991 Ἰωάννης

2079 4025 2308 4090 ἐδείκνυ,
2343 4025 2436 4075 καὶ
2474 4022 2579 4093 πρὸ
2606 4023 2700 4074 τοῦ
2741 4022 2988 4074 Ἰωάννου
3029 4022 3056 4073 6
3082 4021 3288 4089 πατήρ.
3317 4017 3414 4070 Διὰ
3446 4012 3632 4080 τοῦτο,

2069 4132 2089 4167 ι
2129 4115 2336 4178 Πάντες
2365 4115 2415 4166 οἱ
2451 4114 2730 4183 προφῆται
2756 4111 2858 4176 ἕως
2902 4113 3149 4163 Ἰωάννου
3183 4110 3569 4180 προεφήτευον.
3602 4123 3624 4156 ι

2065 4207 2268 4260 Τοῦτον
2291 4206 2354 4275 δὴ
2385 4205 2479 4257 τὸν
2517 4203 2710 4272 καιρὸν
2741 4203 2832 4255 τὸν
2863 4203 2969 4273 πρὸ
3007 4201 3257 4254 Ἰωάννου
3296 4201 3632 4270 σημαίνουσι

397 4293 712 4363 prophetica
766 4303 888 4358 quae
917 4297 1214 4353 canuntur,
1265 4288 1484 4357 quando
1507 4289 1670 4343 etiam
1724 4291 1952 4360 pretiosa

2067 4299 2136 4354 τά
2167 4297 2483 4368 προφητικὰ
2532 4296 2787 4367 ᾀδόμενα,
2817 4295 2897 4347 ὅτι
2942 4295 3038 4346 καὶ
3087 4293 3154 4345 τὰ
3184 4293 3340 4362 τίμια
3366 4291 3535 4361 δῶρα,
3561 4288 3630 4342 δι’

396 4385 559 4447 dona,
609 4397 706 4452 per
735 4395 858 4450 qua
902 4380 1160 4435 Christus
1209 4380 1574 4451 signiﬁcatur,
1625 4381 1864 4437 nondum
1907 4385 1958 4437 in

402 4477 636 4532 medium
663 4475 1032 4538 adducuntur,
1067 4475 1159 4528 sed
1203 4489 1451 4528 sco-rsum
1503 4484 1757 4544 conperta
1805 4491 1962 4545 repo-

399 4570 502 4624 sita
552 4579 703 4625 sunt.
737 4567 800 4620 Et
829 4567 944 4622 litae
971 4567 1188 4636 quidem
1220 4565 1319 4621 sic.
1373 4565 1488 4636 Ipsa
1539 4579 1720 4621 autem
1766 4568 1959 4636 psti

399 4665 562 4720 verba
597 4662 1034 4719 consideremus:
1066 4680 1084 4715 ‹
1113 4662 1372 4717 Dominus
1394 4665 1664 4733 regnavit,
1708 4665 1961 4718 decorem

399 4759 626 4814 indutus
669 4767 775 4812 est.
811 4776 830 4808 ι
860 4756 1246 4825 Coguitiouem
1278 4770 1387 4826 qua
1425 4759 1601 4827 ipsum
1657 4765 1964 4828 cognorunt

401 4853 670 4913 homines,
701 4861 753 4904 et
781 4850 826 4904 ei
862 4849 1092 4918 subjecti
1129 4850 1367 4914 luerunt,
1395 4865 1620 4920 regnum
1647 4845 1962 4920 appellavit,

402 4944 618 5010 quando
648 4953 702 4997 et
729 4945 1003 5003 decorum.
1037 4951 1090 4997 et
1122 4943 1432 5008 pulchrum,
1462 4952 1512 4996 et
1546 4951 1813 5010 potentem
1839 4957 1962 4996 eum

403 5045 794 5105 cognoverunt,
863 5042 922 5088 ut
981 5049 1142 5088 nosse
1194 5039 1498 5102 Oportebat.
1552 5032 1665 5087 Hoc
1709 5043 1790 5087 est
1832 5033 1964 5087 illud

405 5129 711 5182 Servatoris
747 5145 760 5180 :
800 5147 816 5177 ι
849 5125 978 5179 Data
1018 5135 1099 5180 est
1125 5126 1252 5179 mihi
1273 5123 1448 5179 munis
1475 5132 1716 5194 potestas
1747 5127 1797 5178 in
1823 5127 1963 5180 coelo

405 5229 461 5275 et
499 5221 548 5273 in
573 5231 738 5282 terra,
771 5239 788 5270 ι
827 5218 950 5286 quia
984 5233 1104 5272 cum
1144 5219 1210 5272 iis
1241 5219 1330 5285 qui
1367 5227 1494 5271 sunt
1534 5218 1586 5270 in
1616 5217 1776 5281 cmlo,
1800 5218 1961 5270 etiam

408 5315 443 5368 ii
486 5313 574 5381 qui
611 5322 737 5366 sunt
777 5311 827 5363 iu
859 5321 1020 5373 terra,
1063 5324 1246 5362 verum
1295 5309 1576 5365 Dominum
1611 5318 1966 5378 agnoverunt.

411 5408 542 5459 Nam
573 5416 626 5459 et
654 5405 696 5458 si
726 5404 847 5473 quis
869 5417 929 5456 ea
970 5417 1086 5470 quae
1110 5401 1362 5470 deinceps
1393 5414 1714 5471 sequuntur,
1744 5418 1970 5471 pereur-

413 5509 513 5557 rat.
545 5499 736 5553 eadem
784 5495 962 5549 omnia
1010 5495 1266 5548 inveniet.
1298 5492 1464 5561 Regni
1499 5495 1680 5562 itaque
1710 5505 1764 5545 et
1818 5505 1972 5561 pote-

415 5593 571 5643 statis
619 5591 840 5642 modum
904 5603 1138 5640 narrans
1191 5587 1452 5655 Propheta
1508 5586 1682 5640 dicit:
1723 5585 1967 5640 «Etenim

419 5684 649 5737 ﬁrmavit
687 5681 873 5736 orbem
911 5691 1066 5735 terrae
1098 5680 1189 5748 qui
1220 5694 1326 5736 non
1360 5677 1840 5745 commovebitur,»
1877 5676 1966 5731 ﬁr-

2067 4383 2140 4442 ὧν
2174 4388 2202 4439 6
2247 4385 2481 4456 Χριστὸς
2521 4385 2866 4455 σημαίνεται,
2898 4382 3053 4436 οῦπω
3083 4384 3159 4444 είς
3209 4383 3374 4452 μέσον
3407 4381 3628 4448 ἄγεται,

2065 4477 2182 4532 ἀλλ’
2224 4477 2329 4547 [δίᾳ
2380 4477 2672 4530 ἀπόκειται
2728 4471 3242 4542 συγκεκαλυμμένα.
3305 4472 3413 4524 Καὶ
3457 4468 3636 4523 ταῦτα

2067 4569 2167 4639 μὲν
2196 4568 2358 4621 οὕτω.
2414 4564 2724 4634 Θεωρῶμεν
2775 4564 2832 4617 δὲ
2875 4564 2970 4618 τοῦ
2999 4564 3216 4634 ψαλμοῦ
3261 4562 3330 4616 τὰ
3365 4563 3587 4635 ῥήματα
3610 4576 3626 4594 ο

2071 4678 2088 4711 σ
2136 4661 2194 4713 Ὀ
2219 4661 2423 4730 Κύριος
2461 4657 2837 4722 ἐϐασίλευσεν,
2879 4657 3218 4728 εὐπρέπειαν
3257 4657 3568 4719 ἐνεδύσατο,
3605 4672 3626 4706 a

2065 4752 2164 4821 τὴν
2199 4753 2497 4819 ἐπίγνωσιν
2527 4752 2594 4822 ῆν
2643 4751 2963 4818 ἐπέγνωσαν
2992 4751 3154 4803 αὐτὸν
3203 4749 3502 4818 ἄνθρωποι,
3535 4747 3631 4800 καὶ

2067 4845 2442 4911 ὑπετάγησαν,
2477 4843 2761 4912 βασιλείαν
2793 4842 3084 4903 ἐκάλεσαν,
3119 4843 3202 4894 ὅτι
3250 4843 3343 4894 καὶ
3377 4840 3629 4909 εὐπρεπῆ

2068 4937 2166 4988 καὶ
2216 4935 2422 5006 ὡραῖον
2471 4934 2564 4986 καὶ
2619 4932 2844 4986 δυνατὸν
2890 4932 3055 4985 αὐτὸν
3109 4931 3377 4999 ἐγιλωσαν,
3409 4930 3482 4991 ὼς
3523 4928 3631 4981 ἔδει

2068 5027 2291 5096 γνῶναι.
2317 5023 2488 5079 Τοῦτό
2511 5027 2658 5079 ἐστιν
2690 5026 2868 5078 ἐκεῖνο
2889 5023 2950 5076 τὸ
2969 5023 3062 5076 τοῦ
3093 5023 3366 5093 Σωτῆρος·
3391 5040 3411 5071 ι
3443 5018 3631 5088 Ἐδόθη

2073 5139 2162 5192 μοι
2194 5123 2344 5174 πᾶσα
2376 5119 2592 5184 ἐξουσία
2623 5121 2681 5170 ἐν
2711 5117 2924 5186 οὐρανῷ
2955 5117 3050 5169 καὶ
3076 5115 3170 5167 ἐπὶ
3201 5116 3355 5182 γῆς’»
3380 5115 3461 5165 ὅτι
3494 5112 3634 5181 μετὰ

2069 5211 2178 5264 τῶν
2205 5211 2264 5262 ἐν
2293 5209 2508 5280 ούρανῴ
2534 5214 2628 5262 καὶ
2657 5210 2704 5260 οἱ
2735 5211 2791 5260 ἐν
2818 5210 2880 5276 τῇ
2919 5207 2988 5276 γῇ
3027 5207 3117 5258 τὸν
3147 5207 3427 5274 Δεσπότην
3463 5202 3634 5269 ἐπέγ-

2070 5320 2248 5357 νωσαν
2277 5301 2369 5352 τὸν
2407 5299 2658 5368 ἀληθινόν
2689 5314 2701 5329 ·
2735 5299 2862 5350 ἐπεὶ
2895 5300 2987 5350 καὶ
3019 5300 3084 5350 τὰ
3113 5297 3240 5366 ἑξῆς
3271 5299 3322 5349 εί
3359 5312 3442 5356 τις
3470 5294 3636 5346 ἐπέλ-

2073 5397 2175 5458 θοι,
2203 5394 2272 5449 τὰ
2302 5392 2442 5447 αὐτὰ
2476 5392 2648 5444 πάντα
2683 5391 2924 5459 εὑρήσει.
2972 5392 3078 5442 Καὶ
3113 5390 3292 5441 τοίνυν
3343 5387 3443 5454 τῆς
3478 5385 3638 5454 βασι-

2071 5490 2219 5551 λείας
2248 5485 2610 5555 ἐξηγούμενος
2657 5485 2749 5536 τὶν
2779 5484 2979 5553 τρόπον
3017 5485 3112 5535 καὶ
3159 5483 3256 5550 τῆς
3300 5479 3573 5542 ἐξουσῖας,
3611 5478 3642 5528 6

2078 5582 2177 5651 μὲν
2206 5580 2494 5647 Προφήτης
2521 5592 2534 5605 ⁸
2575 5593 2593 5626 ι
2635 5575 2744 5627 Καὶ
2774 5578 2881 5645 γὰρ
2912 5575 3213 5644 ἐστερέωσε
3240 5573 3340 5641 τὴν
3379 5570 3643 5637 οἰκουμέ-

2075 5689 2192 5743 νην,
2221 5671 2340 5741 ἥτις
2378 5669 2433 5720 οὺ
2466 5665 2886 5733 σαλευυήσεται·
2929 5684 2945 5718 ι
2992 5664 3278 5734 στερέωμα
3311 5660 3404 5730 τὴν
3452 5659 3646 5711 nium
