3992 6202
278 334 387 395 409
1475 334 1879 397 LITURGUE

1984 335 2349 398 lPOSlTIO.
3434 336 3540 401 410

279 446 478 513 λέγων.
513 446 748 517 Ἔστησε
782 449 847 518 τῇ
882 447 1057 519 πλάνῃ
1089 448 1509 518 κλονουμένους,
1537 451 1716 518 ἑαυτῷ
1733 467 1860 503 συν-

1986 460 2299 504 namentum
2336 448 2494 504 ﬁdem
2524 447 2731 504 dicens.
2762 447 2921 504 Stare
2947 446 3077 504 fecit
3100 461 3197 503 eos
3226 447 3317 517 qui
3350 464 3542 505 errore

280 538 443 607 ἑδησε
462 554 477 568 ·
508 539 750 601 τοιοῦτος
785 542 897 609 γὰρ
932 541 960 592 6
983 537 1356 610 πλανώμενος
1384 540 1623 609 οὐδαμοῦ
1645 539 1872 594 δύναται

1984 541 2483 603 commovebantur,
2514 549 2567 593 et
2597 539 2702 594 sibi
2732 539 3033 610 colligavit.
3084 538 3232 595 Talis
3278 549 3362 596 est
3399 541 3545 595 enim

282 632 503 701 στῆναι.
554 631 615 684 '0
647 631 705 685 δὲ
733 632 961 701 Κύριος,
1001 652 1019 685 ι
1074 634 1459 702 πορευθέντες,
1499 634 1654 703 φησὶ,
1691 634 1869 703 μαθη-

283 725 521 778 τεύσατε
552 724 730 779 πάντα
762 726 832 778 τὰ
877 726 1028 794 ἔθνη,
1061 726 1419 796 βαπτίζοντες
1450 726 1653 789 αὐτοὺς
1697 727 1777 790 είς
1809 726 1869 779 τὸ

279 818 453 886 δνομα
508 816 607 871 τοῦ
659 819 873 887 [ἰατρὸς
923 822 1019 875 καὶ
1070 818 1166 873 τοῦ
1208 820 1363 883 Υίοῦ,
1417 820 1511 873 καὶ
1567 819 1664 872 τοῦ
1705 819 1865 887 ἁγίου

284 911 651 979 Πνεῦματος·
690 930 709 962 ι
744 912 881 983 ὅπερ
935 912 1085 965 ἐστὶν
1137 914 1169 983 ἡ
1225 912 1551 966 διδασκαλία
1605 912 1704 980 τῆς
1770 912 1868 964 πί-

286 1018 481 1062 στεως.
542 1001 685 1055 Ἀλλ’
715 1003 816 1056 οὐκ
862 1004 1028 1074 ἀρκεῖ
1062 1004 1222 1057 τοῦτο
1247 1003 1384 1074 πρὸς
1427 1002 1528 1074 τὴν
1564 1002 1865 1072 βασιλείαν,

282 1096 318 1161 ἡ
354 1092 540 1155 πίστις
566 1110 580 1123 ·
634 1093 753 1146 οὐδὲ
785 1094 1109 1161 ὑποτάγειεν
1142 1093 1208 1148 ἂν
1248 1095 1470 1156 τελείως
1495 1095 1564 1147 τά
1610 1093 1739 1162 ἔθνη
1774 1092 1867 1145 τδν

284 1182 490 1248 τρόπον
519 1181 712 1235 τοῦτον
746 1221 763 1238 .
798 1182 899 1235 Διὰ
923 1183 1081 1236 τοῦτο
1114 1184 1211 1236 καὶ
1240 1184 1339 1254 τὴν
1371 1184 1620 1253 φυλακὴν
1650 1183 1759 1235 τῶν
1783 1186 1869 1234 ὲν-

284 1273 460 1325 τολῶν
522 1273 841 1342 προσθεῖναι
890 1275 1126 1341 δεῆσαν,
1159 1278 1187 1328 6
1238 1277 1337 1343 μὲν
1377 1276 1684 1346 προφήτης,
1727 1293 1746 1327 ι
1785 1276 1866 1329 Τὰ

288 1363 576 1432 μαρτύρια
609 1382 726 1429 σου,
760 1367 952 1437 φησιν,
980 1366 1366 1436 ἐπιστώθησαν
1399 1367 1605 1436 σφόδρα
1635 1384 1649 1399 ο
1693 1386 1712 1418 ι
1749 1368 1777 1421 6
1806 1368 1865 1421 δὲ

287 1453 497 1522 Κύριος
521 1454 597 1523 τῷ
626 1455 753 1525 περὶ
778 1455 872 1507 τοῦ
912 1454 1283 1524 βαπτίσματος
1305 1455 1466 1524 λόγῳ,
1497 1455 1607 1508 τῶν
1636 1453 1867 1508 ἐντολῶν

285 1544 381 1596 τὸν
415 1544 578 1613 λόγον
608 1545 954 1616 προστίθησι,
986 1546 1182 1613 λέγων,
1223 1564 1241 1597 t
1280 1546 1633 1612 Διδάσκοντες
1664 1548 1865 1613 αὐτοὺς

290 1636 483 1705 τηρεῖν
508 1638 685 1690 πάντα
715 1638 817 1691 ὅσα
854 1638 1211 1709 ἐνετειλάμην
1236 1639 1388 1710 ὑμῖν.
1427 1658 1446 1691 ι
1484 1640 1667 1712 "Am-:9
1698 1641 1806 1711 γὰρ
1837 1644 1865 1695 6

288 1726 487 1796 Σωτὴρ
544 1727 781 1793 ἐντολὰς,
825 1730 853 1782 6
899 1731 1194 1801 Προφήτης
1226 1730 1504 1802 μαρτύριά
1561 1750 1718 1804 φησι.
1755 1735 1865 1787 Καὶ

1972 634 2065 701 qui
2118 641 2267 686 errat
2298 649 2313 686 :
2340 632 2565 686 minime
2596 640 2746 686 stare
2793 639 2993 700 potest.
3034 630 3298 686 Dominus
3334 642 3541 696 autem,

1978 744 1997 778 ι
2034 725 2262 788 Euntes,
2297 723 2493 792 inquit,
2527 724 2721 779 docete
2758 738 2949 778 omnes
2970 732 3182 792 gentes,
3205 724 3547 792 baptizantes

1970 816 2119 886 ipsos
2152 816 2204 869 in
2246 816 2465 871 nomine
2488 814 2667 869 Patris
2687 826 2741 869 et
2774 813 2895 869 Filii
2925 815 3237 884 etSpiritus
3270 817 3441 870 sancti
3473 832 3487 881 ;
3521 833 3543 867 ι

1969 908 2114 977 quod
2177 916 2261 964 est
2309 907 2555 963 doctrina
2592 908 2738 962 ﬁdei.
2773 906 2878 962 Sed
2931 922 3037 962 non
3090 906 3293 962 sufﬁcit
3330 909 3432 962 hoc
3471 909 3539 963 ad

1970 1016 2219 1070 regnum,
2278 998 2453 1067 ﬁdes;
2511 1013 2690 1067 neque
2752 995 2994 1068 perfecte
3042 998 3305 1068 subjectae
3339 998 3549 1054 fuerint

1969 1104 2160 1165 gentes
2192 1093 2296 1149 hoc
2331 1093 2514 1148 modo.
2566 1090 2866 1160 Propterea
2908 1105 3031 1145 cum
3062 1104 3129 1146 eo
3179 1092 3343 1146 etiam
3399 1107 3551 1145 man-

1968 1189 2221 1243 datorum
2271 1184 2710 1241 observationem
2766 1192 3043 1253 oporteret
3097 1184 3356 1252 adjicere.
3411 1182 3551 1237 Pro.

1969 1282 2129 1350 pheta
2186 1280 2426 1347 quidem,
2474 1276 2861 1338 «Testimouia,
2898 1276 3095 1344 inquit,
3134 1284 3219 1328 tua
3267 1276 3551 1330 credibilia

1967 1372 2110 1429 facta
2140 1383 2265 1427 sunt
2290 1371 2446 1424 valde
2477 1388 2493 1437 ;
2528 1389 2546 1422 ι
2578 1368 2837 1423 Dominus
2866 1374 3047 1422 autem
3076 1370 3123 1421 ei
3152 1367 3293 1436 quod
3329 1367 3393 1419 de
3418 1367 3553 1436 bap-

1972 1466 2131 1519 tismo
2164 1463 2321 1521 dixit.
2352 1461 2418 1515 de
2448 1458 2716 1513 mandatis
2746 1472 2962 1527 quoque
2986 1470 3290 1512 sermonem
3331 1456 3553 1525 adjecit,

1967 1558 2153 1611 dicens
2188 1574 2201 1610 :
2240 1554 2540 1609 «Docentes
2573 1567 2669 1607 eos
2698 1566 3281 1619 servarequaeeunque
3304 1552 3552 1604 mandavi

1971 1648 2149 1703 vobis.
2167 1666 2185 1698 ι
2213 1646 2343 1713 Quae
2363 1645 2504 1698 enim
2535 1641 2791 1697 Servalor
2814 1643 3084 1705 mundata,
3106 1638 3373 1709 Pr0pbeta
3400 1649 3556 1695 voeat

1973 1741 2312 1795 testimonia.
2346 1736 2412 1790 Et
2443 1737 2557 1790 haec
2587 1736 2790 1804 ubique
2834 1735 2887 1788 in
2955 1733 3240 1800 Scriptura
3290 1733 3551 1799 invenies,

288 1818 457 1871 τοῦτο
506 1821 785 1889 πανταχοῦ
836 1823 935 1892 τῆς
987 1824 1212 1892 Γραφῆς
1260 1825 1539 1895 εὑρήσεις,
1590 1827 1871 1899 μαρτύρια

1984 1828 2292 1884 testimonia
2337 1826 2426 1881 Dei
2447 1826 2593 1895 leges
2614 1823 2935 1894 appellante.
2958 1822 3087 1877 Post
3113 1823 3250 1888 base,
3277 1841 3296 1873 ι
3329 1821 3554 1876 Domum

289 1913 423 1974 τοὺς
458 1911 550 1964 τοῦ
585 1911 718 1965 Θεοῦ
755 1913 948 1982 νόμους
973 1916 1267 1984 καλούσης.
1304 1917 1457 1969 Μετά
1485 1917 1688 1970 ταῦτα·
1726 1937 1743 1970 ι
1782 1917 1872 1988 Τῷ

292 2001 432 2071 οἴκῳ
460 2020 553 2054 σου
584 2003 783 2074 πρέπει
815 2004 1081 2075 ἀγίασμα,
1116 2006 1286 2076 Κύριε
1312 2023 1328 2039 ⁸
1367 2025 1385 2058 ι
1424 2008 1671 2077 ἁγίασμα
1699 2008 1873 2077 λέγων

293 2094 399 2156 τὰς
442 2094 633 2155 θυσίας
655 2110 668 2124 ο
694 2094 764 2148 τὰ
808 2094 980 2165 δῶρα,
1019 2098 1204 2150 πᾶσαν
1232 2096 1485 2167 λατρείαν
1530 2098 1631 2168 τὴν
1665 2100 1877 2169 ὀφειλο-

297 2188 476 2256 μένην
503 2186 626 2256 Θεῷ
647 2203 661 2217 ⁸
702 2186 738 2241 ἃ
775 2187 1008 2257 πρέπειν
1059 2188 1136 2258 τῷ
1162 2189 1299 2258 οἴκῳ
1327 2189 1420 2242 τοῦ
1460 2190 1595 2243 Θεοῦ
1628 2191 1872 2258 φάσκων,

295 2278 546 2331 δείκυσιν
580 2278 641 2330 οὐ
689 2278 843 2332 κενὸν
874 2278 1003 2331 ὄντα
1038 2280 1131 2332 τὸν
1173 2278 1323 2333 οἶκον
1377 2281 1589 2345 τοῦτον,
1629 2282 1751 2336 οὐδὲ
1781 2282 1874 2335 τοῦ

296 2371 438 2424 Θεοῦ
466 2372 674 2443 ἔρημον
699 2387 715 2403 ’
748 2372 863 2425 ἀλλ’
895 2373 1057 2428 αὐτὸν
1084 2376 1140 2427 ἐν
1172 2374 1351 2443 ἑαυτῷ
1386 2373 1578 2444 ἔχοντα
1609 2376 1700 2428 τὸν
1732 2376 1876 2428 olito-

297 2464 592 2530 δεσπότην.
629 2464 690 2517 Εἰ
737 2464 847 2535 γὰρ
878 2463 1034 2526 κενὸς
1064 2460 1131 2534 ἦν
1165 2465 1258 2517 τοῦ
1288 2464 1446 2531 Θεοῦ,
1476 2466 1574 2519 οὐκ
1608 2467 1673 2519 ἂν
1716 2467 1879 2536 ἔπρει

301 2572 408 2607 τῖεν
439 2555 592 2625 αὐτῷ
627 2556 696 2607 τὰ
726 2556 805 2626 τῷ
838 2556 957 2626 Θεῷ
1002 2556 1282 2625 πρέποντα
1317 2557 1464 2627 μόνῳ
1488 2572 1503 2587 ⁸
1540 2555 1700 2609 τοῦτο
1729 2558 1822 2611 καὶ
1851 2559 1879 2610 6

302 2645 511 2714 Κύριος
542 2647 656 2708 τοῖς
682 2647 997 2717 εἰρημένοις
1047 2647 1421 2717 προσέθηκεν
1466 2648 1879 2717 ἐπαγγειλάμε-

300 2754 395 2800 νος
423 2738 644 2791 ἔσεσθαι
678 2738 818 2808 μετά
858 2737 959 2806 τῆς
1001 2738 1330 2809 Ἐκκλησίας
1368 2739 1476 2794 ἀεί.
1520 2739 1634 2810 Τὴν
1666 2739 1723 2791 δὲ
1767 2739 1881 2791 Ἐκο

300 2828 539 2897 κλησίαν
588 2826 735 2883 οἶκον
782 2828 919 2881 Θεοῦ
962 2828 1165 2893 ζῶντος
1196 2830 1224 2880 6
1272 2829 1483 2892 Παῦλος
1535 2829 1710 2883 καλεῖ.
1740 2827 1880 2897 Φησὶ

300 2922 438 2991 γὰρ,
479 2939 499 2973 ι
547 2920 666 2975 Ἵνα
698 2920 842 2989 γνῷς
888 2921 1035 2983 ὅπως
1072 2920 1149 2975 δεῖ
1178 2921 1235 2971 ὲν
1274 2921 1406 2988 οἴκῳ
1431 2918 1567 2972 Θεοῦ
1618 2920 1882 2988 ἀναστρέ-

302 3013 507 3083 φεσθαι
530 3030 545 3044 ο
574 3014 697 3083 ἣτις
726 3013 874 3065 ἐστὶν
910 3010 1207 3079 Ἐκκλησία
1230 3010 1610 3073 Θεοῦῒῶντος
1646 3029 1664 3063 ι
1701 3029 1720 3062 t
1744 3009 1877 3063 Ἰδοὺ

303 3107 421 3175 ἐγὼ
448 3106 568 3176 μεθ’
591 3104 745 3174 ὑμῶν
773 3106 912 3174 εἰμι.
933 3122 953 3157 ι
986 3102 1097 3155 Καὶ
1116 3103 1250 3172 ὅπερ
1269 3103 1499 3168 ἐκεῖνος,
1535 3101 1631 3165 Εἰς
1662 3102 1876 3172 μακρό-

300 3215 449 3267 τητα
475 3195 699 3265 ἡμερῶν
720 3213 741 3247 ι
776 3190 953 3260 εἷπεν,
977 3194 1006 3247 6
1024 3192 1229 3263 Κύριος
1262 3210 1281 3245 ι
1317 3193 1505 3256 Πάσας
1520 3193 1619 3257 τὰς
1640 3194 1877 3264 ἡμέρας,

301 3290 496 3360 φησιν,
516 3290 621 3353 ἓως
634 3289 732 3358 τῆς
745 3288 1056 3350 συντελείας
1076 3284 1171 3340 τοῦ
1189 3286 1408 3349 αἰῶνος.
1442 3305 1461 3339 ι
1484 3288 1594 3341 Καὶ
1612 3286 1753 3357 αὕτη
1782 3288 1882 3357 μὲν

304 3379 599 3452 ψαλμῳδία
617 3379 794 3442 οὕτως
813 3379 1048 3452 ἀκριϐὴς
1069 3377 1375 3449 προφητεία
1390 3378 1529 3442 ἐστὶ,
1554 3377 1662 3431 τῶν
1678 3377 1764 3431 διὰ
1782 3380 1877 3433 τοῦ

304 3474 550 3545 σταυροῦ
582 3472 786 3527 καὶτοῦ
804 3473 1037 3528 θανάτου
1066 3476 1143 3541 τῷ
1165 3471 1380 3540 Σωτῆρι
1404 3469 1878 3539 κατωρθωμένων.

896 3565 1148 3620 ΚΕΦᾹΛ.
1191 3564 1292 3617 ΙΘ’.

560 3661 890 3729 Ἐξήγησις
919 3657 1026 3712 τοῦ
1050 3659 1248 3725 τρίτου
1282 3654 1643 3725 ἁντιφὼνου.

392 3757 461 3809 Ἦ
491 3756 547 3808 δὲ
589 3755 717 3824 ἑξῆς
744 3752 1049 3821 ἀπάντησις
1080 3746 1391 3803 εἶναιδοκεῖ
1417 3748 1492 3811 ὼς
1523 3749 1622 3819 ἤδη
1646 3746 1741 3799 τοῦ
1773 3747 1886 3799 Κυ-

311 3850 434 3920 ρίου
492 3844 971 3916 παραγενομένου,
1025 3844 1120 3896 καὶ
1170 3841 1536 3911 φαινομένουο
1593 3839 1680 3891 διὰ
1729 3836 1888 3892 τοῦτο

306 3949 452 4013 προς
476 3943 541 4009 τῇ
574 3939 766 4008 είσόδῳ
796 3937 892 3990 τοῦ
935 3935 1272 4002 Εὐαγγελίου
1316 3935 1412 3986 καὶ
1448 3932 1721 3998 ἀναδείξει
1752 3931 1885 3984 τάτ-

307 4051 468 4088 τεται
490 4033 585 4086 καὶ
610 4030 814 4101 ᾄδεται,
846 4027 914 4082 δι’
953 4020 1014 4081 οὗ
1038 4028 1066 4079 6
1099 4026 1332 4096 Χριστὸς
1374 4025 1725 4095 σημαίνεται.
1760 4024 1885 4076 Ὀτι

309 4129 371 4181 δὲ
404 4126 505 4195 τὴν
531 4123 625 4177 τοῦ
657 4121 895 4190 Χριστοῦ
923 4121 1247 4188 ἐπιφάνειαν
1269 4121 1296 4172 6
1325 4118 1611 4189 προφήτης
1646 4116 1752 4185 πρὸ
1781 4116 1891 4168 τῶν

304 4218 615 4289 ὀφθαλμῶν
656 4215 756 4284 τῆς
786 4214 965 4284 ψυχῆς
996 4213 1134 4283 ἔχων
1159 4212 1359 4281 ταύτην
1404 4207 1503 4281 ᾖσε
1530 4209 1627 4280 τὴν
1660 4209 1892 4279 ψαλμῳ-

307 4315 457 4375 δίαν,
494 4310 774 4363 δείκνυται
806 4307 1040 4377 μάλιστα
1085 4305 1185 4374 μὲν
1217 4303 1325 4356 ἀπὸ
1352 4304 1449 4373 τῆς
1481 4301 1568 4354 ἐπ’
1600 4302 1748 4369 αὐτῷ
1794 4318 1893 4369 χα-

314 4409 417 4475 ρᾶς
450 4406 542 4457 καὶ
582 4400 925 4471 εὐφροσύνης
951 4415 965 4431 ο
992 4394 1061 4469 ἧς
1104 4397 1265 4460 αὐτός
1294 4412 1352 4448 τε
1403 4394 1652 4463 φαίνεται
1682 4393 1889 4462 γέμων,

1976 1932 2126 1978 tuam
2186 1922 2343 1976 decet
2396 1919 2748 1980 santiﬁcatio,
2799 1917 3059 1980 Domine;
3114 1934 3134 1968 ›
3174 1915 3558 1970 sanctiﬁcatio-

1975 2030 2099 2071 nem
2125 2028 2324 2069 vocans
2356 2012 2646 2075 sacriﬁcia,
2703 2011 2868 2073 dona,
2930 2023 3148 2062 omnem
3208 2008 3415 2063 cultum
3461 2009 3555 2077 qui

1976 2105 2090 2161 Deo
2116 2107 2365 2161 debetur:
2401 2104 2493 2174 qui
2523 2104 2709 2156 dicens
2737 2102 2936 2155 decere
2967 2099 3191 2154 domum
3226 2098 3343 2160 Dei.
3373 2108 3559 2153 osten-

1976 2197 2057 2253 dit
2092 2213 2199 2251 non
2234 2211 2360 2250 esse
2388 2207 2615 2247 vacuam
2658 2192 2881 2246 dommn
2921 2189 3016 2245 Dei
3053 2205 3229 2258 neque
3310 2190 3423 2244 Den
3463 2190 3558 2244 de-

1978 2291 2250 2349 Stitutam,
2287 2287 2381 2341 sed
2416 2286 2587 2354 ipsum
2624 2283 2677 2337 in
2707 2284 2886 2352 seipsa
2922 2282 3123 2336 habere
3152 2279 3348 2336 domus
3376 2278 3558 2333 Domi-

1983 2399 2137 2437 num.
2177 2380 2234 2434 Si
2265 2380 2407 2433 enim
2460 2392 2519 2431 ea
2565 2377 2675 2430 Deo
2718 2384 2865 2431 esset
2902 2389 3095 2439 vacua,
3146 2388 3253 2427 non
3304 2373 3557 2427 decerent

1978 2488 2097 2528 eam
2140 2472 2228 2525 illa
2254 2485 2375 2537 quae
2392 2468 2492 2522 soli
2529 2468 2636 2521 Deo
2664 2466 3019 2521 conveniunt.
3048 2463 3161 2520 Hoc
3186 2472 3365 2519 autem
3392 2463 3554 2518 etiam

1984 2563 2241 2617 Dominus
2275 2562 2341 2615 iis
2376 2574 2498 2629 quae
2539 2559 2682 2614 dicta
2711 2567 2836 2612 sunt
2885 2557 3108 2627 adjecit,
3156 2556 3428 2627 pollicitus
3495 2572 3556 2610 se

1981 2670 2195 2725 semper
2226 2653 2472 2706 futurum
2521 2667 2645 2706 cum
2682 2650 2950 2704 Ecclesia.
3008 2651 3308 2705 Ecclesiam
3367 2660 3552 2703 autem

1979 2745 2202 2800 domum
2231 2742 2323 2798 Dei
2356 2744 2592 2797 viventis
2628 2750 2784 2796 vocat
2806 2741 3026 2795 Paulus.
3060 2742 3199 2795 Dicit
3228 2740 3411 2795 enim:
3454 2738 3561 2795 tUt

1979 2837 2121 2891 scias
2143 2835 2417 2904 quoruodo
2439 2842 2656 2903 oportet
2677 2833 2729 2887 in
2760 2833 2923 2886 domo
2948 2831 3039 2886 Dei
3066 2832 3300 2893 versari,
3324 2846 3443 2900 quae
3476 2839 3561 2885 est

1982 2927 2224 2982 Ecclesia
2260 2926 2351 2981 Dei
2378 2925 2644 2991 viventis;
2669 2942 2687 2975 ι
2722 2941 2740 2976 ι
2772 2923 2916 2978 Ecce
2944 2938 3043 2992 ego
3061 2922 3341 2977 vobiscum
3366 2936 3483 2975 sum
3504 2937 3551 2984 ;I

1983 3027 2036 3072 et
2100 3018 2241 3087 quod
2295 3017 2408 3084 ille,
2464 3014 2573 3069 «1η
2623 3014 3015 3081 longitudinem
3049 3012 3283 3077 dierum,
3320 3030 3337 3063 ι
3391 3010 3556 3075 dixit,

1906 3134 1949 3192 ε
1985 3110 2244 3164 Dominus
2284 3108 2442 3173 dicit,
2496 3125 2517 3160 ι
2555 3105 2821 3161 Omnibus
2868 3104 3080 3171 diebus,
3116 3119 3286 3172 usque
3317 3103 3382 3157 ad
3423 3119 3559 3157 cnn-

1987 3198 2407 3255 summationem
2445 3197 2654 3253 saeculi.
2695 3214 2713 3249 i
2742 3197 2807 3251 Et
2839 3197 2952 3250 bace
2994 3197 3209 3261 quidem
3258 3194 3558 3263 psalmodia

1989 3288 2233 3345 estadeo
2260 3298 2452 3343 exacta
2487 3288 2771 3358 prephetia
2807 3301 2996 3343 eorum
3036 3301 3158 3357 quae
3215 3300 3309 3354 per
3338 3299 3557 3340 crnccm

1986 3390 2040 3437 et
2070 3391 2299 3437 mortem
2333 3398 2362 3436 a
2413 3382 2703 3449 Servatore
2727 3390 2877 3450 gesta
2908 3388 3055 3435 sunt.

2609 3561 2761 3617 CAP.
2817 3559 2958 3614 XIX.

2306 3655 2675 3725 Interpretalio
2717 3652 2888 3707 tertia:
2926 3650 3246 3719 antipltomv.

2061 3746 2191 3812 Quae
2222 3755 2404 3800 autem
2435 3745 2703 3813 sequitur,
2740 3742 2953 3795 videtur
2982 3756 3104 3795 esse
3128 3741 3343 3810 quidam
3372 3754 3565 3795 occur-

1987 3852 2103 3901 sus,
2141 3846 2393 3904 tanquam
2435 3834 2661 3887 Domino
2682 3833 2792 3901 jam
2822 3830 3126 3884 accedente
3154 3840 3203 3881 et
3235 3837 3561 3896 apparente;

1988 3936 2040 3981 et
2076 3925 2199 3979 ideo
2236 3926 2286 3978 in
2341 3925 2593 3992 ingressu
2639 3919 2922 3985 Evangelii
2955 3928 3009 3972 et
3044 3918 3361 3972 ostensione
3402 3918 3562 3985 poni.

1996 4029 2084 4072 tur
2107 4026 2160 4072 et
2180 4017 2416 4079 canitur,
2449 4030 2545 4084 per
2569 4027 2729 4081 quam
2753 4011 3003 4065 Christus
3027 3994 3384 4077 signiﬁcatur.
3408 4005 3566 4072 Quod

1995 4120 2176 4165 autem
2232 4107 2435 4164 Christi
2489 4104 2889 4175 apparitionem
2950 4109 3076 4155 ante
3124 4099 3312 4153 oculos
3365 4099 3565 4152 animm

1996 4201 2202 4256 babens
2235 4197 2531 4266 Propheta,
2574 4199 2713 4249 banc
2764 4194 2966 4249 cecinit
3002 4192 3392 4261 psalmodiam,
3449 4204 3566 4241 ma-

1994 4296 2140 4350 xime
2170 4296 2387 4365 quidem
2425 4292 2733 4345 ostenditur
2761 4304 2825 4343 ex
2879 4286 3078 4357 gaudio
3111 4293 3166 4339 et
3215 4282 3424 4347 laetitia,
3457 4295 3564 4347 qna

1992 4404 2055 4442 ea
2089 4390 2155 4442 de
2177 4401 2338 4441 causa
2396 4386 2511 4453 ipse
2565 4381 2756 4452 plenus
2804 4380 3043 4441 videtur,
3103 4384 3156 4430 et
3195 4374 3330 4428 alios
3378 4387 3568 4425 omnes

310 4501 411 4552 καὶ
469 4498 592 4557 τοὺς
645 4494 842 4554 ἄλλους
888 4492 1136 4552 ἅπαντας
1194 4489 1274 4549 είς
1336 4486 1624 4539 κοινωνίαν
1685 4484 1875 4537 καλεί’

1988 4490 2141 4534 vocat
2171 4478 2235 4532 ad
2265 4477 2576 4532 societatem
2604 4488 2618 4527 :
2654 4471 2896 4534 «Venite,
2924 4468 3261 4525 exsultemus
3284 4464 3563 4517 Domino.»

317 4611 339 4642 ι
369 4587 555 4651 Δεῦτε,
584 4582 1043 4652 ἀγαλλιασὼμεθα
1057 4580 1136 4650 τῷ
1152 4578 1340 4650 Κυρίῳ
1362 4595 1376 4609 ο
1412 4597 1428 4629 ι
1458 4576 1517 4629 οὺ
1545 4575 1651 4645 γὰρ
1679 4570 1746 4645 ἦν
1773 4573 1893 4643 χαί-

317 4700 437 4753 ρειν
472 4681 764 4748 ἄνθρωπον
814 4675 888 4744 μὴ
922 4672 1018 4725 τοῦ
1060 4671 1265 4742 Κυρίου
1316 4669 1781 4739 ἐπιδημήσαντος,
1810 4667 1891 4719 ὅτι

312 4771 612 4843 τὴνχαρᾶιν
647 4771 784 4837 ἡμῖν
813 4768 840 4818 6
866 4764 1098 4833 Χριστὸς
1145 4763 1369 4830 ἐκόμισε
1404 4760 1583 4829 μόνος,
1619 4755 1713 4810 καὶ
1745 4754 1895 4815 εῐτις

314 4867 373 4919 δὲ
410 4866 544 4934 πρὶν
579 4862 790 4914 ἐκεῖνον
821 4857 996 4909 ἐλθεῖν
1025 4857 1103 4918 εἰς
1131 4853 1228 4923 τὴν
1254 4852 1360 4921 γῆν
1391 4850 1598 4920 ἔχαιρε,
1631 4848 1701 4900 τὰ
1746 4844 1895 4898 ὲκεί-

315 4976 411 5010 νου
450 4954 681 5025 μυηθεὶς
704 4952 942 5020 ἔχαιρεν.
971 4945 1482 5017 ι”ΩσπερἈὸραάμ
1505 4941 1893 5012 ἠγαλλιάσατο,

318 5052 511 5116 φησὶν.
546 5048 635 5099 ἵνα
667 5047 752 5114 ίδῃ
785 5044 883 5111 τὴν
931 5040 1146 5109 ἡμέραν
1174 5036 1272 5106 τὴν
1304 5036 1465 5106 ἐμὴν,
1501 5036 1595 5087 καὶ
1645 5029 1774 5095 εἶδε,
1803 5030 1897 5083 καὶ

319 5142 519 5208 ἐχάρη.
559 5158 576 5188 ι
620 5137 732 5189 Καὶ
782 5134 942 5194 αὐτὸς
997 5134 1023 5184 ὁ
1077 5129 1264 5191 Δαόὶδ,
1319 5144 1338 5178 t
1391 5124 1617 5184 Ἀπόδος
1664 5138 1753 5191 μοι
1799 5119 1897 5189 τὴν

321 5228 648 5296 ἀγαλλίασιν
680 5224 773 5275 τοῦ
812 5220 1083 5290 σωτηρίου
1121 5235 1236 5271 σου.
1280 5235 1298 5267 ι
1341 5216 1442 5265 Ἦν
1492 5214 1601 5281 γὰρ
1634 5209 1901 5279 ἀγαλλίαο

324 5339 409 5372 σιν
444 5315 585 5386 εἶχεν
617 5316 674 5366 ὲν
705 5312 780 5381 τῷ
810 5308 1030 5380 Χριστῷ
1080 5309 1211 5377 πρὶν
1251 5304 1540 5373 ἁμαρτεῖν,
1579 5300 1785 5367 ταύτην
1829 5295 1897 5349 δι’

324 5409 401 5466 ὧν
427 5413 681 5481 ἥμαρτεν
711 5404 1024 5464 ἀποϐαλὼν,
1058 5398 1352 5453 ἀπολαϐεῖν
1390 5397 1598 5449 ίκέτευε
1632 5394 1722 5445 τὸν
1744 5392 1895 5445 Θεὸν.

325 5508 539 5571 Ὠσπερ
564 5498 661 5555 οῦν
689 5503 737 5552 εί
782 5498 954 5565 ἔλεγε,
998 5494 1159 5547 Δεῦτε
1191 5494 1281 5545 καὶ
1311 5490 1691 5559 φωυισθῶμεν,
1724 5487 1900 5556 φωτὸς

325 5597 389 5649 ἂν
424 5596 630 5665 ἐμήνυε
677 5588 985 5658 παρουσίαν
1009 5603 1021 5617 ·
1059 5584 1232 5646 οὓτως
1257 5581 1451 5645 εἰπὼν,
1476 5603 1493 5629 ο
1523 5580 1706 5639 Δεῦτε,
1734 5578 1901 5645 ἀγαλ-

325 5682 645 5753 λιασώμεθα
698 5680 773 5748 τῷ
822 5679 1029 5747 Κυρίῳ,
1074 5696 1091 5727 ι
1130 5675 1400 5728 δείκνυσιν
1454 5673 1615 5727 αὐτὸν
1666 5671 1899 5739 φανῆναι

331 5779 420 5830 τὸν
453 5775 751 5846 κομίζοντα
786 5771 879 5841 τὴν
915 5771 1103 5840 χαράν.
1141 5770 1371 5821 Ἔπειτα
1411 5768 1502 5818 καὶ
1550 5765 1773 5834 Σωτῆρα
1808 5764 1897 5815 καὶ

1993 4570 2110 4625 Νοιι
2159 4578 2373 4639 poterat
2440 4567 2585 4620 enim
2635 4565 2796 4617 homo
2848 4560 3109 4630 gaudere,
3156 4557 3260 4609 nisi
3309 4554 3568 4608 Dominus

1996 4678 2119 4717 cum
2151 4663 2231 4715 eis
2256 4668 2592 4723 versaretur,
2630 4656 2756 4723 quia
2786 4653 2944 4707 solus
2970 4650 3224 4704 Christus
3246 4647 3404 4701 nobis
3434 4659 3569 4713 gau-

1995 4752 2141 4805 dium
2190 4748 2413 4812 attulit;
2464 4748 2593 4801 etsi
2643 4744 2768 4813 quis
2797 4752 3092 4809 antequam
3128 4739 3219 4790 ille
3262 4741 3313 4788 in
3365 4744 3565 4788 terram

1995 4841 2226 4906 veniret,
2252 4842 2473 4908 gavisus
2500 4847 2604 4898 est,
2640 4836 2691 4889 in
2726 4836 2812 4897 iis,
2844 4848 2965 4900 qua:
2995 4831 3061 4885 ad
3095 4830 3243 4883 illum
3277 4828 3569 4896 pertinent,

1998 4935 2254 4990 initiatus
2316 4932 2533 5001 gavisus
2564 4938 2666 4984 est.
2702 4947 2719 4979 ι
2754 4929 2907 4981 Sicut
2942 4925 3212 4977 Abraham
3254 4921 3568 4982 exsultavit,

1998 5027 2196 5097 inquit,
2237 5034 2294 5080 ut
2324 5024 2534 5079 videret
2566 5022 2710 5076 diem
2744 5034 2949 5081 meum,
2995 5028 3046 5070 et
3080 5015 3234 5075 vidit,
3265 5023 3317 5066 et
3351 5016 3570 5079 gavisus

1998 5128 2134 5175 est.)
2163 5117 2228 5172 Et
2258 5118 2374 5187 ipse
2407 5115 2597 5180 David,
2639 5112 2855 5167 «Redde
2885 5107 3021 5162 mihi
3069 5106 3314 5161 laetitiam
3363 5104 3569 5157 saluta—

1998 5214 2074 5267 ris
2096 5213 2231 5265 tui.»
2266 5210 2440 5275 Quam
2475 5208 2618 5262 enim
2668 5203 2898 5259 habebat
2940 5199 3184 5253 laetitiam
3238 5199 3290 5250 in
3345 5195 3569 5249 Christo

2000 5314 2291 5369 antequam
2343 5306 2622 5366 peccaret,
2674 5309 2793 5347 eam
2846 5306 2943 5360 per
2981 5300 3261 5359 peccatum
3308 5283 3564 5337 amissam

2000 5401 2060 5447 ut
2094 5392 2387 5459 reciperet,
2422 5388 2587 5441 Deum
2623 5386 2815 5438 oravit.
2851 5381 3315 5449 Quemadmodum
3368 5387 3495 5441 ergo
3520 5371 3565 5422 si

2000 5485 2251 5548 dixisset,
2296 5481 2485 5535 Venite
2517 5491 2570 5533 et
2607 5477 2996 5537 illutninemus,
3051 5473 3187 5525 lucis
3224 5463 3567 5537 prccscntiatn

2002 5576 2380 5646 signiﬁcasset,
2424 5574 2495 5625 ita
2540 5585 2660 5624 cum
2711 5568 2878 5622 dixit:
2942 5564 3184 5626 «Venite,
3229 5557 3569 5613 exsultemus

2006 5644 2256 5729 Domino,
2299 5684 2317 5717 ι
2353 5662 2586 5718 ostendit
2628 5674 2747 5713 cum
2809 5656 3121 5724 apparuisse
3168 5650 3257 5719 qui
3299 5644 3566 5699 aﬂ'ertlae-

2004 5761 2195 5814 titiam.
2230 5758 2426 5812 Deinde
2467 5755 2629 5809 etiam
2687 5750 3027 5802 Servatnrcm
3086 5743 3227 5796 hunc
3279 5740 3569 5795 Dominum
