3992 6202
399 339 504 401 ill

1585 343 1982 404 LiTURGle
2024 343 2454 407 EXPOSITIO.

3533 351 3636 412 ill

397 455 528 509 στοῦ
574 456 912 524 intepvit/54v.
953 454 1046 509 τοῦ
1091 455 1504 527 ὕπερουρανίου.
1550 459 1646 511 καὶ
1688 459 1954 524 ἐπιγείου.

2063 457 2400 526 Propterea,
2446 466 2734 528 postquam
2804 467 2889 514 est
2949 468 3228 514 ostensum
3275 467 3330 513 et
3405 461 3631 516 allatum

395 548 496 600 Διά
520 545 678 599 τοῦτο
718 547 856 616 μετὰ
898 549 958 599 τὸ
1005 547 1381 617 ἀναδειχθῆναι
1417 547 1478 601 τδ
1507 548 1835 616 Εὕαγγέλιον
1871 549 1963 600 καὶ

396 637 793 707 εἰσενεχθῆναι,
818 639 909 690 τὸν
933 637 1098 707 ὕμνον
1117 640 1312 710 ᾄδομεν
1325 638 1530 706 τοῦτον,
1557 643 1779 708 μονοιιοῦ
1799 639 1964 708 βοῶν-

395 746 507 790 τες,
538 728 613 792 ὡς
636 730 664 781 ὁ
686 729 1029 798 ἐπιδημήσας
1053 724 1207 792 οὕτος
1235 730 1376 800 μετά
1392 729 1496 783 τῶν
1523 732 1788 798 ἀγγέλων,
1813 733 1961 799 ἡμᾶς

395 821 647 888 ἔστησεν,
672 821 749 883 είς
780 822 986 873 ἐκεῖνον
1012 821 1167 884 ἔταξε
1189 823 1281 874 τὸν
1308 821 1486 892 χορδν.
1529 823 1637 876 Καὶ
1665 823 1835 874 ταῦτα
1863 822 1962 892 μὲν

396 909 592 974 οὕτως.

991 1002 1237 1056 ΚΕΦΑΛ.
1267 1004 1398 1058 KA'.

395 1113 538 1182 Περὶ
566 1113 678 1182 τῆς
705 1113 856 1167 κατὰ
880 1117 987 1168 τὸν
1018 1116 1208 1191 ὕμνον
1239 1117 1446 1191 εὺχῇς,
1479 1119 1575 1171 καί
1599 1117 1715 1173 τῶν
1736 1123 1957 1191 ἐπιφω-

941 1183 1222 1252 νημάτων
1244 1183 1435 1254 ἱερῶν.

479 1274 540 1326 Ὀ
571 1276 750 1343 ίερεῦς
787 1276 888 1345 πρὸ
921 1276 1017 1345 μὲν
1047 1279 1143 1345 τῆς
1173 1279 1458 1348 ὑμνήσεως
1479 1280 1698 1350 ταύτης,
1727 1281 1959 1334 ἱκετεύει

394 1366 490 1418 τὸν
513 1367 648 1420 Θεὸν
675 1367 926 1432 δέξασθαι
955 1369 1046 1421 τὸν
1101 1369 1288 1439 ὕμνον,
1331 1372 1424 1426 καὶ
1449 1373 1609 1441 χάριν
1635 1373 1817 1427 δοῦναι
1847 1379 1958 1440 τοῖς

396 1457 686 1526 ύμνηταῐς.
724 1460 831 1511 Καὶ
879 1461 1001 1514 τίνα
1046 1462 1204 1532 χάριν
1233 1480 1246 1526 ;
1276 1464 1354 1534 τῷ
1401 1463 1554 1534 ὕμνῳ
1602 1465 1954 1534 κατάλληλον,

393 1548 622 1613 ἁγιάσαι
652 1547 810 1600 αὐτὸν
836 1549 934 1612 τὰς
960 1550 1135 1618 ψυχὰς
1165 1552 1256 1605 καὶ
1284 1554 1350 1604 τε
1367 1553 1612 1621 σώματα,
1631 1556 1958 1626 συγγνώμην

395 1639 815 1708 παρασχόμενον
848 1641 956 1692 τῶν
985 1643 1422 1712 ἁμαρτημάτων,
1451 1645 1593 1698 ὥστε
1627 1649 1684 1699 ἐν
1721 1649 1957 1718 ὁσιότητι

393 1728 682 1796 λατρεύειν
714 1731 861 1799 αὐτῷ
890 1732 1067 1794 πάσας
1116 1736 1214 1796 τὰς
1258 1735 1488 1804 ἡμέρας.
1523 1738 1630 1790 Καὶ⁹
1657 1739 1753 1809 τὴν
1783 1740 1958 1794 αίτίαν

398 1817 776 1887 προστίθησιν,
820 1837 838 1870 ι
885 1819 1004 1872 Ὅτι
1057 1822 1149 1872 καὶ
1197 1821 1349 1888 ἅγιος
1386 1818 1435 1876 εἴ
1471 1825 1562 1876 καὶ
1603 1827 1778 1890 ἁγίοις
1826 1829 1960 1882 ἐπα-

392 1907 638 1977 ναπαύῃ.
672 1927 690 1960 ι
730 1908 835 1960 Τοῦ
862 1909 966 1979 γὰρ
989 1911 1202 1978 ἀληθῶς
1231 1909 1410 1978 ἀγίου,
1449 1914 1506 1966 τ’)
1537 1915 1746 1984 χαίρειν
1774 1919 1829 1967 ὲν
1851 1919 1963 1980 τοῖς

394 1998 574 2065 ἁγίοις
603 2001 696 2051 καὶ
728 2000 994 2067 ἀγιάζειν.
1031 2003 1139 2054 Καὶ
1186 2003 1344 2056 τοῦτο
1381 2005 1650 2074 ἐκϐοήσας
1681 2007 1776 2058 καὶ
1803 2006 1962 2072 δοξο-

392 2089 585 2158 λογίαν
637 2091 912 2162 προσθεὶς,
947 2095 1043 2162 τῆς
1073 2095 1358 2164 ὑμνήσεως
1385 2095 1480 2149 τοῦ
1506 2098 1791 2165 τρισαγίου
1825 2099 1958 2168 πρὸς

392 2181 485 2234 τὸν
517 2181 662 2250 ἱερὸν
708 2182 854 2247 λαὸν,
885 2183 1132 2252 σύνθημα
1177 2187 1334 2240 τοῦτο
1368 2191 1596 2241 ποιεῖται
1628 2203 1642 2217 '
1685 2191 1776 2242 καὶ
1809 2192 1961 2244 αὐτοὶ

392 2274 464 2340 τῇ
489 2270 768 2342 δοξολογίᾳ
798 2275 857 2324 τὸ
895 2295 912 2326 ι
937 2275 1128 2344 Ἀμὴν,
1159 2297 1176 2327 ι
1214 2279 1354 2332 κατὰ
1379 2278 1441 2331 τὸ
1468 2279 1680 2344 εἰωθὸς,
1710 2281 1963 2334 ὲπειπόν·

393 2377 511 2427 τες,
536 2362 630 2415 τοῦ
685 2363 855 2432 ὕμνου
907 2366 1264 2436 ἀπάρχονται.
1295 2369 1447 2421 Μετά
1476 2368 1533 2421 δὲ
1576 2370 1664 2422 τὸν
1713 2367 1900 2438 ὕμνον,
1933 2373 1961 2424 ὁ

402 2454 579 2522 ἱερεὺς
604 2454 814 2508 κελεύει
841 2456 1048 2521 πάντας
1078 2459 1148 2527 μὴ
1175 2459 1432 2529 ῥᾳθύμως
1453 2461 1546 2512 καὶ
1564 2461 1803 2530 ἀμελῶς,
1825 2463 1960 2515 ἀλλά

396 2546 507 2607 τοῖς
539 2546 884 2615 τελουμένοις
910 2551 1002 2602 καὶ
1037 2551 1315 2619 ᾀδομένοις
1348 2553 1638 2622 προσέχειν
1670 2554 1762 2606 τὸν
1793 2553 1919 2606 νοῦν
1942 2567 1956 2582 ⁸

397 2636 459 2688 τὸ
473 2636 599 2705 γάρ,
621 2639 1004 2707 Πρόσχωμεν,
1020 2641 1176 2694 τοῦτο
1207 2642 1448 2698 δύναται.
1470 2642 1597 2697 Εῐτα
1618 2645 1715 2715 τὴν
1736 2646 1959 2716 εἰρήνην

397 2727 615 2795 εὕχεται
673 2733 829 2792 πᾶσι,
859 2733 953 2784 καὶ
1012 2734 1206 2800 σοφίαν
1255 2736 1684 2805 ἀναμιμνήσκει,
1732 2737 1852 2806 μεθ’
1890 2734 1958 2809 ἧς

399 2820 480 2871 δεῖ
520 2823 632 2885 τοῖς
677 2825 999 2893 μυστηρίοις
1031 2825 1344 2894 προσέχειν.
1387 2826 1481 2888 Τίς
1527 2828 1582 2880 δὲ
1617 2829 1648 2896 ἡ
1678 2827 1839 2897 σοφία
1865 2844 1880 2892 ;
1905 2830 1955 2880 οί

396 2913 767 2982 προσήκοντες
821 2918 888 2986 τῇ
943 2916 1128 2986 τελετῇ
1171 2918 1440 2987 λογισμοὶ,
1477 2917 1596 2988 μεθ’
1615 2915 1689 2971 ὧν
1719 2921 1848 2989 ἐρᾷν
1878 2920 1959 2973 δεῖ

398 3004 491 3054 καὶ
535 3004 753 3057 ἀκούειν
787 3007 852 3058 τὰ
879 3007 1177 3077 τελούμενα
1209 3013 1300 3061 καὶ
1333 3009 1619 3075 λεγόμενα,
1647 3013 1696 3063 oi
1721 3013 1957 3072 πίστεως

395 3095 680 3163 γέμοντες,
713 3097 759 3148 οί
789 3100 952 3166 μηδὲν
995 3098 1332 3170 ἀνθρώπινον
1364 3101 1596 3169 ἔχοντες.
1645 3103 1811 3155 Τοῦτο
1846 3103 1951 3172 γάρ
1978 3116 2023 3178 C

395 3188 430 3255 ἠ
457 3187 563 3240 τῶν
594 3189 927 3258 Χριστιανῶν
963 3194 1144 3260 σοφία,
1187 3196 1276 3246 καὶ
1310 3194 1466 3247 τοῦτο
1505 3195 1721 3248 δύναται
1749 3197 1807 3248 τὸ
1845 3212 1950 3248 σο-

395 3281 529 3347 pia,
561 3281 826 3351 πολλαχοῦ
865 3284 962 3353 τῆς
991 3287 1300 3356 ίερουργῐας
1355 3289 1690 3358 ἐκδοὼμενον
1730 3291 1837 3350 τοῖς
1868 3306 1955 3342 πι-

399 3370 544 3431 στοῖς
587 3370 739 3439 παρά
785 3373 879 3425 τοῦ
938 3373 1142 3442 ίερέως,
1189 3375 1492 3445 ἀνάμνησις
1540 3377 1647 3429 τῶν
1681 3377 1955 3445 λογισμῶν

396 3460 622 3514 τούτων.
659 3461 814 3515 Οὕτω
845 3463 951 3532 γὰρ
999 3465 1248 3535 ἀλλήλοις
1299 3469 1804 3536 ἁναμι-μνήσκομεν,
1833 3467 1954 3520 ὁλό-

398 3552 600 3622 κληρον
625 3552 830 3606 ἔννοιαν
857 3554 936 3606 ἐνὶ
967 3557 1166 3624 ῥήματι
1211 3556 1488 3618 πολλάκις,
1526 3559 1604 3617 εἰς
1635 3558 1732 3619 τὰς
1779 3558 1956 3628 ψυχάς

396 3643 504 3694 τῶν
554 3643 858 3697 ἀκουόντων
889 3646 1263 3702 ἀνανεοῦντες.
1297 3645 1394 3709 Τίς
1439 3647 1493 3698 δὲ
1538 3649 1570 3716 ή
1614 3648 1824 3717 ἀνάγκη
1859 3650 1956 3717 τῆς

395 3733 792 3802 ἁναμνῆσεωςς
826 3735 1000 3792 Πολλὴ
1029 3736 1132 3805 τῆς
1168 3737 1334 3806 λήθης
1370 3739 1402 3807 ἡ
1433 3741 1706 3807 τυραννὶς,
1733 3744 1826 3791 καὶ
1867 3742 1958 3793 ού-

397 3825 489 3874 δέν
514 3824 624 3876 τῶν
659 3826 1012 3894 ἀνθρωπίνων
1059 3827 1266 3890 παθῶν,
1292 3826 1434 3879 οὕτω
1469 3829 1702 3896 συνεχῶς
1737 3830 1831 3882 καὶ
1864 3833 1960 3900 ῥᾳ.

396 3916 524 3976 aio);
561 3919 853 3985 ἀνατρέπει
899 3919 989 3970 τὸν
1019 3917 1322 3986 ἄνθρωπον,
1363 3921 1438 3979 ὡς
1493 3917 1650 3972 τοῦτο
1680 3919 1738 3972 τὸ
1768 3920 1959 3983 πάθος.

414 4008 565 4060 Ἐπεὶ
588 4009 645 4060 δὲ
667 4010 803 4078 μετά
829 4011 932 4063 τῶν
955 4025 1340 4080 προσηκοντων
1373 4011 1650 4082 λογισμῶν
1670 4015 1961 4078 ἀναγκαῖον

400 4099 646 4160 ἑστάναι,
675 4101 772 4152 καὶ
819 4101 1064 4170 μετέχειν
1095 4100 1196 4168 τῆς
1241 4101 1480 4169 τελετῆς,
1506 4100 1598 4153 καὶ
1640 4099 1748 4152 τῶν
1801 4097 1961 4167 ίερῶν

401 4191 573 4258 αὐτῆς
623 4191 1005 4260 ἀκουσμάτων,
1049 4193 1139 4242 καὶ
1174 4191 1480 4259 Θεαμάτων,
1509 4190 1560 4242 ετ
1581 4206 1641 4256 γε
1677 4187 1964 4258 μέλλοιμεν

406 4283 479 4350 μὴ
519 4283 700 4352 μάτην
746 4283 990 4352 μετέχειν
1041 4284 1242 4347 αὐτῶν,
1277 4283 1490 4335 καὶτὸν
1523 4281 1712 4351 χρόνον
1759 4281 1964 4350 τρίϐειν

398 4374 521 4443 εἰκῆ
545 4387 560 4402 ⁶
590 4373 751 4426 τοῦτο
781 4374 836 4426 δὲ
866 4375 926 4426 ού
962 4375 1141 4446 ῥᾴδιον
1160 4390 1174 4405 °
1201 4375 1288 4427 δια
1313 4373 1471 4427 τοῦτο
1504 4374 1664 4443 χρεία
1691 4373 1788 4442 μὲν
1816 4373 1965 4440 ἡμᾶς

2066 550 2436 620 Ειντιιιςνιὶιιιη,
2470 551 2616 606 hunc
2648 553 2906 622 hymnum
2940 553 3206 615 canimus,
3239 553 3628 621 propemodum

2063 643 2380 707 clamantes,
2415 645 2559 714 quod
2592 645 2638 698 is
2678 644 2962 698 nobiscum
2997 654 3267 707 versatus,
3298 660 3398 698 nos
3444 645 3636 698 statuit

2063 748 2190 787 cum
2216 734 2443 802 angelis,
2472 745 2525 790 et
2550 735 2606 789 in
2637 735 2732 789 illo
2759 736 2925 790 choro
2952 735 3152 804 posuit.
3179 733 3244 789 Et
3269 735 3379 790 haec
3410 735 3629 804 quidem

2065 827 2166 880 hoc
2195 826 2375 879 modo.
2949 835 2952 838 '

2664 1005 2814 1059 CAP.
2856 1003 2999 1059 XXI.

2068 1119 2140 1176 De
2175 1102 2412 1176 oratione
2448 1122 2498 1175 in
2531 1121 2742 1190 hymno,
2774 1129 2823 1174 et
2857 1121 2919 1173 de
2942 1136 3106 1174 βασι-ιε
3139 1119 3626 1174 acclamationibus.

2131 1280 2396 1335 Sacerdos
2449 1288 2650 1342 autem,
2707 1288 2830 1333 ante
2880 1280 3021 1333 hanc
3075 1280 3458 1343 laudationem,
3520 1279 3629 1332 Deo

2060 1372 2328 1439 supplicat
2373 1380 2432 1424 ιιι
2486 1371 2742 1441 hymnum
2811 1371 3101 1440 suscipiat,
3157 1381 3212 1424 et
3264 1371 3630 1424 laudatoribus

2060 1461 2282 1529 gratiam
2337 1459 2613 1513 retribuat.
2665 1459 2727 1512 Et
2777 1475 3066 1528 quamnam
3101 1461 3377 1529 gratiam?
3431 1462 3632 1530 hymno

2060 1550 2470 1603 convenientem
2498 1591 2511 1614 ,
2561 1559 2618 1603 ut
2683 1549 2986 1603 sanctiﬁcct
3045 1551 3286 1618 ipsorum
3329 1550 3538 1602 animas
3578 1559 3632 1601 et

2061 1656 2322 1710 corpora,
2364 1643 2486 1695 data
2529 1653 2876 1710 peccatorum
2921 1643 3101 1701 venia.
3147 1652 3204 1694 ut
3243 1657 3368 1694 cum
3411 1642 3464 1694 in
3501 1656 3629 1694 san—

2061 1733 2247 1786 ctitate
2287 1733 2468 1787 colant
2509 1733 2766 1787 omnibus
2793 1733 3006 1788 diebus.
3049 1731 3113 1786 Et
3143 1747 3362 1786 causam
3396 1731 3577 1798 adjicit
3613 1748 3628 1781 :

2067 1839 2084 1871 ι
2129 1821 2263 1886 Quia
2303 1833 2523 1878 sanctus
2555 1839 2634 1885 es,
2671 1833 2723 1876 et
2765 1824 2814 1876 in
2857 1823 3058 1877 sanctis
3090 1822 3402 1892 requiescis.
3447 1841 3464 1872 ι
3501 1821 3634 1873 Vere.

2059 1912 2201 1964 enim
2260 1913 2433 1965 sant-ti
2495 1922 2575 1965 est
2623 1912 2876 1966 delecrari
2919 1913 3125 1966 sanctis
3161 1921 3214 1966 et
3267 1911 3629 1965 sanctilirare.

2063 2002 2122 2054 Et
2157 2015 2278 2054 cum
2321 2001 2422 2055 hoc
2455 2003 2799 2065 exclamavit,
2835 2011 2890 2056 et
2921 2002 3366 2072 gloriﬁealionem
3405 2000 3628 2070 adjecit,

2060 2091 2311 2145 cantandi
2349 2093 2531 2161 hymni
2563 2101 2643 2146 ter
2679 2093 2854 2148 sancti
2890 2109 3047 2147 sacro
3083 2094 3280 2162 populo
3322 2094 3422 2147 hoc
3464 2091 3630 2146 Veluti

2060 2182 2272 2248 signum
2316 2185 2569 2251 pr0ponit
2602 2201 2616 2248 ;
2661 2195 2713 2237 et
2757 2202 2880 2239 cum
2917 2187 3040 2254 ipsi.
3071 2196 3131 2240 ut
3166 2201 3285 2240 mos
3324 2195 3427 2246 est,
3464 2185 3632 2250 glori-

2061 2272 2320 2332 lientioni.
2373 2293 2390 2325 ι
2428 2277 2596 2328 Amen
2657 2293 2674 2326 ι
2745 2276 3114 2342 subiecerint,
3179 2277 3437 2345 hymnum
3491 2275 3628 2329 inci-

2058 2365 2234 2433 piunt.
2280 2363 2407 2417 Post
2454 2368 2716 2435 hymnum
2750 2379 2931 2419 autem
2981 2365 3410 2434 sacerdosjubet
3438 2380 3632 2418 omnes

2059 2471 2164 2507 non
2206 2455 2509 2510 socorditcr
2548 2466 2598 2509 et
2640 2459 2980 2527 negligenter
3023 2469 3197 2522 stare,
3258 2458 3348 2512 sed
3393 2474 3454 2510 ea
3509 2476 3631 2527 quae

2065 2547 2200 2599 ﬁunt
2224 2556 2274 2598 et
2308 2557 2580 2600 canuntur
2614 2553 2892 2602 attendere
2923 2564 2938 2603 :
2971 2549 3302 2618 Πρόσχωμεν
3321 2549 3487 2612 enim,
3519 2567 3629 2618 quo
3666 2586 3681 2601 .

2057 2634 2319 2690 vocabulo
2352 2646 2596 2701 utuntur,
2625 2639 2765 2692 idem
2797 2647 2879 2692 est
2912 2640 3081 2709 qttod,
3115 2638 3342 2692 Mentem
3379 2635 3629 2693 adhibea-

2057 2741 2193 2780 mus.
2236 2727 2435 2782 Deinde
2465 2739 2718 2796 precatur
2775 2745 2961 2799 pacem
3006 2731 3280 2795 omnibus,
3310 2738 3364 2784 et
3406 2730 3625 2800 sapien-

2058 2817 2184 2871 tiam
2236 2819 2287 2872 in
2341 2822 2655 2876 memoriam
2694 2807 2948 2887 revocat,
2983 2837 3106 2875 cum
3140 2837 3246 2892 qua
3285 2833 3500 2891 oportet
3551 2821 3618 2874 ad

2059 2912 2316 2982 mysteria
2361 2912 2620 2966 accedere
2655 2923 2707 2968 et
2751 2923 2981 2966 mentem
3047 2913 3326 2968 adhibere.
3370 2913 3628 2980 Quaenam

2057 3013 2138 3057 est
2177 3011 2355 3056 autem
2387 3003 2696 3073 sapientia?
2729 3003 3098 3072 Cogitationes
3139 3006 3394 3076 mysterio
3427 3020 3632 3061 conve-

2059 3095 2288 3157 nientes,
2313 3109 2435 3149 cum
2462 3095 2664 3163 quibus
2684 3103 2897 3165 oportet
2924 3096 3112 3150 audire
3137 3105 3188 3149 et
3219 3097 3398 3152 videre
3424 3113 3486 3152 ea
3510 3113 3630 3166 quae

2059 3184 2194 3237 ﬁunt
2227 3193 2277 3238 et
2310 3185 2586 3248 dicttntnr,
2621 3202 2713 3240 eos
2745 3187 2836 3256 qui
2869 3187 2971 3241 ﬁde
3003 3187 3146 3256 pleni
3179 3197 3324 3251 sunt,
3355 3189 3446 3255 qui
3489 3189 3626 3243 nihil

2057 3276 2258 3330 habent
2302 3277 2546 3331 humani.
2592 3277 2704 3333 lloc
2742 3288 2826 3332 est
2863 3278 3004 3331 enim
3049 3279 3480 3332 Christianorum
3534 3295 3629 3330 sa-

2056 3369 2278 3438 pientia.
2321 3380 2373 3423 et
2419 3373 2521 3424 hoc
2559 3369 2661 3423 sibi
2701 3369 2812 3424 vult
2844 3370 3131 3439 sapientia,
3173 3387 3293 3440 quae
3345 3372 3396 3424 in
3445 3369 3629 3422 multis

2057 3461 2192 3516 locis
2241 3462 2495 3516 sacrificii
2529 3461 2774 3517 ﬁdelibus
2822 3463 3157 3516 acclamatur
3210 3479 3238 3514 a
3296 3465 3623 3526 sacerdote,

2060 3551 2250 3604 harum
2295 3551 2504 3606 scilicet
2547 3551 2939 3622 cogitationum
2979 3550 3302 3605 recordatio.
3359 3549 3433 3603 lta
3479 3553 3624 3603 enim

2059 3658 2159 3698 nos
2198 3641 2428 3696 invicem
2473 3642 2830 3696 admonemus
2859 3649 2911 3694 et
2946 3641 2997 3694 in
3041 3643 3358 3695 memoriam
3401 3657 3628 3696 rex-oea-

2061 3749 2204 3798 mus,
2242 3735 2506 3801 integram
2539 3732 2921 3800 cogitationem
2956 3746 3065 3784 uno
3111 3731 3276 3785 verbo
3321 3733 3372 3784 in
3415 3732 3628 3784 audito-

2062 3841 2181 3879 rum
2216 3823 2409 3877 animis
2443 3832 2790 3877 renovantes.
2833 3822 2973 3888 Quid
3023 3830 3203 3876 autem
3245 3825 3342 3876 hac
3382 3821 3434 3874 in
3478 3839 3630 3875 tuen-

2047 3904 2163 3969 ἰιιιιι
2196 3916 2538 3969 revocatione
2572 3931 2708 3982 opus
2739 3916 2854 3969 est?
2881 3914 3069 3982 Magna
3107 3924 3186 3967 est
3220 3913 3510 3970 oblivionis
3545 3924 3626 3984 ty-

2062 4007 2270 4068 rannis,
2303 4014 2356 4058 et
2385 4007 2531 4058 nulla
2576 4008 2809 4060 humana
2840 4005 3051 4060 :tll‘ectio
3085 4007 3396 4073 frequenter
3421 4015 3476 4058 et
3519 4015 3625 4057 tam

2065 4097 2221 4152 facile
2257 4097 2530 4151 hominem
2557 4097 2838 4161 subvertit,
2872 4105 2928 4152 ut
2953 4098 3069 4152 hare
3103 4096 3336 4151 affectio.
3371 4097 3506 4162 Quia
3531 4112 3626 4149 au-

2067 4198 2168 4244 tem
2196 4205 2317 4243 cum
2353 4189 2806 4245 convenientibus
2837 4190 3255 4260 cogitationibus
3296 4203 3518 4242 necesse
3543 4196 3626 4240 est

2066 4289 2210 4335 stare
2246 4289 2297 4332 et
2340 4280 2581 4350 mysterii
2614 4296 2734 4335 esse
2762 4281 3073 4350 participes,
3111 4292 3167 4334 et
3197 4295 3475 4336 sacrarum
3507 4277 3627 4346 ejus

2067 4373 2410 4426 auditionum
2444 4382 2499 4424 et
2547 4373 3088 4440 contemplationum,
3143 4373 3247 4426 nisi
3302 4371 3378 4424 eis
3426 4371 3626 4422 frustra

395 4465 617 4526 αὐτοὺς,
647 4465 778 4530 παρ’
803 4464 959 4532 ἡμῶν
1005 4464 1181 4516 αὐτῶν
1227 4463 1588 4533 ἐγρηγορέναι
1616 4463 1710 4514 καὶ
1746 4463 1956 4530 νήφεινο

2063 4473 2255 4514 sumus
2285 4459 2601 4514 interfuturi
2633 4471 2684 4513 et
2713 4471 2925 4529 tempus
2953 4460 3325 4528 consumpturi
3355 4477 3369 4514 :
3397 4459 3498 4512 hoc
3526 4473 3627 4510 au-

395 4557 558 4624 χρεία
590 4556 648 4608 δὲ
689 4555 786 4622 τῆς
829 4555 1024 4618 ἔξωθεν
1060 4556 1437 4624 ὑπομνήσεως,
1470 4554 1557 4605 ἵνα
1591 4553 1827 4620 συνεχῶς
1855 4551 1960 4602 ὑπὸ

397 4650 494 4716 τῆς
517 4647 690 4717 λήθης
719 4646 1023 4715 συλώμενον
1046 4647 1135 4700 τὸν
1157 4648 1423 4716 ἡμετέρον
1454 4645 1598 4709 νοῦν,
1627 4646 1719 4696 καὶ
1745 4660 1811 4694 πε
1823 4642 1961 4713 ριελο

399 4737 630 4806 κύμενον
654 4730 734 4797 είς
759 4737 992 4804 ματαίας
1010 4737 1230 4799 ἐλπίδας
1253 4736 1656 4805 ἀναλαμϐάνειν
1677 4732 1960 4801 δυνώμεθα

398 4829 559 4880 πάλιν
583 4845 598 4859 ’
633 4829 790 4880 τοῦτο
817 4830 908 4880 καὶ.
933 4830 992 4879 τὸ
1018 4824 1167 4898 ᾆσμα
1198 4828 1446 4898 βούλεται
1494 4828 1552 4878 τ’)
1587 4826 1844 4896 ᾀδόμενον
1869 4841 1962 4893 με·

395 4919 528 4982 ταξὺ
559 4918 668 4970 τῶν
705 4918 899 4986 τιμίων
924 4917 1111 4986 δώρων
1141 4919 1216 4979 είς
1245 4917 1308 4970 τὸ
1332 4917 1713 4985 θυσιαστήριον
1742 4914 1962 4984 κομιζοο

397 5027 592 5080 μενων.

474 5191 665 5244 Πᾶσαν
691 5190 948 5259 βιωτικὴν
969 5190 1096 5260 γάρ,
1121 5191 1279 5258 φησι,
1297 5187 1629 5255 ἀποθώμεθα
1667 5187 1956 5256 μέριμναν·

396 5285 492 5334 καὶ
541 5282 766 5336 τοιαῦτα
803 5283 902 5354 μὲν
932 5284 1092 5336 τοῦτο
1136 5283 1359 5336 δύναται
1405 5282 1466 5332 τὸ
1515 5282 1685 5348 ῥῆμα.
1724 5281 1876 5332 Ἐστι
1905 5277 1961 5330 δὲ

399 5377 491 5427 καὶ
523 5376 602 5432 τὸ.
638 5375 809 5444 ὀρθοὶ,
860 5374 1192 5442 ἐπιφώνημα
1247 5373 1571 5440 παραίνεσιν
1602 5371 1745 5439 ἕχον.
1781 5371 1877 5431 Τίς
1905 5369 1960 5421 δὲ

400 5468 432 5532 ἡ
467 5467 828 5536 παραίνεσιςς
872 5466 960 5518 Ἐν
990 5467 1196 5533 ἀγωνία
1228 5467 1375 5534 ἡμᾶς
1424 5459 1564 5517 εἶναι
1613 5463 1860 5532 βούλεται
1885 5460 1963 5530 τῷ

398 5558 519 5624 θεῷ
552 5558 644 5611 καὶ
676 5559 786 5620 τοῖς
817 5560 1136 5626 μυστηρίοις
1169 5558 1616 5626 ἐντυγχάνοντας,
1646 5555 1836 5620 καὶμὴ
1868 5559 1964 5622 ρᾳ-

402 5649 612 5718 θύμωε,
645 5650 782 5702 ἀλλά
837 5650 974 5717 ρετά
1008 5650 1246 5719 σπουδῆς
1281 5649 1372 5701 καὶ
1407 5648 1589 5715 πάσης
1639 5647 1817 5708 αἰδοῦς
1865 5646 1962 5716 τὴν

402 5741 657 5811 τοιαύτην
691 5741 906 5810 ὁμιλίαν
941 5743 1239 5806 ποιεῖσθαι,
1287 5741 1394 5792 εἴτε
1423 5741 1573 5809 δρᾷν,
1614 5739 1718 5788 εἴτε
1763 5737 1959 5804 λέγειν,

2061 4558 2166 4602 tem
2200 4565 2304 4606 non
2338 4553 2406 4605 sit
2427 4552 2602 4615 facile;
2635 4561 2915 4620 propterea
2951 4567 3086 4622 opus
3118 4561 3201 4605 est
3228 4551 3444 4618 quidem
3480 4550 3627 4617 ipsos

2061 4655 2090 4694 a
2121 4643 2275 4696 nobis
2305 4644 2436 4711 ipsis
2473 4643 2696 4698 excitari
2733 4653 2786 4698 et
2814 4659 2936 4699 esse
2966 4645 3212 4710 sobrios;
3240 4661 3378 4714 opus
3409 4653 3491 4698 cst
3523 4659 3622 4695 au-

2065 4739 2166 4784 tem
2213 4742 2433 4786 externa
2484 4734 2852 4788 admonitione
2876 4774 2891 4798 ,
2926 4746 2982 4789 Ill.
3013 4745 3252 4790 nostram
3288 4745 3521 4789 mentem
3556 4737 3624 4789 ab

2063 4824 2336 4878 oblivione
2370 4826 2589 4878 assidue
2619 4835 2950 4894 surreptam.
2981 4836 3035 4880 et
3065 4829 3131 4880 a.l
3164 4843 3326 4881 vanas
3357 4841 3518 4882 curas
3548 4837 3628 4880 at-
3715 4885 3726 4894 κ

2065 4927 2288 4971 tractam
2323 4916 2595 4985 possimus
2626 4917 2881 4985 recipere.
2913 4918 3026 4971 [ioc
3049 4919 3208 4971 etiam
3226 4920 3328 4973 sibi
3350 4921 3460 4973 vult
3492 4935 3628 4973 cau-

2065 5010 2232 5062 ticum
2269 5008 2415 5078 quod
2448 5010 2682 5074 canitur,
2719 5010 2844 5062 dum
2880 5011 3111 5079 pretiosa
3163 5011 3302 5064 dona
3346 5010 3410 5064 ad
3460 5011 3626 5063 altare

2064 5101 2386 5156 afferuntur.

2133 5191 2383 5258 Omnem,
2421 5193 2613 5262 inquit.
2645 5193 2712 5246 de
2743 5193 2888 5247 victu
2918 5193 3345 5248 sollicitudinem
3384 5194 3624 5261 depona-

2065 5297 2208 5336 mus.
2251 5283 2314 5336 Et
2352 5285 2462 5337 lucc
2497 5285 2712 5352 quidem
2761 5284 2862 5339 hoc
2907 5286 3130 5338 verhmn
3169 5286 3457 5354 signiﬁcat.
3502 5285 3629 5339 llaec

2063 5389 2280 5441 quoque
2351 5375 2668 5428 acclamatio
2720 5377 2849 5430 recti
2925 5377 3085 5429 habet
3163 5376 3625 5429 adhortationem.

2067 5465 2198 5531 Quae
2223 5474 2305 5519 est
2334 5476 2511 5519 autem
2545 5467 2888 5520 adhortatio?
2923 5465 3047 5520 Vult
3073 5481 3168 5519 nos
3193 5481 3314 5519 esse
3341 5467 3623 5518 certamini

2067 5556 2303 5610 intentos
2331 5595 2344 5617 ,
2392 5557 2483 5624 qui
2521 5559 2586 5608 ad
2626 5555 2791 5610 Deum
2823 5567 2876 5610 et
2907 5557 3087 5609 divina
3127 5557 3382 5624 mysteria
3415 5558 3626 5609 accedi-

2068 5661 2210 5710 mus,
2243 5655 2293 5698 et
2325 5662 2428 5700 non
2467 5647 2791 5708 socorditer,
2820 5647 2909 5701 sed
2941 5663 3064 5698 cum
3109 5647 3294 5700 studio
3325 5657 3377 5701 et
3400 5649 3626 5716 diligen-

2069 5738 2164 5799 tia,
2200 5736 2453 5803 omnique
2481 5737 2779 5790 reverentia
2820 5739 2868 5790 in
2896 5738 2972 5789 eis
3010 5740 3233 5802 versari,
3265 5741 3377 5796 sive
3419 5742 3624 5803 videre,
