3992 6202
354 312 457 372 415

1606 313 1914 374 NlCOLAl
1948 269 2336 375 causam

3485 303 3590 365 416

353 425 470 481 sive
499 425 703 495 dicere,
730 427 844 482 sive
867 427 1055 483 audire
1080 426 1282 498 aliquid
1314 443 1378 482 ex
1407 428 1581 483 sacris
1609 428 1912 498 oportebit;

2030 427 2127 478 sire
2149 424 2244 477 καὶ
2276 422 2496 476 ἀκούειν
2524 439 2576 474 τι
2601 422 2783 491 δεήσει
2819 419 2980 490 ιερῶν
3004 435 3020 450 ⁸
3062 419 3155 472 καὶ
3185 419 3406 490 σημεῖον
3436 419 3590 472 τοῦτο

353 528 410 574 et
453 519 556 575 hoc
589 520 820 589 primum
866 521 1080 589 signum
1116 519 1404 574 ostendere
1456 517 1621 587 hujus
1669 520 1834 575 studii
1863 527 1918 575 et

353 613 700 677 reverentiae,
732 612 980 680 corporis
1015 611 1367 676 erectioncm,
1407 621 1470 667 ut
1499 627 1605 666 non
1639 613 1914 680 sedentes,

354 707 451 758 sed
485 704 617 759 recti
663 704 764 758 hoc
808 717 1052 772 agamus.
1087 700 1236 757 Talis
1279 713 1364 759 est
1409 704 1553 758 enim
1603 704 1823 759 habitus
1864 713 1919 760 et

356 794 526 861 ﬁgura
576 793 903 862 supplicum,
937 794 1064 847 talis
1099 794 1320 850 habitus
1369 809 1674 857 servorum,
1710 795 1804 866 qui
1848 795 1914 850 ad

355 889 545 934 nutum
597 882 948 936 dominorum
996 900 1213 939 omnem
1259 895 1495 941 mentem
1535 897 1770 943 erectam
1823 889 1918 942 ha-

357 973 505 1035 bent,
539 979 599 1025 ut
626 970 810 1025 statim
847 971 916 1025 ad
968 973 1359 1040 ministerium,
1387 985 1673 1047 postquam
1701 977 1916 1048 jussum

353 1061 707 1132 arripuerint,
736 1071 886 1120 recta
931 1075 1186 1132 currant;
1219 1082 1320 1124 nos
1346 1077 1528 1124 autem
1574 1084 1766 1124 sumus
1809 1069 1920 1124 Deo

353 1155 422 1205 de
471 1154 728 1210 maximis
773 1157 1047 1226 supplices
1091 1165 1147 1213 et
1198 1159 1347 1214 omni
1395 1158 1678 1214 servitutis
1722 1147 1921 1228 genere

355 1245 518 1300 servi.
554 1244 619 1301 Et
645 1246 836 1302 horum
869 1248 1088 1318 quidem
1117 1250 1407 1306 verborum
1435 1251 1551 1306 haec
1580 1261 1664 1307 est
1691 1253 1848 1308 ratio.

953 1451 1103 1507 CAP.
1153 1451 1317 1507 XXII.

502 1541 574 1596 De
607 1542 825 1598 lectione
849 1542 1245 1611 Scriptumrum
1271 1556 1316 1598 et
1347 1547 1530 1600 ordine
1559 1563 1768 1611 earum,

901 1625 947 1666 et
978 1615 1376 1683 significatione.

425 1703 555 1760 Post
591 1715 670 1758 ter
700 1715 948 1760 sanctum
984 1707 1267 1776 hymnum,
1299 1706 1495 1776 legitur
1540 1707 1677 1762 liber
1705 1718 1924 1779 aposto-

2021 517 2236 587 πρῶτον
2262 513 2538 570 δεικνύναι
2568 515 2664 584 τῆς
2697 515 2933 583 σπουδῆς
2979 510 3204 580 ταύτης,
3237 511 3332 563 καὶ
3367 513 3464 579 τῆς
3499 512 3589 563 εύ-

2016 607 2260 671 λαϐείας,
2289 607 2385 675 τὴν
2431 605 2665 678 ὄρθωσιν
2709 604 2802 657 τοῦ
2839 603 3114 674 σώματος,
3143 604 3201 654 τὸ
3237 601 3310 670 μὴ
3345 601 3591 670 καθημέο

2017 717 2160 764 νους,
2213 699 2327 754 ἀλλ’
2373 699 2612 761 ἑστῶτας
2648 697 2805 750 τοῦτο
2840 695 3016 748 ποιεῖν
3046 709 3060 723 ·
3113 692 3355 745 τοιοῦτον
3393 692 3502 760 γὰρ
3532 691 3592 744 τὸ

2020 793 2204 863 σχῆμα
2234 791 2340 845 τῶν
2376 790 2749 853 ἱκετευόντων,
2779 786 3020 841 τοιοῦτον
3041 787 3102 838 τὸ
3132 785 3315 854 σχῆμα
3338 784 3444 836 τῶν
3469 783 3590 836 δού-

2019 883 2149 945 λων,
2179 884 2229 937 οἶ
2266 882 2402 953 πρὸς
2433 881 2492 934 τὸ
2525 880 2700 949 νεῦμα
2751 879 2861 932 τῶν
2890 877 3195 940 Δεσποτῶν,
3231 873 3448 929 ἅπαντα
3498 877 3592 928 τὸν

2021 974 2144 1030 νοῦν
2175 973 2410 1046 ἔχουσιν,
2443 972 2534 1027 ’ίνα
2560 972 2696 1042 πρὸς
2727 971 2822 1040 τὴν
2848 969 3124 1024 διακονίαν
3157 966 3412 1037 ἑτοίμοις,
3442 969 3591 1020 ἐπει-

2022 1068 2120 1121 δάν
2147 1067 2209 1119 τδ
2238 1065 2528 1120 κελευσθὲν
2559 1065 2870 1135 ἀρπάσωσι,
2894 1062 3056 1125 εὐθὺς
3074 1062 3358 1132 δράμωσιν
3388 1076 3401 1089 ·
3429 1060 3591 1130 ἡμεῖς

2021 1158 2079 1212 δὲ
2112 1158 2202 1212 καὶ
2242 1158 2420 1212 ἱκέται
2454 1154 2532 1226 τῷ
2562 1154 2681 1226 Θεῷ
2725 1154 2853 1225 ἰτερὶ¹
2886 1153 2995 1207 τῶν
3027 1151 3320 1221 μεγίστων,
3350 1150 3445 1202 καὶ
3468 1149 3592 1202 δοῦ-

2022 1251 2106 1303 λοι
2135 1250 2229 1303 καὶ
2283 1247 2530 1302 δουλείαν
2580 1228 2953 1318 παντοδαπὴν.
2989 1243 3099 1298 Καὶ⁵
3141 1241 3252 1296 τῶν
3290 1241 3387 1313 μὲν
3417 1242 3596 1313 mea.

2022 1357 2132 1394 των
2159 1339 2365 1393 τούτων
2395 1332 2552 1402 οὗτος
2577 1340 2604 1392 δ
2633 1337 2813 1406 λόγος.

2615 1448 2871 1501 ΚΕΦᾹΛ.
2901 1445 3032 1500 KB'.

2027 1543 2161 1612 Περὶ
2192 1540 2298 1609 τῆς
2327 1539 2725 1612 ἀναγνώσεως
2753 1537 2872 1612 τῷν
2901 1537 3184 1612 ζ’ραςρῶν,
3221 1542 3322 1595 καὶ
3361 1542 3472 1611 τῆς
3499 1542 3599 1597 td-

2303 1608 2462 1678 ξεως(
2481 1608 2698 1672 αὐτῶν,
2732 1609 2830 1662 καὶ
2860 1608 2970 1676 τῆς
2995 1612 3327 1676 σημασίας.

2098 1703 2253 1756 Μετά
2273 1703 2330 1756 δὲ
2354 1703 2445 1755 τὸν
2485 1700 2769 1770 τρισάγιον
2800 1700 2992 1768 ὕμνον,
3023 1701 3380 1756 άποστολικὸν
3409 1703 3600 1771 ἀναγι-

356 1795 524 1860 licus;
570 1796 765 1851 deinde
801 1795 1188 1865 Evangelium,
1236 1800 1438 1868 hymno
1485 1803 1642 1870 prius
1693 1776 1803 1856 Deo
1853 1803 1922 1857 ab

2030 1795 2331 1864 γνὼσκεται
2366 1792 2568 1864 βιϐλίον
2594 1809 2607 1823 ·
2633 1787 2753 1844 εἶτα
2777 1792 2836 1844 τδ
2863 1791 3196 1860 Εὐαγγέλιον
3224 1793 3378 1860 αὐτὸ,
3403 1796 3598 1864 πρότε⁴

357 1887 600 1942 Ecclesia
637 1896 875 1941 cantato.
906 1889 1018 1942 Cur
1046 1898 1228 1942 autem
1264 1898 1390 1945 ante
1439 1891 1700 1948 lectiones
1740 1909 1924 1948 sacra-

355 1992 478 2032 rum
543 1979 950 2048 Scrlpturarum
1029 1981 1198 2036 Deum
1269 1982 1595 2040 laudamds?
1651 1986 1804 2052 Quod
1870 1987 1924 2040 in

359 2071 617 2127 omnibus
663 2080 881 2141 oportet
914 2072 1016 2126 hoc
1065 2071 1263 2138 facere,
1298 2076 1496 2144 quibus
1540 2077 1630 2132 ille
1673 2093 1773 2133 nos
1807 2093 1929 2148 per-

357 2168 522 2228 petuo
555 2165 742 2226 donat,
796 2164 1032 2218 maxime
1062 2174 1240 2220 autem
1278 2173 1505 2236 propter
1527 2169 1928 2225 assecutionem

360 2249 540 2317 magni
577 2251 810 2320 alicujus
857 2252 1002 2316 boni,
1043 2255 1203 2322 quale
1229 2265 1314 2311 est
1345 2256 1654 2313 divinorum
1687 2260 1931 2329 eloquio-

361 2355 484 2393 rum
556 2342 784 2396 auditio.
851 2342 958 2398 Sed
1004 2345 1060 2398 in
1107 2346 1372 2414 Apostolo
1413 2349 1651 2418 quidem,
1695 2351 1930 2422 hymnus

360 2442 486 2480 cum
543 2429 962 2498 supplicatione.
1009 2433 1244 2489 Additur
1295 2438 1440 2492 enim
1481 2439 1656 2495 illud:
1709 2459 1729 2493 ι
1771 2440 1931 2498 Mise-

291 2563 300 2570 .
362 2533 502 2572 rere.
530 2537 549 2571 ι
596 2519 651 2572 ln
689 2521 983 2591 Evangelia
1021 2534 1201 2580 autem
1238 2541 1430 2594 puram
1473 2541 1501 2580 a
1537 2528 1932 2597 supplicatione

360 2609 598 2665 facimus
651 2613 1022 2684 hymnodiam,
1078 2624 1138 2670 ut
1198 2619 1441 2672 sciamus
1488 2619 1632 2688 quod
1678 2619 1930 2675 Christus

363 2715 460 2767 per
486 2700 839 2772 Evangeliqu
868 2704 1212 2774 signiﬁcatur
1239 2725 1254 2773 ;
1285 2722 1446 2777 quem
1478 2709 1572 2778 qui
1601 2709 1928 2773 invenerint,

363 2794 432 2848 iis
462 2809 625 2849 omne
664 2796 808 2862 quod
854 2799 1122 2866 quaeritur
1162 2807 1246 2853 est
1308 2799 1362 2853 in
1411 2800 1681 2857 manibus.
1720 2803 1930 2856 Etenim

366 2885 513 2938 intus
547 2895 632 2938 est
664 2886 932 2954 Sponsus,
967 2899 1021 2944 et
1062 2906 1170 2946 non
1220 2907 1358 2960 opus
1392 2904 1475 2950 est
1510 2897 1591 2952 eis
1630 2898 1695 2952 de
1736 2899 1844 2953 ulla
1873 2913 1932 2954 re

366 2975 696 3043 supplicare,
741 2992 863 3033 cum
902 2981 1087 3036 omnia
1129 2982 1388 3040 habeant.
1445 2987 1599 3042 Sicut
1652 3003 1752 3044 nec
1800 3005 1932 3045 con-

369 3073 693 3164 sentaneum
715 3069 966 3138 jejunare
997 3071 1136 3128 ﬁlios
1163 3073 1386 3143 Sponsi,
1416 3078 1657 3147 quandlu
1699 3087 1780 3134 est
1809 3095 1930 3133 cum
1956 3100 2000 3164 ρ

366 3157 448 3212 cis
475 3155 721 3227 Sponsus
743 3202 757 3226 ,
798 3164 892 3234 sed
919 3179 1040 3218 eum
1073 3173 1281 3221 tantum
1315 3171 1562 3224 venerari
1591 3179 1645 3225 et
1670 3171 1925 3239 laudare,

369 3251 805 3320 quandoquidem
830 3267 883 3310 et
904 3257 1219 3326 angelorum
1242 3260 1497 3330 hymnus,
1517 3263 1730 3333 qualem
1753 3264 1930 3334 ipsum

370 3340 646 3409 propheta:
675 3345 890 3403 docent.
919 3355 1140 3416 propter
1163 3349 1408 3404 eamdem
1441 3353 1731 3416 rationem,
1753 3355 1930 3409 solum

371 3435 603 3498 hymnus
629 3443 712 3488 est
743 3437 814 3490 ab
843 3438 991 3490 ontui
1035 3441 1434 3508 supplicatione
1464 3444 1619 3501 liber.
1664 3445 1768 3500 Sed
1802 3446 1931 3516 quid

368 3522 468 3576 sibi
520 3525 631 3577 vult
684 3526 770 3581 hic
803 3543 1084 3582 sacrarum
1125 3529 1453 3589 Litterarum
1501 3534 1696 3591 lectio?
1749 3535 1804 3591 Si
1849 3538 1932 3595 vis

368 3615 588 3680 quidem
625 3633 777 3672 usum
823 3613 988 3682 scire,
1029 3623 1236 3678 dictum
1279 3637 1383 3680 est.
1410 3624 1521 3680 Nos
1553 3629 1696 3682 enim
1725 3645 1932 3699 praepa-

368 3719 486 3762 rant
537 3718 588 3762 et
653 3723 1001 3781 prmpurgant
1057 3726 1183 3772 ante
1246 3734 1494 3786 magnam
1549 3722 1928 3791 mysteriorum

368 3798 879 3860 sanctiﬁcationem.
903 3804 999 3859 Sin
1025 3815 1203 3861 autem
1233 3809 1431 3878 quaeris
1457 3807 1930 3881 signiﬁcationem,

369 3887 580 3943 Domini
610 3892 1104 3952 manifestationem
1134 3899 1461 3968 signiﬁcant,
1485 3916 1592 3970 qua
1619 3902 1934 3960 manifesta-

368 3988 456 4034 tus
499 3989 582 4037 est
613 3985 869 4052 paulatim
913 3999 1036 4058 post
1075 3991 1468 4046 ostensionem.
1511 3991 1753 4048 Primum
1787 3995 1931 4050 enim

366 4075 674 4128 ostenditur
705 4079 1090 4148 complicatum
1129 4080 1505 4152 Evangelium,
1547 4084 1692 4154 quod
1719 4082 1933 4140 Domini

367 4166 769 4231 apparitionem
799 4171 1088 4240 signiﬁcat,
1126 4188 1221 4240 per
1250 4190 1415 4242 quant
1450 4176 1626 4243 ipsum
1661 4185 1929 4230 tacentem

369 4252 528 4306 Pater
561 4258 820 4321 ostendit,
854 4262 1075 4327 quando
1106 4264 1198 4316 ille
1235 4264 1372 4318 nihil
1409 4265 1638 4333 loquens
1671 4265 1932 4334 praedica-

368 4344 502 4397 toris
531 4360 664 4399 voce
701 4362 838 4414 opus
892 4349 1104 4404 habuit.
1146 4351 1271 4407 Haec
1316 4362 1496 4408 autem
1551 4355 1929 4422 perfectiorem

2030 1905 2119 1957 ρον
2149 1887 2319 1957 ὕμνου
2354 1885 2432 1954 τῷ
2465 1884 2584 1954 Θεῷ
2632 1883 2785 1954 παρὰ
2823 1883 2920 1953 τῆς
2964 1884 3289 1953 Ἐκκλησίας
3319 1885 3597 1955 ᾀσθέντος.

2025 1981 2125 2034 Διὰ
2151 1979 2284 2032 τίδὲ
2325 1976 2432 2047 πρὸ
2473 1975 2580 2028 τῶν
2631 1973 2995 2043 ἀναγνώσεων
3028 1974 3191 2046 ἱερῶν
3221 1975 3476 2045 Γραφῶν,
3505 1977 3596 2030 τὸν

2026 2073 2158 2127 Θεὸν
2186 2069 2464 2142 ύμνοῦμεν
2489 2083 2506 2131 ;
2542 2068 2664 2120 Ὀτι
2697 2065 2787 2118 ἐπὶ
2828 2067 2961 2118 πᾶσι
2992 2064 3149 2118 τοῦτο
3180 2063 3262 2117 δεῖ
3298 2066 3490 2128 ποιεῖν,
3515 2061 3597 2129 οἷς

2025 2168 2234 2227 ἐκεῖνος
2264 2164 2411 2234 ἡμᾶς
2443 2161 2705 2215 ἑκάστοτε
2757 2157 3097 2228 δωρούμενος
3141 2157 3374 2210 διατελεῖ
3396 2175 3411 2190 ο
3445 2157 3602 2228 μάλι-

2029 2276 2130 2312 στα
2155 2258 2212 2312 δὲ
2246 2259 2303 2311 ὲν
2333 2253 2608 2318 ὲπιτεύξει
2639 2253 2876 2322 μεγάλου
2907 2250 3051 2313 τινὸς
3075 2249 3284 2316 ἀγαθοῦ
3307 2266 3321 2280 ο
3351 2243 3462 2303 οἷόν
3483 2252 3597 2303 ἐστι

2028 2352 2062 2420 ἠ
2110 2350 2219 2402 τῶν
2267 2347 2426 2402 θείων
2476 2345 2672 2415 λογίων
2719 2343 2986 2414 ἀκρόασις
3015 2357 3030 2372 ⁸
3060 2341 3177 2394 ἀλλ’
3225 2343 3318 2394 ἐπὶ
3355 2340 3454 2409 μὲν
3503 2341 3598 2393 τοῦ

2040 2438 2368 2493 Ἀποστόλου
2398 2436 2535 2508 μετά
2559 2433 2770 2498 ἱκεσίας
2803 2431 2990 2500 ῦμνος.
3027 2429 3483 2500 Πρόσκειταιγὰρ
3511 2429 3594 2494 τὸ,

2037 2547 2056 2581 ι
2112 2528 2386 2598 Ἐλέησον.
2421 2544 2440 2578 ι
2490 2525 2614 2580 Ἐπὶ
2643 2523 2700 2576 δὲ
2730 2521 2824 2576 τοῦ
2856 2519 3192 2589 Εὐαγγελίου
3220 2518 3461 2588 καθαρὰν
3486 2518 3599 2571 ἱκε-

2031 2622 2152 2673 σίαν
2198 2618 2497 2688 ποιούμεθα
2550 2615 2652 2685 τὴν
2690 2613 2981 2685 ὑμνῳδίαν,
3021 2605 3110 2669 ἵνα
3165 2609 3429 2680 μάθωμεν
3468 2610 3599 2672 ὼςοό

2029 2710 2263 2782 Χριστὸς
2300 2709 2386 2763 διὰ
2432 2707 2528 2761 τοῦ
2583 2705 2917 2775 Εὑαγγελίου
2953 2703 3328 2774 σημαίνεταιο
3381 2701 3442 2754 ὃν
3486 2702 3597 2762 τοῖς

2029 2801 2302 2873 εὐροῦσιν,
2329 2802 2475 2855 ἆπαν
2503 2799 2565 2853 τὸ
2604 2798 2936 2868 ζητούμενον
2977 2796 3034 2849 ἐν
3061 2794 3268 2864 χερσίν.
3295 2793 3404 2846 Καὶ
3435 2791 3540 2862 γάρ
3568 2791 3600 2843 ό

2030 2891 2283 2962 Νυμφίος
2332 2891 2502 2951 ἔνδον.
2540 2889 2636 2942 καὶ
2669 2890 2730 2942 ού
2760 2888 2919 2957 χρεία
2979 2885 3250 2940 ἱκετεύειν
3273 2883 3437 2938 αὐτὸν
3467 2883 3597 2952 περὶ

2031 2986 2263 3049 οὐδενὸς,
2291 2985 2469 3039 πάντα
2501 2983 2741 3054 ἔχοντας.
2767 2982 2978 3051 Ὠσπερ
2999 2979 3120 3032 οὐδὲ
3144 2977 3426 3048 νηστεύειν
3448 2975 3599 3036 υἱοὺς

2032 3076 2127 3130 τοῦ
2161 3075 2473 3146 Νυμφῶνος
2528 3075 2696 3138 εἰκὸς,
2733 3071 2819 3141 ἐφ’
2851 3073 2976 3125 ὅσον
3022 3070 3142 3139 μετ’
3170 3068 3351 3121 αὐτῶν
3398 3070 3544 3120 ἐστιν
3569 3069 3600 3120 ό

2032 3167 2286 3234 Νυμφίος
2311 3183 2324 3198 ’
2369 3165 2504 3219 ἀλλά
2540 3165 2699 3218 τοῦτο
2744 3164 2926 3232 μόνον,
2973 3161 3152 3214 σέϐειν
3185 3160 3347 3214 αὑτὸν
3373 3160 3467 3212 καὶ
3497 3159 3602 3226 ὑμ-

2033 3259 2147 3312 νεῖν
2166 3273 2181 3287 ο
2217 3258 2340 3311 ἐπεὶ
2379 3257 2476 3311 καὶ
2510 3258 2538 3310 ὁ
2561 3255 2671 3308 τῶν
2705 3255 2954 3322 ἀγγέλων
2981 3252 3169 3323 ῦμνος,
3214 3246 3328 3305 οἷον
3359 3250 3520 3303 αὐτὸν
3549 3251 3600 3302 οἱ

2034 3347 2316 3418 προφῆται
2370 3347 2705 3410 διδάσκουσι,
2749 3344 2838 3398 διὰ
2877 3343 2970 3397 τὸν
3025 3343 3187 3396 αὑτὸν
3229 3341 3407 3407 λόγον,
3455 3340 3604 3392 τοῦτ’

2034 3438 2165 3493 asta
2227 3438 2386 3508 μόνον
2460 3437 2629 3507 ῦμνος
2675 3437 2821 3490 ἐστὶν
2873 3434 3087 3498 ἱκεσίας
3153 3433 3599 3502 ἀπηλλαγμένος.

2045 3529 2210 3584 Ἀλλά
2239 3530 2290 3582 τί
2316 3528 2569 3599 βούλεται
2609 3526 2845 3582 ἐνταῦθα
2887 3527 2922 3598 ἡ
2966 3526 3271 3595 ἀνάγνωσις
3296 3524 3406 3576 τῶν
3440 3523 3607 3593 ἱερῶν

2035 3619 2296 3691 Γραφῶν;
2325 3621 2385 3673 Et
2416 3621 2516 3688 μὲν
2547 3620 2644 3690 τὴν
2669 3619 2859 3689 χρείαν
2890 3617 3070 3687 βούλει
3107 3617 3322 3686 μαθεῖν,
3344 3614 3560 3685 εἴρηται
3582 3630 3599 3646 ο

2037 3713 2521 3785 παρασκευάζουσι
2563 3716 2670 3783 γὰρ
2708 3713 2874 3782 ἡμᾶς.
2906 3711 3000 3764 καὶ
3036 3710 3466 3780 προκαθαὶρουσι
3495 3708 3603 3778 πρὸ

2031 3806 2129 3860 τοῦ
2168 3807 2404 3877 μεγάλου
2459 3805 2568 3858 τῶν
2608 3805 2923 3875 μυστηρίων
2969 3801 3268 3871 ἀγιασμοῦ.
3307 3803 3368 3854 Et
3395 3802 3451 3853 δὲ
3496 3801 3598 3868 τὴν

2035 3899 2310 3969 σημασίαν
2357 3899 2560 3967 ζητεῖς,
2587 3895 2686 3968 τὴν
2716 3896 3023 3966 φανέρωσιν
3050 3895 3142 3947 τοῦ
3171 3893 3376 3964 Κυρίου
3405 3891 3597 3961 δηλοῦ-

2033 4008 2141 4056 σιν,
2182 3990 2249 4061 ῆν
2295 3989 2628 4061 ἐφανεροῦτο
2659 3988 2801 4042 κατά
2849 3988 3047 4057 μικρὸν
3081 3986 3217 4056 μετὰ
3245 3987 3346 4054 τὴν
3389 3984 3601 4037 ἀνάδει-

2035 4083 2134 4147 ξιν.
2185 4082 2403 4150 Πρῶτον
2452 4080 2552 4150 μὲν
2585 4079 2694 4150 γὰρ
2738 4078 2800 4131 τὸ
2847 4077 3182 4145 Εὑαγγέλιον
3222 4077 3603 4130 ἀναδείκνυται

2035 4173 2498 4242 συνεπτυγμένον,
2537 4172 2636 4242 τὴν
2670 4169 2994 4238 ἐπιφάνειαν
3024 4168 3118 4222 τοῦ
3159 4167 3366 4238 Κυρίου
3398 4169 3602 4235 σημαῖ-

2031 4278 2122 4315 νον
2147 4277 2163 4295 ο
2189 4261 2315 4316 καθ’
2346 4262 2412 4331 ἥν
2455 4259 2750 4314 σιωπῶντα
2785 4260 2946 4314 αύτὶν
2977 4262 3005 4312 ὁ
3044 4257 3235 4328 Πατὴρ
3293 4256 3597 4320 ἀνεδείκνυ,

2029 4354 2121 4407 ὅτε
2167 4354 2321 4406 οὐδὲν
2377 4354 2585 4415 ἐκεῖνος
2617 4351 3012 4421 φθεγγόμενος,
3061 4350 3161 4420 τῆς
3210 4348 3302 4402 τοῦ
3349 4349 3598 4419 κήρυκος

367 4434 863 4491 uumifestatiouem
918 4439 1282 4508 signiﬁcant:
1346 4459 1443 4514 per
1485 4460 1649 4513 quam
1719 4446 1928 4514 publice

2031 4445 2204 4499 ἐδεῖτο
2235 4445 2438 4514 φωνῆς.
2466 4443 2652 4496 Ταῦτα
2695 4443 2752 4496 δὲ
2786 4443 2885 4512 τῆς
2933 4439 3297 4510 φανερώσεὼς
3345 4443 3463 4492 ἐστι
3495 4456 3598 4508 ση-

365 4538 488 4575 cum
529 4527 788 4582 omnibus
826 4532 1275 4596 conversabatur.
1303 4545 1355 4590 et
1395 4537 1632 4605 scipsum
1683 4539 1931 4594 ostende-

363 4615 476 4678 bat,
513 4631 619 4670 non
649 4618 821 4673 solum
849 4636 912 4675 ex
955 4622 1020 4677 iis
1070 4640 1192 4694 quae
1244 4628 1358 4696 ipse
1385 4629 1618 4695 dicebat,
1649 4628 1743 4685 sed
1764 4632 1926 4684 etiam

364 4721 430 4757 rx
490 4706 554 4759 iis
613 4723 734 4776 quae
780 4711 966 4767 docuit
1016 4718 1298 4790 apostolos
1329 4720 1534 4784 dicere,
1583 4719 1807 4775 mittens
1833 4736 1929 4776 eos

363 4793 430 4844 ad
467 4807 596 4848 oves
650 4813 771 4866 quae
825 4802 1102 4870 perierant
1154 4807 1348 4863 domus
1398 4807 1584 4864 Israel.
1637 4809 1928 4880 Propterea

368 4885 619 4952 leguntur
669 4891 885 4958 quidem
936 4895 1127 4950 litterae
1188 4900 1519 4967 apostolicus,
1569 4901 1767 4973 legitur
1823 4916 1928 4956 au-

367 4987 471 5030 tem
539 4979 716 5046 ipsum
778 4998 997 5052 quoque
1042 4987 1420 5057 Evangelium.
1466 4993 1580 5047 Cur
1641 5010 1748 5049 non
1793 5011 1927 5064 ergo

366 5067 598 5133 primum
632 5069 1023 5142 Evangelium?
1052 5077 1190 5143 Quia
1235 5081 1576 5148 perfectioris
1613 5083 1930 5139 manifesta-

363 5157 526 5210 tiouis
554 5159 707 5228 signa
742 5172 894 5228 sunt,
921 5180 1042 5233 qua:
1083 5183 1176 5235 per
1203 5169 1380 5237 ipsum
1414 5170 1728 5237 Dominum,
1762 5189 1926 5244 quam

362 5264 484 5316 quae
531 5266 626 5319 per
675 5255 954 5322 apostolos
1001 5258 1280 5315 dicuntur.
1315 5261 1451 5327 Quia
1485 5275 1664 5320 autem
1698 5280 1803 5319 nou
1839 5279 1927 5319 re-

364 5350 545 5409 pente,
573 5354 627 5398 et
669 5361 778 5400 uno
819 5347 986 5402 simul
1033 5359 1275 5420 tempore
1323 5357 1579 5423 apparuit
1613 5357 1927 5417 hominibus

369 5431 630 5491 Dominus
675 5448 881 5505 quanto
932 5450 1051 5493 erat
1113 5443 1310 5498 robore
1341 5454 1396 5500 et
1439 5457 1640 5514 quanta
1688 5448 1928 5506 bonitate

367 5526 496 5590 (hoc
521 5529 664 5581 enim
703 5539 786 5584 est
817 5533 1042 5586 secundi
1070 5535 1187 5605 ejus
1217 5536 1528 5603 adventus),
1553 5537 1647 5592 sed
1679 5540 1762 5594 via
1797 5556 1920 5610 pro.

368 5616 586 5679 cedens,
626 5620 695 5673 ab
722 5637 787 5676 eo
817 5623 958 5691 quod
981 5635 1063 5678 est
1093 5626 1272 5682 minus
1303 5637 1572 5695 apertum,
1603 5631 1667 5683 ad
1703 5631 1751 5683 id
1780 5632 1925 5701 quod

369 5714 452 5757 Ωιι
485 5709 826 5766 manifestius
857 5718 1120 5783 processit
1148 5737 1160 5773 :
1200 5735 1260 5775 ea
1286 5720 1350 5774 dc
1373 5735 1538 5775 causa
1564 5737 1657 5778 cos
1690 5723 1780 5790 qui
1807 5723 1925 5792 ejus

2033 4534 2272 4606 μαντικὰ
2318 4535 2416 4604 τῆς
2459 4533 2857 4604 τελειωτέραςο
2907 4531 3031 4586 καθ’
3057 4532 3124 4602 ἢν
3153 4532 3392 4601 δημοσίᾳ
3431 4531 3600 4583 πᾶσιν

2029 4631 2249 4700 ὡμίλει,
2280 4631 2373 4684 καὶ
2403 4631 2596 4684 ἑαυτὸν
2616 4631 2911 4695 ἐδείκνυεν,
2931 4629 2993 4680 οὐ
3021 4629 3182 4695 μόνον
3211 4627 3270 4692 ἐξ
3299 4620 3374 4681 ὧν
3406 4625 3596 4694 ἔλεγεν

2030 4725 2216 4792 αὐτὸς,
2251 4723 2389 4779 ἀλλά
2427 4725 2518 4776 καὶ
2543 4723 2702 4786 ὄντας
2750 4721 3085 4783 ἀποστόλους
3114 4719 3358 4772 ἐδίδασκε
3389 4719 3596 4785 λέγειν,

2029 4815 2263 4884 πέμπων
2292 4814 2494 4876 αὐτοὺς
2528 4812 2607 4874 είς
2633 4811 2701 4864 τὰ
2727 4811 2975 4880 πρόϐατα
3001 4809 3072 4862 τὰ
3101 4809 3418 4863 ἀπολωλότα
3444 4808 3596 4860 οἴκου

2042 4905 2283 4977 Ἰσραήλ.
2321 4904 2420 4957 Διά
2463 4903 2622 4955 τοῦτο
2663 4901 3104 4970 ἀναγινώσκεται
3147 4899 3245 4968 μὲν
3288 4900 3597 4972 γράμματα

2035 4993 2390 5058 ἀποστολικὰ,
2421 4992 2857 5059 ἀναγινώσκεται
2886 4991 2943 5044 δὲ
2975 4990 3106 5042 αύτὺ
3141 4991 3200 5042 τὸ
3241 4989 3591 5057 Εὐαγγέλιον.

2030 5089 2096 5141 Τί
2125 5089 2220 5142 οὖν
2254 5086 2329 5158 μὴ
2356 5086 2578 5158 πρῶτον
2628 5085 2687 5138 τὸ
2737 5083 3108 5152 Εὐαγγέλιον;
3143 5083 3266 5136 Ὅτι
3318 5081 3598 5135 τελειωτὲ-

2032 5198 2130 5250 ρας
2159 5180 2275 5232 ἐστὶ
2321 5179 2683 5250 φανερώσεως
2731 5176 3017 5246 σημαίνειν
3055 5176 3122 5228 τὰ
3167 5175 3237 5228 δι’
3283 5172 3450 5226 αὐτοῦ
3499 5173 3594 5225 τοῦ

2029 5269 2260 5339 Κυρίου,
2290 5270 2322 5340 ἢ
2354 5270 2444 5323 διὰ
2487 5269 2596 5321 τῶν
2645 5268 2962 5320 ἀποστόλων
3012 5265 3301 5335 λεγόμενα.
3344 5265 3496 5318 Ἐπεὶ
3537 5265 3597 5316 δὲ

2029 5360 2130 5413 οὐκ
2163 5361 2360 5430 ἀθρόον
2395 5358 2571 5428 ἐφάνη
2618 5359 2732 5418 τοῖς
2765 5356 3074 5426 ἀνθρώποις
3117 5359 3144 5410 ὁ
3176 5355 3374 5424 Κύριος
3409 5356 3596 5425 ἡλίκος

2027 5446 2096 5522 ἦν
2125 5450 2222 5520 τὴν
2279 5451 2454 5519 ἰσχὺν,
2485 5451 2580 5500 καλ⁵
2628 5447 2738 5512 οἷος
2766 5449 2865 5518 τὴν
2923 5446 3240 5516 ἀγαθότητα
3273 5446 3456 5516 (τοῦτο
3485 5445 3596 5516 γὰρ

2027 5542 2126 5609 τῆς
2152 5540 2417 5610 δευτέρας
2450 5539 2615 5593 αὐτοῦ
2644 5540 2997 5608 παρουσίας),
3023 5539 3137 5595 ἀλλ’
3156 5538 3258 5608 ὁδῷ
3285 5537 3602 5607 προϐαίνων

2029 5632 2137 5685 ἀπὸ
2166 5631 2258 5684 τοῦ
2304 5631 2675 5699 ἀφανεστέρου
2715 5633 2807 5684 ἐπὶ
2835 5631 2895 5684 τὸ
2922 5630 3304 5702 φανερώτερον
3353 5630 3548 5699 προῄει
3579 5643 3594 5658 ·

2029 5725 2219 5780 τούτου
2247 5725 2408 5796 χάριν
2433 5724 2529 5794 τὴν
2557 5725 2826 5791 ἀνάδειξιν
2851 5723 3015 5779 αὐτοῦ
3043 5726 3182 5778 κοιτᾶ
3219 5725 3415 5793 μικρὸν
3443 5739 3597 5789 γενο-
3675 5766 3678 5768 ν
