3838 6192
331 362 435 425 417

1528 366 1926 426 ιιΤυῐιοιΑξ
1972 363 2398 426 EXPOSITIO.

3467 369 3568 431 418

336 478 503 545 μένην
555 474 833 528 δεικνύναι
876 474 1250 545 βουλομένοις,
1304 477 1370 529 τά
1419 477 1759 532 ἀποστολικά
1795 482 1900 550 πρὸ

2013 480 2378 534 ostensionem
2424 478 2680 548 paulatim
2718 478 2882 533 fuisse
2920 478 3116 533 factam
3161 479 3349 534 volunt.
3384 493 3563 537 osten-

330 570 439 619 τῶν
478 568 833 635 Εὐαγγελίων
889 568 1328 635 ἀναγιγνώσκειν
1377 569 1543 631 εἰκός.
1594 571 1691 623 Διὰ
1743 572 1900 624 τοῦτο

331 660 459 728 γὰρ,
496 661 592 712 καὶ
628 660 695 711 τὰ
727 662 826 727 τῆς
876 660 1089 721 τελείας
1134 660 1461 723 ἀναδείξεως
1490 659 1653 713 αὑτοῦ
1696 680 1903 730 σημανο

330 750 479 813 τικά,
517 750 809 801 τελευταῖαι
850 750 1210 817 φυλάττεται,
1253 750 1326 812 ὡς
1356 751 1412 803 ἐν
1440 754 1553 814 τοῖς
1595 750 1720 822 ἑξῆς
1750 754 1898 807 ἔστα·

328 842 511 911 δῆλον.

896 934 1146 988 ΚΕΦΑΛ.
1208 930 1338 988 ΚΓ.

466 1027 605 1096 Περὶ
637 1025 757 1080 τῶν
778 1027 931 1095 μετὰ
963 1028 1028 1080 τὸ
1061 1028 1431 1097 Εὐαγγέλιον
1456 1030 1775 1094 αἰτήσεων.

400 1121 560 1173 Μετά
591 1120 647 1172 δὲ
680 1120 762 1179 τὸ,
788 1121 849 1171 τὸ
886 1119 1223 1187 Εὐαγγέλιον
1255 1122 1693 1192 ἀναγνωσθῆναι,
1739 1123 1899 1188 εὖξα-

332 1213 451 1262 σθαι
490 1210 710 1262 κελεύει
758 1209 817 1261 τὸ
844 1210 1047 1279 πλῆθος
1090 1212 1118 1261 ὁ
1149 1210 1416 1274 διάκονος.
1448 1210 1678 1282 Εὕχεται
1719 1213 1773 1265 δὲ
1806 1211 1900 1266 καὶ

330 1303 490 1364 αὐτὸς
528 1302 707 1371 ἱερεὺς
757 1301 905 1354 ἔνδον
954 1301 1078 1355 καθ’
1109 1302 1304 1355 ἑαυτὸν
1347 1305 1546 1373 ἡσυχῆ,
1595 1305 1691 1367 τὰς
1736 1305 1900 1374 εὐχὰς

333 1392 561 1444 ἐκείνων
596 1392 703 1445 ὑπὸ
726 1393 820 1446 τοῦ
853 1393 989 1446 Θεοῦ
1019 1395 1445 1466 προσδεχθῆναι.
1476 1394 1612 1450 Εἶτα
1645 1398 1737 1451 τον
1767 1399 1899 1453 Θεὸν

329 1484 693 1553 δοξολογήσας
728 1486 939 1557 μεγάλῃ
967 1485 1086 1555 βοῇ,
1122 1489 1416 1551 κοινωνοὺς
1452 1488 1544 1540 καὶ
1570 1489 1770 1553 αὐτοὺς
1797 1491 1899 1558 τῆς

330 1572 645 1641 δοξολογίας
672 1575 964 1642 λαμϐάνει.
1012 1576 1108 1638 Τίς
1140 1575 1196 1628 δὲ
1233 1579 1265 1648 ή
1298 1579 1450 1649 παρά
1483 1579 1700 1634 πάντων
1744 1581 1897 1650 εὐχή,

334 1664 571 1733 μάλιστα
600 1668 633 1736 ὴ
660 1669 799 1738 μετά
830 1669 891 1721 τὸ
916 1669 1245 1737 Εύαγγέλιον
1266 1672 1547 1741 πρέπουσα
1575 1688 1589 1737 ;
1622 1671 1777 1742 ήτῶν
1807 1691 1899 1743 τη-

332 1756 572 1824 ρούντων
604 1757 665 1808 τὸ
706 1759 1061 1826 Εὖαγγέλιον,
1096 1761 1204 1813 τῶν
1240 1761 1638 1831 μιμησαμένων
1683 1762 1781 1832 τὴν
1815 1779 1901 1831 φι-

2004 570 2150 636 dere,
2180 571 2479 639 apostolica
2529 572 2705 641 legere
2740 581 2861 622 ante
2897 570 3183 639 Evangelia
3217 582 3300 625 est
3341 588 3567 627 consen-

2007 672 2250 717 taneum.
2279 664 2573 731 Propterea
2606 663 2747 716 enim
2782 662 2942 715 etiam
2975 678 3093 731 qua:
3128 663 3416 731 perfectam
3449 666 3568 735 ejus

2004 754 2371 807 ostensionem
2406 754 2735 823 signiﬁcant.
2766 754 2953 808 ultima
2979 767 3289 821 servantur,
3320 769 3377 811 ut
3405 758 3553 811 nzani

2003 843 2198 897 festum
2236 844 2341 898 erit
2370 846 2421 898 in
2458 845 2525 898 iis
2558 861 2680 914 qua:
2715 852 3148 912 consequuntur.

2594 937 2744 992 CAP.
2783 936 2971 991 XXIII.

2285 1030 2358 1084 De
2388 1030 2728 1099 petitionibus
2772 1039 2889 1098 post
2926 1029 3289 1100 Evangelium.

2073 1125 2361 1192 Postquam
2404 1130 2584 1174 autem
2624 1121 2823 1174 Icelum
2870 1128 2955 1173 est
3002 1119 3375 1190 Evangelium,
3411 1121 3569 1190 jubet

2002 1217 2264 1271 diaconus
2296 1216 2553 1284 populum
2582 1227 2760 1266 orare.
2788 1209 2919 1265 Orat
2962 1221 3139 1264 autem
3168 1213 3315 1266 intus
3343 1214 3458 1282 ipse
3484 1229 3569 1266 sa-

2000 1309 2194 1362 cerdos
2223 1322 2317 1377 per
2342 1322 2420 1368 se,
2449 1314 2507 1358 ut
2531 1320 2720 1373 preces
2745 1303 2963 1357 illorum
2987 1318 3017 1356 a
3042 1301 3151 1358 Deo
3175 1305 3567 1373 suscipiantur.

2012 1397 2216 1451 Deinde
2261 1411 2384 1450 cum
2418 1396 2587 1451 Deum
2632 1410 2821 1465 magna
2863 1410 2993 1450 voce
3033 1396 3382 1464 glorilicavit,
3422 1396 3570 1464 ipsos

2002 1506 2221 1559 quoque
2256 1489 2437 1543 socios
2467 1499 2519 1543 et
2561 1488 2853 1557 participes
2896 1487 3304 1558 gloriﬁcationis
3343 1489 3563 1556 accipit.

2003 1582 2306 1648 Quamnam
2342 1592 2524 1635 autem
2569 1579 2873 1634 orationem
2910 1578 2978 1631 ab
3014 1578 3265 1632 omnibus
3305 1578 3421 1631 ﬁeri
3455 1594 3570 1632 ma-

2004 1674 2147 1727 xime
2188 1674 2444 1728 convenit
2488 1684 2612 1741 post
2648 1669 3029 1739 Evangelium,
3075 1670 3179 1724 nisi
3221 1684 3317 1738 pro
3358 1670 3424 1723 iis
3474 1671 3567 1739 qui

2005 1778 2226 1823 servant
2262 1768 2639 1837 Evangelium.
2670 1769 2761 1836 qui
2793 1767 2987 1821 imitati
3021 1776 3150 1821 sunt
3179 1766 3568 1836 benignitatem

327 1847 682 1916 λανθρωπίαν
711 1850 804 1903 τοῦ
846 1852 935 1903 διὰ
975 1852 1067 1903 τοῦ
1106 1853 1439 1920 Εὐαγγελίου
1495 1853 1898 1923 σημαινομένου

2006 1869 2055 1914 et
2089 1860 2487 1914 humanitatem
2516 1859 2739 1922 Christi,
2761 1858 2851 1928 qui
2877 1873 2972 1927 per
3000 1856 3351 1926 Evangelium
3401 1857 3570 1925 signi-

331 1940 595 2009 Χριστοῦ.
622 1942 883 2005 Καὶτίνες
914 1936 1095 2008 οὗτοι;
1126 1946 1185 1997 0i
1214 1946 1517 2014 προστάται
1538 1946 1634 2016 τῆς
1671 1946 1900 2017 Ἐκκλη-

327 2031 472 2094 σίας,
510 2031 559 2082 oi
583 2032 731 2083 λαῶν
766 2034 1045 2101 ποιμένες,
1074 2036 1123 2086 oi
1151 2036 1248 2105 τήν
1275 2035 1552 2089 πολιτείαν
1589 2036 1895 2101 τάττοντες.

327 2115 487 2173 Οὗτοι
525 2122 657 2187 γὰρ,
683 2122 730 2172 εί
760 2121 991 2183 σώζουσι
1016 2124 1115 2191 τὴν
1155 2122 1510 2190 ἐπαγγελίαν,
1546 2123 1613 2175 τὰ
1664 2124 1783 2176 ἐκεῖ
1809 2140 1898 2191 γε·

328 2212 637 2280 γραμμένα
668 2211 897 2279 τηροῦσι
947 2213 1130 2275 καλῶς
1175 2213 1268 2264 καὶ
1309 2213 1642 2277 διδάσκουσι,
1694 2214 1785 2265 καὶ
1839 2213 1898 2265 τὸ

326 2302 620 2371 ὑστέρημα
635 2302 727 2354 τοῦ
748 2304 789 2354 Χ
803 2302 1007 2372 ριστοῦ,
1035 2303 1175 2355 κατά
1193 2303 1282 2356 τὸν
1299 2302 1636 2367 Ἀπόστολον,
1659 2301 1900 2371 ἀναπληο

328 2390 493 2459 ροῦσι
532 2391 661 2459 μετ’
690 2393 894 2445 ἐκεῖνον
933 2391 1031 2461 τὴν
1077 2391 1242 2444 αὑτοῦ
1268 2392 1503 2460 ποίμνην
1538 2393 1659 2444 κατ’
1691 2393 1899 2444 ἐκεῖνον

329 2484 745 2549 ποιμαίνοντες.
782 2484 901 2536 Ἔτι
940 2483 995 2535 δὲ
1019 2486 1113 2537 καὶ
1148 2482 1365 2535 κτίσται
1401 2482 1561 2553 ἱερῶν
1587 2483 1772 2545 οίκων,
1807 2483 1900 2535 καὶ

326 2576 690 2645 ἐπιμεληταὶ,
726 2576 820 2628 καὶ
876 2575 1079 2648 ἀρετῆς
1128 2575 1463 2638 διδάσκαλοι,
1518 2577 1613 2629 καὶ
1669 2578 1721 2629 εῐ
1754 2594 1899 2639 τινες

325 2668 580 2720 ὁπωσοῦν
620 2667 703 2738 τῷ
736 2666 900 2736 κοινῷ
938 2667 1039 2735 τῆς
1080 2664 1411 2736 Ἐκκλησίας
1454 2668 1548 2719 καὶ
1593 2670 1703 2730 τοῖς
1739 2667 1901 2738 ἱεροῖς

326 2758 631 2822 λυσιτελεῖς
691 2760 855 2829 εἰσιν,
915 2759 996 2820 είς
1033 2758 1244 2810 ἐκεῖνον
1295 2758 1548 2811 τάττουσι
1581 2762 1668 2812 τὸν
1717 2762 1896 2829 χορὸν,

326 2849 429 2900 καὶ
457 2848 567 2899 τῶν
594 2848 789 2901 κοινῶν
815 2849 954 2899 είσιν
976 2846 1117 2911 ἄξιοι
1146 2846 1435 2915 τυγχάνειν
1464 2849 1652 2917 εὐχῶν.
1675 2850 1902 2902 Μέλλων

325 2938 374 2990 δ’
432 2939 528 2991 ἐπὶ
588 2938 689 3009 τὴν
741 2938 934 2991 θυσίαν
987 2938 1087 3009 ἤδη
1142 2939 1365 3008 χωρεῖν,
1405 2933 1727 3010 παρεῖναι
1775 2942 1901 3000 τοὺς

329 3032 620 3100 ἀμυήτους
649 3032 710 3083 οὐ
747 3032 936 3101 θέμις’
980 3028 1074 3092 οὓς
1116 3032 1567 3099 κατηχουμένους
1599 3032 1677 3084 ἔτι
1709 3032 1901 3085 καλοῦ-

333 3139 459 3191 μεν,
491 3123 575 3174 ὅτι
608 3121 802 3191 μέχρις
832 3122 1025 3191 ἀκοῆς,
1058 3119 1154 3173 καὶ
1175 3120 1297 3173 ὅσον
1327 3119 1649 3176 διδασκαλία
1677 3122 1898 3175 δύναται

333 3215 521 3281 μόνον,
568 3213 661 3265 τὸν
690 3214 1118 3284 Χριστιανισμὸν
1151 3214 1477 3281 ὑπεδέξαντο
1508 3230 1525 3247 ·
1559 3214 1783 3278 τούτους
1816 3217 1901 3267 ἐκ·

329 3305 521 3358 ϐάλλει
551 3303 641 3357 τοῦ
689 3304 852 3375 χοροῦ
904 3305 1011 3359 τῶν
1049 3306 1397 3377 Χριστιανῶν
1453 3307 1676 3367 πιστῶν.
1736 3306 1900 3376 εὐχήν

330 3401 477 3471 ὑπὲρ
503 3400 683 3452 αύτῶν
711 3400 980 3468 ἀναγνοὺς
1005 3400 1294 3471 πρότερον.
1327 3399 1390 3455 Ἢ
1415 3400 1470 3452 δὲ
1502 3399 1657 3469 εὐχὴ,
1685 3398 1901 3452 τελειω-

331 3493 498 3561 θῆναι
547 3493 746 3554 αὐτοὺς
798 3491 892 3544 τοῦ
931 3492 1316 3562 βαπτίσματος
1371 3492 1702 3557 ἀξιωθέντας
1758 3492 1901 3545 κατά

330 3583 556 3652 καιρόν·
588 3582 621 3650 ἡ
665 3582 719 3634 δὲ
753 3583 903 3635 αἰτία
943 3584 1044 3652 τῆς
1095 3583 1279 3652 εύχῆς,
1338 3584 1371 3652 ἡ
1421 3580 1515 3635 τοῦ
1573 3581 1706 3634 Θεοῦ
1745 3581 1896 3646 δόξα,

337 3691 361 3723 ι
404 3672 521 3725 Ἰνα
559 3672 657 3726 καὶ
687 3673 862 3737 αὐτοὶ,
890 3675 1051 3743 φησι,
1082 3676 1179 3727 σὺν
1205 3675 1339 3745 ἡμῖν
1381 3673 1647 3739 δοξάζωσι
1678 3672 1739 3725 τὸ
1766 3673 1899 3726 πάν-

329 3783 491 3835 τιμον
520 3765 619 3819 καὶ
659 3767 1075 3838 μεγαλοπρεπὲς
1115 3766 1286 3835 δνομά
1329 3784 1457 3819 σου·
1514 3785 1533 3818 ι
1567 3766 1633 3836 ἢν
1680 3766 1775 3818 καὶ
1826 3766 1900 3828 ὡς

330 3854 645 3923 δοξολογίαν
707 3856 1034 3925 ἀναϐοήσας,
1102 3856 1192 3907 καὶ
1230 3856 1519 3917 κοινωνοὺς
1572 3853 1751 3906 λαϐὼν
1801 3854 1897 3924 τῆς

330 3947 661 4013 δοξολογέας.
689 3944 748 3997 τὸ
782 3943 984 4013 πλῆθος
1010 3945 1120 3996 τῶν
1158 3945 1384 4009 πιστῶν,
1418 3944 1586 4013 ἀλλην
1614 3944 1777 4013 εὐχὴν
1807 3944 1899 3995 εὓ-

333 4054 511 4105 χεται,
555 4036 615 4086 ἐν
744 4033 961 4104 πρῶτον
1018 4035 1117 4103 μὲν
1150 4035 1467 4106 εὐχαριστεῖ
1511 4033 1589 4103 τῷ
1622 4033 1765 4101 Θεῷ,
1818 4033 1898 4084 ὅτι

330 4129 470 4190 δλως
516 4126 725 4195 ἠξιώθη
786 4124 1015 4179 ἐνώπιον
1064 4124 1228 4179 αὐτοῦ
1278 4127 1493 4195 στῆναι,
1545 4129 1638 4177 καὶ
1709 4125 1897 4193 χεῖρας

331 4222 510 4289 αἱρεῖν
548 4217 683 4287 πρὸς
746 4216 928 4281 αὐτὸν,
981 4216 1120 4285 ὑπὲρ
1152 4214 1349 4269 ἑαυτοῦ
1402 4216 1496 4267 καὶ
1538 4213 1647 4267 τῶν
1690 4214 1894 4267 ἄλλωνο

333 4312 528 4363 ἔπειτα
580 4308 815 4361 ἱκετεύει
883 4306 1188 4375 ἀξιωθῆναι
1222 4305 1378 4359 τοῦτο
1420 4308 1596 4359 ποιεῖν
1631 4307 1720 4360 ἀεὶ
1764 4307 1900 4375 μετά

335 4402 577 4472 καθαροῦ
610 4400 925 4461 συνειδότος.
974 4401 1038 4452 Ἡ
1070 4399 1123 4451 δὲ
1153 4398 1302 4452 αἰτία
1334 4398 1430 4469 τῆς
1469 4399 1632 4469 εὐχῆς
1669 4397 1895 4468 ταύτης,

2000 1951 2232 2006 ﬁcatur?
2271 1952 2333 2005 Et
2371 1953 2462 2022 qui
2513 1961 2641 2006 sunt
2678 1950 2735 2005 bi
2767 1950 2789 2003 Ἰ
2823 1950 3087 2004 Przesules
3148 1949 3422 2013 Ecclesiae,
3470 1966 3570 2020 po-

2001 2044 2261 2112 pulorum
2312 2030 2576 2113 pastores,
2618 2043 2712 2112 qui
2751 2042 3143 2111 rempublicam
3193 2042 3469 2097 ordinant.
3504 2040 3565 2093 lli

2000 2135 2168 2200 enim,
2227 2134 2273 2189 si
2338 2142 2559 2188 servant
2609 2134 2754 2204 quod
2814 2132 3045 2201 professi
3102 2141 3251 2197 sunt,
3293 2148 3413 2202 quae
3455 2132 3568 2186 illic

2000 2226 2199 2294 scripta
2248 2235 2377 2279 sunt
2412 2226 2637 2293 pulchre
2692 2234 2912 2280 servant
2945 2234 3001 2279 et
3052 2225 3269 2287 docent,
3320 2232 3375 2277 et
3420 2224 3565 2292 quod

2001 2316 2156 2369 deest
2204 2312 2445 2379 Christo,
2503 2324 2561 2367 ut
2621 2323 2808 2369 cenSct
2871 2315 3185 2382 Apostolus,
3243 2314 3566 2382 adimplent.

2002 2414 2123 2475 post
2165 2406 2339 2470 illum,
2382 2405 2530 2459 illius
2561 2420 2774 2474 gregem
2809 2404 2883 2473 illi
2913 2404 3300 2458 convenienter
3342 2419 3569 2472 pascen-

2002 2506 2102 2550 ῑοε.
2161 2494 2430 2551 Prteterea
2488 2507 2665 2549 ιιιιιθιιι
2725 2497 2886 2550 etiam
2941 2510 3222 2549 sacrarum
3276 2494 3562 2549 domorum

2000 2595 2370 2640 cxstructores
2416 2596 2470 2639 et
2507 2596 2811 2649 curatores,
2846 2594 2895 2638 et
2949 2584 3165 2637 virtutis
3207 2583 3477 2647 doctores,
3512 2592 3568 2637 et

2002 2676 2048 2731 si
2082 2677 2174 2730 ulli
2204 2677 2695 2747 quomodocunque
2725 2676 3001 2730 communi
3033 2676 3289 2729 Ecclesiae
3316 2683 3367 2729 et
3393 2674 3566 2729 sacris

2001 2779 2128 2824 sunt
2157 2769 2339 2834 utiles,
2374 2769 2439 2823 ad
2483 2783 2607 2823 eum
2640 2784 2927 2822 numerum
2964 2767 3296 2827 referuntur,
3324 2776 3375 2820 et
3412 2780 3565 2820 eom—

2003 2875 2197 2915 munes
2244 2875 2433 2929 preces
2475 2860 2691 2929 assequi
2731 2859 2875 2929 digni
2920 2868 3064 2912 sunt.
3110 2857 3187 2910 Ad
3239 2857 3565 2911 sacrilicium

2002 2962 2179 3005 autem
2210 2950 2320 3020 jam
2355 2965 2738 3020 processurus,
2762 2951 2847 3004 cui
2882 2951 3035 3005 nefas
3063 2961 3141 3004 est
3178 2950 3442 3003 interesse
3470 2964 3567 3005 eos

2002 3043 2094 3113 qui
2127 3058 2233 3098 non
2266 3052 2396 3097 sunt
2425 3043 2701 3115 mysteriis
2746 3042 2967 3105 initiati,
3003 3056 3141 3111 quos
3178 3055 3276 3095 nos
3313 3042 3569 3096 catechu-

2004 3148 2195 3189 menos
2222 3134 2402 3189 adhuc
2433 3148 2714 3199 vocamus,
2745 3132 2892 3201 quod
2930 3131 2993 3186 ad
3029 3131 3363 3185 auditionem
3393 3146 3568 3200 usque

2002 3234 2055 3280 ct
2092 3234 2351 3295 quantum
2388 3224 2634 3279 doctrina
2669 3224 2844 3278 solum
2880 3224 3053 3285 licuit,
3083 3222 3566 3277 Christianismum

2002 3327 2388 3388 susceperunt,
2430 3332 2526 3373 eos
2577 3317 2726 3386 ejicit
2774 3332 2838 3370 ex
2882 3317 3052 3369 choro
3101 3314 3375 3381 ﬁdelium,
3428 3314 3568 3369 lecta

2002 3407 2158 3476 prius
2201 3421 2300 3474 pro
2347 3406 2427 3461 eis
2475 3408 2745 3460 oratione.
2784 3404 2973 3458 Oratio
3014 3415 3195 3457 autem
3240 3414 3342 3464 est.
3374 3414 3431 3457 ut
3465 3402 3567 3471 ipsi

2004 3495 2382 3565 perﬁciantur,
2409 3504 2624 3563 tempus
2662 3493 2919 3563 baptismi
2963 3494 3227 3547 assecuti.
3263 3494 3438 3547 Causa
3472 3508 3570 3545 au-

2004 3593 2108 3637 tem
2162 3584 2430 3638 orationis
2459 3593 2542 3639 est
2575 3583 2669 3639 Dei
2705 3584 2876 3654 gloria
2907 3602 2920 3637 :
2960 3600 2978 3633 ι
3017 3582 3082 3638 Ut
3113 3591 3167 3637 et
3211 3583 3333 3651 ipsi,
3372 3583 3566 3650 inquit,

2003 3672 2287 3726 nobiscum
2321 3673 2626 3743 gloriﬁcent
2656 3673 2805 3725 ornui
2836 3687 2900 3726 ex
2929 3682 3082 3741 parte
3110 3672 3480 3726 venerandum
3514 3681 3571 3725 et

2005 3764 2350 3831 magniﬁcum
2386 3778 2582 3817 nomen
2613 3773 2784 3816 tuum.
2820 3780 2837 3813 ι
2873 3762 3045 3827 Quam
3084 3772 3371 3831 postquam
3401 3762 3566 3815 etiam

2003 3863 2257 3922 tanquam
2288 3854 2736 3923 gloriﬁcationem
2767 3852 3102 3914 inclamavit.
3128 3862 3179 3906 et
3203 3852 3440 3906 ﬁdelium
3471 3870 3569 3922 po-

2004 3946 2191 4014 pulum
2222 3944 2639 4013 gloriﬁcationis
2670 3944 2989 4013 participem
3026 3943 3262 4011 accepit,
3290 3944 3450 3997 aliam
3485 3943 3568 3997 [ιι-

2002 4036 2076 4090 cit
2126 4036 2454 4100 orationem,
2494 4036 2545 4089 in
2595 4050 2702 4104 qua
2748 4034 2983 4104 primum
3032 4033 3252 4102 quidem
3308 4033 3416 4087 Deo
3458 4035 3569 4102 agit

2004 4121 2230 4196 gratias,
2271 4124 2418 4194 quod
2451 4125 2649 4194 dignus
2680 4124 2909 4178 omnino
2939 4124 3156 4178 habitus
3190 4124 3260 4177 sit
3291 4138 3471 4178 coram
3504 4140 3567 4178 eo

2004 4224 2171 4281 stare,
2218 4225 2273 4271 et
2318 4231 2514 4271 manus
2556 4215 2620 4269 ad
2666 4230 2788 4268 eum
2842 4215 3031 4270 tollere
3078 4229 3176 4283 pro
3218 4230 3276 4270 se
3324 4224 3376 4269 et
3415 4215 3566 4282 aliis;

2007 4315 2269 4377 praeterea
2323 4316 2465 4372 orat,
2522 4315 2581 4360 ut
2631 4306 2828 4375 dignus
2884 4320 3099 4375 semper
3148 4306 3410 4359 habeatur
3466 4306 3570 4359 hoc

2014 4399 2195 4453 facere
2226 4413 2349 4452 cum
2380 4412 2517 4468 pura
2559 4396 2918 4451 conscientia.
2958 4396 3138 4451 Causa
3182 4404 3361 4449 autem
3409 4397 3570 4466 hujus

331 4498 365 4565 ἡ
400 4493 495 4547 τοῦ
551 4491 686 4545 Θεοῦ
727 4491 886 4555 δόξα·
923 4509 943 4542 t
995 4491 1117 4543 Ὀτι
1169 4490 1252 4542 σοὶ
1298 4490 1520 4556 πρέπει,
1561 4491 1717 4561 φησι,
1754 4493 1900 4543 πᾶσα

2008 4504 2223 4561 quoque
2249 4490 2517 4543 orationis
2557 4497 2642 4544 est
2679 4489 2772 4543 Dei
2803 4490 2997 4557 gloria.
3043 4508 3060 4539 ι
3088 4488 3358 4554 Quoniam
3398 4497 3447 4542 te
3475 4490 3571 4541 de-

334 4587 483 4652 ὃόξα·
512 4605 531 4637 ι
562 4584 653 4637 καὶ
683 4582 826 4637 οὕτω
870 4582 1011 4635 κατά
1037 4582 1097 4635 τὸ
1124 4581 1311 4643 εἰωθὸς
1355 4581 1494 4651 μετά
1536 4580 1629 4633 τοῦ
1660 4579 1904 4651 πλήθους

335 4678 722 4747 δοξολογήσας,
752 4674 917 4727 πάλιν
941 4673 1029 4744 ἐφ’
1052 4673 1240 4728 ἑαυτὸν
1260 4674 1289 4725 ὁ
1320 4674 1499 4743 ἱερεὺς
1524 4670 1740 4742 εὔχεται
1762 4671 1904 4741 ὑπὲρ

336 4771 538 4834 αὐτῶν,
571 4767 788 4822 καὶτοῦ
815 4767 1074 4837 πλήθους,
1127 4764 1268 4818 ὥστε
1329 4764 1492 4820 αὑτὸν
1535 4764 1904 4832 ἀκατάκριτον

339 4862 688 4932 παραστῆναι
728 4863 792 4929 τῇ
832 4859 963 4929 ἁγίᾳ
991 4857 1274 4929 τραπέζῃ,
1333 4853 1571 4923 καθαρὸν
1621 4850 1903 4924 μολυσμοῦ

340 4954 543 5023 σαρκὸς
585 4953 676 5004 καὶ
726 4949 1064 5019 πνεύματος·
1097 4947 1223 5009 τοὺς
1252 4947 1307 4999 δὲ
1350 4945 1782 5015 συνευχομένους
1820 4962 1905 4997 πι-

338 5048 499 5107 στοὺς
532 5047 641 5095 τῶν
696 5040 1013 5111 μυστηρίων
1045 5040 1338 5107 μετασχεῖν
1385 5036 1701 5104 ἀξιωθῆναι.
1737 5035 1905 5105 χωρὶς

336 5142 528 5206 “ala;
585 5137 681 5189 aut
733 5132 1136 5202 κατακρίσεως,
1198 5132 1291 5183 καὶ
1344 5128 1481 5199 πρὸς
1539 5126 1752 5189 τούτοις
1807 5126 1903 5195 τῆς

340 5229 621 5300 βασιλείας
657 5226 766 5279 τῶν
802 5224 1047 5294 οὐρανῶν
1077 5222 1481 5292 κληρονομῆσαι
1504 5234 1521 5249 ⁸
1564 5219 1658 5270 καλ⁵
1693 5220 1727 5287 ή
1759 5219 1907 5271 αίτξα

336 5297 438 5391 τῆς
462 5322 630 5391 εύχῆς
660 5319 822 5371 πάλιν
862 5321 896 5386 ή
930 5316 1024 5370 τοῦ
1057 5316 1191 5369 Θεοῦ
1237 5314 1382 5379 δόξα,
1415 5297 1497 5376 είς
1528 5311 1594 5369 ἣν
1635 5313 1662 5363 ὁ
1697 5310 1907 5372 Παῦλος

337 5412 619 5474 ἐκέλευσε,
654 5410 830 5477 λέγων
853 5422 867 5437 ·
904 5426 922 5458 ι
970 5407 1154 5460 Πάντα
1181 5408 1257 5467 εἰς
1289 5404 1446 5468 δόξαν
1479 5400 1613 5453 Θεοῦ
1647 5402 1900 5451 ποιεῖτε.»

338 5504 512 5555 Τοῦτο
549 5506 679 5571 ἡμῖν
717 5502 855 5552 ἔστω
886 5497 1163 5567 πανταχοῦ
1200 5497 1423 5557 σκοπος,
1463 5495 1617 5561 φησὶ,
1652 5491 1739 5542 τὸν
1773 5489 1906 5541 Θεὸν

335 5593 683 5659 δοξάζεσθαι.
720 5592 785 5643 Οἱ
820 5593 1055 5661 γεωργοὶ
1082 5589 1237 5651 τέλος
1268 5586 1543 5638 ποιοῦνται
1572 5583 1680 5634 τῶν
1711 5582 1903 5645 πόνω),

338 5690 442 5755 τὴν
476 5686 651 5754 φορὰν
680 5684 790 5735 τῶν
828 5685 1078 5753 καρπῶν,
1119 5682 1204 5750 ἐφ’
1241 5674 1321 5741 οἷς
1365 5676 1645 5745 αἰροῦνται
1686 5676 1867 5725 πονεῖν
1892 5688 1904 5699 ·

336 5782 432 5832 καὶ
463 5781 512 5830 οἱ
547 5778 778 5848 ἔμπορτλι
807 5778 866 5828 τδ
908 5776 1117 5844 κέρδος,
1157 5776 1247 5827 καί
1286 5773 1439 5831 ἄλλος
1473 5770 1599 5824 ἄλλο
1635 5782 1705 5820 τι·
1746 5768 1905 5835 ὑμεῖς

2004 4591 2111 4641 cet,
2161 4580 2361 4650 inquit,
2405 4580 2588 4634 omnis
2634 4579 2837 4650 gloria;
2868 4599 2886 4631 ι
2920 4589 2973 4633 et
3015 4581 3086 4634 ita
3138 4590 3420 4649 postquam
3470 4593 3571 4648 pro

2007 4686 2158 4726 more
2183 4686 2305 4725 cum
2339 4671 2541 4742 populo
2570 4671 2918 4741 glorilicavit,
2958 4686 3152 4726 rursus
3182 4671 3324 4741 apud
3356 4686 3412 4726 se
3451 4678 3573 4724 orat

2006 4775 2106 4831 pro
2141 4762 2324 4829 seipso
2380 4771 2433 4816 et
2478 4761 2699 4831 populo,
2730 4767 2790 4814 ut
2834 4760 3077 4831 seipsum
3118 4762 3337 4823 quidem
3371 4771 3572 4816 sanctae

2005 4863 2208 4904 mensa:
2256 4863 2365 4903 non
2414 4847 2885 4904 condemnandum
2937 4848 3211 4911 exhibeat,
3262 4863 3455 4914 purum
3503 4845 3572 4900 ab

2009 4939 2424 5006 inquinamento
2467 4938 2652 4993 carnis
2692 4948 2745 4992 et
2793 4938 3067 5007 spiritus:
3115 4952 3208 4991 eos
3255 4950 3436 4991 autem
3477 4939 3568 5007 qui

2009 5044 2114 5084 una
2148 5038 2464 5099 precantur,
2499 5030 2706 5093 ﬁdeles,
2751 5039 2809 5082 ut
2837 5044 2959 5084 esse
2993 5030 3374 5099 mysteriorum
3402 5030 3573 5098 panti-

2008 5123 2156 5191 cipes
2186 5122 2334 5192 digni
2372 5122 2695 5181 habeantur,
2728 5123 2933 5191 absque
2972 5130 3122 5175 reatu
3157 5130 3209 5174 et
3243 5121 3573 5173 condemna-

2009 5217 2176 5279 tionc,
2203 5226 2256 5269 et
2284 5225 2544 5284 praeterea
2573 5214 2837 5268 caelorum
2864 5228 3031 5282 regno
3066 5212 3211 5283 digni
3245 5212 3566 5265 habeantur.

2008 5308 2076 5361 Et
2109 5306 2371 5360 orationis
2406 5321 2597 5359 rursus
2623 5321 2788 5359 causa
2816 5314 2899 5359 est
2944 5305 3040 5368 Dei
3088 5304 3284 5372 gloria,
3319 5304 3370 5355 in
3403 5315 3567 5369 quam

2010 5399 2191 5453 omnia
2239 5396 2415 5450 facere
2466 5396 2622 5465 jubet
2669 5396 2894 5459 Paulus,
2936 5397 3163 5449 dicens:
3221 5412 3238 5444 ι
3270 5393 3463 5446 Omnia
3510 5392 3567 5443 in

2011 5490 2241 5560 gloriam
2272 5488 2365 5541 Dei
2404 5488 2587 5542 facile.
2620 5504 2638 5539 ι
2684 5486 2784 5541 llic
2817 5489 2908 5548 sit,
2937 5486 3129 5554 inquit,
3164 5483 3317 5536 nobis
3356 5495 3574 5550 semper

2010 5597 2232 5651 scapus,
2264 5580 2431 5635 Deum
2481 5580 2812 5651 gloriﬁcare.
2859 5577 3120 5646 Agricola:
3173 5576 3419 5628 laborant
3469 5574 3573 5628 sibi

2015 5675 2172 5727 ﬁnem
2227 5682 2536 5740 proponunt
2569 5671 2842 5725 fructuum
2886 5668 3319 5737 productionem,
3356 5678 3574 5737 propter

2012 5778 2147 5833 quos
2177 5764 2406 5818 libenter
2436 5763 2726 5828 laborant;
2767 5769 3098 5815 mercatores
3129 5770 3308 5816 autem
3338 5762 3569 5822 lucrum,
