3992 6202
346 294 454 358 419

1601 297 1905 356 NICOLAI
1949 300 2035 358 CA
2049 302 2338 361 BASILE

3487 311 3588 377 4ἐο

344 417 399 462 et
423 405 512 458 alii
566 405 735 460 aliud.
765 403 875 461 Vos
925 415 1133 468 autem,
1169 405 1221 458 in
1266 404 1524 458 omnibus
1557 422 1676 476 qum.
1721 406 1920 470 facitis,

2029 411 2082 462 δὲ
2103 411 2159 462 ὲν
2182 412 2385 464 ἅπασιν
2405 407 2484 474 οἷς
2517 412 2750 476 ποιεῖτε,
2782 412 2880 480 τὴν
2897 412 3054 477 δόξαν
3081 413 3172 468 τοῦ
3190 415 3323 470 Θεοῦ
3355 417 3584 490 ζητεῖτε·

344 498 572 568 gloriam
613 498 700 550 Dei
744 497 991 566 quarrite.
1033 493 1187 548 Servi
1221 495 1365 548 enim
1409 511 1619 558 sumus,
1664 497 1768 550 hoc
1811 495 1915 550 Do-

349 590 500 642 mino
535 591 797 642 debentes
833 584 1220 647 ministerium,
1254 593 1314 638 ut
1347 585 1439 655 qui
1467 601 1563 654 pro
1611 588 1730 656 ipso
1765 597 1818 641 et
1848 588 1916 642 ab

344 681 505 734 initio
550 678 751 732 conditi
807 692 1019 739 sumus,
1074 687 1126 729 et
1162 684 1346 744 postea
1382 678 1589 746 empti;
1631 687 1916 747 propterea

344 770 590 824 invenies
661 767 956 822 Ecclesium
1027 766 1116 820 Dei
1151 768 1336 837 glorize
1368 754 1784 837 ubique'curam
1828 785 1917 839 ge-

346 874 483 920 rere,
517 870 570 912 et.
604 858 706 910 hoc
744 856 966 910 verbum
1001 859 1383 926 susquedeque
1432 859 1689 922 clamare,
1713 869 1766 914 ct
1797 875 1915 914 eam

343 965 441 1019 per
493 949 675 1002 omnia
725 948 968 1012 laudare,
1015 961 1067 1002 ct
1096 964 1217 1003 eam
1255 950 1438 1002 omnia
1483 950 1832 1012 existimare,
1865 959 1920 1004 et

347 1041 413 1094 ad
448 1056 566 1093 eam
598 1040 781 1093 omnia
812 1039 1013 1103 facere,
1047 1041 1346 1104 orationes,
1382 1056 1593 1108 preces,
1626 1043 1917 1111 mysterio-

347 1147 469 1184 rum
505 1146 599 1186 seu
643 1141 1108 1184 sacramentorum
1137 1132 1558 1194 celebrationes,
1590 1133 1920 1186 adhortatio-

343 1238 462 1287 nes,
493 1221 757 1291 quidquid
800 1236 1037 1276 s:icrum.
1068 1222 1128 1274 Et
1162 1223 1276 1277 haec
1311 1221 1527 1290 quidem
1570 1223 1674 1277 hoc
1733 1223 1914 1279 modo.

963 1313 1114 1366 me.
1141 1299 1338 1366 'xxw.

419 1404 492 1459 De
525 1405 910 1459 introductione
942 1420 1212 1458 sacrorum
1259 1405 1515 1460 donorum
1549 1406 1618 1460 ad
1656 1405 1846 1461 altare.

417 1584 690 1639 Sacerdos
727 1592 934 1644 autem.
980 1596 1270 1653 pOSIquam
1317 1601 1439 1640 cum
1480 1585 1714 1639 clamore
1753 1585 1919 1640 Deum

345 1677 689 1747 glorilicavit,
724 1677 870 1728 venit
898 1675 963 1729 ad
991 1677 1156 1737 dona,
1191 1688 1241 1728 et
1275 1693 1397 1729 cum
1443 1692 1505 1730 ca
1545 1677 1596 1730 in
1622 1687 1782 1745 caput
1812 1677 1924 1730 val-

345 1773 412 1827 do
449 1773 676 1826 honeste
701 1778 755 1823 et
783 1779 1092 1824 reverenter
1141 1772 1381 1834 sustulit,
1411 1773 1686 1841 egreditur
1719 1788 1733 1836 ;
1774 1772 1922 1850 etsic

345 1880 410 1919 ea
467 1865 666 1926 ferens,
719 1862 866 1914 ducit
907 1863 969 1914 ad
1032 1862 1226 1926 altare,
1262 1863 1328 1916 de
1391 1863 1658 1918 industria
1689 1865 1923 1918 circum-

347 1955 556 2010 durcns
615 1955 667 2006 in
723 1952 926 2022 templo
968 1963 1188 2021 propter
1218 1954 1500 2022 populum,
1532 1955 1712 2024 quiete
1747 1965 1797 2008 et
1829 1969 1922 2025 pe-

347 2047 624 2100 detentim.
664 2045 766 2115 Ipsi
809 2055 991 2098 autem
1026 2054 1249 2108 canunt,
1284 2055 1552 2116 eugrnua
1595 2062 1717 2099 cum
1774 2046 1919 2099 omni

346 2136 647 2191 reverentia
675 2144 728 2189 et
775 2135 1034 2204 religione
1087 2135 1387 2197 inllecmnt,
1449 2146 1700 2206 rogantes
1741 2147 1796 2191 ut
1828 2153 1918 2190 eo-

348 2245 464 2282 rum
497 2229 567 2282 sit
615 2242 822 2282 memor
870 2228 921 2279 in
971 2227 1238 2280 donorum
1269 2229 1562 2282 oblatione.
1595 2229 1712 2298 Ipse
1740 2239 1919 2284 autem

344 2323 611 2394 procedit,
641 2321 931 2376 comitatus
966 2321 1307 2388 lampadibus
1357 2330 1411 2374 et
1443 2321 1737 2386 sultitibns,
1762 2333 1815 2376 et
1849 2322 1921 2377 ita

351 2433 410 2471 se
443 2417 672 2478 habens,
707 2415 871 2468 altare
899 2416 1224 2484 ingreditur.
1256 2415 1378 2470 llzec
1413 2427 1592 2469 autem
1637 2418 1770 2470 liunt
1801 2418 1922 2484 qui-

347 2510 470 2560 dem
505 2508 568 2560 ad
605 2523 761 2561 usum
801 2525 816 2573 ;
857 2508 1140 2577 oportebat
1175 2509 1319 2562 enim
1363 2509 1546 2562 aﬂ'erri
1591 2518 1643 2561 et
1676 2509 1728 2562 in
1766 2508 1920 2562 altari

350 2600 532 2667 reponi
571 2598 711 2651 dona
772 2612 893 2667 quae
960 2608 1087 2651 sunt
1130 2599 1522 2662 saerilicanda,
1568 2598 1731 2668 idque
1794 2615 1918 2653 cum

349 2705 511 2758 quam
545 2689 779 2742 inalimo
810 2688 921 2740 ﬁeri
953 2699 1133 2757 potest
1166 2689 1372 2742 honore
1411 2700 1464 2741 et
1499 2691 1814 2744 tevrrentia.
1846 2691 1920 2744 Ita

349 2782 492 2832 enim
527 2777 1014 2832 introducebantur
1057 2779 1196 2831 dona
1237 2780 1325 2832 Dei
1389 2781 1825 2849 quandoquidem
1864 2792 1917 2836 ct

351 2888 523 2940 reges,
581 2887 704 2925 cum
733 2879 1006 2940 oporteret
1056 2873 1203 2939 ipsos
1237 2871 1346 2925 Deo
1377 2873 1516 2925 dona
1553 2871 1772 2938 otIerrc,
1810 2888 1917 2928 re:n

353 2979 454 3015 non
492 2963 611 3015 aliis
666 2962 1102 3023 committebant,
1129 2963 1220 3016 sed
1254 2963 1353 3030 ipsi
1381 2979 1473 3032 per
1496 2963 1703 3032 seipsos
1741 2964 1919 3018 fcrcnu

352 3064 453 3117 tes,
486 3069 546 3105 ea
573 3052 818 3106 coronati
852 3052 1290 3106 introducebant.

426 3141 660 3195 Possunt
702 3152 881 3195 autem
932 3142 1043 3194 lncc
1084 3142 1246 3195 etiam
1311 3141 1510 3195 habere
1566 3141 1921 3212 signiﬁcatio-

355 3249 478 3287 nem
513 3233 713 3285 ultimm
736 3231 937 3286 Christi
972 3232 1321 3294 ostensionis,
1355 3247 1451 3301 per
1483 3246 1646 3299 quam
1685 3234 1920 3288 maxime

354 3324 704 3376 llobrworum
745 3323 1002 3376 invidiam
1041 3323 1317 3386 accendit.
1350 3323 1568 3393 quando
1595 3323 1759 3377 etiam
1797 3339 1921 3393 pro-

353 3417 526 3468 fectus
581 3424 664 3469 est
697 3413 782 3467 via
824 3429 945 3482 qua;
969 3414 1119 3467 ducit
1152 3431 1180 3468 a
1208 3413 1380 3482 patria
1432 3414 1484 3467 in
1519 3414 1843 3478 Jerusalem,
1869 3420 1922 3470 in

355 3519 462 3572 qua
495 3505 782 3571 oportebat
838 3519 961 3558 eum
1005 3504 1329 3572 sacrificari,
1359 3506 1577 3575 quando
1611 3516 1663 3561 ct
1721 3508 1774 3560 in
1808 3508 1923 3562 asi-

364 3609 435 3646 no
474 3601 662 3648 vectus
704 3596 889 3648 urbem
954 3594 1232 3662 ingressus
1277 3608 1378 3662 est,
1431 3613 1458 3650 a
1525 3599 1713 3654 multis
1757 3599 1924 3655 dedit-

353 3696 496 3750 ctus,
545 3698 599 3741 et
638 3687 864 3742 canticis
907 3688 1235 3742 celebratus.
1289 3691 1510 3758 Oportet
1555 3701 1734 3744 autem
1762 3693 1922 3746 etiam

355 3791 485 3834 tunc
538 3780 602 3832 ad
631 3779 930 3834 sacerdotis
956 3795 1129 3848 genua
1155 3780 1457 3848 procidere,
1476 3791 1525 3837 et
1550 3797 1710 3838 orare
1731 3795 1787 3838 ut
1819 3785 1925 3840 illis

354 3871 698 3926 orationibus
762 3873 931 3926 nostri
997 3873 1328 3930 meminerit.
1381 3871 1568 3944 Neque
1633 3877 1778 3930 enim
1843 3884 1926 3930 est

356 3965 495 4017 alius
529 3965 715 4018 motus
744 3963 1159 4033 supplicationis
1188 3967 1278 4036 qui
1303 3976 1512 4020 tantum
1538 3969 1730 4038 possit,
1757 3977 1808 4023 et
1831 3968 1922 4038 qui

355 4053 530 4122 magis
578 4055 788 4105 tirntam
841 4062 894 4106 et
921 4055 1177 4109 stabilem
1239 4057 1397 4110 nobis
1445 4072 1594 4125 spem
1649 4059 1920 4126 praebeat.

356 4160 518 4213 quam
550 4149 639 4213 qui
672 4144 730 4198 lit
756 4160 853 4214 per
882 4145 986 4199 hoc
1010 4145 1378 4201 venerandum
1406 4147 1754 4212 sacriﬁcium,
1782 4151 1924 4218 quod

356 4237 661 4304 impietates
723 4243 776 4288 et.
819 4236 1138 4303 iniquitates
1195 4239 1382 4290 mundi
1418 4240 1588 4308 gratis
1647 4239 1922 4309 purgavit.

362 4324 416 4379 Si
447 4325 540 4394 qui
580 4335 760 4380 autem
793 4341 982 4380 eorum
1030 4327 1124 4394 qui
1163 4327 1445 4382 sacerdote
1480 4343 1606 4383 eum
1653 4331 1814 4385 donis
1845 4331 1926 4385 in-

2018 501 2206 555 Δοῦλοι
2247 504 2354 573 γάρ
2403 504 2569 573 ἐσμεν
2591 546 2606 569 ,
2651 505 2859 574 ταύτην
2885 506 3192 574 ὀφείλοντες
3226 510 3303 577 τῷ
3337 512 3588 583 Δεσπότῃ

2017 594 2118 662 τὴν
2155 594 2455 657 διακονίαν,
2501 597 2576 655 ὡς
2624 597 2690 649 ἂν
2729 598 2869 668 ὑπὲρ
2901 600 3090 669 αὐτῆς,
3133 602 3227 653 καὶ
3279 603 3592 666 κτισθέντες

2019 685 2112 738 ὑπ’
2143 685 2344 751 αὐτοῦ,
2382 686 2477 756 τὴν
2525 687 2725 757 ἀρχὴν,
2774 691 2869 740 καί
2899 689 3126 759 ὕστερον
3165 691 3588 759 ἀγορασθέντες.

2023 779 2126 830 Διά
2153 776 2312 829 τοῦτο
2363 777 2460 847 τὴν
2506 778 2835 848 Ἐκκλησίαν
2870 782 3124 851 εὑρήσεις
3154 783 3253 850 τῆς
3284 783 3443 851 δόξης
3493 786 3587 838 τοῦ

2018 866 2154 919 Θεοῦ
2195 867 2586 936 φροντίζουσαν
2623 868 2900 937 πανταχοῦ
2931 908 2945 933 ,
3003 871 3094 923 καὶ
3141 871 3286 923 τοῦτ’
3339 872 3452 925 ἄνω
3499 877 3592 926 καὶ

2018 960 2170 1010 κάτω
2187 957 2398 1028 βοῶσαν
2419 957 2478 1010 τὸ
2506 960 2657 1028 ῥῆμα
2677 1001 2692 1024 ,
2712 962 2804 1013 καὶ
2828 959 3028 1030 ταύτην
3047 960 3132 1013 διὰ
3154 961 3369 1015 πάντων
3391 964 3590 1030 ὑμνοῦ‹

2023 1069 2142 1113 σαν,
2168 1054 2260 1105 καὶ
2280 1055 2455 1106 πάντα
2496 1053 2663 1123 αὐτὴν
2687 1055 3017 1124 ἡγουμένην,
3059 1056 3154 1106 καί⁵
3203 1055 3338 1124 προς
3382 1055 3588 1127 ταύτην

2023 1145 2199 1198 πάντα
2223 1146 2600 1212 ποιοῦσαν,τὰς
2619 1145 2782 1215 εὐχὰς
2798 1187 2811 1206 ,
2835 1148 2931 1203 τὰς
2953 1146 3187 1215 δεήσεις,
3212 1147 3308 1205 τὰς
3338 1148 3589 1217 μυήσεις,

2018 1235 2118 1299 τὰς
2172 1238 2543 1307 παραινέσεις,
2561 1238 2666 1290 πᾶν
2719 1237 3016 1306 ἰερόν.Καί.
3036 1237 3205 1291 ταῦτα
3243 1238 3342 1306 μὲν
3391 1238 3582 1300 οὕτως.

2597 1330 2850 1385 ΚΕΦΑΛ.
2899 1333 3026 1384 ΚΔ’.

2021 1423 2158 1490 Περὶ
2195 1421 2305 1491 τῆς
2356 1423 2443 1487 είς
2493 1422 2558 1475 τὸ
2609 1423 3046 1494 θυσιαστήριον
3087 1423 3420 1494 εἰσαγωγῆς
3468 1423 3585 1476 τῶν

2574 1493 2785 1560 τιμίων
2811 1492 3036 1561 δώρων.

2106 1583 2166 1638 Ὀ
2200 1585 2255 1637 δὲ
2302 1586 2478 1655 ἱερεὺς
2535 1584 2630 1655 βοῇ
2668 1585 2759 1637 τὸν
2807 1587 2936 1638 Θεὸν
2987 1586 3344 1656 δοξολογήσας
3369 1587 3586 1656 ἔρχεται

2027 1677 2120 1729 ἐπὶ
2151 1678 2217 1730 τὰ
2257 1676 2423 1747 δῶρα.
2459 1678 2549 1728 καὶ
2600 1677 2921 1746 ἀνελόμενος
2967 1679 3060 1729 ἐπὶ
3098 1679 3195 1746 τῆς
3231 1679 3473 1748 κεφαλῆς
3503 1697 3588 1731 κο⁹

2031 1768 2225 1834 σμίως,
2269 1769 2476 1828 ἕξεισιο
2531 1769 2624 1820 καὶ
2674 1768 2845 1829 οὕτως
2903 1769 3040 1822 αὐτὰ
3094 1770 3357 1839 κομίζων,
3395 1771 3483 1823 ἐπὶ
3531 1771 3588 1823 τ’)

2030 1858 2420 1928 θυσιαστήριον
2445 1861 2674 1927 εἰσάγει,
2702 1865 2976 1929 περιάγων
3003 1863 3247 1931 ἐπίτηδες
3270 1866 3327 1916 ἐν
3350 1864 3428 1931 τῷ
3452 1865 3589 1934 ναῷ,

2030 1947 2190 2017 σχολῇ
2229 1951 2320 2001 καὶ
2356 1948 2541 2019 βάδην.
2592 1953 2698 2002 Καὶ
2751 1953 2902 2003 αὐτοὶ
2953 1953 3167 2024 ᾅδουσι,
3215 1957 3306 2006 καὶ
3358 1956 3590 2024 προσπί-

2032 2055 2255 2092 πτουσιν
2286 2039 2453 2110 αὐτῷ,
2491 2043 2587 2093 civ
2617 2042 2754 2093 αἰδοῖ
2786 2044 2930 2112 πάσῃ
2973 2045 3064 2096 καὶ
3093 2045 3366 2115 εὐλαϐείᾳ,
3397 2046 3590 2114 626p:-

2029 2149 2109 2184 νοι
2139 2133 2359 2202 μνήμης
2400 2135 2530 2201 παρ’
2575 2132 2722 2202 αὐτῷ
2770 2137 2974 2203 τυχεῖν,
3031 2138 3086 2186 ἐν
3127 2139 3190 2206 τῇ
3240 2137 3347 2188 τῶν
3399 2137 3588 2206 δώρων

2030 2228 2387 2294 προσαγωγῇ.
2448 2226 2558 2278 Kal.
2617 2225 2779 2287 αὐτὸς
2848 2231 3019 2295 χωρεῖ
3081 2231 3430 2297 πεμπόμενος
3482 2232 3590 2283 ὑπ’)

2029 2315 2280 2384 λαμπάσι
2308 2317 2402 2370 καὶ
2432 2317 2738 2387 θυμιάμασι
2762 2335 2776 2349 ·
2817 2320 2910 2372 καὶ
2931 2319 3103 2384 οὕτως
3135 2321 3292 2392 ἔχων,
3318 2323 3376 2374 τδ
3405 2322 3590 2374 θυσια-

2030 2411 2249 2477 στήριον
2295 2409 2624 2478 εἰσέρχεται.
2681 2410 2862 2464 Ταῦτα
2912 2412 2967 2464 δὲ
3022 2412 3232 2480 γίνεται
3285 2413 3384 2483 μὲν
3441 2417 3584 2465 κατὰ

2029 2501 2248 2570 χρείαν·
2307 2499 2412 2552 ἔδει
2447 2501 2557 2570 γὰρ
2606 2502 2912 2572 ἐνεχθῆναι,
2954 2503 3047 2556 καὶ
3095 2504 3170 2576 τῷ
3216 2504 3584 2574 θυσιαστηρίῳ

2029 2591 2367 2660 ἁποτεθῆναι
2394 2592 2460 2644 τὰ
2493 2592 2717 2645 θύεσθαι
2757 2593 3017 2662 μέλλοντα
3064 2595 3210 2664 δῶρα
3232 2607 3247 2622 ⁸
3300 2597 3396 2647 καὶ
3430 2598 3587 2648 τοῦτο

2029 2683 2242 2752 σεμνῶς
2271 2682 2345 2745 ὡς
2373 2681 2548 2747 ἔξεστι
2575 2685 2668 2735 καί.
2698 2686 2960 2754 κοσμίως.
2996 2685 3150 2738 Οὕτω
3173 2687 3278 2755 γὰρ
3309 2689 3588 2755 εἰσήγοντο

2027 2775 2092 2826 τὰ
2125 2773 2271 2845 δῶρα
2303 2774 2392 2828 τοῦ
2434 2773 2602 2828 Θεοῦο
2655 2775 2776 2828 ἐπεὶ
2823 2776 2918 2828 καὶ
2959 2778 3008 2828 οἱ
3043 2773 3280 2846 βασιλεῖς
3321 2777 3467 2843 δῶρα
3501 2777 3585 2844 τῷ

2027 2865 2144 2934 Θεῷ
2182 2865 2484 2934 προσάγειν
2515 2865 2713 2932 δεῆσαν
2745 2866 2944 2928 αὐτοῖς,
2995 2867 3092 2918 οὐκ
3136 2866 3312 2928 ἄλλοις
3350 2869 3408 2917 τὸ
3445 2870 3585 2936 πρᾶ-

2028 2973 2145 3024 γμα
2185 2955 2526 3025 ἐπέτρεπον,
2577 2956 2693 3008 ἀλλ’
2737 2956 2890 3010 αὑτοὶ
2921 2956 2988 3008 δι’
3021 2957 3227 3009 ἑαυτῶν
3270 2958 3588 3026 κομίζοντες

2028 3046 2247 3116 εἰσῆγον
2279 3047 2441 3112 αὐτὰ,
2475 3048 2928 3116 ἐστεφανωμένοι.

2099 3142 2331 3192 Δύναται
2360 3140 2414 3192 δὲ
2450 3139 2619 3192 ταῦτα
2640 3143 2732 3193 καὶ
2757 3142 3028 3210 σημασίαν
3058 3142 3198 3211 ἔχειν
3227 3143 3323 3211 τῖς
3355 3143 3589 3212 indu};

2026 3228 2122 3283 τοῦ
2179 3229 2417 3299 Χριστοῦ
2467 3229 2811 3294 ἀναδείξεως,
2843 3231 2962 3284 καθ’
2995 3230 3060 3299 ἦν
3114 3231 3341 3299 μάλιστα
3375 3232 3468 3302 τὴν
3493 3232 3592 3301 βα-

2028 3321 2253 3374 σκανίαν
2305 3320 2411 3372 τῶν
2475 3320 2743 3390 Ἐϐραίων
2806 3321 3044 3390 ἀνῆψεν,
3108 3322 3267 3391 ἡνίκα
3322 3327 3415 3375 καὶ
3468 3324 3588 3375 όδὶν

2033 3412 2309 3466 ἐστείλατο
2343 3412 2442 3481 τὴν
2493 3413 2597 3464 ἀπὸ
2645 3414 2741 3481 τῆς
2773 3415 3025 3484 πατρίδος
3072 3419 3165 3469 ἐπὶ
3211 3415 3590 3485 Ἰερουσαλὴμ,

2030 3506 2089 3557 ὲν
2190 3502 2414 3556 θύεσθαι
2466 3503 2573 3555 ἔδει
2599 3518 2613 3533 ’
2651 3504 2740 3556 ὅτε
2795 3507 2887 3557 καὶ
2928 3505 3220 3575 ὀχούμενος
3270 3507 3439 3578 εἰσῄει
3487 3507 3591 3576 τὴν

2029 3597 2206 3659 πόλιν,
2241 3595 2344 3646 ὑπὸ
2377 3594 2586 3646 πολλῶν
2635 3598 3138 3666 παραπεμπόμενος
3190 3599 3283 3650 καὶ
3317 3598 3591 3666 ὑμνούμε-

2031 3705 2142 3748 νος.
2173 3689 2266 3738 Δεῖ
2289 3687 2344 3738 δὲ
2370 3687 2734 3756 προσπίπτειν
2764 3689 3060 3757 τηνικαῦτα
3089 3689 3184 3741 καὶ
3209 3689 3285 3758 τῷ
3318 3691 3470 3759 ἱερεῖ,
3495 3692 3591 3741 καὶ

2028 3777 2234 3831 δεῖσθαι
2279 3779 2364 3832 ἵνα
2400 3780 2556 3848 ἡμῶν
2590 3781 2646 3832 ὲν
2679 3783 2799 3842 ταῖς
2847 3781 3032 3849 εὐχαῖς
3076 3781 3312 3844 ἐκείναις
3352 3781 3590 3851 μνησθῇ.

2032 3870 2154 3922 Ὀτι
2196 3870 2298 3923 οὐκ
2347 3871 2492 3924 ἔστιν
2537 3871 2693 3934 ἄλλος
2721 3872 2916 3940 τρόπος
2962 3872 3166 3933 ἱκεσίας
3205 3872 3346 3925 οὕτω
3383 3875 3590 3942 μεγάλα

2031 3961 2354 4031 δυνάμενος,
2386 3965 2480 4015 καὶ
2529 3962 2753 4031 βεϐαίας
2783 3965 3160 4032 παρεχόμενος
3206 3966 3338 4033 ἡμῖν
3378 3965 3475 4026 τὰς
3505 3965 3583 4016 ελ.

2037 4055 2216 4118 πίδας,
2262 4053 2450 4124 ὥσπερ
2479 4057 2507 4108 ό
2534 4056 2620 4108 διὰ
2662 4055 2760 4125 τῆς
2786 4057 3092 4124 φρικώδους
3134 4056 3337 4126 ταύτης
3376 4057 3588 4118 θυσίας,

2029 4146 2062 4213 ἢ
2090 4147 2188 4207 τὰς
2219 4146 2472 4209 ἀσεϐείας
2513 4148 2606 4200 καί
2639 4147 2738 4210 τὰς
2778 4148 3006 4217 ἀνομίας
3037 4145 3327 4215 έκαθάρισε
3361 4147 3588 4215 δωρεάν.

2031 4237 2094 4290 Εἰ
2135 4238 2189 4290 δέ
2223 4254 2365 4300 τινες
2402 4237 2512 4290 τῶν
2559 4238 3008 4306 προσπιπτόντων
3057 4236 3281 4289 εἱσιόντι
3315 4239 3452 4306 μετά
3483 4238 3590 4290 τιτν

2029 4329 2216 4399 δώρων
2252 4328 2328 4396 τῷ
2386 4330 2552 4399 ἱερεῖ,
2601 4329 2676 4392 ὡς
2725 4331 2882 4399 σῶμα
2935 4327 3173 4400 Χριστοῦ
3227 4331 3317 4381 καὶ
3355 4323 3494 4397 αἷμα
3524 4329 3592 4379 τὰ

360 4417 636 4484 gredicnte
661 4416 806 4468 humi
831 4415 1214 4484 procumbunt,
1237 4429 1492 4486 tanquam
1517 4433 1715 4486 corpus
1732 4430 1782 4474 ct
1804 4436 1920 4475 san-

2033 4419 2367 4487 κομιζόμενα
2390 4418 2540 4489 δῶρα
2571 4420 2934 4488 προσκυνοῦσι
2967 4420 3062 4472 καὶ
3091 4419 3450 4485 διαλέγονται,
3488 4417 3594 4469 ἀπὸ

362 4507 577 4575 guinem
609 4506 837 4570 Christi,
865 4506 1008 4560 dona
1034 4523 1156 4577 qua:
1189 4507 1465 4574 deferunt,
1497 4510 1728 4564 adorant
1756 4525 1807 4564 et
1840 4513 1919 4566 al-

361 4597 680 4664 loquuntur,
713 4597 781 4651 ab
813 4597 1059 4666 ingressu
1114 4601 1689 4668 prarsanctilicatorum
1751 4605 1924 4658 dono-

360 4705 482 4742 rum
517 4689 725 4759 deccpti
757 4700 904 4755 sunt,
938 4691 1255 4758 ignorantes
1279 4694 1636 4750 dilferentiam
1673 4698 1829 4766 hujus
1872 4709 1925 4752 et

361 4779 507 4834 illius
541 4781 815 4836 sacrilicii.
850 4780 963 4836 Hoc
988 4783 1131 4857 enim
1166 4784 1219 4838 in
1253 4784 1369 4854 ipso
1401 4786 1652 4857 ingressu
1698 4806 1804 4842 non
1833 4806 1922 4844 sa-

362 4870 604 4925 critieala
658 4871 822 4927 habet
878 4873 1044 4938 dona,
1088 4883 1144 4928 et
1206 4877 1443 4930 nondum
1497 4879 1923 4946 perfecta:illnd

363 4973 568 5029 autem,
597 4965 834 5032 perlecta
853 4975 907 5018 et
938 4965 1298 5029 sanetilieata,
1327 4977 1378 5020 ct
1405 4982 1605 5037 corpus
1635 4971 1924 5040 etsangui-

365 5067 486 5107 nem
518 5054 738 5108 Chrisd.
777 5054 843 5108 Et
877 5055 991 5109 ιιωο
1024 5055 1240 5124 quidem
1267 5057 1348 5111 sic
1386 5057 1608 5112 habent.

959 5167 1111 5223 CAP.
1143 5168 1288 5222 XXV

371 5278 444 5330 Dc
480 5281 718 5348 precibus
769 5288 883 5348 post
910 5281 1263 5347 pretiosorum
1291 5281 1546 5336 donorum
1578 5285 1928 5340 introductio-

518 5367 655 5411 nem,
710 5359 754 5401 et
789 5350 1058 5417 μναῖαι-μηδ
1082 5354 1365 5405 sacerdotis
1396 5353 1464 5405 ad
1498 5355 1769 5423 populum.

441 5497 707 5552 Sacerdos
750 5509 930 5552 autem
959 5501 1099 5553 dona
1151 5504 1362 5570 quidem
1395 5505 1546 5572 ponit
1578 5522 1738 5575 super
1779 5524 1929 5563 men-

373 5601 488 5637 sunt
516 5604 530 5650 °,
588 5589 924 5657 ipscautcm,
962 5601 1021 5645 ut
1051 5594 1140 5660 qui
1166 5593 1280 5661 jam
1329 5608 1572 5650 Versetur
1605 5601 1654 5651 in
1687 5602 1927 5669 mysterii

371 5678 752 5743 celebratione,
787 5691 839 5736 et
868 5685 1229 5738 venerandam
1256 5687 1325 5740 sit
1355 5689 1586 5742 hostium
1624 5703 1896 5745 contrectat

2024 4510 2121 4578 τῆς
2181 4509 2389 4562 εἰσόδου
2443 4511 2552 4562 τῶν
2591 4513 3047 4581 προηγιασμένων
3089 4511 3277 4579 δώρων
3308 4509 3594 4580 ἠπατήθη·

2027 4617 2167 4663 σαν,
2222 4601 2592 4671 ἀγνοήσαντες
2643 4603 2739 4670 τὴν
2803 4601 3064 4671 διαφορὰν
3121 4602 3220 4670 τῆς
3281 4599 3592 4670 ἱερουργίας

2028 4690 2232 4758 ταύτης
2262 4691 2541 4761 κάκείνης.
2581 4693 2726 4762 Αὐτὴ
2759 4693 2856 4762 μὲν
2886 4693 2994 4762 γὰρ
3019 4694 3077 4746 ὲν
3101 4692 3275 4763 ταύτῃ
3307 4693 3373 4762 τῇ
3404 4692 3592 4757 εἰσόδῳ

2025 4779 2201 4832 ἄθυτα
2233 4780 2347 4848 ἔχει
2379 4780 2448 4832 τὰ
2479 4781 2648 4848 δῶρα,
2683 4786 2778 4837 καὶ
2805 4784 2960 4836 οὔπω
2990 4784 3378 4849 τετελεσμένα·
3408 4783 3593 4848 ἐκείνη

2025 4873 2082 4925 δὲ
2116 4873 2314 4937 τέλεια,
2356 4875 2448 4926 καὶ
2488 4877 2819 4944 ἡγιασμένα,
2851 4877 2947 4931 καὶ
2976 4877 3136 4946 σῶμα
3166 4876 3262 4929 καί.
3281 4871 3418 4944 αἷμα
3453 4873 3591 4944 Χρι-

2029 4962 2176 5015 στοῦ.
2221 4966 2330 5016 Καὶ
2364 4964 2534 5018 ταῦτα
2569 4967 2666 5036 μὲν
2696 4966 2888 5031 οὕτως.

2604 5161 2853 5221 ΚΕΦΑΛ.
2888 5168 3018 5222 ΚΕ’.

2030 5276 2168 5349 Περὶ
2203 5275 2317 5349 τῶν
2357 5280 2510 5349 μετὰ
2557 5277 2670 5342 τὴν
2713 5281 3057 5349 εἰσαγωγὴν
3086 5281 3204 5334 τῶν
3265 5280 3465 5346 δώρων
3493 5281 3592 5333 καί

2099 5345 2318 5468 sul-5.62;,
2347 5347 2445 5398 καὶ
2477 5345 2898 5416 παραγγελιῶν·
2934 5345 3039 5405 τοῦ
3088 5352 3284 5418 ἱερέως
3330 5345 3476 5416 πρὸς
3527 5352 3596 5401 τὸ

2107 5431 2162 5467 π.
2196 5434 2228 5480 η
2270 5433 2357 5481 ος.

2111 5507 2171 5556 Ὀ
2203 5507 2257 5556 δὲ
2287 5506 2467 5576 ἱερεὺς
2509 5508 2578 5562 τὰ
2622 5509 2721 5578 μὲν
2747 5511 2894 5581 δῶρα
2924 5513 3107 5580 τίθησι
3139 5513 3232 5565 ἐπὶ
3261 5513 3360 5582 τῆς
3388 5513 3596 5582 τραπέ-

2032 5597 2128 5666 ζης
2152 5614 2164 5626 '
2199 5599 2362 5660 αὐτὸς
2407 5600 2464 5652 δὲ
2513 5601 2587 5663 ὡς
2620 5603 2719 5672 ἢδη
2755 5605 2888 5672 πρὸς
2921 5608 2986 5674 τῇ
3028 5605 3250 5674 τελευτῇ
3284 5607 3594 5674 γενόμενος,

2036 5695 2128 5742 καὶ
2165 5693 2372 5762 μέλλων
2407 5697 2505 5764 τῆς
2539 5698 2774 5766 φρικτῆς
2803 5698 3066 5750 ἅπτεσθαι
3106 5698 3321 5763 θυσίας,
3358 5698 3432 5748 ἔτι
3468 5699 3597 5749 seu?
