3992 6202
424 345 531 408 4'23

1686 327 1999 394 NICOLAI
2037 323 2426 386 CABASIL/E

3564 318 3670 386 421,

417 451 744 510 bitationem
774 451 1013 523 aliquam
1041 451 1108 506 de
1165 451 1267 503 hac
1297 448 1400 503 ﬁde
1435 445 1488 499 in
1517 443 1701 500 anima
1735 452 1992 509 suscepe'

2102 439 2208 500 τοῖς
2229 434 2630 506 ἀμφιϐολογίαν
2658 434 2780 489 τινὰ
2802 432 2933 504 περὶ
2971 434 3070 502 τῆς
3110 431 3350 494 πίστεως
3385 430 3590 502 ταύτης
3608 435 3673 485 ἐν

420 553 570 600 runt.
603 543 678 596 Ita
727 543 955 597 ﬁrmiter
1005 542 1059 596 i-n
1097 539 1200 594 ﬁde
1231 539 1528 604 stantibus,
1572 535 1771 605 inquit,
1825 532 1986 587 etiam

418 636 686 689 donorum
718 641 1028 687 nostrorum
1057 631 1124 684 ad
1145 629 1312 684 Deum
1343 625 1548 682 oblatio
1582 622 1879 681 secundum
1908 635 1996 674 ra-

420 726 624 779 tionem
659 722 772 775 ﬁat.
797 720 935 786 Quid
963 728 1143 774 autem
1180 717 1482 774 secundum
1541 716 1809 771 rationem
1835 714 1859 768 ?
1887 731 1906 766 ι
1932 712 1991 766 In

423 831 578 886 pace.
612 833 629 865 ι
668 813 1049 878 Attendamus,
1087 812 1288 880 inquit,
1311 821 1557 866 sanctam
1584 807 1911 864 oblationem
1936 804 1990 858 in

423 921 555 977 pace
588 905 804 960 offerre.
835 904 1220 959 Recordemini
1246 903 1390 958 enim
1421 901 1712 956 verborum
1742 896 1993 953 Domini:

427 1018 445 1047 ι
474 998 529 1052 Si
558 996 757 1051 oﬂ'eras
784 1012 984 1052 munus
1011 1007 1185 1060 tuum,
1235 1005 1290 1050 et
1311 993 1632 1050 recordatus
1660 991 1828 1046 fueris
1847 988 1995 1061 quod

422 1092 585 1143 habet
640 1089 912 1157 quispiam
962 1088 1168 1157 aliquid
1219 1089 1483 1143 adversus
1511 1095 1584 1149 te,
1634 1090 1871 1154 primum
1904 1097 1995 1136 re-

421 1179 745 1241 conciliare,
776 1179 979 1234 deinde
1002 1178 1270 1234 accedens
1297 1220 1314 1246 ,
1353 1179 1487 1234 oll‘er
1517 1192 1718 1232 munus
1757 1185 1931 1230 tuum.
1971 1191 1990 1224 ι

421 1269 638 1325 Fideles
698 1283 877 1324 autem
932 1271 1265 1340 respondent
1299 1288 1314 1325 :
1355 1289 1373 1322 ι
1414 1268 1707 1324 Oll‘erimus
1742 1281 1853 1320 non
1903 1279 1998 1320 so-

421 1359 532 1413 lutn
563 1377 687 1414 cum
728 1375 881 1430 pace.
920 1361 1012 1415 sed
1035 1362 1198 1415 etiam
1229 1362 1402 1430 ipsam
1438 1375 1625 1430 pacem
1657 1359 1777 1414 loco
1807 1371 1996 1411 mune-

421 1450 500 1503 ris
539 1459 594 1503 et
644 1450 788 1503 alius
833 1449 1118 1504 sacriﬁcii.
1157 1469 1176 1502 ι
1239 1449 1671 1506 Misericordiam
1711 1444 1996 1502 oﬂerimus

419 1541 466 1592 ei
498 1540 592 1609 qui
625 1540 803 1594 dixit:
843 1558 861 1591 ι
890 1539 1326 1595 Misericordiam
1387 1540 1532 1602 volo,
1577 1547 1632 1593 et
1687 1552 1798 1592 non
1828 1535 1998 1591 sacri-

423 1631 627 1685 ﬁcium.
674 1648 692 1680 ι
736 1631 1104 1685 Misericordia
1152 1645 1334 1686 autem
1382 1639 1466 1686 est
1523 1628 1691 1684 fretus
1722 1629 1896 1685 ﬁrmae
1939 1634 1996 1681 et

421 1736 572 1790 pura:
598 1721 746 1789 pacis
780 1739 793 1788 ;
823 1723 1044 1790 quando
1075 1722 1219 1774 enim
1261 1722 1501 1774 animam
1532 1719 1681 1774 nulla
1713 1716 1997 1787 perturbat

2104 530 2169 597 τῇ
2206 527 2352 597 ψυχῇ
2401 525 2738 598 δεξαμένοις.
2772 524 2927 579 Οὕτω
2955 525 3010 578 δὲ
3054 523 3286 596 βεϐαίως
3317 523 3568 580 ἑστώτων
3613 528 3677 579 ἐν

2104 623 2170 690 τῇ
2201 620 2404 685 πίστει,
2450 621 2603 692 φησὶ,
2638 621 2734 674 καὶ
2774 623 2807 688 ἠ
2841 621 2950 674 τῶν
2994 621 3182 690 δώρων
3224 619 3388 690 ἡμῶν
3418 620 3553 690 πρὸς
3582 621 3678 673 τὸν

2105 711 2239 766 Θεὸν
2295 714 2652 784 προσαγωγὴ,
2686 715 2830 767 κατά
2874 713 3030 782 λόγον
3058 713 3317 781 γινέσθω.
3347 714 3411 766 Τί
3443 713 3499 766 δὲ
3529 715 3677 767 κατά

2104 802 2295 870 λόγον;
2323 803 2382 856 τὸ
2431 821 2449 856 ι
2511 804 2602 857 Ἐν
2641 804 2859 874 εἰρήνῃ.
2903 821 2922 856 ι
2971 804 3306 874 Πρόσχωμεν
3344 807 3476 875 γὰρ,
3509 805 3673 874 φησὶ.

2103 891 2202 962 τὴν
2233 893 2395 961 ἁγίαν
2424 895 2726 967 ἀναφορὰν,
2760 896 2818 946 ὲν
2847 895 3037 967 εἰρήνῃ
3060 893 3430 964 προσφέρειν·
3463 898 3679 968 μέμνης

2106 983 2222 1045 σθε,
2275 985 2406 1053 γὰρ,
2459 985 2615 1055 φησί,
2663 985 2772 1038 τῶν
2810 985 2984 1054 λόγων
3039 985 3134 1040 τοῦ
3190 988 3420 1058 Κυρίου,
3472 1008 3492 1042 ι
3547 989 3678 1042 Ἐάν

2107 1073 2432 1144 προσφέρῃς
2464 1075 2528 1128 τδ
2559 1075 2733 1146 δῶρόν
2777 1093 2870 1129 σου
2914 1077 3006 1130 ἐπὶ
3047 1078 3105 1132 τὸ
3151 1078 3556 1152 θυσιαστήριον,
3582 1083 3682 1136 καὶ

2110 1163 2354 1234 μνησθῇς
2381 1165 2463 1218 ὅτι
2490 1165 2602 1235 ἔχει
2633 1183 2718 1230 τις
2740 1167 2883 1220 κατὰ
2915 1167 3031 1232 σοῦ,
3081 1169 3399 1242 διαλλάγηθι
3437 1174 3678 1244 πρῶτον,

2106 1249 2226 1306 εἷτα
2258 1254 2426 1308 ὲλθὼν
2469 1256 2746 1326 πρόσφερε
2775 1259 2836 1310 τὸ
2861 1259 3034 1327 δῶρόν
3067 1276 3186 1315 σου.
3227 1279 3245 1312 ι
3282 1263 3346 1314 Ol
3381 1263 3436 1314 δὲ
3494 1267 3681 1319 πιστοὶ

2107 1347 2516 1415 ἀποκρίνονται,
2543 1365 2562 1398 t
2593 1348 3003 1419 Προσφέρομεν,
3023 1350 3083 1402 ού
3107 1351 3265 1420 μόνον
3290 1354 3408 1423 μετ’
3430 1356 3680 1426 εἰρήνης,

2107 1437 2244 1490 ἀλλά
2288 1438 2383 1493 καὶ
2434 1438 2604 1506 αὐτὴν
2659 1439 2882 1509 εἰρήνην
2940 1440 3060 1492 ἀντὶ
3097 1439 3269 1508 δώρου
3332 1444 3425 1494 καὶ
3484 1444 3685 1508 θυσίας

2107 1528 2322 1598 ἐτέρας.
2389 1546 2409 1580 ι
2475 1530 2669 1584 Ἐλεον
2735 1531 2866 1598 γὰρ,
2925 1532 3084 1602 φησὶ,
3144 1533 3553 1604 προσφέρομεν,
3597 1534 3682 1604 τῷ

2108 1621 2337 1683 εἰπόντι,
2415 1639 2432 1670 ι
2502 1621 2690 1675 Ἔλεον
2739 1620 2900 1688 θέλω,
2955 1622 3053 1675 καὶ
3087 1623 3147 1674 ού
3202 1623 3414 1678 θυσίαν.
3468 1643 3486 1677 ι
3534 1628 3590 1679 Ὀ
3620 1629 3685 1681 δὲ

2103 1710 2272 1774 ἔλεος,
2294 1711 2538 1782 γέννημά
2562 1716 2677 1766 ἐστι
2695 1712 2790 1781 τῆς
2815 1713 3036 1783 βεϐαίας
3058 1717 3150 1767 καὶ
3168 1716 3411 1786 καθαρᾶε
3432 1718 3682 1790 εἰρήνης.

422 1811 660 1877 alfectio,
689 1813 824 1866 nihil
864 1821 1008 1866 vetat
1037 1813 1335 1881 quominus
1381 1827 1445 1866 ea
1473 1811 1545 1867 sit
1598 1812 1760 1881 plena
1785 1809 1996 1863 miseri-

2110 1803 2282 1856 Ὅταν
2327 1805 2433 1873 γὰρ
2472 1805 2572 1875 τὴν
2627 1807 2804 1876 ψυχὴν
2832 1805 2986 1858 οὐδὲν
3037 1807 3247 1877 ἐνοχλεῖ
3285 1809 3477 1874 πάθος,
3526 1811 3686 1865 οὐδὲν

417 1904 632 1967 cordia,
657 1913 710 1957 et
733 1904 1004 1958 sacriﬁcio
1053 1904 1256 1958 laudis.
1291 1903 1417 1959 Haec
1470 1910 1655 1957 autem
1705 1912 1996 1972 postquam

417 1995 700 2059 dixerunt,
744 2008 1006 2064 precatur
1041 1997 1299 2052 sacerdos
1331 2011 1451 2065 qua:
1476 2004 1606 2050 sunt
1632 1995 1878 2050 omnium
1911 1994 1999 2049 di-

418 2087 705 2140 vinissitna
737 2095 789 2140 et
828 2089 1063 2142 maxima
1093 2105 1105 2143 :
1136 2107 1154 2140 ι
1191 2087 1376 2143 Gratia
1411 2087 1630 2142 Domini
1665 2087 1839 2142 nostri
1869 2084 1997 2141 Jesu

417 2177 647 2241 Christi,
683 2187 736 2230 et
764 2179 988 2233 dilectio
1019 2178 1113 2234 Dei
1149 2190 1203 2234 et
1233 2178 1434 2244 Patris,
1480 2187 1535 2235 et
1573 2178 2001 2234 communicatio

417 2269 594 2324 sancti
646 2270 884 2339 Spiritus
936 2272 1008 2325 sit
1054 2287 1179 2326 cum
1214 2271 1365 2326 vobis
1403 2271 1683 2327 omnibus.
1711 2289 1730 2322 ι
1788 2271 1852 2325 Et
1900 2270 1999 2340 ipsi

417 2359 583 2414 etiam
621 2361 811 2414 eadem
867 2375 967 2430 pro
1019 2361 1304 2417 sacerdote
1366 2372 1590 2418 orantes
1624 2403 1638 2426 ,
1675 2379 1696 2415 ι
1764 2360 1828 2415 Ει
1877 2376 2002 2415 cum

421 2452 625 2520 spiritu
661 2460 782 2517 tuo,
824 2469 843 2504 ι
909 2453 977 2508 ad
1034 2468 1159 2508 eum
1215 2456 1576 2525 respondent,
1611 2454 2003 2510 convenienter

419 2554 689 2612 praecepto
732 2544 876 2613 quod
934 2545 1081 2615 jubet
1125 2561 1223 2615 pro
1257 2562 1316 2600 se
1366 2546 1597 2601 invicem
1660 2559 1842 2599 orare.
1877 2545 2004 2599 llaec

420 2644 602 2689 autem
635 2636 812 2689 oratio
869 2645 1084 2704 sumpta
1146 2637 1367 2706 quidem
1419 2645 1506 2692 est
1560 2652 1626 2690 ex
1661 2635 1917 2706 Epistolis
1941 2634 2001 2689 Β.

421 2724 595 2779 Pauli.
647 2725 896 2780 Postulat
945 2736 1127 2782 autem
1193 2728 1351 2783 nobis
1401 2742 1431 2782 a
1494 2738 1686 2782 sancta
1740 2727 2004 2781 Trinitate

421 2818 586 2880 bona,
612 2832 776 2872 omne
805 2819 1010 2872 doaum
1041 2818 1352 2887 perlectum
1391 2837 1404 2872 :
1431 2827 1485 2872 et
1517 2818 1631 2872 haec
1654 2818 1724 2871 ab
1756 2833 2004 2886 unaqua-

420 2922 526 2976 que
561 2922 627 2959 ex
689 2907 862 2962 beatis
920 2905 1175 2961 Personis
1235 2907 1456 2976 proprio
1512 2907 1749 2976 qundam
1784 2908 2003 2962 nomine

422 2997 677 3066 appellat.
707 2999 751 3050 Α
786 2997 925 3053 Filio
973 2997 1198 3067 quidem
1248 2997 1525 3069 gratiam;
1559 3015 1587 3053 a
1645 2999 1802 3053 Patre
1851 3014 1999 3064 vero,

2109 1895 2310 1948 κωλύει
2340 1896 2492 1949 ὲλέου
2526 1897 2720 1967 γέμειν
2751 1899 2959 1968 αὐτήν·
2994 1899 3130 1952 ἀλλά
3168 1903 3264 1954 καὶ
3301 1902 3492 1957 θυσίαν
3526 1902 3683 1956 αἰνέ-

2109 2003 2269 2049 σεως.
2324 1987 2510 2041 Ταῦτα
2558 1988 2614 2041 δὲ
2655 1989 2940 2055 εἰπόντων,
2990 1991 3018 2043 ὁ
3061 1993 3239 2062 ἱερεὺς
3289 1993 3576 2064 ἐπεύχεται
3610 1995 3688 2048 τὰ

2109 2078 2360 2133 θειότατα
2401 2082 2495 2133 καὶ
2557 2080 2788 2151 μέγιστα
2841 2083 3098 2137 πάντων*
3155 2105 3172 2138 t
3246 2086 3310 2140 Ἥ
3373 2087 3533 2159 χάρις
3580 2091 3685 2142 τοῦ

2108 2173 2314 2245 Κυρίου
2337 2175 2368 2244 ἡ
2378 2175 2494 2243 μῶν
2535 2174 2712 2246 Ἰησοῦ
2741 2175 3000 2244 Χριστοῦ,
3035 2178 3129 2230 καὶ
3158 2179 3188 2248 ἡ
3213 2179 3398 2248 ἀγάπη
3424 2181 3512 2232 τοῦ
3538 2180 3686 2234 Θεοῦ

2105 2267 2199 2318 καὶ
2241 2266 2473 2337 Πατρὸς,
2508 2268 2601 2318 καὶ
2632 2270 2666 2336 ἡ
2697 2267 2954 2320 κοινωνία
2993 2267 3085 2320 τοῦ
3122 2269 3280 2337 ἀγίου
3333 2271 3682 2342 Πνεύματος,

2106 2359 2192 2428 εῐη
2248 2359 2388 2426 μετά
2419 2358 2639 2412 πάντων
2668 2360 2841 2429 ὑμῶν.
2901 2379 2921 2413 ι
2979 2361 3090 2414 Καὶ
3139 2363 3297 2416 αὐτοὶ
3331 2365 3388 2417 δὲ
3427 2365 3494 2418 τὰ
3535 2365 3688 2420 αὐτὰ

2107 2451 2248 2521 ὑπὲρ
2275 2453 2369 2504 τοῦ
2403 2451 2594 2522 ἱερέως
2625 2452 2950 2524 εὐχόμενοι·
3003 2473 3021 2506 ι
3059 2456 3169 2508 Kal.
3203 2456 3342 2525 μετά
3387 2457 3482 2512 τοῦ
3513 2461 3685 2512 πνεύ-

2109 2544 2278 2612 ματός
2311 2559 2428 2609 σου,
2469 2562 2489 2596 ι
2532 2544 2668 2616 πρὸς
2708 2547 2874 2601 αὑτὸν
2925 2548 3340 2620 ἀποκρίνονται,
3393 2551 3536 2605 κατά
3575 2555 3682 2622 τὴν

2103 2633 2362 2704 εὔχεσθαι
2404 2636 2544 2706 ὑπὲρ
2579 2637 2828 2709 ἀλλήλων
2862 2640 3196 2696 κελεύουσαν
3232 2643 3476 2716 ἐντολήν.
3526 2647 3587 2700 Ἦ
3614 2647 3684 2701 δὲ

2103 2725 2239 2795 εὐχὴ
2289 2727 2428 2796 αὑτὴ
2457 2727 2715 2797 εἴληπται
2755 2730 2853 2798 μὲν
2902 2731 3008 2785 ἀπὸ
3048 2731 3159 2785 τῶν
3201 2734 3531 2790 Ἐπιστολῶν
3576 2739 3680 2792 τοῦ

2107 2819 2379 2888 μακαρίου
2431 2820 2666 2877 Παύλου.
2721 2823 2984 2894 Προξενεί
3028 2827 3086 2882 δὲ
3125 2828 3259 2897 ἡμῖν
3308 2829 3377 2882 τὰ
3432 2830 3538 2884 ἀπὸ
3570 2832 3682 2901 τῆς

2103 2910 2266 2976 ἁγίας
2298 2911 2531 2980 Τριάδος
2573 2915 2770 2981 ἀγαθὲ,
2837 2918 2948 2972 πᾶν
3002 2919 3236 2990 δώρημα
3295 2922 3521 2987 τέλειον,
3575 2927 3681 2979 καὶ

2101 3000 2276 3056 ταῦτα
2311 3005 2394 3072 ἐφ’
2418 3004 2654 3075 ἑκάστης
2678 3005 2787 3059 τῶν
2815 3007 3104 3078 μακαρίων
3136 3011 3536 3080 Ὕποστάσεων,
3557 3015 3681 3087 ἰδίῳ

423 3088 768 3144 dilectionem
799 3107 814 3156 ;
849 3105 877 3142 a
907 3098 1101 3145 sancto
1135 3099 1318 3145 autem
1369 3089 1600 3158 Spiritu,
1629 3089 1996 3145 communica-

2104 3095 2211 3147 τινί
2251 3095 2475 3166 ὀνόματι
2523 3098 2814 3168 ὀνομάζει·
2864 3100 2974 3154 ἀπὸ
3028 3105 3130 3170 μὲν
3166 3104 3259 3156 τοῦ
3293 3105 3424 3158 Υίοῦ
3477 3108 3631 3180 χάριν
3657 3125 3677 3142 ο

423 3183 650 3237 tionem.
683 3182 820 3248 Quia
856 3183 1002 3237 enim
1037 3181 1209 3239 Filius
1238 3183 1307 3238 iis
1337 3184 1431 3252 qui
1459 3183 1592 3237 nihil
1635 3183 2001 3249 contulerant,

422 3273 517 3329 Sed
554 3275 714 3327 etiam
746 3275 926 3329 adhuc
957 3275 1190 3330 debendi
1227 3275 1302 3330 rei
1348 3283 1526 3340 erant,
1564 3275 1806 3345 seipsum
1843 3276 2003 3330 nobis

423 3364 771 3421 Set-vatoretn
810 3367 1046 3436 praebuit
1089 3384 1103 3421 :
1139 3384 1158 3419 ι
1201 3365 1416 3422 Etenim
1455 3384 1580 3424 cum
1641 3368 1794 3438 impii
1825 3369 2005 3425 adhuc

417 3471 682 3522 essemus,
719 3456 916 3527 inquit,
952 3471 1052 3526 pro
1078 3456 1240 3512 nobis
1273 3467 1519 3513 mortuus
1549 3468 1671 3522 est;
1703 3477 1720 3510 ι
1753 3459 1872 3528 ejus
1901 3475 2001 3514 no-

417 3547 516 3602 stri
551 3564 704 3614 cura,
734 3549 908 3618 gratia
962 3556 1066 3604 est.
1103 3547 1241 3616 Quia
1305 3558 1485 3606 autem
1536 3549 1694 3605 Pater
1734 3567 1830 3622 per
1879 3567 2004 3622 pas-

419 3642 605 3695 siones
641 3640 762 3696 Filii
797 3643 1040 3697 humano
1074 3642 1261 3713 generi
1287 3644 1673 3701 reconciliatus
1700 3655 1805 3708 est,
1832 3655 1884 3701 et
1915 3644 2002 3700 di-

415 3733 550 3786 lexit
577 3733 849 3798 inimicos,
896 3746 1184 3805 propterea
1216 3751 1278 3791 ea
1304 3751 1427 3807 quae
1456 3737 1546 3792 ille
1595 3738 1648 3791 in
1701 3753 1801 3793 nos
1851 3737 1998 3804 fecit,

417 3825 766 3893 appellantur
797 3827 1039 3880 dilet'tio.
1067 3828 1203 3894 Quia
1252 3840 1436 3882 autem
1478 3829 1671 3883 amicis
1696 3844 1760 3882 ex
1816 3829 2000 3883 inimi-

417 3918 499 3970 cis
526 3915 736 3972 eﬂ'ectis
770 3919 1060 3986 oportebat
1088 3933 1213 3973 eum
1249 3921 1342 3988 qui
1389 3919 1545 3975 dives
1578 3931 1661 3975 est
1703 3921 1756 3976 in
1785 3921 2000 3976 miseri-

369 4065 372 4068 ,
416 4005 622 4071 cordia,
644 4008 861 4077 propria
884 4009 1022 4063 bona
1047 4013 1478 4076 counnunicare,
1495 4011 1600 4066 hoc
1619 4011 1747 4067 facit
1765 4013 1999 4080 Spiritus

418 4110 644 4154 sanctus
669 4101 762 4170 qui
797 4103 948 4156 venit
984 4102 1050 4156 ad
1104 4104 1403 4172 apostolos.
1439 4104 1737 4174 Propterea
1762 4105 1908 4162 illius
1943 4106 1996 4161 in

421 4191 676 4245 homines
745 4191 1063 4260 benignitas
1128 4194 1556 4249 communicatio
1614 4196 1833 4251 dicitur.
1890 4197 1996 4254 Sed

419 4284 623 4338 dixerit
652 4282 948 4351 quispiam,
978 4283 1094 4337 haec
1152 4287 1334 4339 omnia
1391 4287 1558 4350 bona,
1607 4303 1731 4342 cum
1778 4290 1998 4345 advenit

421 4372 700 4435 Senator,
735 4373 1048 4428 hominibus
1082 4375 1209 4428 data
1243 4391 1365 4431 esse
1401 4393 1414 4429 :
1457 4377 1583 4446 quid
1616 4388 1698 4434 est
1741 4395 1871 4450 ergo
1902 4383 1996 4437 ad-

2107 3185 2214 3240 ἀπί)
2246 3187 2303 3242 δὲ
2331 3187 2424 3242 τοῦ
2457 3189 2691 3260 Πατρὸς,
2725 3192 2949 3262 ἀγάπην
2967 3210 2979 3223 ⁸
3004 3195 3110 3248 ἀπὸ
3135 3196 3191 3250 δὲ
3213 3197 3305 3250 τοῦ
3330 3199 3677 3268 Πνεύματος,

2105 3277 2412 3332 κοινωνίαν.
2453 3279 2574 3333 ’Ότι
2605 3281 2706 3349 μὲν
2732 3281 2842 3354 γὰρ
2870 3283 2998 3346 Υἱὸς
3032 3287 3200 3356 μηδὲν
3263 3292 3677 3361 εἰσενεγκοῦσιν

2103 3365 2238 3418 ἀλλά
2272 3368 2365 3419 καὶ
2398 3368 2704 3436 ὀφείλουσιν
2757 3371 2838 3426 ἔτι
2894 3374 3072 3438 δίκας,
3127 3379 3358 3451 Σωτῆρα
3397 3386 3677 3456 παρέσχεν

2102 3458 2235 3552 qui»;
2271 3459 2461 3514 ἑαυτόν
2491 3478 2504 3491 ο
2545 3480 2563 3513 ι
2605 3465 2715 3519 Καὶ
2753 3466 2866 3537 γὰρ
2895 3469 3111 3525 ἀσεϐῶν
3147 3472 3316 3529 ὄντων
3349 3477 3453 3544 ἔτι,
3484 3487 3670 3552 φησιν,

2103 3550 2244 3623 ὑπὲρ
2269 3553 2424 3621 ἡμῶν
2453 3555 2691 3609 ἀπέθανε
2713 3574 2729 3591 ο
2767 3577 2786 3611 ι
2824 3561 2854 3629 ἡ
2887 3565 3015 3633 περὶ
3039 3565 3198 3634 ήμῶν
3232 3569 3396 3624 αὑτοῦ
3420 3550 3671 3642 πρόνοια,

2101 3641 2262 3712 χάρις
2305 3644 2470 3698 ἐστίν.
2518 3647 2639 3701 Ὅτι
2679 3650 2735 3704 δὲ
2783 3653 2810 3705 δ
2857 3655 3047 3725 Πατὴρ
3107 3658 3196 3712 διὰ
3233 3661 3342 3714 τῶν
3406 3641 3502 3720 τοῦ
3539 3641 3672 3722 me

2103 3734 2313 3802 παθῶν,
2365 3737 2630 3809 διηλλάγη
2677 3741 2756 3812 τῷ
2813 3745 2964 3813 γένει
3020 3749 3130 3802 τῶν
3190 3752 3513 3823 ἀνθρώπων.
3571 3761 3674 3815 καὶ

2101 3827 2356 3899 ἠγάπησε
2389 3831 2515 3894 τοὺς
2553 3833 2748 3903 ἐχθροῦ
2762 3854 2809 3900 ς,
2841 3837 2929 3892 διὰ
2963 3840 3123 3896 τοῦτο
3171 3845 3238 3899 τὰ
3283 3849 3496 3903 ἐκείνου
3530 3853 3671 3918 πρὸς

2099 3922 2250 3989 ἡμᾶς
2284 3924 2475 3994 ἀγάπη
2527 3925 2796 3984 καλεῖται.
2851 3931 3010 3986 Ἐπεὶ
3059 3935 3116 3988 δὲ
3165 3940 3277 4002 τοῖς
3332 3942 3670 4008 φιλιωθεῖσιν

2101 4012 2316 4083 ἐχθροῖς
2348 4015 2452 4071 ἔδει
2479 4019 2814 4089 κοινωνῆσαι
2845 4023 2935 4077 τὸν
2969 4026 3232 4092 πλούσιον
3271 4035 3328 4084 ὲν
3357 4034 3514 4102 ὲλέει,
3557 4037 3668 4094 τῶν

2098 4106 2318 4160 οἰκείων
2348 4107 2590 4175 ἀγαθῶν,
2641 4112 2800 4166 τοῦτο
2854 4119 3001 4168 ποιεῖ
3036 4119 3097 4172 τὸ
3155 4122 3379 4194 Πνεῦμα
3422 4129 3480 4180 τὸ
3510 4129 3670 4198 ἅγιον

2099 4197 2448 4270 ὲπιδημῆσαν
2477 4203 2585 4264 τοῖς
2620 4203 2960 4270 ἀποστόλοις.
3013 4211 3114 4264 Διά
3171 4215 3328 4270 τοῦτο
3369 4221 3401 4290 ἡ
3455 4197 3666 4276 ἐκείνου

2099 4290 2237 4380 πρὸς
2265 4290 2592 4363 ἀνθρώπους
2617 4300 2925 4370 χρηστότης
2954 4307 3208 4360 κοινωνία
3244 4309 3486 4380 λέγεται.
3523 4317 3667 4370 Ἀλλ’

2099 4379 2244 4433 εἴποι
2284 4400 2371 4447 τις
2395 4383 2460 4437 ἂν
2495 4386 2576 4439 ὅτι
2619 4388 2794 4443 ταῦτα
2825 4393 2890 4444 τά
2919 4393 3103 4461 ἀγαθά
3131 4397 3227 4451 τοῦ
3259 4401 3512 4476 Σωτῆρος
3543 4409 3665 4462 ἐπι-

417 4464 526 4517 huc
562 4477 700 4531 Opus
735 4463 984 4517 oratione
1018 4478 1117 4532 pro
1142 4466 1304 4520 bonis
1347 4482 1466 4536 qua:
1519 4469 1631 4538 jam
1669 4470 1793 4525 data
1829 4473 1996 4528 sunt?

2102 4473 2450 4545 δημήσαντος
2481 4480 2658 4535 πάντα
2694 4486 2809 4546 τοῖς
2840 4485 3152 4556 ἀνθρώποις
3210 4494 3367 4566 ἐδόθη
3394 4463 3526 4563 ξ’τιξ
3571 4497 3668 4556 οὖν

415 4554 636 4609 Clarum
667 4565 769 4617 est.
793 4556 938 4624 quod
971 4571 1039 4610 ne
1059 4572 1122 4611 ea
1178 4567 1393 4629 accepta
1427 4561 1762 4629 amittamus,
1792 4565 1885 4619 sed
1931 4580 1993 4620 ea

415 4655 678 4717 perpetuo
706 4648 1004 4703 habeamus
1033 4666 1049 4717 ;
1085 4659 1137 4704 et
1162 4650 1283 4705 ideo
1315 4667 1424 4706 non
1462 4653 1596 4707 dixit
1627 4671 1640 4707 :
1669 4653 1875 4709 Dentur
1906 4671 1996 4710 vo-

413 4741 498 4796 bis
519 4741 798 4807 ontnibus,
860 4750 919 4796 ut
971 4757 1032 4797 ea
1087 4760 1208 4815 quae
1265 4747 1378 4813 jam
1445 4748 1568 4801 data
1619 4760 1835 4817 erant;
1899 4751 1993 4806 sed

419 4851 437 4884 ι
471 4831 595 4886 Sint
621 4848 745 4888 cum
770 4833 923 4890 vobis
939 4836 1220 4892 omnibus.
1260 4854 1281 4890 ι
1312 4835 1430 4892 Non
1456 4840 1690 4904 recedat,
1725 4841 1924 4912 inquit,
1961 4855 1994 4894 a

414 4925 567 4979 vobis
598 4925 771 4994 gratia
803 4941 924 4996 qua:
953 4926 1079 4983 data
1151 4940 1256 4984 est.
1309 4931 1608 5000 Postquam
1670 4943 1852 4987 autem
1897 4947 1995 4988 eos

413 5015 681 5084 ejusmodi
706 5017 950 5073 oratione
969 5021 1226 5091 dignatus
1243 5033 1348 5089 est,
1375 5035 1428 5077 et
1455 5024 1535 5078 sic
1570 5024 1781 5080 animas
1797 5027 1990 5090 erexit,

413 5109 774 5179 cogitationes
850 5126 1042 5167 eorum
1117 5129 1148 5167 a
1199 5123 1339 5169 terra
1414 5116 1668 5182 extollit,
1715 5125 1766 5172 et
1835 5119 1986 5184 dicit,

420 5219 438 5252 ι
482 5200 712 5256 Sursum
741 5202 906 5259 corda
932 5203 1231 5260 habeamus
1261 5222 1277 5260 :
1311 5223 1328 5255 ο
1370 5222 1488 5276 qua:
1518 5223 1683 5278 supra
1718 5218 1846 5264 sunt
1897 5225 1990 5264 co-

411 5293 673 5364 gitemus,
709 5311 817 5350 non
849 5311 973 5364 qua:
1007 5298 1060 5350 in
1090 5305 1254 5354 terra.
1284 5298 1362 5353 llli
1397 5308 1578 5354 autem
1615 5302 1988 5368 consentiunt,

412 5397 466 5440 et
500 5387 692 5441 dicunt
749 5403 810 5442 se
842 5389 955 5443 illic
998 5391 1166 5445 corda
1205 5392 1429 5457 habere,
1457 5393 1547 5447 ubi
1577 5403 1658 5448 est
1698 5394 1988 5450 thesaurus

415 5489 624 5545 noster,
652 5481 742 5534 ubi
785 5489 868 5536 est
899 5482 1154 5538 Christus
1178 5485 1230 5538 in
1267 5485 1488 5542 dextera
1531 5485 1706 5542 Patris
1742 5489 1937 5543 sedens
1970 5505 1984 5543 :

417 5585 439 5620 ι
469 5568 739 5629 Habemus
770 5573 836 5629 ad
860 5573 1171 5631 Dominum.
1212 5597 1230 5628 ι

2101 4567 2521 4665 ἓδηῄχρείαῃτῆς
2551 4574 2736 4645 εὐχῆς,
2769 4578 2896 4648 περί
2928 4581 3038 4635 τῶν
3060 4583 3158 4652 ἤδη
3182 4585 3446 4644 δοθέντων
3491 4595 3663 4665 ἠμῖνς

2100 4660 2371 4733 Πρόδηλον
2401 4662 2486 4716 ἵνα
2517 4667 2688 4719 ταῦτα
2717 4669 2972 4736 λαϐόντες
3004 4673 3079 4744 μὴ
3103 4676 3491 4750 ἀπολέσωμεν·
3511 4660 3665 4740 ’ἀλλά

2101 4751 2357 4846 μένωμεν
2387 4755 2602 4825 ἔχοντες
2653 4758 2740 4811 διὰ
2774 4761 2981 4825 τέλους.
3027 4769 3124 4820 Διά
3181 4772 3341 4826 τοῦτο
3376 4775 3476 4828 ούκ
3515 4773 3661 4846 εἰπε,

2096 4841 2287 4942 Δοθείη
2322 4847 2486 4897 πᾶσιν
2515 4849 2662 4916 ύμῖν,
2694 4850 2769 4915 ὡς
2801 4853 2902 4923 ἤδη
2932 4855 3227 4912 δοθέντωνο
3275 4865 3432 4935 ἀλλὰ,
3483 4889 3502 4920 ι

2098 4932 2240 5031 {ista
2293 4937 2514 5031 πάντων
2548 4937 2722 5007 ὑμῶν.
2772 4961 2790 4994 ι
2839 4945 2930 5016 Μὴ
2983 4949 3275 5022 ἀποσταίη,
3332 4932 3520 5027 φησὶν,
3567 4932 3662 5031 die;

2095 5023 2270 5120 ὑμῶν,
2299 5026 2330 5096 ἡ
2368 5027 2580 5082 δοθεῖσα
2606 5033 2786 5103 χάρις.
2815 5037 3088 5113 Τοιαύτης
3117 5045 3172 5098 δὲ
3200 5023 3661 5120 αύτοίιςνάξιώσας

2095 5117 2280 5216 εξχῆς,
2308 5119 2402 5216 ³ξαί
2427 5120 2568 5176 οὕτω
2598 5125 2695 5188 τὰς
2724 5126 2902 5197 ψυχὰς
2925 5133 3238 5207 ἀναστήσας
3267 5143 3372 5196 ἀπὸ
3402 5145 3502 5214 τῆς
3531 5117 3655 5216 γῆς,

2093 5209 2239 5307 αίρει
2276 5209 2741 5307 τάῌφρονήματα·
2792 5221 2886 5274 καί
2911 5242 3098 5293 φησιν,
3165 5248 3184 5281 ι
3243 5232 3388 5287 Ι’Λνω

2091 5301 2186 5364 τὰς
2228 5303 2471 5374 καρδίας,
2507 5326 2524 5357 ι
2559 5307 2627 5359 τὰ
2679 5309 2790 5363 ἄνω
2850 5316 3160 5386 φρονῶμεν,
3210 5322 3285 5394 μὴ
3335 5327 3404 5379 τά
3435 5301 3526 5382 ἐπὶ
3559 5301 3660 5400 τῆς

2091 5396 2228 5460 γῆς’
2269 5397 2359 5447 καὶ
2400 5399 2557 5452 αὐτοὶ
2615 5403 2996 5461 συντίθενται’
3047 5414 3142 5464 καί
3188 5433 3351 5485 φησιν
3402 5421 3519 5474 ἐκεῖ
3559 5396 3657 5488 τάς

2089 5486 2322 5554 καρδίας
2367 5487 2530 5558 ἔχειν,
2577 5494 2709 5548 ὅπου
2750 5496 2777 5548 ὁ
2811 5497 3086 5572 θησαυρὸς
3125 5506 3284 5576 ἡμῶν
3313 5512 3488 5577 ἐστιν,
3525 5510 3584 5568 οὗ

2089 5579 2321 5677 ΧρΞ-στός
2371 5581 2541 5649 ἐστιν,
2577 5587 2634 5637 ἐν
2671 5586 2823 5659 δεξιᾷ
2876 5592 2969 5644 τοῦ
3024 5596 3237 5667 Πατρὸς
3299 5603 3607 5677 καθήμενος
3637 5626 3654 5640 ο

2093 5686 2110 5716 ο
2148 5670 2380 5738 Ἱῗχομεν
2414 5675 2545 5747 πρὸς
2576 5677 2664 5730 τὸν
2698 5680 2920 5750 Κύριον.
2955 5705 2973 5736 ι
