3992 6202
402 340 505 406 427

1659 337 1965 396 NICOLM
2004 338 2089 395 C.-\
2103 339 2144 396 Β
2163 337 2391 396 ᾹΞΠΑΕ

3536 347 3639 410 423

402 459 656 512 tionem.»
689 452 805 508 Non
835 452 1089 523 iussisset
1116 460 1294 504 autent
1344 449 1540 512 facere,
1573 451 1672 504 nisi
1700 458 1841 504 esset
1880 464 1962 518 poi

2074 447 2154 508 εἰς
2204 448 2296 518 τὴν
2331 447 2469 518 ἐμὴν
2503 446 2834 515 ἀνάμνησιν,
2869 467 2886 499 ι
2925 449 3024 502 οὐκ
3069 451 3134 504 ἂν
3181 452 3439 516 κελεύσας
3485 455 3640 509 τοῦτο

399 553 653 602 testatcm
695 546 948 608 daturus,
981 551 1040 595 ut
1072 552 1291 611 possent
1315 535 1419 594 hoc
1451 539 1648 596 facere.
1705 540 1768 594 Et
1815 555 1965 610 qure-

402 653 525 691 nam
559 645 640 690 est
706 633 990 704 potestas?
1033 633 1268 700 Spiritus
1326 641 1572 697 sanctus,
1611 633 1700 701 qui
1753 647 1817 686 ex
1861 633 1968 684 alto

400 729 679 798 apostolos
725 727 977 787 armavit,
1053 725 1189 778 sicut
1223 740 1252 778 a
1309 724 1538 777 Domino
1572 724 1703 794 ipsis
1763 724 1964 778 dictum

397 829 521 873 est:
562 815 864 870 «Sedetein
889 813 1108 868 civitate
1161 811 1486 876 Jerusalem,
1545 813 1718 867 donec
1774 812 1968 867 indua-

394 911 528 964 mini
564 907 762 963 virtute
796 922 858 961 ex
879 907 1035 961 alio»
1057 905 1180 961 ‘Hoc
1202 915 1281 960 est
1313 921 1447 974 opus
1474 904 1618 959 illius
1647 903 1962 959 descensus.

394 999 686 1055 Non-enim
711 998 881 1051 semel
918 997 1217 1062 descendit,
1257 996 1450 1051 deinde
1483 1011 1579 1050 nos
1607 995 1848 1064 reliquit,
1873 995 1968 1049 sed

403 1103 486 1147 est
521 1092 694 1147 etcrit
724 1104 938 1160 semper
967 1090 1270 1143 nobiscum.
1297 1087 1598 1158 'Pmpterea
1647 1089 1791 1141 enim
1844 1101 1964 1141 eum

397 1183 842 1246 inisitServator,
877 1192 933 1237 ut
979 1181 1262 1235 nobiseum
1317 1187 1534 1233 maneat
1591 1179 1642 1232 iu
1682 1188 1965 1233 arternum.

394 1277 462 1331 Et
520 1276 724 1339 alium,
763 1275 960 1344 inquit,
1022 1275 1338 1328 advocatum
1400 1271 1608 1325 mittam
1677 1271 1853 1335 vobis,
1910 1278 1970 1325 ut

396 1378 614 1424 maneat
635 1368 917 1422 vobiscum
964 1369 1015 1420 iit
1042 1373 1325 1430 mternum,
1359 1383 1376 1415 ‹
1402 1363 1664 1434 Spiritum
1694 1361 1964 1426 veritatis,

395 1478 557 1533 quem
593 1459 826 1515 mundus
853 1477 958 1514 non
993 1467 1169 1529 potest
1195 1457 1459 1525 accipere,
1525 1455 1652 1525 quia
1688 1471 1794 1510 non
1827 1456 1971 1510 videt

395 1557 597 1625 ipsum,
632 1569 731 1608 nec
763 1551 1042 1622 cognoscit
1074 1549 1250 1620 ipsum
1273 1563 1394 1603 :vos
1419 1557 1598 1603 autem
1633 1549 1967 1618 cognoscitis

396 1647 600 1714 ipsum,
640 1644 766 1714 quia
797 1643 937 1712 apud
978 1657 1072 1696 vos
1103 1650 1300 1704 manet,
1345 1651 1398 1695 et
1431 1651 1514 1696 est
1565 1641 1618 1695 in
1670 1641 1880 1697 vobis.»
1919 1641 1969 1696 Is

393 1752 492 1806 per
522 1751 737 1790 manum
761 1743 814 1790 et
842 1736 1073 1804 linguam
1111 1735 1455 1791 sacerdotum
1487 1736 1804 1806 mysterium
1839 1751 1965 1806 per-

395 1830 526 1901 agit.
555 1827 744 1898 Neque
769 1841 906 1896 vero,
949 1826 1211 1895 Spiritum
1266 1826 1440 1882 solum
1471 1828 1704 1882 misitad
1737 1842 1834 1881 nos
1867 1828 1968 1880 Do-

394 1921 599 1985 minus,
631 1924 689 1971 ιιι
722 1925 939 1971 maneat
966 1916 1250 1971 nobiscum
1281 1934 1294 1972 :
1352 1917 1441 1970 sed
1476 1916 1590 1986 ipse
1620 1917 1779 1971 etiam
1814 1918 1968 1987 polli-

396 2011 535 2064 citus
563 2017 665 2074 cst,
705 2023 762 2063 se
790 2009 1074 2063 nobiscum
1105 2023 1427 2062 mansurum
1487 2024 1661 2074 usque
1713 2009 1778 2063 ad
1831 2024 1964 2063 ροη-

396 2099 816 2156 summationem
838 2097 1020 2150 saeculi
1047 2112 1062 2149 :
1088 2095 1179 2150 sed
1209 2094 1522 2150 Paracletus
1558 2096 1775 2165 quidem
1813 2095 1966 2151 adest

396 2179 754 2253 invisibiliter,
785 2177 911 2258 quia
936 2188 1050 2257 ipse
1067 2202 1264 2258 corpus
1287 2202 1390 2241 non
1424 2190 1672 2256 gestavit.
1707 2188 1964 2245 Dominus

395 2298 572 2338 antem
595 2282 809 2335 videtur
831 2291 881 2333 et
904 2287 1272 2334 contrectalur
1300 2294 1395 2348 per
1416 2280 1722 2334 veneranda
1745 2289 1963 2336 etsacra

395 2376 671 2445 mysteria,
712 2384 769 2428 ut
809 2374 900 2443 qui
929 2383 1169 2427 nostram
1204 2381 1450 2426 naturam
1487 2383 1538 2427 ct
1563 2373 1882 2442 susceperit,
1910 2381 1964 2428 et

394 2468 533 2522 ferat
584 2467 637 2520 in
709 2476 988 2520 aeternum.
1031 2465 1150 2519 llaec
1214 2475 1298 2519 est
1347 2464 1637 2518 sacerdotii
1695 2473 1958 2534 pote-Stas.

397 2545 484 2613 hic
515 2571 597 2612 est
633 2556 909 2612 sacerdos.
941 2553 1150 2610 Etenim
1205 2555 1296 2624 qui
1325 2555 1562 2627 seipsum
1611 2556 1778 2609 semel
1805 2557 1963 2609 obtu-

394 2647 457 2704 lit
487 2659 540 2703 et
571 2647 917 2712 sacriﬁcavit,
967 2661 997 2699 a
1050 2645 1357 2700 sacerdotio
1427 2659 1533 2699 non
1579 2645 1834 2711 cessavit,
1867 2645 1961 2700 sed

394 2750 716 2810 perpetuum
773 2741 874 2792 hoc
927 2737 1177 2791 sacriﬁcii
1237 2751 1439 2790 munus
1485 2736 1642 2789 nobis
1689 2737 1826 2800 obit,
1867 2749 1962 2805 per

395 2834 539 2901 quod
580 2833 742 2884 etiam
770 2840 849 2882 cst
914 2827 1212 2881 advocatus
1250 2841 1347 2895 pro
1399 2827 1554 2880 nobis
1580 2827 1647 2882 ad
1706 2826 1872 2881 Deum
1904 2827 1958 2882 in

394 2933 677 2978 aeternum.
709 2922 823 2985 Qua
854 2918 920 2971 de
947 2908 1112 2972 causa
1141 2918 1190 2972 ei
1224 2919 1428 2973 dictum
1479 2926 1597 2972 est:
1637 2916 1746 2972 «Tu
1783 2934 1841 2974 es
1868 2935 1959 2974 sa-

395 3014 588 3068 cerdos
615 3013 667 3065 in
693 3019 1012 3064 aeternunm
1071 3009 1364 3079 Pmpterea
1405 3008 1552 3063 nulla
1590 3019 1673 3065 est
1706 3011 1959 3066 ﬁdelibus

1999 1781 2046 1842 Β

2071 541 2268 601 ποιεῖν,
2311 540 2358 590 εί
2386 539 2459 608 μὴ
2497 537 2730 608 δύναμιν
2761 539 3010 608 ἐνθήσειν
3052 541 3262 612 ἔμελλε,
3293 543 3432 596 ὥστε
3481 545 3642 599 δύνα-

2074 630 2200 683 σθαι
2235 629 2396 682 τοῦτο
2421 633 2616 683 ποιεῖν.
2647 633 2752 684 Καὶ
2774 634 2856 693 τίς
2883 635 2913 701 ἡ
2969 634 3238 703 δύναμις;
3291 634 3364 688 Τὸ
3413 635 3638 704 Πνεῦμα.

2068 722 2128 775 τὸ
2173 721 2348 789 ἅγιον,
2398 723 2430 793 ἡ
2463 722 2519 787 ἐξ
2545 721 2710 790 ὕψους
2739 723 2865 787 τοὺς
2889 725 3218 787 ἀποστόλους
3256 726 3525 780 ὁπλίσασα
3551 729 3642 781 δύ-

2070 830 2252 881 ναμις,
2277 813 2417 864 κατὰ
2439 813 2499 866 τὸ
2537 812 2826 884 εἰρημένον
2863 815 3000 885 πρὸς
3023 816 3221 880 αὐτοὺς
3275 818 3378 870 ὑπὸ
3403 819 3497 871 tot”:
3525 821 3636 872 Κυ-

2075 909 2212 975 ρίου·
2247 923 2264 956 ι
2305 904 2496 973 Ὑμεῖς
2522 904 2575 956 δὲ
2599 904 2854 957 καθίσατε
2889 908 2945 958 ἐν
2979 909 3042 977 τῇ
3074 907 3224 960 πόλει
3258 909 3637 979 Ἰερουσαλὴμ,

2071 997 2176 1056 ἕως
2207 991 2267 1049 οὗ
2295 995 2586 1064 ἐνδύσησθε
2625 994 2857 1064 δύναμιν
2885 996 2942 1062 ἐξ
2971 996 3160 1065 ὕψους.
3197 1018 3215 1049 ι
3244 999 3415 1051 Τοῦτο
3462 1001 3522 1051 ea
3550 1002 3642 1069 ἐρ-

2073 1102 2172 1154 γον
2195 1085 2412 1153 ἐκείνης
2439 1084 2539 1152 τῆς
2581 1085 2835 1139 καθόδου.
2885 1087 2959 1138 Οὐ
3001 1088 3108 1155 γὰρ
3166 1086 3428 1139 κατελθὸν
3469 1087 3635 1153 ἅπαξ,

2071 1170 2193 1226 εἶτα
2217 1174 2582 1227 ἀπολέλοιπεν
2619 1176 2792 1245 ἡμᾶς,
2827 1175 2963 1228 ἀλλά
2989 1175 3110 1244 μεθ’
3139 1177 3296 1246 ἡμῶν
3359 1177 3496 1240 ἔστι,
3542 1182 3639 1231 καὶ

2071 1265 2224 1320 ἔσται
2261 1269 2423 1338 μέχρι
2454 1268 2675 1332 παντός.
2720 1268 2820 1321 Διά
2852 1267 3010 1321 τοῦτο
3051 1270 3161 1339 γὰρ
3198 1270 3447 1340 ἐπεμψεν
3506 1272 3639 1326 αὐτὸ

2071 1357 2099 1408 6
2127 1357 2339 1426 Σωτὴρ,
2393 1358 2478 1409 ῐνα
2521 1357 2658 1428 μένῃ
2692 1356 2811 1425 μεθ’
2846 1356 3003 1427 ήμῶν
3029 1359 3107 1419 εἰς
3157 1359 3246 1411 τὸν
3285 1362 3480 1424 αἰῶνα,
3517 1379 3534 1414 ι
3574 1361 3639 1414 τὸ

2073 1447 2297 1519 Πνεῦμα
2337 1452 2438 1518 τῆς
2465 1449 2743 1520 ἀληθείαςο
2775 1449 2802 1501 ὃ
2830 1452 2857 1502 6
2899 1450 3100 1520 κόσμος
3159 1451 3218 1503 οὔ
3254 1449 3479 1504 δύναται
3537 1452 3640 1505 λαο

2073 1539 2206 1604 δεῖν,
2240 1541 2323 1593 ὅτι
2353 1541 2415 1594 οὐ
2436 1540 2632 1612 θεωρεῖ
2659 1540 2810 1603 αὐτὸ,
2838 1541 2958 1592 οὐδὲ
3001 1541 3261 1609 γινώσκει
3291 1544 3443 1610 αὐτὸ,
3481 1545 3640 1615 ὑμεῖς

2071 1631 2127 1683 δὲ
2167 1631 2463 1698 γινώσκετε
2515 1632 2668 1694 αὐτὸ,
2719 1633 2801 1685 ὅτι
2859 1633 2990 1701 παρ’
3028 1633 3158 1702 ὑμῖν
3210 1635 3378 1701 μένει,
3437 1638 3528 1689 καὶ
3582 1640 3642 1689 ὲν

2073 1721 2203 1790 ὑμῖν
2239 1722 2374 1778 ἔστι.
2419 1738 2436 1772 ι
2474 1722 2642 1774 Τοῦτο
2664 1721 2753 1774 διά
2783 1723 2883 1792 τῆς
2903 1724 3085 1792 χειρὸς
3131 1725 3224 1778 καὶ
3254 1727 3350 1795 τῆς
3388 1726 3641 1796 γλώσσης

2071 1813 2179 1864 τῶν
2208 1814 2400 1884 ἱερέων
2450 1813 2518 1866 τὰ
2554 1814 2835 1884 μυστήρια
2886 1814 3279 1884 τελεσιουργεῖ.
3333 1818 3440 1870 Καὶ
3484 1819 3541 1869 οὗ
3582 1821 3645 1870 τὸ

2069 1902 2222 1971 ἅγιον
2258 1902 2485 1972 Πνεῦμα
2534 1903 2695 1973 μόνον
2720 1903 2964 1973 ἐπεμψεν
2994 1905 3021 1956 6
3057 1904 3257 1973 Κύριος
3293 1906 3448 1974 ἡμῖν,
3496 1904 3644 1958 ὥστε

2071 1996 2254 2064 μένειν
2287 1995 2406 2065 μεθ’
2431 1994 2611 2064 ἡμῶν,
2631 1994 2764 2047 ἀλλά
2789 1998 2883 2048 καὶ
2910 1995 3072 2056 αὐτὸς
3100 1998 3126 2048 6
3149 1995 3353 2064 Κύριος
3383 1995 3644 2065 ἐπηγγεί-

2066 2083 2195 2138 λατο
2239 2087 2422 2155 μένειν
2477 2084 2595 2153 μεθ’
2631 2085 2811 2153 ἡμῶν,
2861 2085 2970 2148 ἕως
3042 2086 3140 2153 τῆς
3191 2085 3644 2150 συντελείας-τοῦ

2066 2175 2287 2238 αἰῶνος
2312 2175 2430 2228 ἀλλ’
2456 2177 2484 2228 6
2514 2176 2610 2244 μὲν
2643 2175 2999 2246 Παράκλητος
3048 2175 3297 2244 ἀοράτως
3326 2177 3642 2246 πρόσεστιν,

2065 2269 2146 2322 ὅτι
2174 2268 2332 2338 σῶμα
2357 2267 2515 2330 αὐτὸς
2539 2269 2638 2320 οὐκ
2665 2269 2948 2336 ἐφόρεσεν.
2987 2267 3046 2319 '0
3079 2267 3132 2320 6‘s
3171 2267 3372 2338 Κύριος
3403 2269 3494 2321 καὶ
3513 2270 3646 2339 ὁρᾶ-

2063 2378 2176 2427 ται,
2207 2361 2302 2414 καὶ
2344 2360 2489 2429 ἁφῆς
2517 2361 2786 2428 ἀνέχεται,
2817 2358 2906 2411 διὰ
2929 2359 3037 2412 τῶν
3077 2358 3318 2428 φρικτῶν
3365 2361 3458 2412 καὶ
3483 2360 3645 2429 ἱερῶν

2068 2449 2402 2520 μυστηρίων,
2449 2449 2524 2510 ὡς
2549 2449 2614 2501 ἂν
2649 2449 2746 2518 τὴν
2776 2450 3055 2519 ἡμετέραν
3099 2448 3260 2518 φύσιν
3294 2453 3387 2504 καὶ
3416 2449 3645 2518 δεξάμε-

2064 2558 2172 2606 νος,
2198 2544 2293 2594 καὶ
2318 2541 2498 2610 φέρων
2529 2541 2610 2602 είς
2642 2541 2734 2592 τὸν
2774 2541 2962 2593 αίῶνα.
3025 2541 3171 2611 Αὕτη
3203 2541 3306 2609 τῆς
3338 2542 3640 2612 ἱερωσύνης

2062 2633 2311 2704 δύναμις,
2343 2629 2495 2696 οὗτος
2527 2635 2552 2686 6
2590 2633 2790 2703 ἱερεύς.
2822 2635 2896 2688 Οὐ
2931 2637 3036 2706 γὰρ
3068 2635 3215 2699 ἆπαξ
3249 2636 3440 2689 ἑαυτὸν
3473 2653 3644 2706 προσ-

2067 2725 2293 2795 αγαγὼν
2341 2727 2439 2779 καὶ
2504 2725 2693 2787 θύσας,
2727 2727 3007 2780 ἐπαύσατο
3041 2729 3136 2795 τῆς
3161 2727 3479 2797 ἱερωσύνης,
3504 2728 3642 2781 ἀλλά

2061 2819 2284 2887 διηνεκῆ
2329 2817 2536 2888 ταύτην
2593 2819 2901 2888 λειτουργεῖ
2949 2821 3048 2891 τὴν
3093 2822 3434 2892 λειτουργίαν
3485 2821 3638 2888 ἡμῖν,

2058 2911 2182 2965 καθ’
2204 2911 2272 2980 ἢν
2300 2911 2395 2963 καὶ
2426 2911 2780 2980 παράκλητος
2802 2915 2934 2981 ἡμῖν
2960 2915 3079 2966 ἐστι
3109 2913 3245 2983 πρὸς
3273 2915 3364 2965 τὸν
3408 2913 3536 2965 Θεὸν
3569 2911 3641 2964 δι’

2060 3003 2278 3068 αἰῶνος,
2307 2995 2369 3056 οῦ
2397 3003 2558 3073 χάριν
2575 3005 2793 3072 εἴρηται
2820 3003 2956 3074 πρὸς
2982 3004 3168 3068 αὐτὸν,
3205 3023 3224 3055 ι
3246 3005 3318 3056 Σὺ
3350 3006 3529 3075 ἱερεὺς
3555 3005 3640 3065 εἰς

395 3107 463 3160 de
495 3109 761 3158 donorum
783 3099 1214 3155 sanctiﬁcatione
1265 3100 1551 3170 dubitatio,
1606 3117 1702 3157 nec
1736 3102 1802 3157 de
1847 3101 1962 3158 aliis

2067 3097 2157 3148 τδν
2193 3095 2389 3151 αίῶνα.
2429 3114 2448 3148 ι
2483 3097 2581 3150 Διά
2625 3097 2784 3150 τοῦτο
2813 3094 3038 3164 οὐδεμία
3087 3097 3203 3157 τοῖς
3254 3097 3463 3158 πιστοῖς
3511 3098 3640 3162 περὶ

395 3194 692 3266 mysteriis,
732 3193 776 3246 si
801 3191 1093 3245 secundum
1147 3192 1481 3260 propositum
1506 3201 1561 3246 et
1613 3191 1960 3248 sacerdotum

395 3300 584 3356 preces
617 3290 963 3353 peragantnr.
988 3283 1052 3337 Et
1083 3279 1197 3336 haec
1224 3281 1439 3351 quidem
1464 3282 1748 3338 hactenus.

920 3547 1074 3604 CAP.
1106 3547 1275 3603 XXIX
1328 3550 1428 3621 (ι).

384 3662 472 3718 'De
525 3663 676 3716 iisin
717 3662 902 3725 quibus
960 3660 1141 3715 Latini
1198 3679 1292 3717 nos
1340 3662 1758 3732 reprehendunt,
1803 3673 1854 3720 et
1888 3663 1959 3720 ad

792 3732 1239 3802 reprehensionem
1270 3735 1559 3802 responsio.

415 3839 421 3844 '
465 3825 566 3880 llic
604 3836 783 3879 autem
835 3823 1012 3878 Latini
1043 3824 1260 3894 quidam
1311 3835 1495 3880 nostra
1525 3827 1957 3897 reprehendunt.

397 3919 592 3975 Dicunt
625 3919 792 3980 enim,
823 3925 945 3986 post
979 3919 1206 3972 verbum
1241 3917 1478 3983 Domini,
1523 3919 1817 3989 «Accipite,
1868 3935 1960 3977 cod

395 4011 646 4074 medite,»
684 4020 737 4063 et
767 4024 887 4076 quae
916 4017 1240 4078 sequuntur,
1277 4009 1344 4062 ad
1388 4009 1488 4063 hoc
1523 4017 1582 4063 ut
1608 4010 1956 4065 sanctiﬁcen-

395 4113 484 4156 tur
516 4103 678 4166 dona,
730 4101 876 4153 nulla
911 4100 1142 4170 amplius
1168 4114 1308 4169 Opus
1367 4101 1570 4155 habere
1602 4101 1871 4167 oratione,
1900 4112 1964 4158 ut

395 4207 516 4259 quae
551 4208 580 4246 a
617 4192 780 4245 verbo
825 4191 1038 4244 Domini
1077 4190 1319 4258 perfecta
1349 4197 1495 4245 slnt:
1526 4201 1812 4261 propterea
1866 4194 1958 4263 qui

395 4291 681 4351 postquam
712 4282 828 4333 haec
853 4280 1012 4333 verba
1041 4279 1300 4343 dixerint,
1336 4291 1532 4349 panem
1566 4290 1621 4335 et
1651 4281 1834 4335 vinum
1863 4297 1960 4337 no-

395 4375 626 4435 minant,
659 4381 714 4425 et
747 4379 1003 4438 tanquam
1039 4369 1280 4423 nondum
1336 4371 1686 4426 sanctiﬁcatis
1737 4389 1962 4443 precan-

2061 3185 2155 3240 τοῦ
2182 3184 2456 3257 ἀγιασμοῦ
2491 3186 2602 3240 τῶν
2631 3185 2820 3254 δώρων
2861 3183 3180 3254 ἀμφιϐολία,
3224 3183 3345 3236 οὐδὲ
3375 3186 3500 3254 περὶ
3527 3184 3639 3237 τῶν

2061 3277 2237 3333 ἄλλων
2267 3279 2526 3343 τελετῶν,
2558 3279 2607 3330 εί
2635 3276 2777 3331 κατά
2807 3277 2906 3348 τὴν
2937 3275 3198 3346 πρόθεσιν
3225 3275 3319 3328 καὶ
3346 3275 3444 3338 τάς
3472 3275 3639 3345 εὐχὰς

2060 3370 2170 3423 τῶν
2247 3370 2441 3442 ἱερέων
2496 3369 2908 3427 ἀποτελοῦνται.
2977 3370 3089 3423 Καὶ
3139 3370 3315 3423 ταῦτα
3387 3367 3488 3438 μὲν
3553 3368 3639 3429 είς

2060 3458 2333 3514 τοσοῦτον.

2663 3549 2910 3605 ΚΕΦΔΔ.
2946 3545 3073 3604 ΚΘ’.

2061 3662 2205 3733 Περὶ
2225 3659 2315 3718 ὧν
2345 3661 2775 3735 ἡμῖν-ἐνταῦθᾴ
2807 3680 2967 3729 τινες
2997 3663 3263 3718 Λατῖνοί
3275 3663 3636 3734 μέμφονται.

2416 3733 2515 3786 καὶ
2535 3739 2683 3802 πρὸς
2698 3733 2932 3802 μέμψιν
2964 3735 3282 3799 ἀπολογία.

2131 3822 2399 3879 Ἐνταῦθα
2424 3824 2482 3879 δέ
2506 3840 2651 3886 τινες
2679 3825 2894 3878 Λατῖνοι
2923 3824 3036 3878 τῶν
3066 3825 3355 3896 ἡμετέρων
3383 3826 3626 3898 ἐπιλαμ-

2060 3909 2336 3968 ϐάνονται.
2367 3913 2504 3965 Φασὶ
2527 3914 2658 3983 γὰρ,
2699 3915 2836 3982 μετὰ
2865 3915 2956 3967 τὸν
2978 3915 3074 3967 τοῦ
3101 3916 3306 3986 Κυρίου
3356 3917 3535 3984 λόγον,
3566 3918 3631 3969 τὸ

2065 4018 2087 4055 ι
2123 4003 2355 4067 Λάϐετε,
2392 4004 2616 4072 φάγετε,
2653 4024 2672 4055 ι
2710 4006 2804 4058 καὶ
2835 4005 2904 4056 τὰ
2933 4005 3081 4075 ἑξῆς,
3113 4007 3248 4075 πρὸς
3276 4007 3338 4059 τὸ
3363 4007 3635 4076 ἀγιασθῆο

2063 4112 2152 4149 ναι
2184 4097 2254 4148 τά
2301 4097 2474 4164 δῶρα,
2524 4097 2798 4167 μηδεμιᾶς
2827 4096 2991 4167 εὐχῆς
3047 4096 3126 4150 ἔτι
3155 4097 3385 4162 δεῖσθαι;
3413 4099 3486 4160 ὡς
3533 4099 3638 4150 ὑπὸ

2061 4188 2154 4240 τοῦ
2187 4189 2468 4257 Κυριακοῦ
2507 4189 2666 4256 λόγου
2697 4188 3022 4257 τελούμενα.
3087 4190 3189 4243 Διά
3225 4191 3381 4246 τοῦτο
3415 4193 3462 4244 οἱ
3499 4191 3636 4261 μετά
3695 4195 3699 4197 “

2059 4279 2121 4331 τὸ
2142 4282 2385 4334 ἀνειπεῖν
2431 4280 2600 4333 ταῦτα
2632 4281 2699 4332 τά
2729 4281 2973 4350 ῥήματα,
3018 4280 3180 4350 ἄρτον
3221 4283 3313 4333 καὶ
3341 4277 3481 4334 οἶνον
3505 4298 3635 4336 κατ-

2060 4368 2441 4437 ονομάζοντες,
2474 4370 2567 4422 καὶ
2619 4369 2696 4432 ὡς
2742 4370 2912 4439 μήπω
2963 4371 3297 4438 ἀγιασθεῖσιν
3350 4370 3632 4440 εὐχόμενοι

399 4475 484 4517 tur
515 4461 1023 4527 sanctilicationem,
1050 4470 1248 4530 praeter
1273 4461 1326 4515 id
1352 4461 1497 4530 quod
1535 4461 1855 4518 inﬁdelitate
1884 4469 1962 4517 la-

2065 4461 2154 4512 τὸν
2211 4461 2505 4529 ἀγιασμὸν,
2543 4461 2678 4531 πρὸς
2707 4461 2786 4530 τῷ
2840 4461 3069 4532 ἀπιστίᾳ
3103 4464 3302 4527 νοσεῖν,
3335 4463 3484 4529 φασὶ,
3540 4464 3633 4515 καὶ

398 4550 904 4620 borant,inquiunt,
943 4565 1133 4604 vanam
1161 4549 1450 4620 quamdam
1490 4566 1603 4605 rem
1627 4561 1682 4605 et
1701 4566 1963 4621 superva-

397 4659 620 4699 caueam
656 4643 882 4696 faciunt.
919 4640 1072 4706 Quod
1107 4649 1288 4696 autem
1327 4642 1428 4696 ltoc
1459 4643 1685 4697 verbum
1714 4642 1962 4712 estquod

396 4737 536 4788 dona
591 4732 821 4803 perﬁcit,
853 4732 1066 4797 beatus,
1109 4733 1380 4800 inquiunt,
1425 4733 1846 4803 Chrysostomus
1886 4742 1964 4788 te-

395 4822 802 4888 s:atur,dicens,
837 4821 978 4890 quod
1029 4823 1482 4891 quemadmodum
1521 4823 1701 4892 opifex
1758 4839 1960 4890 sermo,

398 4915 485 4968 liic
545 4914 770 4976 scilicet,
827 4913 1097 4968 «Crescite
1143 4923 1200 4967 et
1246 4914 1734 4983 multiplicamini,»
1793 4912 1963 4970 Semel

395 5022 426 5061 a
465 5005 572 5060 Deo
608 5005 784 5060 dictus
802 5015 906 5069 est,
933 5020 1147 5074 semper
1185 5014 1365 5060 autem
1399 5016 1674 5074 opetatnr,
1701 5006 1773 5060 ita
1799 5007 1962 5061 etiam

395 5098 500 5152 hoc
551 5097 801 5159 verbum,
841 5097 1010 5149 semel
1036 5111 1065 5148 a
1123 5096 1410 5150 Servatore
1437 5091 1665 5163 dictum,
1701 5107 1961 5167 perpetuo

392 5196 670 5257 cperatur.
716 5186 817 5250 Qui
851 5202 980 5254 ergo
1011 5199 1120 5238 sua:
1158 5185 1389 5239 orationi
1447 5187 1618 5254 magis
1649 5187 1952 5255 conﬁdunt,

393 5295 556 5348 quam
588 5281 753 5332 verbo
805 5276 1042 5338 Domini,
1099 5279 1333 5347 primum
1394 5279 1611 5349 quidem
1639 5295 1762 5334 cum
1795 5297 1958 5337 accu-

466 5458 542 5526 (l)
572 5455 686 5510 Duo
715 5457 829 5510 haec
854 5456 1062 5523 integra
1086 5456 1285 5522 capita,
1318 5473 1508 5525 nempe
1531 5457 1601 5511 29
1625 5467 1678 5510 et
1706 5458 1797 5522 50,
1827 5473 1946 5514 me-

394 5528 502 5581 rito
527 5529 579 5580 in
614 5536 784 5579 totum
805 5535 989 5579 essent
1010 5527 1398 5596 expungcttda;
1425 5542 1551 5581 nam
1577 5529 1773 5582 delirat
1797 5529 1951 5583 Grae-

396 5612 496 5648 cns
525 5598 627 5648 iste
659 5598 1064 5659 schismaticus,
1088 5599 1410 5648 existimans
1465 5613 1569 5650 non
1604 5600 1738 5652 solis
1773 5601 1956 5652 verbis

393 5666 559 5720 istius
585 5666 1011 5719 consecrationis
1038 5667 1228 5718 conﬁci
1260 5665 1678 5732 Eucharistiam,
1716 5669 1808 5721 sed
1840 5669 1963 5722 aliis

402 5751 636 5801 quoque,
681 5751 799 5802 qua:
859 5752 918 5788 ex
956 5738 1264 5789 (inuentum
1317 5737 1570 5806 Liturgiis
1592 5747 1961 5807 apponuntur.

2070 4553 2299 4624 μάταιόν
2328 4570 2382 4606 τι
2418 4556 2512 4606 nati.
2545 4544 2817 4624 πάρέλκον
2846 4555 3079 4625 πρᾶγμα
3123 4553 3390 4608 ποιοῦσιν.
3432 4554 3548 4608 Ὀτι
3577 4556 3632 4607 δὲ

2065 4640 2223 4706 οὗτός
2253 4646 2402 4698 ἐστιν
2435 4647 2463 4697 6
2488 4644 2664 4711 λόγος,
2690 4647 2718 4697 6
2737 4643 2807 4696 τά
2837 4645 2983 4713 δῶρα
3013 4645 3258 4709 τελειῶν,
3289 4649 3316 4698 ό
3345 4647 3632 4716 μακάριος,

2067 4738 2219 4804 φασὶ,
2271 4736 2657 4806 Χρυσόστομος
2699 4738 2968 4806 μαρτυρεῖ
3024 4737 3198 4804 λέγων
3247 4739 3330 4790 ὅτι
3384 4739 3633 4804 καθάπρ

2065 4829 2094 4880 6
2125 4827 2517 4898 δημιουργικὸς
2552 4827 2731 4896 λόγος,
2763 4829 2844 4892 τὸ,
2883 4847 2901 4879 ι
2930 4827 3236 4892 Δὺξάνεσθε
3295 4831 3386 4881 καὶ
3425 4830 3631 4898 πληθύι

2067 4918 2245 4980 νεσθε,
2279 4935 2297 4968 ι
2331 4917 2545 4987 εἴρηται
2573 4916 2670 4985 μὲν
2704 4917 2852 4983 ἅπαξ
2879 4918 2983 4970 ὑπὸ
3016 4918 3108 4970 τοῦ
3138 4920 3295 4984 Θεοῦ,
3330 4921 3634 4988 ἐνεργεῖται

2061 5009 2119 5061 δὲ
2145 5010 2253 5061 ἀεί·
2279 5007 2422 5061 οὕτω
2454 5009 2550 5062 καὶ
2578 5008 2733 5076 λόγος
2773 5003 2928 5071 οὗτος
2957 5009 3101 5074 ἅπαξ
3155 5010 3341 5081 ῥηθεὶς
3390 5011 3493 5062 ὑπδ
3536 5012 3632 5062 τοῦ

2063 5101 2337 5170 Σωτῆρος,
2370 5099 2460 5154 διὰ
2483 5100 2684 5162 παντὸς
2727 5102 2960 5168 ἐνεργεῖ.
2996 5100 3060 5153 Οἰ
3110 5103 3290 5154 τοίνυν
3321 5105 3386 5172 τῇ
3423 5102 3635 5155 ἑαυτῶν

2061 5193 2195 5262 εὐχῇ
2222 5191 2547 5262 θαρροῦντες
2578 5191 2776 5260 μᾶλλον
2803 5191 2833 5261 ἢ
2867 5192 2944 5260 τῷ
2977 5194 3238 5263 Κυριακῴ
3285 5194 3448 5262 λόγῳ,
3477 5194 3630 5263 πρῶ-

2059 5299 2151 5335 τον
2181 5283 2280 5353 μὲν
2336 5283 2619 5336 ἀσθένειαν
2659 5282 2822 5334 αὑτοῦ
2866 5286 3388 5353 καταγινώσκουσιν,
3443 5286 3636 5339 ἔπειτα

2055 5457 2255 5532 Verum
2293 5458 2496 5532 foedum
2539 5459 2702 5514 istum
2758 5459 3072 5516 Graecorum
3122 5476 3366 5516 errorem
3402 5463 3629 5532 egregie

2061 5528 2424 5582 confuturum
2457 5530 2744 5584 Bessarion
2796 5533 3089 5586 cardinalcs
3121 5533 3389 5598 Nicaenns,
3425 5528 3634 5588 libJ'De

2064 5599 2229 5650 verbis
2289 5601 2719 5659 consecrationis.
2751 5611 2803 5653 et
2855 5601 2943 5653 alii
3014 5605 3280 5656 innumeri
3325 5605 3635 5656 orthodoxi.
3715 5644 3718 5647 .

2072 5666 2647 5792 ride.fielht‘lllllilllll,
2687 5673 2776 5724 lib.
2823 5688 2874 5725 tv
2912 5673 2984 5725 De
3008 5672 3366 5733 Enr/mristia,
3393 5690 3514 5742 cap.
3550 5673 3636 5737 li,

2110 5757 2161 5792 ο.
2273 5778 2285 5792 .

2110 5757 2161 5804 o,
2202 5757 2285 5793 ιι.
