3992 6202
379 290 490 356 i333

1581 306 1869 367 LlTUliG
1886 306 1981 364 LE
2020 308 2116 367 EX
2130 305 2449 367 POSITlO.

3494 323 3499 328 ·
3541 301 3648 365 434

377 408 587 462 τιθέναι
621 408 713 460 τὸν
744 408 931 477 ἄρτον,
968 410 1042 479 τῷ
1074 411 1232 481 μύρῳ
1268 414 1581 481 ἁγιάζεται,
1615 418 1642 472 ὃ
1692 421 1756 490 δὴ
1799 422 1966 491 μῦρον

2078 421 2387 475 coniicitur.
2424 418 2691 474 Praeterea
2733 426 2917 475 autem
2974 426 3322 488 peccatorum
3369 420 3653 476 remissio-

377 501 466 554 ειὶ
492 501 601 551 τῶν
624 500 798 571 εὐχῶν
824 502 1311 572 τελεσιουργεῖται.
1336 508 1457 561 Ἔτι
1484 510 1539 562 δὲ
1563 513 1656 565 καὶ
1680 513 1967 584 ἁμαρτιῶν

380 591 579 657 ἄφεσιν
608 591 697 653 τίς
730 592 864 660 ἡμῖν
894 592 1056 646 δώσει
1090 594 1343 663 βεϐαίως,
1384 600 1494 653 τῶν
1524 602 1715 670 ἱερέων
1745 607 1838 658 καὶ
1868 609 1969 677 τῆς

379 681 563 734 αὐτῶν
609 681 848 753 δεήσεως
894 686 1421 758 ἀμφιϐαλλομένωνς
1479 694 1589 747 Καὶ
1639 695 1792 749 οὐδὲν
1840 698 1971 752 ἄλλο

378 779 589 842 λοιπὸν,
633 780 665 847 ἢ
700 781 879 833 πάντα
913 782 1004 834 τὸν
1042 784 1473 857 Χριστιανισμὸν
1514 791 1576 843 ἐκ
1610 792 1776 860 μέσον
1808 795 1969 863 ποιῆο

384 888 493 931 σαι,
528 875 646 932 ταῖς
676 876 1051 943 καινοτομίαις
1082 878 1515 943 ἀκολουθοῦντας
1541 884 1746 938 αὐτῶν.
1776 887 1968 939 Φαίνε-

377 975 469 1010 ται
525 961 711 1012 τοίνυν
754 962 828 1025 ὡς
864 964 1095 1028 ἐκείνοις
1140 968 1341 1036 μῶλον
1384 971 1434 1023 οἳ
1481 972 1655 1025 ταῦτα
1701 974 1967 1040 ἀξιοῦσιν,

382 1051 437 1099 ἐν
478 1051 780 1123 αμφιεολῖα
810 1056 990 1108 κεῖται
1024 1058 1093 1111 τὰ
1124 1059 1221 1128 τῆς
1256 1060 1480 1133 ἀρετῆς,
1518 1064 1613 1116 καὶ
1648 1066 1816 1121 πολὺν
1854 1067 1969 1137 ἔχει

378 1139 441 1189 τλι
474 1141 713 1208 πρᾶγμα
742 1142 1007 1206 κῖνδυνον,
1040 1145 1300 1219 ἀλλότρια
1329 1150 1436 1203 τῶν
1471 1154 1757 1223 πατρικῶν
1789 1174 1969 1223 7:191-

374 1229 582 1283 δξτειιιν
620 1234 714 1285 καὶ
772 1239 870 1301 τῆς
932 1238 989 1287 ἐν
1053 1240 1243 1302 αὑταῖς
1290 1243 1593 1309 ἀσφαλείας
1636 1247 1966 1304 ἐπινοοῦσιν.

381 1322 505 1373 ’Ὁτι
540 1324 639 1389 μὲν
671 1324 778 1393 γὰρ
812 1328 839 1378 6
871 1326 1003 1385 Θεὸς
1038 1329 1331 1398 εὐχόμενος
1362 1334 1621 1398 ἐπινεύει,
1662 1338 1759 1389 καὶ
1786 1338 1969 1396 δίδωσι

378 1412 607 1482 Πνεῦμα
638 1416 791 1483 ἆγιον
823 1420 937 1481 τοῖς
965 1420 1212 1475 αἰτοῦσ;ν
1243 1425 1429 1489 αὐτὸν,
1464 1428 1558 1478 καὶ
1591 1429 1744 1482 οὐδὲν
1776 1430 1972 1485 ἀδυνα-

373 1506 463 1555 τεῖ
507 1508 620 1567 τοῖς
651 1508 788 1574 μετὰ
822 1509 1058 1571 πίστεως
1084 1512 1247 1565 αὐτοῦ
1287 1514 1586 1583 δεομένοις,
1623 1519 1784 1581 αὐτος
1816 1516 1970 1573 εἶπεν

378 1598 408 1646 ὀ
461 1597 623 1659 Θεόςο
672 1600 763 1652 καὶ
805 1602 1031 1672 οὐδεμία
1071 1607 1288 1677 μηχανὴ
1334 1608 1430 1660 τοῦ
1480 1609 1554 1682 μὴ
1597 1612 1773 1683 ἀληθῆ
1817 1613 1970 1667 ταῦτ’

378 1683 540 1741 εἶναι.
573 1691 694 1744 Ὀτι
728 1693 780 1746 δὲ
814 1694 1194 1765 διηγουμένοις
1225 1702 1406 1755 ὁτιοῦν
1433 1704 1541 1755 τῶν
1573 1705 1771 1772 λογίων
1832 1726 1971 1778 συμ-

376 1782 555 1835 ϐαίνει
595 1802 645 1836 τι
675 1787 934 1853 τοιοῦτον,
960 1791 1172 1860 οἰδαμῆ
1197 1794 1439 1861 λέγεεεοω.
1471 1799 1577 1850 Καὶ
1600 1799 1659 1850 τὸ
1683 1801 1811 1868 μὲν.
1837 1804 1967 1872 εὐχῇ

378 1873 446 1924 τὰ
490 1880 733 1942 μυστικά
761 1880 937 1933 τελεῖν
962 1882 1010 1934 οἱ
1052 1883 1295 1955 Πατέρες
1327 1889 1658 1957 παρέδοσαν,
1717 1892 1825 1946 ἀπὸ
1864 1895 1971 1949 τῶν

377 1966 700 2021 ἀποστόλων
733 1974 828 2023 καὶ
865 1973 974 2025 τῶν
1012 1974 1256 2040 ἐκείνους
1298 1980 1675 2050 ἐκδεξαμένων
1717 1987 1970 2057 παραλα-

371 2055 605 2120 6όντες·
640 2060 710 2113 τά
745 2079 804 2114 τε
845 2064 1003 2129 ἄλλα,
1050 2066 1304 2136 καθάπερ
1352 2070 1510 2143 ἔφην,
1551 2076 1645 2129 καὶ
1676 2077 1775 2148 τὴν
1802 2055 1972 2147 Ῠίεράν

376 2150 756 2222 εὐχαρίστιαν,
794 2157 936 2223 μετὰ
971 2159 1204 2225 πολλοὺς
1230 2161 1427 2227 ἄλλους
1459 2166 1554 2219 καὶ
1594 2169 1767 2237 μέγας
1805 2172 1970 2225 Βασί-

375 2245 544 2307 λειος,
577 2248 673 2299 καὶ
715 2247 966 2319 Ἰωάννης
1008 2250 1036 2302 6
1069 2254 1483 2326 Χρυσόστομος,
1517 2258 1565 2310 oi
1604 2260 1831 2329 μεγάλοι
1874 2264 1971 2332 τῆς

387 2334 723 2405 Ἕκκλησίας
764 2338 1113 2396 διδάσκαλοι*
1144 2340 1226 2407 οἷς
1262 2346 1389 2409 τοὺς
1431 2348 1817 2415 ἀντιλέγοντας
1850 2354 1972 2407 οὐδὲ

376 2426 545 2493 λόγου
582 2428 729 2491 τινὸς
767 2431 951 2495 ἀξιοῦν
986 2432 1114 2503 χρὴ,
1152 2436 1275 2500 τοὺς
1306 2438 1553 2493 εὐσεϐεῖν
1586 2442 1966 2513 βουλομένους.

378 2520 487 2574 Τὸν
522 2524 578 2575 δὲ
613 2524 709 2577 τοῦ
755 2528 961 2598 Κυρίου
1000 2530 1270 2599 περὶτῶν
1320 2533 1640 2603 μυστηρίων
1690 2535 1869 2603 λόγον,
1914 2540 1971 2591 ὲν

372 2616 512 2668 εἴδει
558 2618 867 2689 διηγήσεως
894 2620 1209 2690 λεγόμενον,
1244 2624 1381 2694 πρὸς
1425 2626 1517 2679 τὸν
1546 2626 1820 2697 ἀγιασμὸν
1863 2631 1972 2683 τῶν

372 2708 572 2777 δώρων
617 2712 847 2781 ἀρκεῖν,
894 2713 1109 2779 οὐδείς’,
1162 2713 1291 2769 οὔτε
1341 2716 1451 2771 τῶν
1494 2718 1807 2773 ἁπόστολων
1848 2719 1971 2773 οὔτε

374 2801 492 2852 τῶν
545 2802 886 2858 διδασκάλων
938 2805 1110 2860 εἰπὼν
1134 2807 1384 2876 φαίνεται
1414 2826 1429 2839 ·
1455 2790 1673 2864 ἀλλ”ότι
1698 2813 1797 2882 μὲν
1823 2813 1971 2882 ἆτταξ

372 2894 487 2947 ὑπὸ
516 2895 613 2949 τοῦ
644 2897 851 2967 Κυρίου
877 2898 1113 2969 λεχθεὶς,
1141 2900 1289 2972 αὐτῷ
1315 2902 1391 2972 τῷ
1440 2902 1533 2957 ὑπ’
1565 2905 1773 2959 ἐκείνου
1818 2906 1972 2976 λέγε·

377 2986 535 3053 σθαι,
582 2990 660 3053 ὡς
699 2993 727 3044 ὁ
764 2991 1163 3062 δημιουργικδς
1206 2994 1362 3062 λόγος
1400 2996 1487 3051 ἀεὶ
1532 2999 1768 3069 ἐνεργεῖ,
1815 3001 1910 3053 καὶ
1942 3001 1972 3054 6

378 3082 657 3151 μακάριός
675 3101 806 3155 φησι
851 3085 1129 3156 Ἰωάννης.
1162 3088 1290 3143 Ὅτι
1319 3089 1376 3143 δὲ
1408 3089 1505 3144 νῦν
1531 3090 1634 3145 ὑπὸ
1659 3092 1752 3146 τοῦ
1778 3092 1970 3163 ἱερέως

372 3173 698 3243 λεγόμενος,
763 3176 852 3230 διά
906 3178 967 3230 τὸ
1032 3179 1123 3231 ὑπ’
1189 3179 1401 3233 ἐκείνου
1458 3180 1748 3249 λέγεσθαι,
1798 3180 1958 3235 τοῦτο

366 3265 624 3333 δύναται,
655 3267 953 3336 οὐδαμόθεν
1006 3269 1123 3322 ἔστι
1172 3269 1367 3340 μαθεῖν
1395 3286 1410 3301 ’
1440 3271 1562 3324 ἐπεὶ
1588 3271 1698 3325 οὐδ’
1731 3271 1894 3335 αὐτὸς
1931 3272 1960 3326 6

2084 528 2206 566 nem
2236 516 2363 582 quis
2394 511 2653 565 sacerdos
2683 509 2843 564 nobis
2874 518 3026 565 certo
3067 510 3240 575 dabit,
3280 510 3325 565 si
3360 510 3427 564 de
3459 525 3648 564 eorum

2078 605 2329 657 oratione
2374 602 2704 656 dubitctur?
2736 602 2798 656 Et
2832 601 2967 655 nihil
3017 602 3243 656 omnino
3294 602 3443 656 aliud
3485 610 3655 656 restat

2084 711 2248 763 quam
2283 704 2341 747 nt
2374 708 2595 747 omnem
2625 692 3112 747 Christianismum
3148 692 3214 744 de
3241 693 3422 746 ntedio
3451 692 3651 745 tollant

2079 784 2171 850 qui
2209 799 2401 837 eorum
2427 784 2695 837 novitates
2731 790 3059 851 sequuntur.
3094 779 3318 834 Videtur
3348 796 3479 848 ergo
3507 781 3652 849 quod
3711 769 3720 777 ’

2081 876 2192 929 illis
2228 877 2437 945 potius,
2471 875 2516 928 si
2549 876 2619 928 ita
2650 883 2903 940 censent,
2937 877 2991 928 in
3021 872 3184 927 dubio
3208 873 3382 927 virtus
3416 873 3518 949 sita
3545 882 3651 933 est,

2081 983 2277 1037 resque
2307 967 2359 1019 in
2391 983 2585 1036 magno
2608 967 2855 1037 periculo
2873 975 3124 1021 versatur
3151 965 3217 1018 iis
3236 966 3324 1035 qui
3355 980 3384 1017 a
3413 964 3656 1034 paternis

2081 1059 2475 1114 traditionibus
2512 1068 2564 1113 ct
2595 1075 2716 1129 qua:
2763 1060 2815 1113 in
2872 1060 2936 1113 iis
2966 1068 3051 1113 est
3103 1058 3423 1120 securitate,
3477 1057 3654 1112 aliena

2080 1152 2419 1220 excogitant.
2458 1150 2612 1214 Quod
2654 1151 2800 1205 enim
2855 1149 3202 1203 orationibus
3243 1148 3386 1204 Dens
3439 1150 3654 1212 annuit,

2081 1256 2134 1298 et
2165 1245 2254 1299 dat
2311 1245 2580 1314 Spiritum
2629 1255 2880 1297 sanetum
2913 1241 2982 1295 iis
3010 1241 3104 1310 qui
3137 1242 3315 1310 ipsum
3353 1251 3567 1310 petunt,
3598 1250 3653 1295 et

2080 1337 2216 1391 nihil
2240 1337 2317 1392 sit
2344 1337 2692 1405 impossibile
2725 1337 2790 1390 iis
2818 1336 2910 1405 qui
2938 1351 3060 1389 cum
3094 1336 3195 1390 [ide
3220 1335 3399 1403 ipsum
3436 1344 3650 1404 regant,

2082 1431 2197 1500 ipse
2232 1431 2370 1485 dixit
2404 1431 2589 1495 Deus;
2627 1445 2723 1482 nec
2759 1430 2865 1483 ulla
2915 1429 3131 1483 ratione
3173 1427 3286 1481 liet'i
3319 1435 3498 1497 potest
3521 1427 3650 1495 quin

2082 1524 2199 1578 haec
2240 1538 2365 1577 vera
2403 1522 2534 1575 sint.
2568 1505 2729 1588 Quod
2764 1531 2948 1575 autem
2984 1521 3090 1574 tale
3130 1520 3259 1588 quid
3293 1520 3542 1575 evenerit
3588 1520 3656 1575 iis

2079 1615 2173 1684 qui
2206 1615 2490 1685 quidpiam
2516 1630 2577 1669 ex
2604 1614 2843 1684 eloquiis
2868 1622 3116 1677 narrant,
3138 1629 3406 1681 nusquam
3432 1612 3649 1667 dicitur.

2080 1706 2141 1760 Et
2180 1708 2431 1760 oratione
2456 1706 2676 1776 quidem
2712 1716 3057 1760 sacramenta
3094 1721 3375 1775 peragere,
3406 1704 3655 1758 tradide—

2080 1810 2207 1854 runt
2245 1799 2435 1855 l‘atrcs
2459 1842 2472 1866 ,
2500 1802 2590 1869 qui
2625 1801 2693 1851 ah
2725 1800 2988 1869 apostolis
3016 1809 3069 1853 et
3104 1800 3195 1867 qui
3234 1800 3312 1853 eis
3342 1814 3657 1853 successse—

2084 1902 2231 1956 runt,
2282 1899 2638 1959 acceperunt,
2681 1900 2733 1945 et
2798 1892 2903 1944 alia
2952 1892 3094 1944 sicut
3143 1891 3254 1943 dixi
3285 1908 3300 1955 ;
3336 1900 3390 1944 et
3440 1905 3655 1945 sacram

2084 1984 2514 2048 Eucharistiam,
2551 1993 2676 2055 post
2726 1984 2929 2040 multos
2972 1982 3110 2036 alios
3144 1991 3198 2036 et
3239 1998 3468 2053 magnus
3502 1982 3656 2036 Basi-

2078 2078 2186 2133 lius
2236 2086 2289 2133 et
2341 2076 2582 2132 Joannes
2636 2076 3083 2146 Cllrysostomus,
3140 2090 3347 2141 magna:
3397 2074 3657 2129 Ecclesiae

2080 2169 2361 2232 doctores,
2398 2166 2608 2235 quibus
2636 2167 2729 2236 qui
2768 2165 3174 2227 contradicunt,
3214 2179 3405 2217 eorum
3446 2164 3651 2216 nullam

2081 2261 2349 2327 rationem
2398 2260 2600 2313 ducere
2642 2264 2859 2324 oportet
2905 2272 3002 2310 eos
3038 2257 3127 2324 qui
3167 2255 3236 2324 pii
3272 2270 3394 2309 esse
3444 2254 3651 2308 volunt.

2079 2351 2237 2418 Quod
2285 2362 2467 2405 autem
2500 2364 2690 2403 sermo
2728 2348 2973 2413 Domini,
3009 2348 3101 2417 qui
3152 2347 3219 2401 de
3269 2348 3542 2416 mysteriis
3600 2348 3651 2400 in

2082 2446 2254 2501 forma
2310 2442 2647 2497 narrationis
2699 2441 2943 2505 dicitur,
2995 2438 3231 2494 seliiciat
3281 2439 3349 2493 ad
3383 2439 3653 2493 donorum

2081 2536 2609 2597 sanctiﬁcationem,
2678 2533 2861 2587 nullus
2924 2546 3104 2601 neque
3172 2529 3488 2601 apostolus,
3554 2535 3655 2584 nec

2078 2628 2268 2681 doctor
2308 2626 2509 2680 dixisse
2543 2625 2810 2679 cernitur.
2849 2620 2955 2677 Sed
2989 2622 3131 2690 quod
3162 2622 3334 2676 semel
3360 2638 3388 2674 a
3422 2619 3653 2678 DlPﬂl'iW

2077 2714 2276 2777 dictus,
2310 2727 2375 2767 eo
2405 2713 2525 2783 ipso
2555 2710 2699 2782 quod
2728 2711 2794 2765 ab
2824 2710 2921 2765 illo,
2957 2710 3141 2765 dietus
3168 2712 3260 2773 sit,
3291 2711 3436 2765 sicut
3469 2712 3652 2781 Opiicx

2080 2821 2300 2870 sermo,
2355 2791 2573 2875 Semper
2618 2810 2903 2875 operatur,
2951 2812 3009 2857 ct
3060 2802 3197 2857 dicit
3239 2805 3404 2859 etiam
3462 2804 3654 2860 beatus

2078 2900 2340 2957 Joannes.
2374 2899 2532 2965 Quod
2564 2908 2749 2953 autem
2783 2912 2932 2951 nunc
2968 2897 3154 2953 dictus
3187 2912 3216 2950 a
3252 2897 3561 2963 sacerdote,
3589 2912 3655 2953 eo

2078 2995 2221 3065 quod
2245 2995 2313 3049 ab
2340 2994 2457 3064 ipso
2483 2992 2723 3056 dicatur,
2743 2991 2849 3045 hoc
2882 2989 3076 3060 possit,
3107 2990 3256 3046 nullo
3278 3005 3343 3045 ex
3376 2990 3496 3047 loco
3525 2991 3651 3046 sciri

2080 3095 2291 3158 potest;
2314 3083 2758 3155 quandoquidem
2787 3082 3019 3151 necipse
3049 3096 3230 3137 sermo
3260 3081 3439 3150 opifex
3464 3097 3658 3151 opera-

2079 3186 2191 3241 tur,
2224 3178 2369 3249 quod
2399 3178 2452 3233 in
2485 3178 3027 3247 unoquoque'eorum
3054 3188 3179 3245 quae
3202 3173 3446 3239 ﬁunt,ab
3468 3175 3654 3243 aliquo

2071 3270 2294 3326 homine
2324 3270 2564 3333 dicatur,
2600 3270 2695 3325 sed
2724 3267 2866 3337 quod
2911 3267 3078 3323 semel
3117 3282 3146 3320 a
3194 3265 3303 3321 Deo
3336 3265 3517 3320 dictus
3550 3267 3646 3323 sit.

364 3351 770 3431 δὴμιουργικδς
797 3361 956 3431 λόγος
988 3365 1222 3435 ἐνεργεῖ,
1252 3366 1333 3420 ὅτι
1374 3366 1458 3436 ἐφ’
1493 3366 1741 3421 ἑκάστων
1766 3366 2082 3436 γενόμενος,
2127 3366 2233 3421 ὑπό
2272 3382 2415 3429 τινος
2445 3363 2738 3437 ἀνθρώπου
2782 3363 3026 3431 λέγεται,
3057 3361 3173 3415 ἀλλ’
3211 3362 3295 3416 ὃτι
3324 3362 3473 3416 ἐστὶν
3501 3363 3651 3430 ἅπαξ

371 3458 484 3511 ὑπὸ
519 3458 615 3512 τοῦ
647 3458 849 3528 Κυρίου
881 3459 1190 3531 είρημὲνος.

984 3554 1231 3613 ΚΕΦΑΛ.
1284 3558 1367 3613 A'.

375 3666 629 3735 Ὅτιξκαὶ
649 3666 722 3736 τῇ
746 3668 1080 3741 Ἐκκλησία
1097 3673 1372 3725 Λατίνων
1389 3671 1427 3740 ἡ
1450 3670 1663 3741 τελετὴ
1686 3669 1841 3726 κατὰ
1861 3671 1972 3732 τὸν

698 3740 887 3792 αὐτὸν
932 3739 1079 3807 ἡμῖν
1103 3741 1361 3796 τελεῖται
1394 3739 1660 3811 τρόπον.⁷
1884 3756 1894 3765 ’

456 3832 525 3883 '0
573 3831 630 3884 δὲ
684 3832 962 3896 παντελῶς
1009 3833 1209 3897 αὐτοὺς
1255 3835 1619 3906 ἑπιστομίζει,
1663 3837 1746 3892 ὅτι
1796 3836 1890 3893 καὶ
1934 3838 1968 3907 ἡ

375 3923 636 3977 Λατίνων
674 3924 991 3994 Ἐκκλησία,
1026 3926 1108 3989 είς
1141 3928 1207 3997 ἣν
1230 3928 1527 3997 ἀναφέρειν
1559 3929 1796 3995 δοκοῦσι,
1832 3931 1974 4001 μετὰ

371 4016 475 4068 τὸν
502 4016 598 4069 τοῦ
629 4018 838 4086 Κυρίου
876 4017 1060 4084 λόγον,
1091 4016 1348 4089 εὔχεσθαι
1383 4019 1524 4091 ὑπὲρ
1551 4020 1661 4074 τῶν
1689 4021 1879 4093 δώρων
1909 4022 1970 4077 οὐ

376 4109 800 4179 παραιτοῦνται.
842 4110 1111 4164 Λανθάνει
1155 4111 1213 4165 δὲ
1257 4112 1475 4175 αὐτοὺς,
1524 4113 1608 4167 δτι
1655 4114 1757 4168 οὐκ
1809 4116 1971 4181 εὐθὺς

374 4201 523 4268 μετᾶ
546 4202 638 4253 τὸν
662 4201 822 4268 λόγον
844 4201 1120 4272 εὔχονται,
1152 4202 1249 4256 καὶ
1274 4204 1358 4257 ὅτι
1389 4203 1450 4256 οὐ
1482 4205 1668 4274 σαφῶς
1698 4205 1970 4274 ἀγιασμὸν

370 4295 683 4359 αἰτοῦνται,
704 4299 795 4348 καὶ
819 4294 1122 4366 μεταϐολὴν
1146 4297 1225 4359 είς
1243 4295 1603 4375 τδΚυριακδν
1625 4297 1787 4368 σῶμα
1803 4337 1821 4361 .
1851 4277 1970 4351 ἀλλ’

372 4388 595 4456 ἑτέροις
619 4388 860 4457 χρῶνται
881 4389 1112 4459 ὀνόμασι
1135 4387 1274 4457 πρὸς
1306 4388 1463 4441 τοῦτο
1498 4388 1743 4457 φέρουσι,
1775 4389 1871 4442 καὶ
1898 4388 1969 4443 τά

2673 3551 2832 3611 CAP.
2875 3552 3047 3609 XXX.

2142 3674 2298 3743 Quod
2326 3674 2489 3729 etiam
2523 3670 2920 3743 in_!.atinorum
2963 3668 3200 3743 Ecclesia
3264 3670 3445 3743 eodem
3478 3685 3581 3738 quo

2186 3748 2330 3814 apud
2361 3760 2453 3798 nos
2477 3741 2633 3795 modo
2659 3757 2866 3794 sacrum
2900 3738 3198 3793 celebratur
3218 3740 3545 3808 mysterium.

2143 3837 2299 3906 Quod
2340 3845 2523 3891 autem
2575 3848 2639 3886 os
2686 3831 2767 3885 eis
2816 3831 3042 3884 omnino
3094 3829 3354 3891 obstruit,
3388 3837 3476 3884 est
3503 3832 3649 3899 quod

2072 3932 2240 3988 etiam
2273 3928 2599 3983 Latinorum
2633 3921 2905 3988 Ecclesia,
2942 3923 3009 3975 ad
3042 3937 3205 3990 quam
3240 3936 3299 3975 se
3332 3921 3541 3976 referre
3568 3927 3648 3976 vi-

2073 4024 2293 4085 dentur,
2330 4027 2452 4090 post
2482 4017 2708 4072 verbum
2743 4014 2982 4076 Domini,
3025 4028 3129 4083 pro
3157 4013 3320 4068 donis
3349 4029 3510 4068 orare
3539 4030 3647 4068 non

2073 4121 2316 4170 recusat.
2364 4111 2408 4166 li
2457 4119 2640 4164 autem
2678 4106 2804 4162 ideo
2828 4105 3121 4172 falluntur,
3150 4105 3295 4175 quod
3331 4104 3507 4160 Latini
3538 4120 3644 4161 non

2071 4210 2256 4266 statim
2295 4213 2419 4277 post
2465 4203 2681 4261 Domini
2715 4201 2989 4271 prolatum
3024 4213 3334 4254 sermonem
3377 4207 3560 4263 orant,
3591 4208 3647 4254 ct

2070 4300 2217 4372 quod
2264 4314 2372 4353 non
2406 4304 2597 4367 aperte
2639 4302 2832 4363 petunt
2883 4290 3374 4347 sanctiﬁcationem
3417 4300 3473 4345 et
3527 4306 3647 4344 mu-

2068 4392 2329 4446 tationem
2367 4389 2421 4442 in
2454 4402 2657 4456 corpus
2710 4384 3077 4448 Dominicum,
3117 4382 3209 4437 sed
3260 4381 3385 4437 aliis
3417 4390 3646 4436 utuntur

369 4478 523 4529 αὒτά
546 4476 889 4545 δυναμένοις.
916 4476 1010 4539 Τίς
1037 4478 1094 4530 δὲ
1119 4477 1252 4547 εὐχή
1276 4495 1292 4543 ;
1323 4494 1342 4528 ι
1369 4478 1642 4531 Κέλευσον
1668 4478 1957 4549 ἀνενεχθῆ-

2075 4481 2381 4537 nominibus
2406 4494 2470 4536 eo
2501 4477 2897 4539 ferentibus,ct
2920 4490 3043 4543 qum
3072 4474 3410 4529 tantumdem
3431 4473 3643 4528 ualent.

369 4586 466 4623 ναι
493 4569 561 4621 τὰ
588 4568 738 4638 δῶρα
763 4567 938 4621 ταῦτα
971 4570 1027 4621 ἐν
1048 4569 1197 4639 χειρὶ
1226 4570 1488 4637 ἀγγέλου,
1523 4572 1602 4632 εἰς
1633 4570 1693 4624 τὸ
1723 4570 1962 4639 ὕπερον-

372 4660 576 4730 ράνιόν
600 4676 695 4712 σου
719 4659 1134 4730 θυσιαστήριον.
1166 4680 1184 4712 ι
1219 4661 1541 4728 Λεγέτωσαν
1576 4662 1704 4732 γὰρ,
1729 4662 1783 4714 τί
1814 4664 1963 4715 ἐστιν

370 4751 513 4806 αὐτὸ
536 4751 618 4813 τὸ,
644 4768 663 4802 ι
700 4751 1059 4821 ἀνενεχθῆναι
1085 4752 1153 4805 τὰ
1178 4752 1326 4822 δῶρα
1349 4754 1553 4816 ταῦτα;
1583 4772 1601 4805 ι
1633 4754 1702 4807 Ἦ
1736 4754 1844 4824 γὰρ
1877 4770 1965 4806 το-

368 4842 550 4911 πικὴν
575 4843 865 4910 μετάθεσιν
882 4840 1352 4912 αὑτοῖςξεῦχονται,
1372 4844 1481 4897 ἀπὸ
1504 4846 1599 4913 τῆς
1620 4844 1721 4914 γῆς
1739 4845 1833 4898 καὶ
1853 4844 1962 4897 τῶν

369 4933 533 4985 κάτω
564 4932 746 4985 τόπων
780 4933 859 4995 εἰς
886 4931 980 4984 τὸν
1017 4932 1271 5003 οὐρανὸν,
1303 4932 1335 5002 ἢ
1368 4934 1523 4998 ἀξίαν
1557 4936 1702 4997 τινὰ,
1736 4937 1832 4988 καὶ
1860 4934 1961 5005 τὴν

368 5024 489 5078 ἀπὸ
512 5024 624 5077 τῶν
651 5024 1055 5095 ταπεινοτέρων
1079 5026 1171 5077 ἐπὶ
1201 5025 1270 5079 τὰ
1302 5025 1614 5097 ὑψηλότερα
1635 5024 1958 5095 μεταϐολήν.

368 5116 525 5171 Ἀλλ’
550 5112 599 5168 ει
632 5115 732 5184 μὲν
757 5116 817 5169 τὸ
850 5118 1138 5186 πρότερον,
1164 5117 1217 5170 τί
1253 5118 1448 5187 ὄφελος
1471 5118 1678 5189 ταύτης
1705 5120 1839 5189 ἡμῖν
1861 5121 1959 5191 τῆς

370 5210 549 5279 εὐχῆς
576 5207 670 5276 ἀφ’
696 5209 855 5278 ἡμῶν
871 5209 1108 5279 ἀρθῆναι
1138 5212 1207 5263 τὰ
1231 5210 1385 5279 ἅγια,
1412 5211 1449 5264 ἃ.
1480 5212 1611 5282 παρ’
1642 5213 1773 5281 ἡμῖν
1796 5208 1957 5278 εἶναι,

371 5302 477 5355 καὶ
496 5303 553 5355 ὲν
588 5302 722 5369 ἡμῖν
751 5300 959 5370 μένειν,
986 5300 1080 5353 καὶ
1114 5301 1389 5371 εὐχόμεθα
1446 5303 1543 5356 καὶ
1593 5303 1958 5374 πιστεύομεν,

367 5393 454 5457 ὡς
485 5393 644 5447 τοῦτο
670 5391 731 5445 ὃν
763 5393 825 5446 τὸ
858 5388 1002 5447 εἶναι
1031 5393 1121 5446 τὸν
1169 5394 1405 5465 Χριστὸν
1456 5394 1578 5465 μεθ’
1616 5396 1801 5466 ἡμῶν,
1850 5395 1960 5460 ἓως

372 5486 481 5553 τῆς
510 5484 833 5550 συντελείας
868 5486 962 5539 τοῦ
1011 5486 1248 5553 αἱῶνος;
1308 5487 1434 5551 Πῶς
1472 5487 1529 5541 δὲ
1569 5489 1630 5542 οὐ
1669 5487 1960 5542 πιστεύου-

376 5594 491 5639 σιν,
513 5576 564 5628 εί
593 5575 759 5646 σῶμα
787 5575 1027 5647 Χριστοῦ
1059 5576 1220 5630 τοῦτο
1254 5578 1682 5647 γιγνώσκουσιν,
1744 5582 1828 5634 ὅτι
1858 5581 1957 5635 καὶ

376 5670 440 5719 ἐν
470 5669 605 5737 ἡμῖν
636 5671 776 5735 ἐστι,
810 5669 905 5722 καὶ
931 5668 1328 5740 ὑπερουράνιόν
1369 5675 1509 5737 ἐστι,
1564 5676 1657 5727 καὶ
1691 5675 1749 5727 ἐν
1804 5674 1958 5745 δοξιᾷ

372 5760 477 5813 :45
503 5762 720 5833 [ἰατρὸς
744 5762 985 5835 ,κάθηται
1017 5804 1032 5832 ,
1059 5766 1261 5836 τρόπον
1297 5765 1357 5820 ὃν
1392 5763 1533 5822 οἶδεν
1588 5766 1747 5834 αὑτάς
1782 5784 1797 5836 ;
1835 5768 1955 5834 Πῶς

2067 4573 2199 4640 Quae
2235 4582 2320 4628 est
2360 4580 2543 4626 autem
2576 4568 2805 4624 oratio?
2840 4587 2858 4619 ι
2900 4566 3041 4621 Jube
3071 4581 3298 4620 sursum
3331 4564 3460 4619 ferri
3499 4563 3642 4619 dona

2066 4663 2183 4719 hare
2205 4664 2256 4717 in
2282 4675 2445 4716 manu
2476 4659 2654 4729 angeli
2687 4659 2752 4713 ad
2779 4657 3173 4728 supercmleste
3208 4657 3580 4711 tuon-altare.
3619 4674 3638 4708 ι

2065 4754 2259 4811 Dicant
2280 4754 2450 4818 enim,
2475 4752 2605 4821 quid
2634 4751 2735 4806 hoc
2753 4758 2860 4812 est,
2887 4768 2905 4801 ι
2928 4749 3158 4803 Sursum
3185 4749 3327 4803 (tona
3351 4730 3595 4804 deferri‘?
3615 4768 3636 4801 ι

2063 4844 2162 4901 νει
2180 4845 2322 4899 enim
2342 4844 2571 4898 localem
2595 4843 2676 4896 eis
2694 4842 3113 4896 translationem
3132 4849 3471 4911 prccantura
3496 4853 3640 4897 terra
3679 4862 3685 4868 ·

2063 4945 2118 4993 et
2154 4935 2509 4991 inferioribus
2536 4935 2673 4989 locis
2700 4936 2752 4988 in
2779 4934 3003 4999 malum,
3038 4934 3120 4987 vel
3153 4934 3373 5001 dignam
3402 4935 3639 5005 aliquam

2062 5038 2115 5082 et
2155 5027 2223 5081 ab
2270 5027 2656 5082 lntmilioribus
2699 5028 2765 5080 ad
2808 5026 3001 5081 altiora
3036 5028 3421 5082 nmtatiouem.
3455 5027 3558 5081 Sed
3592 5027 3639 5080 si

2063 5118 2298 5189 primum
2331 5119 2577 5189 quidem,
2601 5120 2731 5187 quid
2764 5120 2864 5174 hac
2898 5118 3065 5174 nobis
3102 5121 3359 5175 oratione
3382 5133 3523 5188 Opus
3550 5125 3640 5170 est

2062 5219 2123 5266 ut
2172 5229 2203 5266 a
2258 5212 2412 5268 nobis
2450 5215 2712 5268 tollantur
2739 5220 2950 5275 sancta,
2982 5226 3105 5280 qua:
3140 5211 3282 5278 apud
3336 5226 3437 5263 nos
3492 5223 3638 5274 esse,

2061 5313 2118 5360 et
2152 5305 2205 5359 in
2243 5305 2401 5362 nobis
2433 5319 2654 5359 manere
2695 5310 2749 5356 et
2797 5319 3016 5357 oramus
3043 5312 3097 5355 et
3152 5300 3427 5357 credimus
3444 5332 3479 5363 ρ,
3510 5307 3639 5352 tan-

2062 5413 2225 5466 quam
2260 5398 2361 5453 hoc
2407 5397 2499 5463 sit,
2533 5411 2653 5451 esse
2705 5395 2983 5451 Christum
3025 5394 3309 5447 nobiscum
3346 5405 3527 5459 .usquc
3568 5388 3635 5443 ad

2062 5489 2587 5543 consummationem
2656 5486 2878 5542 smculi?
2933 5483 3219 5550 Quomodo
3278 5488 3467 5534 autem
3526 5494 3635 5534 non

2063 5582 2315 5648 credunt,
2341 5581 2383 5636 si
2409 5580 2510 5635 hoc
2540 5579 2742 5634 Christi
2774 5593 2974 5648 corpus
3003 5581 3343 5644 cognoscunt
3362 5611 3377 5637 ,
3401 5573 3546 5641 quod
3582 5582 3639 5629 et

2063 5674 2117 5728 in
2155 5674 2311 5728 nobis
2343 5680 2446 5735 est,
2472 5683 2538 5726 .ot
2569 5684 2654 5726 est
2703 5667 3117 5739 superrwleste,
3146 5674 3202 5719 et
3230 5664 3386 5720 sedet
3409 5665 3476 5720 ad
3508 5666 3639 5721 dex-

2062 5779 2233 5825 teram
2265 5766 2466 5835 Patris,
2495 5782 2600 5836 quo
2634 5765 2750 5834 ipse
2803 5758 3191 5820 uovitanodo?
3219 5758 3504 5827 Quomodo
3534 5775 3636 5815 auc
