3992 6202
358 331 464 394 435

1617 345 1924 407 NICOLAI
1963 345 2356 408 CABASILM

3493 349 3602 415 4"6‘

358 451 468 494 tem
516 441 680 498 fuerit
709 449 852 515 quod
904 452 1146 516 nondum
1179 463 1282 520 est,
1314 459 1706 526 superemleste
1749 459 1923 528 ipsum

2031 462 2076 515 δ’
2104 462 2170 515 ἂν
2201 462 2288 532 εἴη
2337 461 2734 532 ὕπερουράνιον
2761 462 2820 514 τδ
2887 461 3058 532 μήπω
3119 461 3409 538 γενόμενον
3463 466 3601 517 αὐτὸ

358 550 558 606 corpus
592 539 818 606 Christi,
866 545 1008 613 quod
1048 553 1133 599 est
1179 550 1606 616 superemleste?
1638 550 1925 617 Quomodo

359 638 538 684 autem
571 633 732 686 etiam
764 650 980 690 sursum
1015 636 1222 692 feretur
1261 641 1314 694 in
1352 656 1515 695 manu
1557 643 1757 712 angeli,
1783 642 1925 710 quod

361 735 528 789 super
556 737 772 778 omnem
800 726 1162 797 principatum
1198 741 1252 787 et
1315 741 1637 803 potestatem
1677 743 1733 789 et
1761 735 1928 789 virtu-

359 820 468 867 tem
497 821 550 867 et
577 827 740 868 omne
776 831 977 873 nomen
1027 822 1172 890 quod
1196 824 1552 880 nominatur?
1591 827 1688 880 Sin
1740 839 1924 882 autem

359 905 575 973 dignam
605 905 843 977 aliquam
872 919 925 963 et
972 911 1026 965 in
1077 914 1270 971 melius
1329 918 1686 974 mutationem
1743 928 1924 984 orant,

357 1009 468 1047 non
501 996 656 1051 video
685 1000 961 1067 quomodo
989 1019 1098 1059 non
1133 1007 1244 1062 sint
1283 1008 1482 1078 insigni
1522 1009 1801 1080 impietate
1839 1011 1924 1065 fu-

359 1087 484 1151 turi.
515 1089 562 1144 si
589 1089 754 1145 etiam
790 1092 965 1164 ipsum
987 1112 1109 1153 esse
1127 1097 1326 1154 Christi
1347 1115 1544 1170 corpus
1572 1112 1923 1172 cognoscant,

355 1188 409 1233 et
438 1180 504 1234 ad
564 1183 763 1240 melius
802 1187 931 1255 quid
982 1199 1036 1244 et
1086 1192 1331 1247 sanctius
1391 1194 1446 1248 id
1471 1203 1755 1250 venturum
1808 1210 1927 1250 esse

356 1271 608 1327 credunt.
643 1273 797 1331 Unde
823 1279 1168 1336 manifestum
1198 1292 1282 1338 est
1310 1299 1406 1339 eos
1434 1287 1663 1341 omnino
1696 1287 1838 1342 scire
1862 1302 1925 1341 ea

358 1363 536 1418 adhuc
565 1380 690 1420 esse
727 1383 924 1437 panem
958 1379 1010 1424 et
1039 1373 1223 1426 tinum
1270 1391 1392 1443 qua:
1440 1376 1922 1432 sanctiﬁcationem

357 1454 598 1508 nondum
636 1471 1016 1529 susceperunt,
1052 1473 1104 1517 ct
1135 1477 1388 1534 proptera
1416 1481 1514 1536 pro
1541 1468 1675 1537 ipsis
1704 1470 1924 1538 quidem

353 1558 534 1613 orant,
573 1562 633 1602 ut
658 1567 775 1618 qua:
801 1553 1048 1610 oratione
1066 1556 1245 1612 adhuc
1265 1559 1524 1629 indigent.
1547 1559 1716 1617 Orant
1742 1571 1922 1617 autem

355 1648 416 1692 ut
459 1655 523 1694 ea
565 1657 785 1698 sursum
820 1645 1087 1713 ferantur,
1117 1659 1175 1704 ut
1205 1667 1325 1720 qua:
1354 1653 1534 1707 adhuc
1560 1653 1786 1709 inferius
1817 1657 1923 1710 sita

355 1734 487 1791 sint.
515 1742 569 1787 et
619 1735 688 1789 ad-
715 1737 903 1800 altare,
944 1749 1003 1794 ut
1041 1757 1162 1812 quae
1188 1746 1431 1797 nondum
1463 1743 1922 1809 sintsacriﬁcata,

2028 556 2088 607 τ’)
2139 555 2299 624 σῶμα
2360 556 2454 608 τοῦ
2513 555 2774 625 Χριστοῦ,
2822 555 2884 608 τὸ
2943 555 3382 625 ὑπερουρὰνιονς
3469 556 3592 620 Πῶς

2027 645 2084 699 δὲ
2155 647 2248 698 καὶ
2303 644 2723 715 ἁνενεχθήσεται
2778 643 2836 696 ὲν
2879 643 3025 715 χειρὶ
3059 641 3320 711 ἀγγέλου,
3360 641 3420 694 τὸ
3454 643 3599 712 ὑπὲρ

2031 739 2212 791 πᾶσαν
2257 738 2430 807 ἀρχὴν
2471 737 2566 790 καὶ
2601 735 2872 802 ἐξουσίαν,
2932 733 3026 788 καὶ
3050 733 3279 804 δύναμιν
3332 733 3427 786 καὶ
3484 735 3596 785 πᾶν

2026 830 2196 900 ὄνομα
2257 827 2660 900 ὀνομαζόμενον
2705 828 2813 892 ;Ει
2875 826 2932 880 δὲ
3001 825 3160 892 ἀξίαν
3219 823 3342 878 τινὰ
3406 824 3595 887 αὐτοῖς

2028 922 2277 996 εὖχονται
2347 924 2442 976 καὶ
2491 921 2590 992 τήν
2616 919 2707 972 ἐπὶ
2740 919 2801 973 τὸ
2845 918 3058 989 βέλτιον
3109 914 3437 986 μεταῦολὴν,
3493 914 3592 966 οὐκ

2026 1009 2146 1069 οἶδα
2175 1014 2229 1066 εἴ
2245 1030 2365 1066 τινα
2388 1011 2806 1080 καταλείψουσιν
2833 1006 3087 1067 ἀσεϐείας
3111 1004 3438 1075 ὑπερϐολὴν.
3461 1004 3592 1071 εἴγε

2029 1108 2122 1159 καὶ
2154 1105 2284 1159 αὐτὸ
2308 1104 2368 1156 τὸ
2393 1103 2550 1172 σῶμα
2585 1101 2680 1155 τοῦ
2712 1099 2920 1172 Κυρίου
2952 1099 3190 1169 Χριστοῦ
3219 1093 3358 1150 εἶναι
3398 1097 3592 1162 ἀναγι-

2029 1198 2320 1260 νώσκουσι,
2353 1197 2448 1250 καὶ
2483 1196 2576 1248 ἐπὶ
2605 1195 2668 1248 τὸ
2700 1193 2906 1263 βέλτιον
2931 1193 3028 1245 καὶ
3076 1189 3380 1260 ἁγιώτερον
3441 1188 3599 1256 ἦξειν

2029 1291 2168 1347 αὐτὰ
2197 1289 2564 1344 πιστεύουσιν.
2603 1286 2768 1339 Ὅθεν
2790 1285 2938 1355 δῆλοι
2962 1283 3178 1346 πάντως
3206 1280 3366 1346 εἰσὶν,
3428 1281 3598 1348 ἄρτον

2029 1384 2109 1438 ἔτι
2148 1385 2244 1438 καὶ
2273 1377 2415 1436 οῐνον
2439 1382 2605 1451 μήπω
2632 1379 2904 1448 δεξάμενα
2927 1375 3018 1428 τδν
3045 1372 3336 1442 ἀγιασμδν,
3393 1372 3593 1432 ειδότες

2028 1475 2168 1530 αὐτὰ
2191 1491 2206 1506 ⁸
2231 1475 2326 1528 καὶ
2353 1473 2442 1527 διὰ
2469 1471 2629 1526 τοῦτο
2658 1469 2913 1540 εὔχονται
2949 1466 3050 1538 μὲν
3096 1465 3239 1536 ὑπὲρ
3284 1464 3484 1525 αὐτῶν,
3517 1461 3606 1524 ὡς,

2029 1567 2110 1620 ἐτι
2152 1565 2424 1634 δεομένων
2448 1562 2639 1634 εὖκῆς.
2695 1561 2948 1631 εὔχονται
2970 1559 3028 1613 δὲ
3083 1555 3464 1625 ἀνενεχθῆναι,
3517 1555 3593 1616 ὡς

2029 1659 2108 1711 ἔτι
2140 1656 2368 1726 κείμενα
2400 1655 2571 1717 κάτω,
2599 1653 2693 1706 καὶ
2718 1653 2798 1715 εἰς
2827 1651 2888 1704 τὸ
2909 1649 3300 1720 θυσιαστήριον
3321 1647 3396 1708 ὡς
3425 1647 3600 1717 μήπω

2026 1747 2344 1816 τεθυμένα,
2377 1746 2464 1799 ἴνα
2503 1745 2622 1796 ἐκεῖ
2684 1741 2909 1796 τεθέντα
2961 1738 3190 1794 τυθῶσι.
3243 1738 3423 1790 Δεῖται
3483 1735 3602 1803 γὰρ

356 1831 416 1877 ut
451 1824 560 1879 illie
621 1829 798 1891 posita
839 1831 1241 1886 saeriﬁeentur.
1291 1835 1435 1902 Opus
1488 1844 1670 1890 autem
1725 1836 1927 1892 habent

2031 1837 2264 1906 ἀγγέλου
2331 1835 2514 1906 χειρδς
2570 1832 2646 1894 ὼς
2696 1834 2791 1900 τῆς
2856 1829 3115 1901 δευτέρας
3171 1827 3454 1898 ίεραρχίας
3493 1827 3597 1895 τῆς

357 1929 521 1969 manu
575 1919 770 1987 angeli,
817 1936 1012 1990 nempe
1061 1923 1206 1990 quod
1238 1925 1488 1978 secunda:
1521 1924 1772 1981 humana:
1813 1927 1924 1983 hie-

359 2009 616 2075 rarchiaa,
644 2021 700 2064 ut
734 2011 852 2065 vult
890 2014 1108 2067 divinus
1137 2013 1454 2086 Dionysius,
1493 2032 1522 2071 a
1561 2017 1735 2086 prima
1760 2033 1928 2088 ange-

358 2100 537 2155 lorum
593 2101 903 2159 hierarchia
959 2107 1226 2161 auxilium
1291 2107 1518 2163 feratur.
1565 2108 1691 2164 Haec
1751 2112 1928 2166 oratio

364 2193 498 2246 nihil
539 2194 684 2248 aliud
744 2194 956 2250 confert
1011 2198 1169 2253 donis
1241 2215 1402 2268 quam
1463 2202 1818 2256 mutationem
1872 2203 1926 2257 in

361 2300 562 2356 corpus
590 2294 645 2342 et
677 2289 997 2358 sanguinem
1037 2287 1272 2344 Domini.
1307 2289 1424 2346 Non
1467 2295 1613 2347 enim
1650 2295 1803 2350 locus
1832 2310 1919 2349 su-

360 2393 460 2448 per
489 2379 656 2434 caelos
687 2379 798 2434 Deo
823 2392 1107 2451 separatus
1131 2383 1182 2436 in
1212 2399 1320 2453 quo
1351 2394 1567 2456 oportet
1595 2385 1926 2453 sacriﬁcare,

358 2469 528 2524 altare
581 2469 713 2526 illud
775 2473 1202 2528 existimandum
1255 2483 1356 2529 est.
1391 2474 1467 2530 Ea
1515 2476 1659 2530 enim
1719 2477 1929 2533 ratione

359 2575 468 2615 non
493 2561 722 2617 multum
751 2561 1068 2620 differemus
1087 2567 1153 2619 ab
1176 2565 1243 2620 iis
1263 2566 1352 2636 qui
1389 2567 1440 2620 in
1463 2576 1643 2622 monte
1668 2569 1928 2624 Samaria:

359 2653 547 2709 dicunt
591 2670 712 2710 esse
741 2655 919 2710 locum
959 2656 1048 2710 ubi
1087 2667 1301 2730 oportet
1335 2658 1588 2726 adorare,
1625 2661 1709 2714 vel
1735 2661 1926 2715 Hiero-

359 2746 603 2816 solymis.
635 2747 740 2802 Sed
771 2749 1055 2816 quoniam,
1081 2758 1140 2802 ut
1166 2755 1242 2803 alt
1272 2749 1463 2803 beatus
1490 2749 1709 2815 Paulus,
1735 2767 1754 2802 ι
1787 2766 1928 2804 unus

361 2833 527 2899 Deus,
559 2851 699 2890 unus
725 2836 889 2890 etiam
923 2837 1254 2892 intercessor
1293 2836 1386 2893 Del
1427 2849 1482 2893 et
1527 2839 1807 2893 hominum
1840 2839 1929 2894 Je-

358 2942 456 2982 aus
485 2926 760 2990 Christus,
795 2945 812 2978 ι
848 2929 1030 2983 omnia
1055 2944 1175 2997 qua:
1201 2929 1573 2985 intercedendi
1600 2931 1706 2984 vim
1729 2931 1928 2985 habent

357 3028 412 3074 et
455 3020 943 3076 sanetiﬁeationem
967 3021 1130 3077 nobis
1175 3023 1435 3092 praebent,
1487 3023 1763 3104 solusest
1814 3026 1928 3094 ipse

358 3111 638 3167 Servator.
697 3111 956 3178 Quaenam
1011 3128 1145 3182 ergo
1178 3109 1326 3168 'sunt
1378 3130 1498 3183 quae
1557 3115 1925 3170 intercedendi

362 3205 472 3258 vim
535 3205 735 3260 habent
784 3195 1292 3261 et’sanctiflcant?
1362 3207 1648 3269 Sacerdos,
1723 3207 1924 3272 hostia,

363 3295 554 3351 altare.
591 3294 801 3351 Etenim
830 3304 884 3351 et
931 3297 1102 3352 altare
1132 3298 1455 3363 sanctiﬁcat,
1511 3307 1569 3352 ut
1605 3298 1716 3353 vult
1749 3314 1928 3354 sermo

365 3385 600 3442 Domini.
622 3405 642 3437 ι
667 3387 851 3441 Altare
879 3387 1047 3454 enim,
1076 3387 1273 3457 inquit.
1299 3388 1545 3456 estquod
1574 3388 1771 3443 donum
1802 3405 1931 3444 san-

359 3478 582 3535 ctiﬁcat.
597 3499 615 3531 ι
643 3480 779 3550 Ergo
796 3480 1055 3550 quoniam
1080 3481 1232 3534 solus
1254 3481 1367 3549 ipse
1388 3491 1472 3535 est
1487 3482 1577 3551 qui
1602 3483 1925 3549 sanctiﬁcat,

361 3570 513 3626 solus
536 3568 698 3624 fuerit
722 3570 980 3626 sacerdos
999 3579 1052 3625 et
1075 3571 1251 3624 hostia
1281 3575 1335 3624 et
1360 3571 1548 3626 altare.
1577 3572 1642 3626 Et
1665 3573 1809 3642 quod
1837 3589 1928 3627 sa-

362 3663 560 3719 cerdos
600 3665 825 3733 quidem
884 3674 940 3720 et
973 3663 1173 3730 hostia,
1220 3664 1336 3734 ipse
1364 3663 1546 3720 dixit:
1586 3683 1604 3718 ι
1659 3663 1765 3720 Pro
1795 3664 1929 3735 ipsis

361 3757 764 3835 enimninquit,
821 3771 920 3829 ego
949 3758 1232 3813 sanetiﬁeo
1262 3759 1553 3828 meipsum.
1592 3775 1610 3810 ι
1645 3755 1801 3823 Quod
1832 3773 1931 3812 au-

362 3855 471 3902 tem
496 3850 662 3904 etiam
699 3849 891 3914 altare,
935 3850 1321 3906 sanctissimus
1353 3859 1581 3905 testatur
1614 3851 1928 3922 Dionysius,

361 3940 550 3996 dicens
574 3941 626 3996 in
657 3940 798 3995 libro
837 3939 914 3994 De
961 3952 1223 4010 unguento
1255 3957 1274 3996 :
1317 3960 1336 3994 ι
1379 3942 1438 3996 Si
1471 3943 1616 3997 enim
1651 3953 1736 3996 est
1787 3942 1929 3995 divi-

363 4033 654 4089 nissimum
700 4042 952 4090 nostrum
987 4034 1162 4089 altare
1181 4034 1364 4098 Iesus,
1397 4033 1581 4088 divina
1618 4034 1928 4088 divinarum

364 4125 628 4179 mentium
675 4125 1038 4190 consecratio,
1097 4123 1150 4178 in
1182 4139 1316 4194 quo,
1361 4132 1422 4178 ut
1473 4124 1587 4177 vult
1633 4123 1931 4193 eloquium,

361 4218 665 4274 consecrati
696 4227 752 4272 et
783 4218 1011 4286 mystice
1043 4228 1304 4287 tanquatn
1331 4217 1712 4272 holocaustum
1753 4216 1932 4272 aacri-

364 4309 511 4362 licati
547 4309 880 4363 oblationem
920 4308 1204 4374 habemus,
1253 4310 1720 4376 supermundanis
1744 4303 1932 4363 oculis

362 4402 694 4469 aspiciamus
735 4399 912 4469 ipsum
953 4399 1355 4454 divinissimum
1400 4399 1593 4453 altare.
1635 4417 1655 4451 ι
1694 4399 1772 4453 Ad
1827 4399 1932 4453 hoe

2030 1927 2400 2000 ἀνθρωπίνης,
2424 1924 2564 1978 κατὰ
2583 1923 2671 1977 τὸν
2689 1922 2863 1993 μέγαν
2885 1919 3181 1978 Διονύσιον,
3202 1917 3309 1971 ὑπὸ
3324 1919 3420 1988 τῆς
3441 1915 3594 1986 πρὼο

2026 2035 2126 2088 της
2161 2019 2447 2088 ίεραρχίας
2467 2015 2577 2067 τῶν
2610 2014 2860 2082 ἀγγέλων
2884 2008 3272 2082 βοηθουμένων
3309 2022 3324 2038 ο
3373 2006 3514 2072 αὐτὴ
3558 2006 3599 2074 ἠ

2029 2109 2163 2180 εὐχὴ
2191 2109 2343 2162 οὐδὲν
2377 2106 2566 2178 ἕτερον
2597 2105 2714 2156 ἐστι
2753 2102 3028 2170 δυναμένη
3058 2103 3176 2173 τοῖς,
3195 2099 3410 2170 δώροις,
3440 2097 3596 2168 ἢτὴυ

2028 2205 2108 2266 είς
2137 2203 2195 2254 τὸ
2227 2200 2501 2271 κυριακὸν
2529 2199 2688 2264 σῶμα
2725 2195 2817 2250 καὶ
2848 2189 2984 2264 αἷμα
3015 2193 3336 2262 μεταϐολήν.
3374 2192 3446 2244 Οὐ
3485 2192 3596 2260 γὰρ

2027 2297 2092 2366 δὴ
2121 2295 2284 2347 τόπον
2313 2291 2433 2346 τινὰ
2461 2291 2602 2360 ὑπὲρ
2631 2291 2720 2342 τὸν
2747 2285 2976 2358 οὐρανὸν
3026 2284 3386 2357 ἐξῃρημένον,
3447 2284 3503 2335 ὲν
3546 2275 3594 2348 ᾧ

2029 2388 2108 2440 δεῖ
2140 2384 2309 2449 θύειν,
2347 2381 2406 2436 τὸ
2430 2379 2822 2450 θυσιαστήριον
2850 2377 3028 2430 ἐκεῖνο
3065 2374 3375 2446 νομιστέον.
3436 2372 3594 2428 Οὕτω

2029 2478 2140 2549 γὰρ
2158 2477 2217 2530 οὐ
2247 2474 2382 2528 πολὺ
2431 2471 2747 2540 διοισόμεθα
2791 2467 2900 2522 τῶν
2951 2467 3008 2519 ἐν
3051 2464 3448 2536 Ἱεροσολύμοις
3508 2463 3595 2514 λε-

2031 2566 2294 2638 γόντωνῆ
2332 2567 2386 2617 ὲν
2415 2562 2491 2633 τῷ
2533 2563 2650 2633 ὄρει
2678 2562 2776 2632 τῆς
2813 2557 3130 2630 Σαμαρείας
3170 2559 3257 2610 τὶν
3311 2559 3476 2610 τόπον
3510 2551 3591 2608 εἷ-

2029 2677 2117 2714 ναι
2146 2662 2279 2712 ὅπου
2305 2656 2385 2710 δεῖ
2409 2655 2541 2708 Θεὸν
2577 2653 2925 2725 προσκυνεῖν.
2972 2650 3114 2704 Ἀλλ’
3151 2648 3294 2712 ἐπεὶ,
3327 2647 3467 2701 κατὰ
3501 2645 3599 2698 τὸν

2032 2751 2298 2821 μακάριον
2331 2746 2564 2808 Παῦλον,
2613 2763 2632 2797 ι
2664 2739 2742 2807 εἷς
2768 2743 2922 2808 Θεὸς,
2953 2737 3032 2805 εἷς
3066 2741 3160 2793 καὶ
3199 2740 3422 2810 μεσίτης
3455 2735 3591 2790 Θεοῦ

2029 2842 2124 2894 καὶ
2156 2838 2457 2909 ἀνθρώπων
2511 2835 2720 2907 Ἰησοῦς
2779 2833 3037 2907 Χριστὸς,
3075 2849 3093 2883 ι
3124 2833 3302 2885 πάντα
3340 2829 3406 2884 τὰ
3440 2845 3596 2897 μεσι-

2027 2931 2178 2985 τείαν
2207 2931 2504 2998 δυνάμενα,
2528 2928 2619 2982 τὸν
2659 2925 2934 2996 ἁγιασμδν
2962 2927 3094 2994 ήμῐν
3145 2923 3364 2994 ἔχοντα,
3434 2922 3593 2991 μόνος

2029 3023 2176 3076 ἐστὶν
2211 3022 2372 3085 αὐτὸς
2398 3021 2426 3073 ὀ
2451 3021 2661 3090 Σωτήρ.
2689 3020 2825 3072 Τίνα
2841 3019 2894 3072 δὲ
2933 3019 3001 3070 τὰ
3026 3016 3304 3085 μεσιτείαν
3335 3015 3592 3082 συνάγον-

2029 3131 2116 3180 τα,
2142 3113 2236 3167 καὶ
2251 3111 2501 3182 ἁγιάζειν
2529 3111 2798 3179 δυνάμενα
2825 3127 2840 3174 ;
2881 3111 3080 3179 Ἰερεὺς
3101 3151 3116 3163 .
3145 3109 3362 3178 ἱερεῖον,
3403 3105 3596 3158 θυσια-

2033 3211 2272 3281 στήριον.
2297 3207 2408 3262 Καὶ
2435 3205 2543 3275 γὰρ
2567 3206 2627 3258 τὸ
2661 3203 3044 3273 θυσιαστήριον
3069 3200 3309 3270 ἁγιάζει,
3333 3200 3479 3252 κατὰ
3501 3197 3594 3252 τὸν

2031 3301 2234 3374 Κυρίου
2251 3300 2428 3367 λόγον,
2450 3297 2508 3351 τὸ
2525 3294 2900 3364 θυσιασθῆναι·
2929 3313 2945 3344 ι
2968 3294 3040 3346 Τὸ
3061 3293 3445 3361 θυσιαστήριον
3464 3289 3596 3357 γὰρ,

2031 3393 2265 3466 (Mem-rb
2289 3391 2510 3462 ἁγιάζον
2536 3389 2595 3442 τὸ
2615 3389 2808 3458 δῶρον.
2823 3406 2841 3438 ι
2873 3387 3079 3439 Οὐκοῦν
3102 3387 3223 3438 ἐπεὶ
3249 3385 3409 3454 μόνος
3432 3381 3594 3443 αὐτὸς

2031 3489 2180 3541 ἐστιν
2205 3484 2232 3534 ὁ
2255 3481 2526 3552 ἁγιάζων,
2558 3479 2722 3550 μόνος
2747 3478 2810 3531 ἂν
2843 3479 2929 3546 εἴη
2959 3475 2986 3528 ὁ
3021 3479 3220 3547 ἱερεὺς,
3259 3476 3355 3529 καὶ
3386 3475 3592 3544 ἱερεῖον

2030 3583 2126 3633 καὶ
2157 3577 2562 3644 θυσιαστήριον.
2595 3571 2703 3624 Καὶ
2730 3572 2811 3623 ὅτι
2839 3569 2941 3638 μὲν
2966 3569 2992 3620 ὁ
3020 3569 3199 3639 ἱερεὺς
3237 3568 3331 3619 καὶ
3373 3567 3591 3635 ἱερεῖον,

2030 3671 2191 3734 αὐτὸς
2214 3663 2388 3722 εἶπεν·
2413 3684 2433 3718 ι
2454 3665 2625 3736 ’Υπὲρ
2665 3661 2845 3718 αὐτῶν
2871 3661 3003 3732 γὰρ,
3031 3664 3218 3731 φησιν,
3243 3659 3355 3725 ἐγὼ
3382 3655 3595 3726 ἁγιάζω

2030 3760 2264 3832 ἐμαυτόν
2279 3775 2292 3790 ·
2308 3778 2326 3812 ι
2352 3758 2432 3812 ὅτι
2449 3757 2506 3811 δὲ
2527 3755 2617 3810 καὶ
2640 3755 3052 3823 θυσιαστήριον,
3090 3752 3119 3802 ὁ
3142 3748 3438 3821 ἱερώτατος
3458 3765 3592 3817 μαρ‹

2030 3851 2188 3920 τυρεῖ
2213 3847 2510 3911 Διονύσιος,
2535 3845 2709 3914 λέγων
2738 3845 2794 3896 ὲν
2817 3843 2894 3913 τῷ
2917 3841 3054 3909 Περὶ
3076 3840 3182 3894 τοῦ
3203 3841 3397 3908 μύρου
3416 3838 3555 3903 λόγῳ
3576 3849 3590 3863 °

2039 3961 2058 3996 ι
2092 3942 2285 4011 Εξγὰρ
2315 3943 2432 3994 ἐστι
2465 3940 2526 3994 τὸ
2559 3938 2905 3992 θειότατατον
2943 3933 3104 4005 ήμῶν
3150 3932 3539 4001 θυσιαστήριον
3567 3931 3600 3980 ὁ

2030 4027 2241 4105 Ἰησοῦς
2263 4073 2279 4100 ,
2316 4033 2350 4102 ή
2373 4029 2641 4102 θεαρχικὴ
2670 4029 2778 4082 τῶν
2817 4027 2980 4080 θείων
2999 4024 3139 4078 νὸων
3185 4025 3504 4093 ἁφιέρωσις,
3537 4021 3596 4073 ὲν

2031 4120 2076 4196 ᾧ
2112 4124 2252 4179 κατὰ
2272 4125 2333 4177 τὸ
2361 4123 2544 4192 λόγιον
2567 4121 2980 4191 ἁφιερούμενοι,
3011 4119 3107 4173 καὶ
3149 4115 3423 4186 μυστικῶς
3478 4113 3570 4165 ὀλο

2033 4215 2410 4285 καυτούμενοι,
2434 4211 2531 4283 τὴν
2558 4209 2924 4281 προσαγωγὴν
2947 4210 3170 4280 ῑχομεν,
3201 4203 3597 4275 ὑπερκοσμίοις

2033 4308 2333 4378 ὀφθαλμοῖς
2363 4302 2794 4372 ιποπτεύσωμεν
2827 4302 2888 4354 τὸ
2910 4301 3190 4355 θειότατον
3227 4298 3361 4350 αὐτὸ
3411 4295 3594 4348 θυσιαο

2037 4401 2278 4472 στήριον.
2321 4417 2340 4450 ι
2369 4399 2464 4462 Εἰς
2485 4396 2646 4452 τοῦτο
2677 4395 2738 4448 τὸ
2761 4393 3148 4464 θυσιαστήριον
3199 4391 3260 4443 τὸ
3290 4389 3599 4460 ὑπερθυρά-

364 4493 753 4562 ευροιοαιιοειο
812 4492 982 4545 altare
1030 4499 1152 4544 orat
1209 4491 1466 4546 sacerdos
1522 4491 1664 4546 dona
1705 4506 1926 4548 sursum

2036 4511 2148 4548 νιον
2194 4490 2264 4546 τὰ
2311 4490 2460 4563 δῶρα
2479 4488 2694 4561 εὔχεται
2732 4485 3146 4556 ἀνενεχθῆναιὸ
3201 4483 3401 4553 ἱερεὺς,
3461 4481 3605 4546 επερ

365 4585 519 4647 ferri,
551 4583 696 4652 quod
725 4591 809 4637 est
849 4581 1202 4646 sanetiﬁcari,
1238 4583 1291 4636 in
1327 4584 1506 4654 ipsum
1538 4583 1929 4652 supereteleste

361 4677 562 4746 Christi
594 4691 793 4746 corpus
825 4675 1024 4731 mutari
1072 4694 1086 4731 :
1121 4691 1230 4732 non
1266 4678 1446 4732 locum
1485 4677 1768 4742 mutantia,
1817 4683 1870 4732 et
1899 4690 1932 4731 a

364 4744 505 4823 terra
541 4769 805 4823 translata
840 4769 892 4823 in
943 4767 1142 4824 coelum
1183 4783 1198 4820 :
1233 4768 1492 4838 quoniam
1533 4766 1780 4822 videmus
1813 4767 1929 4835 ipsa

349 4862 546 4918 adhuc
575 4862 717 4932 apud
754 4877 852 4917 nos
875 4877 1017 4924 esse,
1050 4871 1104 4916 et
1145 4869 1268 4931 post
1306 4861 1607 4914 orationem
1642 4860 1812 4914 nihilo
1842 4874 1932 4912 se-

364 4956 501 5009 eius.
567 4953 840 5020 Quoniam
904 4955 1047 5008 enim
1098 4955 1266 5008 altare
1315 4953 1622 5008 sanctiﬁcat
1676 4951 1816 5004 dona
1879 4950 1930 5004 ei

367 5047 816 5117 superimposita,
865 5048 1003 5101 idem
1042 5055 1126 5102 est
1185 5062 1345 5101 orare
1406 5056 1466 5100 ut
1516 5046 1657 5099 dona
1693 5043 1933 5098 sanctiﬁ-

367 5149 583 5208 eentur,
635 5150 689 5196 et
738 5139 792 5196 in
855 5139 1010 5194 altari
1069 5140 1245 5210 posita
1303 5153 1445 5192 esse.
1479 5135 1612 5202 Qua:
1637 5142 1722 5189 est
1750 5143 1930 5189 autem

363 5233 766 5296 sanctiﬁcatio,
818 5247 940 5302 qua:
1001 5231 1174 5286 altare
1237 5228 1586 5284 sanctiﬁcat?
1625 5227 1773 5281 Dona
1826 5226 1933 5279 im-

363 5327 542 5398 posita
584 5334 640 5380 et
692 5339 802 5395 quo
842 5325 957 5394 ipse
1006 5323 1264 5377 sacerdos
1329 5320 1566 5389 seipsum
1633 5318 1936 5374 sanctiﬁca-

362 5420 440 5474 ιιι
475 5461 490 5482 ,
532 5419 711 5474 oblata
767 5432 890 5472 esse
943 5413 1054 5471 Deo
1098 5416 1239 5470 dona
1298 5421 1352 5467 et
1402 5412 1726 5468 saerilicata.
1783 5409 1933 5475 Quo-

363 5514 508 5566 niam
555 5511 699 5565 enim
749 5509 892 5564 idem
937 5517 1022 5563 est
1069 5517 1122 5562 et
1180 5505 1458 5567 sacerdos,
1516 5512 1570 5557 et
1632 5503 1826 5566 altare,
1879 5510 1938 5556 et

367 5600 568 5663 hostia,
601 5601 742 5655 idem
769 5609 853 5656 est
900 5609 954 5652 et
984 5614 1014 5651 a
1045 5603 1334 5652 srlcerdme
1381 5593 1748 5650 sacriﬁcatum
1787 5605 1933 5656 esse,

365 5700 414 5740 rt
455 5688 510 5741 in
539 5689 774 5745 hostiam
801 5690 946 5743 illam
973 5695 1238 5741 mutatum
1264 5699 1405 5748 esse,
1438 5693 1490 5739 et
1525 5683 1578 5737 in
1611 5682 1702 5736 illo
1735 5694 1930 5751 super:

371 5778 577 5836 (ωιιιειί
638 5779 990 5853 altari-pmita
1035 5789 1088 5834 et
1137 5779 1382 5834 dedicata
1437 5789 1579 5832 esse.
1637 5774 1934 5845 Propterea

2037 4587 2186 4640 ἐστὶν
2214 4582 2563 4652 ἁγιασθῆναι,
2591 4583 2671 4644 εἰς
2720 4579 2852 4634 αὐτὸ
2878 4579 2939 4632 τὸ
2995 4577 3387 4647 ὐπερουράνιον
3440 4574 3602 4641 σῶμα

2034 4678 2128 4732 τοῦ
2163 4676 2367 4747 Κυρίου
2418 4672 2827 4746 μετασληθῆναι
2858 4688 2874 4704 ·
2929 4672 2991 4724 οὐ
3037 4671 3206 4725 τόπον
3261 4667 3602 4739 ἀμείψαντα,

2035 4769 2131 4824 καὶ
2187 4768 2295 4821 ἀπὸ
2339 4766 2440 4834 τῆς
2485 4767 2589 4836 γῆς
2613 4764 2881 4833 γενόμενα
2923 4765 3004 4826 εἰς
3053 4762 3146 4816 τὸν
3192 4760 3440 4829 οὐρανὸν,
3476 4758 3604 4810 ἐπεὶ

2033 4857 2251 4928 ὁρῶμεν
2284 4854 2422 4908 αὐτὰ
2449 4855 2578 4922 παρ’
2618 4855 2752 4924 ἡμῖν
2783 4852 2911 4906 ὄντα
2958 4850 3062 4916 ἔτι,
3088 4851 3180 4903 καὶ
3215 4849 3352 4918 μετὰ
3378 4847 3473 4918 τὴν
3507 4849 3604 4898 εὐ-

2035 4949 2135 5019 χὴν
2164 4947 2316 5000 οὐδὲν
2344 4941 2528 5018 ἦττον.
2566 4944 2721 4997 Ἐπεὶ
2747 4943 2854 5016 γὰρ
2880 4943 2942 4996 τὸ
2991 4942 3381 5011 θυσιαστήριον
3440 4938 3602 5006 ἀγιά-

2035 5041 2118 5104 ζει
2142 5041 2208 5092 τὰ
2258 5037 2482 5092 τεθέντα
2509 5036 2658 5106 αὐτῷ
2685 5035 2853 5106 δῶρα,
2889 5035 3087 5088 ταύτόν
3122 5035 3292 5097 ἐστιν,
3338 5031 3604 5098 εὔξασθαι

2034 5134 2146 5194 τοῖς
2176 5130 2370 5198 δώροις
2400 5129 2747 5200 ἁγιασθῆναι,
2779 5129 2871 5182 καὶ
2896 5129 2954 5180 ἑν
2986 5127 3064 5197 τῷ
3095 5125 3465 5196 θυσιαστηρίῳ
3505 5140 3602 5176 τε-

2035 5223 2216 5290 θῆναι.
2241 5223 2338 5284 Τίς
2361 5221 2418 5274 δὲ
2455 5225 2484 5275 ὁ
2511 5220 2785 5290 ἁγιασμὸς
2815 5219 2874 5272 ὃν
2923 5218 3142 5289 ἁγιάζει
3191 5219 3253 5272 τὸ
3304 5218 3603 5288 θυσιαστή-

2038 5329 2188 5384 ριον;
2222 5314 2303 5367 Τὰ
2358 5313 2582 5365 τεθέντα
2617 5311 2766 5383 αὐτῷ
2798 5312 2982 5383 δῶρα·
3017 5313 3075 5366 ὃν
3133 5314 3296 5376 αὐτὸς
3346 5313 3374 5365 6
3421 5311 3602 5381 ἱερεὺς

2037 5405 2268 5476 ήγίασεν
2319 5403 2534 5470 ἑαυτὸν,
2586 5403 2663 5473 τῷ
2721 5403 3153 5474 προσενεχθῆναι
3205 5402 3284 5472 τῷ
3332 5401 3452 5472 Θεῷ
3506 5399 3602 5456 καὶ

2037 5496 2280 5566 τεθῆναι.
2355 5495 2514 5548 Ἐπεὶ
2557 5495 2670 5568 γὰρ
2714 5497 2744 5549 ὁ
2795 5496 2959 5558 αὐτός
3004 5497 3120 5548 ἐστι
3150 5495 3476 5566 καὶίερεὺς,
3507 5493 3604 5546 καὶ

2039 5587 2431 5656 θυσιαστήριον
2461 5588 2798 5658 καὶίερεϊον,
2831 5588 3026 5641 ταυτόν
3061 5589 3228 5654 ἐστιν,
3254 5589 3360 5640 ὑπο
3394 5585 3489 5640 τοῦ
3525 5587 3606 5636 is-

2045 5677 2182 5749 ρέως
2233 5678 2444 5732 ἐκείνου
2499 5679 2944 5750 ίερουργηθῆναι,
3008 5679 3102 5732 καὶ
3156 5680 3235 5741 εἰς
3284 5677 3345 5732 τὸ
3378 5679 3608 5745 ,ἱερεῖον

2042 5772 2217 5826 ἐκεῖνο
2239 5771 2664 5843 μεταϐληθῆναι,
2685 5774 2777 5830 καὶ
2809 5773 2866 5826 ἰν
2897 5771 2976 5843 τῷ
3007 5771 3380 5842 θυσιαστηρὲῳ
3413 5769 3607 5841 ἐκείνῳ
