3838 6192
264 283 365 350 437

1434 301 1715 363 LITURG
1730 303 1824 361 UE
1865 304 2292 364 EXPOSlTIO.

3374 308 3477 372 433

260 398 338 466 τῷ
375 399 752 471 ὑπερουρανίῳ
774 401 1118 475 ἀνατεθῆναι.
1158 408 1256 462 Διὰ
1286 409 1445 464 τοῦτο
1497 414 1547 465 εί
1597 431 1648 465 τι
1707 415 1812 466 τῶν

1922 430 2043 468 cum
2075 415 2295 483 aliquod
2333 415 2526 470 horum
2554 416 2715 470 triqu
2752 418 3046 485 receperis,
3073 432 3217 482 ores,
3270 421 3483 475 univer-

261 489 426 559 τριῶν
464 491 754 545 ἀπολαϐὼν
781 494 984 561 εὖξαιο,
1014 500 1072 551 τὸ
1102 502 1208 553 πᾶν
1231 501 1401 571 ηὔξω,
1454 504 1514 556 τὸ
1549 504 1818 575 ζητούμε-

260 596 348 631 νον
376 578 543 649 ἔχεις,
580 583 675 653 τὴν
708 583 895 640 θυσίαν
926 590 1194 655 ἑτέλεσας.
1253 596 1315 646 Οί
1376 596 1474 664 μὲν
1526 598 1633 667 γὰρ
1686 602 1816 668 παρ’

262 673 389 741 ὑμῖν
414 676 607 745 ἱερεῖς,
629 677 703 737 ὡς
740 680 931 749 ἱερεῖον
962 683 1052 734 τὸν
1090 686 1324 752 Χριστὸν
1361 687 1669 757 βλέποντες,
1705 694 1819 754 τοῖς

258 764 451 833 δώροις
475 770 729 838 εὖχονται
762 772 859 840 τὴν
890 776 943 826 ὲν
962 777 1153 848 ἐκείνῳ
1188 778 1357 843 θέσιν,
1386 781 1594 850 ῥήμασι
1627 784 1816 851 διαφό-

262 873 373 923 ροις
400 861 497 912 καὶ
522 861 719 929 λόγοις,
744 862 799 915 ἓν
831 869 925 919 καὶ
956 869 1013 918 τὸ
1048 870 1177 921 αὐτὸ
1229 872 1463 939 πρᾶγμα
1503 874 1815 942 εὐχόμενοι.

260 946 465 1001 Τούτου
490 949 672 1020 χάριν,
710 954 757 1005 οἱ
779 956 906 1024 παρ’
934 958 1063 1025 ἡμῖν
1129 960 1318 1027 ἱερεῖς,
1352 962 1491 1030 μετὰ
1537 964 1597 1015 τὸ
1657 965 1820 1029 εὖξα-

262 1036 382 1089 σθαι
413 1042 525 1102 τοῖς
551 1042 744 1111 δώροις
762 1045 856 1116 τὴν
884 1050 965 1110 είς
999 1049 1056 1101 τὸ
1081 1049 1221 1102 θεῖον
1251 1052 1411 1121 σῶμα
1434 1055 1526 1107 καὶ
1559 1050 1696 1125 αἷμα
1721 1075 1818 1124 ειε-

258 1128 512 1193 τασολὴν,
546 1135 877 1201 μνησθέντες
911 1139 1004 1190 τοῦ
1059 1140 1457 1211 ὑπερουρανίου
1521 1146 1821 1218 θυσιαστη-

262 1220 399 1287 ρίου,
424 1223 524 1274 οὐκ
548 1225 628 1276 ἔτι
647 1225 894 1296 εὔχονται
920 1233 999 1293 είς
1018 1234 1147 1286 αὐτὸ
1176 1237 1527 1305 ἀνενεχθῆναι
1550 1241 1617 1291 τὰ
1644 1240 1815 1310 δῶρα·

260 1311 373 1362 ἀλλ’
397 1313 471 1376 ὡς
500 1316 600 1384 ἤδη
636 1321 1028 1389 ἀνενεχθέντων
1080 1325 1195 1377 ἐκεῖ
1235 1328 1328 1379 καὶ
1378 1329 1821 1399 προσδεχθέντων

260 1401 513 1472 εὔχονται
539 1414 999 1480 καταπεμφθῆναι
1052 1419 1180 1485 ἡμῖν
1221 1418 1315 1487 τὴν
1367 1421 1529 1490 χάριν
1580 1426 1674 1477 καὶ
1719 1426 1819 1493 τὴν

260 1493 470 1562 δωρεάν
517 1499 609 1550 τοῦ
664 1502 820 1568 άγίου
883 1505 1218 1575 Πνεύματος.
1269 1528 1286 1560 ι
1320 1510 1614 1579 Εὺξώμεθα
1685 1516 1815 1585 γὰρ,

259 1585 412 1653 φησὶ,
448 1587 540 1639 ἐπὶ
567 1590 674 1642 τῶν
693 1593 1065 1659 ἀγιασθέντων
1093 1598 1298 1668 δώρων.
1335 1620 1354 1655 ι
1390 1603 1509 1655 Ἵνα
1544 1605 1815 1675 ἁγιασθῇς

261 1677 523 1747 Οὐδαμῶς
547 1697 562 1711 ·
591 1683 846 1750 ἡγίασται
874 1688 979 1760 γάρ
1002 1706 1015 1718 ’
1067 1691 1181 1743 ἀλλ’
1222 1694 1311 1746 ἵνα
1343 1696 1639 1763 ἁγιαστικά
1684 1699 1815 1765 ἡμῖν

1922 522 2040 560 sum
2070 522 2214 567 oras.
2245 507 2414 561 habes
2445 507 2589 577 quod
2619 507 2779 576 petis,
2820 507 3102 577 perfecisti
3135 509 3483 564 sacriﬁcium.

1923 598 2099 652 Vestri
2130 598 2350 666 quidem
2402 598 2716 653 sacerdotes
2768 607 3027 668 tanquam
3057 600 3290 653 hes-tiam
3326 600 3485 659 Chri-

1920 694 2061 739 stum
2098 686 2441 753 aspicientes,
2500 696 2660 741 orant
2691 696 2751 742 ut
2782 688 2920 741 dona
2964 691 3017 742 in
3071 688 3162 743 illo
3195 700 3483 757 ponantur,

1922 776 2100 830 verbis
2153 774 2383 831 diversis
2441 787 2492 831 et
2546 779 2890 833 sermonibus
2928 795 3086 833 unam
3150 791 3205 833 et
3239 782 3481 835 eamdem

1922 882 2035 920 rem
2078 877 2320 923 orantes.
2367 868 2431 923 Et
2462 869 2581 924 ideo
2611 872 2780 925 nostri
2807 872 3141 935 sacerdotes,
3192 882 3477 940 postquam

1919 959 2194 1011 oraverint
2228 968 2285 1011 ttt
2313 960 2454 1013 dona
2490 961 2541 1013 in
2577 961 2818 1015 divinum
2852 977 3052 1039 corpus
3083 970 3137 1017 et
3160 965 3484 1032 sanguinem

1922 1056 2217 1109 mutentur.
2253 1052 2601 1106 recordantes
2650 1056 3053 1123 superetelestis
3106 1058 3315 1122 altaris,
3376 1073 3483 1112 non

1920 1141 2154 1209 amplius
2184 1154 2343 1196 orant
2374 1153 2434 1197 ut
2460 1145 2600 1198 dona
2624 1145 2691 1199 ad
2719 1146 2895 1214 ipsum
2950 1162 3169 1202 sursum
3215 1147 3481 1216 ferantur,

1921 1234 2013 1286 sed
2067 1246 2325 1304 tanquam
2386 1237 2452 1289 iis
2502 1237 2612 1305 jam
2664 1252 2883 1291 sursum
2943 1240 3065 1292 latis
3100 1250 3154 1294 ct
3191 1242 3483 1309 susceptis,

1920 1331 2079 1378 orant
2126 1335 2184 1379 ut
2216 1326 2374 1381 nobis
2424 1327 2729 1382 dimittatur
2762 1330 2933 1398 gratia
2970 1342 3020 1385 et
3083 1332 3282 1387 donum
3316 1334 3488 1388 sancti

1922 1414 2179 1480 Spiritus.
2217 1434 2235 1468 ι
2266 1418 2519 1483 Oremus,
2544 1420 2740 1488 inquit,
2769 1436 2865 1489 pro
2883 1423 3233 1477 sanetitleatis
3254 1423 3429 1477 donis.
3463 1443 3481 1474 ι

1922 1504 1990 1561 Ut
2016 1507 2461 1563 sanctiﬁcentur?
2492 1510 2734 1565 Minime.
2761 1512 2899 1573 Sunt
2927 1515 3068 1568 enim
3127 1513 3485 1576 sanctiﬁcata,

1920 1599 2013 1653 sed
2059 1608 2119 1654 ut
2147 1615 2249 1655 nos
2273 1602 2632 1669 sanctiticent,
2676 1612 2737 1658 ut
2792 1604 2932 1661 Deus
2962 1606 3055 1676 qui
3083 1621 3147 1662 ea
3181 1607 3489 1661 sanctiﬁca-

1922 1690 2017 1752 vit,
2054 1706 2153 1745 nos
2178 1706 2395 1762 quoque
2421 1709 2514 1762 per
2538 1709 2599 1749 ea
2635 1696 2954 1750 sanctilicet.
2986 1696 3202 1750 Clarum
3223 1707 3302 1750 est
3332 1713 3487 1765 ergo,

260 1768 526 1834 γένωνται
554 1787 567 1801 ⁶
595 1774 678 1826 ἵνα
706 1777 734 1827 ὀ
768 1752 1001 1843 ἁγιάσας
1031 1783 1201 1846 αὑτάς
1251 1752 1513 1849 Θεὸς-καὶ
1550 1752 1814 1858 ήμᾶςυδέ

1922 1782 2063 1850 quod
2094 1796 2445 1840 contemnere
2475 1787 2775 1841 orationem
2806 1802 2904 1857 pro
2943 1787 3100 1842 donis
3124 1797 3246 1858 post
3280 1803 3489 1855 sermo-

255 1859 438 1912 αὐτῶν
490 1862 713 1935 ἁγιάσῃ.
751 1869 989 1939 Φανερὸν
1044 1874 1241 1941 τοίνυν,
1295 1877 1378 1930 ὅτι
1416 1880 1475 1931 τὸ
1528 1881 1818 1950 ἀτιμάζειν

256 1951 352 2019 τὴν
384 1952 529 2023 ὑπὲρ
573 1957 681 2010 τῶν
722 1959 910 2031 δώρων
940 1966 1102 2035 εὐχὴν
1158 1970 1295 2038 μετὰ
1334 1972 1423 2024 τὸν
1467 1972 1562 2025 τοῦ
1614 1976 1815 2042 Κυρίου

255 2045 433 2113 λόγον,
505 2049 624 2102 οὐδὲ
684 2052 779 2122 τῆς
836 2055 941 2109 τῶν
995 2060 1238 2113 Λατίνων
1291 2064 1629 2135 Ἐκκλησίαςε
1671 2068 1817 2119 ἐστὶν

255 2138 463 2204 ἁπλῶς,
491 2141 606 2194 ἀλλ’
638 2144 793 2197 ἐνίων
821 2146 1015 2215 ὀλίγων
1043 2152 1137 2204 καὶ
1175 2155 1473 2222 νεωτέρων,
1509 2155 1559 2208 οἳ
1610 2158 1703 2209 καὶ
1750 2157 1818 2211 τὰ

255 2230 390 2282 ἄλλα
417 2232 593 2301 αὐτὴν
640 2236 977 2307 ἐλυμήναντο
1003 2257 1016 2272 ·
1063 2243 1141 2305 είς
1182 2244 1337 2296 οὐδὲν
1375 2245 1563 2316 ἕτερον
1632 2249 1819 2302 εὐκαι-

257 2320 743 2392 ροῦντεςῆλέγειν
795 2346 847 2380 τι
908 2332 1001 2382 καὶ
1039 2332 1260 2386 ἀκούειν
1314 2338 1653 2407 καινότερον.
1708 2341 1819 2395 Καὶ

253 2413 430 2467 ταῦτα
457 2416 557 2481 μὲν
601 2421 725 2488 περὶ
758 2419 856 2486 τῆς
884 2423 1073 2493 εὐχῆς.

836 2532 1084 2589 ΚΕΦΛΛ.
1109 2534 1233 2590 AA'.

260 2617 427 2684 Τίνος
457 2618 634 2703 ζὸρςν
654 2622 845 2703 ἱερεὺς
871 2626 967 2703 είς
986 2624 1095 2703 sese
1119 2629 1415 2703 ἁγιασμόν
1445 2631 1563 2686 τῶν
1592 2632 1813 2703 δώρων,

427 2692 500 2742 οὐ
531 2690 640 2743 τὸν
672 2694 715 2744 Υ
714 2693 824 2758 ἱὸν,
850 2696 1010 2749 ἀλλὰ
1037 2698 1142 2750 τὸν
1165 2690 1408 2766 ’Πατέρα
1435 2703 1641 2769 καλεῐ;

338 2779 499 2832 Ἀλλὰ
534 2782 676 2846 τίνος
706 2784 865 2852 χάριν
894 2788 955 2838 οὐ
994 2788 1085 2841 τὸν
1112 2789 1239 2842 Υίδν
1272 2792 1365 2844 ἐπὶ
1393 2792 1455 2845 τὸ
1490 2794 1714 2860 ἁγιάσαι
1750 2794 1819 2849 τὰ

248 2870 403 2940 δῶρα
462 2874 490 2924 ό
550 2874 725 2944 ἱερεὺς
780 2879 957 2941 καλεῖ,
994 2880 1144 2949 ἱερέα
1190 2882 1318 2935 ὄντα
1351 2888 1442 2937 καὶ
1487 2886 1815 2954 ἁγιάζοντα,

250 2965 507 3033 καθάπερ
540 2967 753 3038 εἴρηται
784 3006 800 3031 ,
852 2970 987 3025 ἀλλά
1039 2972 1130 3024 τὸν
1174 2975 1393 3047 Πατέρα
1430 2993 1444 3040 ;
1478 2978 1596 3031 Ἵνα
1637 2979 1820 3051 μάθῃς

1925 1888 2046 1927 nem
2094 1873 2335 1939 Domini,
2367 1891 2437 1931 ne
2483 1876 2802 1933 Latinorum
2858 1880 3076 1948 quidem
3134 1878 3357 1932 omnino
3410 1885 3492 1932 est

1926 1963 2206 2031 Ecclesiae,
2240 1966 2333 2021 sed
2367 1981 2665 2035 paucorum
2720 1970 3082 2038 quorumdam
3116 1978 3169 2023 ct
3222 1968 3490 2023 recentio-

1920 2072 2064 2124 rum,
2093 2059 2188 2129 qtti
2217 2059 2267 2114 el
2305 2074 2523 2130 quoque
2566 2061 2621 2115 in
2653 2062 2773 2116 aliis
2804 2062 3187 2116 detrimentum
3229 2060 3484 2125 afferunt,

1922 2157 1983 2203 ut
2032 2150 2124 2218 qui
2184 2152 2250 2205 ad
2301 2151 2437 2204 nihil
2483 2152 2626 2204 aliud
2682 2168 2741 2207 se
2793 2161 2900 2205 tant
2940 2162 3243 2221 opportune
3271 2161 3485 2218 gerunt,

1920 2256 2085 2310 quam
2119 2242 2185 2295 ad
2216 2243 2419 2312 aliquid
2473 2259 2674 2297 novum
2727 2244 3013 2297 dicendum
3040 2253 3093 2296 et
3132 2242 3484 2296 audiendum.

1920 2329 1986 2385 Et
2010 2334 2121 2387 tunc
2154 2335 2371 2402 quidem
2404 2337 2469 2389 de
2509 2336 2776 2391 oratione.

2521 2541 2674 2597 CAP.
2715 2541 2905 2596 XXXI.

1925 2630 2171 2697 Quanam
2191 2634 2255 2687 de
2277 2650 2441 2688 causa
2468 2635 2710 2689 sacerdos
2732 2636 2799 2688 ad
2822 2636 3083 2688 donorum
3108 2632 3491 2702 sanctiﬁcatio-

2133 2719 2246 2757 nem
2282 2721 2382 2757 non
2411 2703 2631 2771 Filium,
2661 2706 2752 2759 sed
2782 2704 2997 2759 Patrem
3029 2705 3280 2759 invocat?

1993 2793 2099 2848 Sed
2133 2809 2365 2863 quanam
2400 2795 2465 2849 de
2519 2809 2682 2850 causa
2713 2810 2821 2848 non
2850 2793 3043 2848 Filium
3076 2794 3139 2848 ad
3175 2794 3315 2848 dona
3362 2806 3491 2847 san-

1921 2887 2211 2942 ctiﬁcanda
2241 2897 2398 2941 vocat
2436 2888 2706 2954 sacerdos,
2748 2903 2870 2942 cum
2912 2888 2960 2942 is
3001 2890 3068 2941 sit
3128 2896 3181 2941 et
3209 2885 3487 2950 sacerdos,

1920 2988 1971 3033 et
2010 2980 2336 3043 sanctiticet,
2399 2980 2540 3034 sicut
2584 2982 2788 3035 dictum
2822 2990 2921 3043 est,
2957 2978 3048 3033 sed
3116 2977 3381 3031 Patrem?
3424 2976 3490 3029 lit

245 3060 415 3113 ὅτιτὸ
450 3060 701 3128 άγιάζειν
733 3065 759 3116 ὁ
790 3064 1010 3134 Σωτὴρ,
1057 3067 1153 3137 οὐχ
1207 3066 1284 3131 ὡς
1336 3068 1619 3140 ἄνθρωπος
1677 3070 1814 3141 ἔχει,

1922 3070 2065 3126 scias
2096 3071 2240 3141 quod
2285 3070 2545 3127 Servatur
2594 3073 2760 3127 habet
2811 3072 2962 3136 illud,
3017 3086 3210 3139 nempe
3251 3069 3492 3124 sanctiﬁ-

251 3152 370 3202 ἀλλ’
396 3152 471 3214 ὡς
502 3153 633 3216 Θεός
661 3170 673 3182 ·
732 3156 824 3207 καὶ
863 3156 951 3208 διὰ
980 3158 1078 3225 τὴν
1107 3157 1341 3229 δύναμιν
1370 3160 1468 3230 τὴν
1524 3159 1697 3229 θείαν,

248 3258 287 3293 κ
308 3244 435 3313 μὴν
458 3244 721 3314 κέκτηται
753 3250 889 3316 μετά
919 3247 1012 3300 τοῦ
1044 3247 1274 3319 Πατρός.

248 3429 332 3478 ὅτε
370 3428 551 3479 ἐτέλει
587 3427 648 3480 τὸ
700 3432 1019 3500 μυστήριον,
1074 3435 1151 3495 είς
1185 3432 1277 3486 τὸν
1311 3435 1543 3504 οὐρανὸν
1598 3436 1815 3499 ἔϐλεπε,

250 3522 341 3572 zz‘t
376 3521 456 3589 τῷ
495 3520 670 3589 nat-pi
696 3521 1005 3575 ἀνεδείκνυε
1037 3523 1125 3576 τὸν
1157 3524 1340 3594 ἄρτον.
1371 3526 1469 3577 Διὰ
1510 3526 1666 3579 τοῦτο
1723 3529 1818 3580 καὶ

249 3613 363 3663 ἔνια
394 3612 508 3663 τῶν
540 3612 831 3681 θαυμάτων
858 3613 999 3668 οὕτω
1034 3616 1281 3681 φαίνεται
1332 3618 1522 3682 ποιῶν,
1589 3622 1646 3672 ἐν
1692 3620 1821 3689 σχή-

250 3722 380 3773 ματι
417 3703 519 3772 τῆς
544 3704 678 3774 πρὸς
708 3707 798 3757 τόν
848 3706 978 3758 Θεὸν
1009 3708 1193 3777 εὐχῆς,
1227 3708 1313 3761 ἵνα
1348 3709 1493 3780 δείξῃ
1521 3711 1595 3774 ὡς
1624 3711 1683 3764 οὐ
1718 3711 1819 3781 φύ-

250 3815 390 3857 σεως
424 3796 767 3867 ἀνθρωπίνης
794 3800 913 3851 ἐστὶ
936 3800 998 3850 τὰ
1031 3801 1274 3864 τοιαῦτα,
1302 3802 1422 3855 καθ’
1477 3807 1543 3873 ἣν
1589 3805 1819 3874 Μητέρα
1852 3800 1857 3805 ’

248 3886 409 3951 ἔσχεν
481 3886 572 3937 ἐπὶ
629 3888 726 3955 τῆς
776 3888 878 3956 γῆς
905 3903 921 3919 ⁶
960 3888 1096 3943 ἀλλὰ
1133 3893 1231 3960 τῆς
1274 3892 1468 3946 ἑαυτοῦ
1518 3896 1814 3965 θειότητος,

251 3978 369 4029 καθ’
403 3978 470 4047 ῆν
497 3978 586 4029 τὸν
619 3978 748 4030 Θεὸν
778 3980 899 4047 ἔσχε
934 3981 1170 4051 Πατέρα.
1220 3984 1329 4035 Καὶ
1377 3984 1464 4036 ὅτε
1512 3984 1567 4037 δὲ
1626 3987 1817 4056 ἔμελλε

247 4069 315 4119 ἐπ
368 4068 463 4118 τόν
523 4069 755 4137 σταυρόν
803 4068 1138 4132 ἀναϐαίνειν,
1204 4071 1524 4143 βουλόμενος
1576 4078 1818 4144 σημᾶναι

248 4160 339 4221 τάς
382 4160 478 4211 δύο
504 4159 751 4229 θελήσεις
794 4160 1097 4230 αὐτοῦ,την
1128 4161 1277 4214 θείαν
1328 4166 1418 4215 καὶ
1459 4167 1558 4231 τὴν
1612 4169 1820 4239 ἀνθρω-

248 4254 435 4321 πίνην,
498 4252 595 4321 τὴν
650 4252 749 4319 μὲν
804 4250 1024 4320 θέλησιν
1048 4254 1391 4323 τῆςιέαυτοῦ
1435 4255 1707 4326 θειότητος
1741 4258 1818 4327 τῷ

250 4344 426 4412 Πατρί
461 4342 712 4405 ἀνετίθει,
763 4342 860 4413 τὴν
928 4344 983 4396 δὲ
1029 4343 1247 4414 θέλησιν
1273 4346 1370 4415 τῆς
1396 4346 1816 4419 άνθρωπότητος

246 4435 446 4489 ἑαυτοῦ
499 4435 716 4502 θέλησιν
746 4435 934 4503 ἔλεγεν
965 4432 1104 4490 εἶναι
1140 4453 1155 4468 ·

252 4528 432 4596 φησὶν,
462 4526 578 4577 ἀλλ’
599 4526 670 4587 ὡς
695 4526 813 4578 σύἹ
845 4527 990 4590 italu
1017 4528 1109 4598 Μὴ
1140 4528 1197 4580 τὸ
1213 4529 1426 4599 θέλημά
1447 4547 1571 4599 μου,
1597 4532 1733 4587 ἀλλὰ
1758 4534 1817 4587 τὸ

248 4622 339 4669 σόν
369 4617 629 4685 γενέσθω.
661 4636 679 4669 ι
713 4618 833 4670 Ὀτι
856 4619 964 4689 γάρ
995 4621 1087 4672 καὶ
1114 4621 1274 4675 αὐτὸς
1299 4622 1505 4693 ταύτην
1534 4624 1691 4695 ἤθελε
1716 4627 1817 4693 τὴν

253 4709 497 4779 θέλησιν,
526 4708 593 4778 ἦν
631 4708 955 4779 ἁπεπλήρου
981 4710 1057 4779 τῷ
1084 4711 1284 4782 Πατρὶ,
1315 4714 1472 4781 δῆλος
1503 4710 1569 4786 ἦν
1600 4718 1693 4769 καὶ
1721 4717 1816 4770 ἀπ’

252 4801 429 4851 αῧτῶν
456 4799 658 4852 τούτων
680 4802 791 4851 τῶν
814 4801 1096 4870 ῥημάτων,
1150 4805 1207 4855 ἐν
1255 4801 1337 4868 οἷς
1387 4805 1536 4858 δοκεῖ
1586 4809 1817 4878 διαιρεῖν

249 4892 559 4960 τὴνὲαυτοῦ
596 4891 817 4961 θέλησιν
866 4896 963 4963 τῆς
994 4892 1267 4963 θελήσειας
1309 4896 1405 4949 τοῦ
1460 4899 1694 4971 Πατρός.
1743 4901 1816 4953 Τὸ

250 4985 356 5051 γάρ
379 5001 395 5014 σ
434 5002 453 5034 ι
493 4985 583 5054 Μὴ
616 4983 681 5037 τὺ
699 4985 909 5053 θέλημά
934 5003 1057 5054 μου,
1099 4988 1236 5040 ἀλλὰ
1258 4987 1318 5039 τό
1350 4988 1441 5041 σὺν
1492 4992 1756 5058 γενέσθω,
1790 5011 1809 5043 ι

254 5077 629 5145 συντιθεμένου
672 5073 739 5146 ἦν
764 5080 857 5129 καὶ
890 5078 960 5129 τά
996 5078 1139 5130 αὐτὰ
1171 5078 1526 5149 βουλομένου.
1554 5083 1724 5151 Δῆλος
1758 5084 1814 5136 δὲ

251 5162 335 5235 ἦν,
369 5171 459 5221 ὅτε
493 5169 731 5239 ἐπετίμα
758 5171 837 5240 τῷ
870 5172 1057 5241 Πέτρῳ
1092 5172 1452 5243 ἀπευχομένῳ
1506 5174 1597 5227 τὸν
1653 5193 1816 5229 σταυ-

258 5262 345 5325 ρον
371 5262 537 5314 αὐτοῦ
572 5264 662 5315 καὶ
696 5263 785 5313 τὸν
826 5262 1057 5316 θάνατον
1088 5279 1101 5293 ·
1132 5266 1225 5317 καὶ
1252 5264 1333 5317 ἔτι
1370 5269 1429 5318 ἐν
1477 5263 1556 5330 οἷς
1587 5268 1775 5337 ἔλεγεν
1796 5286 1810 5301 ο

262 5373 276 5403 ι
326 5356 619 5427 Ἐπιθυμίᾳ
650 5350 970 5428 ἐπεθύμησα
1040 5360 1202 5413 τοῦτο
1259 5362 1320 5414 τὸ
1372 5363 1556 5433 πάσχα
1616 5370 1813 5433 φαγεῖν

258 5444 372 5509 μεθ’
403 5446 572 5513 ὑμῶν,
610 5449 716 5517 πρὸ
745 5448 839 5501 τοῦ
877 5468 942 5521 με
975 5451 1187 5503 παθεῖν.
1220 5470 1238 5502 ι
1286 5453 1390 5505 Τοῦ
1432 5455 1569 5523 πρὸς
1608 5456 1682 5525 τῷ
1715 5458 1814 5510 πά-

254 5535 333 5586 θει
358 5537 555 5607 πάσχα,
590 5541 775 5609 φησὶν,
806 5542 1147 5611 ἐπεθύμησα,
1187 5546 1410 5612 μονονοὺ
1436 5548 1626 5615 λέγων·
1660 5549 1810 5601 Ἑπι-

253 5626 426 5697 θυμία
482 5631 800 5702 ἐπεθύμησα
850 5635 987 5687 αὐτὰ
1036 5636 1105 5688 τὰ
1154 5638 1398 5708 πρόθυρα
1465 5638 1558 5692 τοῦ
1606 5641 1809 5704 πάθους

262 5716 403 5773 ἰδεῖν.
438 5719 538 5773 Καὶ
572 5724 741 5777 ταῦτα
773 5726 869 5795 μὲν
895 5728 969 5788 εἰς
1005 5730 1273 5781 τοσοῦτον.

1193 4456 1211 4489 ι
1248 4439 1361 4510 Οὐχ
1384 4439 1459 4503 ὡς
1485 4439 1595 4508 ἐγὼ
1650 4418 1809 4508 θέλω,
1847 4418 1890 4473 D

1882 3232 1883 3235 η
1922 3178 2071 3229 care,
2101 3178 2212 3217 non
2242 3175 2300 3219 ut
2326 3166 2513 3229 homo,
2568 3165 2660 3219 sed
2693 3174 2750 3219 ut
2787 3164 2947 3228 Deus,
2980 3180 3077 3235 per
3112 3163 3347 3217 divinam
3394 3175 3491 3230 po-

1826 3235 2171 3327 tentiam,
2202 3271 2364 3321 quam
2401 3257 2563 3311 habet
2593 3272 2942 3312 communem
2984 3273 3105 3311 cum
3144 3254 3319 3308 Patre.

326 3336 496 3389 Τοῦτο
529 3338 621 3389 καὶ
650 3337 810 3402 αὐτὸς
853 3339 881 3391 ὁ
924 3340 1128 3410 Κύριος
1179 3341 1415 3411 δηλῶσαι
1472 3328 1901 3430 βουλόμενος,

1987 3343 2101 3400 Hoc
2154 3347 2330 3415 ipsum
2375 3348 2537 3402 etiam
2588 3351 2777 3403 volens
2842 3348 3104 3402 Dominus
3158 3346 3487 3415 signiﬁcare,

1921 3439 2142 3507 quando
2173 3440 2378 3510 peregit
2430 3442 2772 3512 mysterium,
2829 3442 2879 3495 in
2920 3442 3119 3496 cmlum
3170 3438 3399 3508 aspexit,
3436 3445 3490 3490 et

1882 3594 1887 3597 ἦ
1921 3529 2070 3583 Patri
2096 3546 2288 3599 panem
2321 3534 2575 3587 ostendit.
2613 3533 2685 3588 Ea
2720 3536 2785 3589 de
2826 3548 2987 3589 causa
3020 3534 3181 3587 etiam
3228 3530 3486 3583 nonnuda

1923 3621 2184 3677 miracula
2218 3623 2292 3678 ita
2336 3625 2619 3681 videbatur
2666 3626 2847 3679 facere
2894 3627 3075 3694 specie
3106 3625 3367 3679 orationis
3423 3623 3487 3676 ad

1924 3716 2114 3784 Deum,
2146 3728 2205 3772 ut
2235 3720 2545 3774 ostenderet
2567 3736 2672 3775 non
2698 3736 2813 3775 esse
2849 3724 2960 3773 hmo
2983 3721 3236 3771 humanae
3256 3726 3487 3777 naturae,

1922 3824 2023 3877 per
2052 3826 2214 3878 quam
2251 3811 2441 3864 habuit
2466 3812 2686 3865 Matrem
2720 3814 2772 3865 in
2815 3821 2977 3875 terra,
3021 3811 3113 3865 sed
3147 3825 3256 3863 sua:
3288 3808 3491 3860 dixini-

1922 3904 2069 3967 tatis,
2103 3918 2198 3972 per
2228 3917 2391 3971 quam
2432 3906 2596 3957 Deum
2628 3904 2813 3956 habuit
2852 3903 3087 3956 Patrem.
3113 3898 3281 3954 Porro
3308 3909 3489 3950 autem

1924 3996 2140 4063 quando
2161 4010 2382 4049 crucem
2411 4007 2526 4050 erat
2566 4008 2922 4059 ascensurus,
2963 3995 3152 4047 volens
3181 3992 3492 4061 signiﬁcare

1920 4088 2057 4142 duas
2114 4091 2443 4151 voluntates,
2487 4088 2728 4142 divinam
2790 4089 2996 4141 scilicet
3049 4096 3102 4139 et
3174 4087 3488 4143 humanam,

1923 4192 2035 4233 Sua:
2072 4179 2295 4249 quidem
2331 4180 2635 4233 divinitatis
2663 4180 2995 4233 voluntatem
3032 4179 3179 4233 Patri
3217 4177 3488 4232 attribuit.

1923 4271 2280 4324 humanitatis
2324 4252 2541 4325 autem
2571 4272 2903 4324 voluntatem
2960 4284 3112 4323 suam
3149 4282 3269 4322 esse
3316 4264 3490 4317 dixit.

1928 4383 1945 4415 ι
1981 4364 2102 4417 Non
2129 4365 2268 4418 sicut
2295 4379 2395 4434 ego
2430 4364 2572 4426 volo,
2600 4363 2795 4432 inquit,
2820 4363 2910 4416 sed
2945 4362 3085 4416 sicut
3128 4369 3184 4412 tu
3214 4358 3315 4419 vis,
3344 4376 3360 4408 ›
3391 4366 3443 4408 et
3472 4371 3487 4406 :

1927 4475 1945 4507 ι
1986 4455 2102 4510 Non
2146 4472 2262 4512 mea
2327 4458 2600 4521 voluntas,
2659 4459 2751 4512 sed
2804 4470 2891 4510 tua
2923 4455 3033 4509 ﬁat.
3084 4473 3102 4506 )
3138 4452 3289 4518 Quod
3346 4464 3489 4505 enim

1922 4548 2038 4617 ipse
2091 4550 2256 4602 etiam
2302 4549 2442 4604 hanc
2480 4549 2673 4603 habuit
2727 4549 3082 4611 voluntatem,
3121 4560 3284 4616 quam
3333 4541 3484 4596 Patri
3560 4575 3566 4579 -

1920 4640 2186 4709 implevit,
2218 4655 2282 4693 ex
2319 4640 2405 4693 his
2447 4640 2580 4709 ipsis
2609 4638 2772 4692 etiam
2800 4640 2978 4691 verbis
3003 4636 3350 4691 manifestum
3380 4645 3482 4699 est,

1918 4734 1971 4787 in
2010 4733 2208 4801 quibus
2237 4733 2454 4786 videtur
2482 4746 2739 4802 separare
2774 4731 3104 4784 voluntatem
3133 4744 3287 4784 suam
3324 4745 3353 4781 a
3390 4743 3484 4781 vo-

1919 4826 2126 4880 luutate
2188 4823 2388 4879 Patris.
2442 4825 2557 4879 Hoc
2600 4823 2742 4877 enim
2774 4864 2787 4887 ,
2834 4841 2852 4874 ι
2899 4822 3015 4876 Non
3080 4822 3335 4876 voluntas
3364 4836 3485 4875 mea

1922 4918 2014 4973 sed
2056 4926 2147 4969 tua
2176 4916 2320 4991 hat,»
2349 4924 2431 4970 est
2461 4916 2577 4979 eius
2607 4915 2698 4984 qui
2724 4916 3021 4970 assentitur
3054 4924 3105 4969 et
3128 4912 3243 4966 vult
3271 4917 3479 4968 eadem.

1924 5010 1982 5064 Id
2016 5009 2180 5063 etiam
2227 5008 2495 5071 ostendit,
2532 5007 2750 5075 quando
2786 5005 3003 5061 Petrum
3041 5009 3359 5077 increpavit,
3391 5008 3482 5076 qui

1920 5116 2141 5157 crucem
2175 5100 2294 5169 eius
2328 5110 2381 5155 et
2407 5109 2640 5154 mortem
2672 5100 3102 5169 deprecabatur;
3131 5110 3180 5154 et
3222 5109 3477 5169 prmterea

1918 5194 2140 5265 quando
2187 5194 2343 5258 dixit,
2387 5213 2405 5244 ι
2448 5193 2730 5248 Desiderio
2784 5195 3089 5248 desideravi
3143 5194 3243 5248 hoc
3272 5192 3473 5262 pascha

1917 5286 2254 5340 manducare
2323 5284 2647 5347 vobiscum,
2704 5290 2992 5353 antequam
3051 5298 3150 5353 ego
3215 5285 3404 5352 patiar.
3450 5298 3467 5330 ι

1916 5380 2154 5443 Pascha,
2184 5378 2379 5447 inquit,
2412 5387 2537 5430 ante
2574 5377 2879 5446 passionem
2907 5376 3210 5431 desideravi
3238 5391 3251 5429 :
3281 5388 3477 5442 prope-

1914 5469 2136 5523 modum
2169 5468 2357 5521 dit-ens
2392 5484 2405 5519 :
2435 5465 2716 5520 Desiderio
2739 5466 3036 5519 desideravi
3062 5467 3173 5532 ipsa
3209 5461 3478 5530 passionis

1914 5562 2097 5619 videre
2127 5561 2422 5617 vestibula.
2448 5561 2511 5614 Et
2550 5560 2662 5613 haec
2700 5560 2916 5627 quidem
2952 5560 3227 5611 hactenus.
