3992 6202
544 319 651 386 H3

1805 323 2114 390 NICOLAI
2143 325 2528 389 CABASILJ’.

3686 317 3715 382 ί
3728 314 3783 384 ii

547 459 695 505 nem,
727 441 822 498 sed
872 439 938 498 ad
975 445 1270 514 gratiarum
1313 444 1606 509 actionem,
1639 454 1696 499 ut
1755 444 1959 500 dictum
2006 452 2115 514 est,

2229 445 2386 515 εὐχὰς
2432 445 2605 498 δεῖται
2661 440 2999 513 βοηθεῖσθαι.
3050 436 3173 493 Ὀτι
3225 436 3324 507 οὐχ
3378 434 3604 498 ἱκέσιον,
3659 433 3786 488 ἀλλὰ

546 535 678 590 facit
706 550 804 603 pro
835 536 973 604 ipsis
994 536 1262 590 d‘onorum
1296 537 1654 592 oblationem.
1682 537 1810 592 Post
1830 538 1944 592 haec
1965 537 2120 592 aﬂ‘ert

545 627 710 679 etiam
745 627 1223 694 supplicationem,
1270 637 1324 684 et
1367 640 1652 684 enumerat
1687 646 1749 686 ea
1787 645 1888 699 pro
1921 632 2119 700 quibus

543 718 841 785 supplicat,
867 727 920 772 et
954 729 1209 785 precatur
1230 721 1488 778 omnibus
1523 723 1773 787 salutem,
1804 732 1857 777 et
1900 722 1942 778 si
1974 723 2119 792 quod

545 801 751 862 bonum
780 820 864 864 est
897 813 1193 881 unicuique
1242 829 1550 884 congruens
1589 824 1642 870 et
1673 816 2024 871 conveniens.
2060 817 2119 871 in

544 901 750 966 quibus
785 903 901 957 haec
943 903 1107 958 etiam
1158 906 1291 962 dicit
1343 925 1356 961 :
1421 927 1441 960 ι
1528 905 1795 964 Praeterea
1839 907 2122 965 oll'erimus

550 992 644 1044 ιίΙιὶ
678 993 1059 1050 rationabilem
1093 996 1244 1053 hunc
1279 999 1509 1063 cultum,
1539 1015 1637 1069 pro
1672 1001 1803 1056 orbe
1825 1007 2119 1066 terrarum,

547 1091 648 1151 pro
673 1093 864 1140 sancta
899 1088 1169 1143 catholica
1199 1099 1254 1144 et
1285 1089 1586 1160 apostolica
1620 1092 1888 1151 Ecclesia.
1929 1108 2028 1161 pro
2057 1094 2121 1146 iis

545 1174 642 1242 nni
678 1178 730 1228 in
769 1179 1075 1232 veneranda
1134 1180 1444 1250 reipublicae
1503 1183 1978 1237 administratione
2005 1197 2118 1235 ver.

549 1276 766 1328 santur,
828 1282 926 1336 pro
967 1268 1303 1326 ﬁdelissimis
1370 1273 1658 1327 ctChristi
1729 1272 2124 1328 amantissimis

552 1356 974 1421 imperatoribus
993 1360 1222 1419 nostris.
1253 1379 1270 1411 ι
1305 1360 1370 1414 Ει
1403 1363 1514 1416 haec
1546 1363 1771 1417 orat.Et
1801 1364 1873 1417 ita
1905 1362 2123 1432 quidem

552 1449 740 1504 beatus
781 1447 1022 1505 Joannes
1054 1451 1327 1522 duplicem
1377 1455 1522 1508 sacri
1549 1454 1714 1522 hujus
1749 1453 1930 1510 cultus
1969 1453 2096 1508 habi

546 1541 663 1594 tum
695 1555 820 1596 esse
860 1542 1195 1612 signiﬁcans,
1225 1546 1520 1610 gratiarum
1568 1547 1800 1600 actionis
1842 1555 1895 1600 et
1927 1544 2129 1614 suppli-

547 1631 804 1696 cationis,
837 1648 1086 1689 seorsum
1113 1637 1329 1705 quidem
1359 1639 1512 1705 ponit
1539 1652 1634 1692 eos
1659 1652 1757 1706 pro
1791 1637 1994 1706 quibus
2019 1635 2129 1704 agit

551 1725 778 1792 gratias,
803 1740 1052 1781 seorsum
1079 1737 1259 1782 autem
1293 1744 1390 1798 pro
1414 1731 1615 1800 quibus
1649 1730 1944 1798 supplicat.
1983 1729 2129 1782 Div;-

2218 535 2578 607 χαριστήριον
2613 531 2753 601 ὑπὲρ
2782 531 2985 594 αὐτῶν,
3017 528 3092 592 ώς
3137 529 3377 595 εἴρηται,
3422 525 3658 577 ποιεῖται
3694 525 3787 594 τὴν

2219 628 2328 680 τῶν
2357 626 2544 697 δώρων
2591 625 2979 696 προσαγωγὴν.
3017 622 3169 674 Μετὰ
3212 620 3268 670 δὲ
3307 617 3500 682 ταῦτα,
3556 617 3650 668 καὶ
3695 616 3789 686 τὴν

2225 721 2433 773 ἱκεσίαν
2460 715 2825 778 δείκνυσι,καὶ
2851 713 3143 780 καταλέγει
3170 710 3299 782 περὶ
3323 703 3397 763 ὧν
3423 708 3678 771 ἱκετεύει,
3699 707 3789 760 καὶ

2221 809 2441 880 εὔχεται
2489 805 2625 863 πᾶσι
2686 807 2783 878 τὴν
2837 801 3142 873 σωτηρίαν·
3175 802 3270 854 καὶ
3327 799 3382 851 εἴ
3409 817 3464 853 τι
3518 797 3789 868 προσῆκόν

2221 905 2371 956 ἐστιν
2401 902 2618 971 ἑκάστῳ
2650 901 2747 954 καὶ
2800 896 3140 966 κατάλληλον
3173 890 3414 960 ἀγαθόν·
3450 891 3509 943 ἐν
3562 880 3642 950 οἷς
3697 887 3789 940 καὶ

2222 997 2396 1052 ταῦτά
2429 1013 2627 1067 φησιν·
2680 1014 2699 1048 ι
2736 997 2860 1049 Ἔτι
2903 989 3275 1063 προσάγομεν·
3307 1005 3390 1040 σοι
3440 985 3537 1055 τὴν
3570 983 3791 1051 λογικὴν

2222 1089 2426 1158 ταύτην
2449 1086 2710 1158 λατρείαν
2729 1085 2866 1154 ὑπὲρ
2886 1085 2982 1152 τῆς
3000 1083 3149 1134 οίκου
3159 1079 3346 1147 μένης,
3363 1076 3504 1144 ὑπὲρ
3521 1075 3619 1142 τῆς
3636 1072 3793 1140 άγίας

2224 1181 2515 1248 καθολικῆς
2580 1179 2674 1232 καὶ
2718 1173 3083 1242 ἀποστολικῆς
3125 1168 3483 1239 Ἐκκλησίας,
3518 1166 3658 1234 ὑπὲρ
3689 1163 3794 1216 τῶν

2225 1275 2283 1325 ὲν
2327 1273 2499 1341 σεμνῇ
2538 1268 2784 1339 πολιτείᾳ
2834 1266 3155 1335 διαγόντων,
3190 1263 3331 1331 ὑπὲρ
3379 1261 3491 1312 τῶν
3543 1256 3796 1309 πιστοτά-

2225 1379 2332 1417 των
2357 1364 2453 1416 καὶ
2487 1359 2852 1430 φιλοχρίστων
2886 1357 3154 1428 βασιλέων
3183 1354 3362 1424 ἡμῶν.
3395 1369 3416 1405 ι
3445 1350 3556 1403 Καὶ
3574 1347 3796 1402 τοιαῦτα

2227 1456 2466 1526 εὔχεται.
2519 1456 2626 1508 Καὶ
2697 1452 2841 1507 οὕτω
2915 1451 3016 1521 μὲν
3075 1452 3104 1502 ὁ
3163 1447 3434 1516 μακάριος
3501 1443 3798 1508 Ἰωάννης,

2225 1546 2448 1601 διπλοῦν
2528 1545 2591 1599 τδ
2653 1546 2840 1615 σχῆμα
2893 1544 2992 1612 τῆς
3045 1540 3198 1610 ἱερᾶς
3261 1537 3466 1604 ταύτης
3539 1533 3800 1604 λατρείας

2229 1632 2370 1690 εἶναι
2423 1631 3146 1706 σημαίνων,”χαριστήριον
3206 1628 3298 1681 καὶ
3349 1626 3578 1686 ἱκέσιον,
3626 1623 3802 1695 χωρὶς

2233 1724 2333 1794 μὲν
2357 1724 2571 1794 τίθησιν
2603 1723 2743 1792 ὑπὲρ
2771 1715 2848 1774 ὧν
2884 1720 3220 1789 εὐχαριστεῖ,
3255 1717 3420 1786 χωρίς
3453 1715 3530 1780 δὲ,
3559 1714 3703 1783 ὑπὲρ
3733 1707 3801 1764 ών

547 1825 654 1869 nus
668 1827 854 1872 autem
886 1817 1120 1874 Basilius
1145 1822 1407 1876 admiscet
1432 1821 1812 1889 suppliCnliOIti
1833 1820 2125 1890 gratiarum

2233 1787 2487 1885 ἱκετεύει.
2525 1815 2584 1868 '0
2637 1787 2875 1875 δὲ’θεϊος
2909 1787 3190 1872 Βασίλειος
3232 1812 3297 1879 τῇ
3335 1807 3515 1875 ἱκεσίᾳ
3551 1802 3802 1874 παραμί-

551 1908 848 1966 actionem.
901 1909 970 1964 Ει
1005 1913 1074 1968 ita
1106 1913 1237 1968 facit
1265 1915 1468 1984 ubique
1490 1915 1541 1967 in
1575 1913 1716 1969 sacri
1752 1913 1995 1984 mystcrii
2033 1927 2123 1968 ce-

547 1998 853 2057 icbratione
886 2019 900 2057 :
934 2013 989 2058 et
1010 2019 1204 2060 omnes
1230 2003 1346 2059 fere
1367 2006 1485 2074 ejus
1512 2006 1788 2060 orationes
1823 2004 2120 2067 inveneris.

550 2106 671 2159 qua:
702 2101 990 2162 utramque
1016 2095 1123 2148 vim
1175 2095 1398 2150 habent.
1447 2095 1692 2149 Meminit
1721 2104 1902 2149 autem
1962 2095 2123 2148 etiam

547 2194 892 2248 sanctorum,
951 2199 1185 2253 quorum
1235 2194 1291 2240 et
1352 2187 1511 2241 divus
1558 2185 1797 2241 Joannes
1849 2186 2012 2240 ctiam
2070 2184 2124 2238 in

549 2274 744 2328 eodem
771 2274 894 2330 loco
920 2277 1204 2338 saerilicii.
1238 2279 1330 2332 sed
1360 2293 1466 2331 non
1501 2277 1688 2331 eodem
1732 2276 1917 2331 modo.
1967 2275 2127 2332 Post-

553 2382 715 2435 quam
743 2367 888 2422 enim
919 2368 1099 2425 orarit
1130 2378 1188 2424 ut
1238 2385 1431 2425 ornnes
1459 2370 1604 2440 digni
1641 2370 1948 2426 habeantur
1977 2385 2126 2425 eom-

549 2457 810 2513 munione
833 2469 1330 2526 sacramcntorum,
1357 2479 1376 2513 ‹
1417 2477 1522 2516 non
1551 2461 1605 2516 in
1648 2461 1941 2532 judicium,
1969 2462 2047 2517 vel
2072 2461 2127 2518 in

549 2549 1084 2618 condemnationem,
1122 2571 1142 2606 ι
1169 2552 1469 2624 subjungit,
1509 2569 1530 2606 ι
1570 2553 1660 2608 sed
1701 2561 1762 2607 ut
1791 2553 2131 2608 inveniamus

548 2643 777 2710 gratiam
808 2659 930 2698 cum
956 2645 1212 2701 omnibus
1238 2647 1463 2711 sanctis,
1485 2647 1576 2714 qui
1611 2647 1705 2702 tibi
1739 2663 1768 2701 a
1791 2647 1988 2703 saeculo
2015 2647 2130 2716 pla-

549 2742 808 2798 ruerunt,
831 2734 1134 2804 majoribus
1170 2739 1400 2798 nostris.
1423 2736 1559 2801 avis,
1599 2737 1867 2805 pazribus,
1903 2737 2135 2806 patriar-

548 2824 689 2884 chis.
717 2842 736 2876 ι
767 2836 818 2880 et
849 2841 970 2896 qum
995 2839 1335 2897 sequuntur;
1361 2828 1559 2882 deinde
1577 2828 1874 2897 prrecipue,
1895 2829 2134 2884 sanctis-

546 2916 709 2970 sima.
748 2918 857 2973 Sed
885 2920 1001 2972 hrec
1031 2921 1260 2988 quidem
1311 2919 1476 2975 verba
1517 2919 1723 2974 habent
1773 2919 2134 2988 supplicatio-

549 3026 707 3076 nem;
742 3012 1037 3067 ostendunt
1055 3023 1234 3067 autem
1257 3015 1421 3066 etiam
1442 3013 1737 3083 gratiarum
1769 3013 2062 3075 actionem,
2084 3026 2136 3070 et

551 3099 716 3154 Deum
740 3104 954 3165 generis
983 3104 1382 3159 benefactorcm
1415 3105 1732 3174 praedicant,
1763 3105 1850 3157 ubi
1889 3103 2135 3158 meminit

546 3208 735 3247 eorum
796 3194 1080 3248 hominum
1110 3197 1200 3264 qui
1243 3196 1313 3250 ab
1339 3196 1461 3265 ipso
1513 3195 1842 3250 sanctillcati
1901 3203 2029 3268 sunt
2073 3207 2126 3249 ct

547 3285 936 3349 consummati;
963 3285 1354 3354 propemodum
1376 3287 1561 3340 dicens
1583 3303 1597 3341 :
1624 3285 1692 3341 Ut
1713 3286 1808 3340 des
1830 3285 1990 3340 nobis
2003 3299 2125 3354 gra-

547 3375 699 3439 tiam,
724 3391 887 3444 quam
918 3375 1125 3431 sanctis
1147 3376 1297 3446 prius
1319 3375 1536 3442 dedisti;
1562 3385 1619 3429 ut
1654 3391 1754 3430 nos
1787 3376 2117 3441 sanetitices,

546 3463 690 3518 sicut
715 3472 768 3518 et
796 3465 935 3520 alios
969 3465 1116 3534 prius
1138 3465 1516 3531 sanctiﬁcasti,
1565 3467 1658 3536 qui
1692 3475 1820 3522 sunt
1872 3466 2114 3534 ejusdem

547 3555 763 3623 generis
796 3556 1106 3612 nobiscum.
1137 3555 1200 3611 Et
1225 3557 1291 3612 de
1320 3556 1406 3613 bis
1426 3557 1646 3628 quidem
1669 3559 1784 3613 haec
1815 3555 2114 3612 sumciunt.

1110 3673 1264 3731 CAP.
1306 3673 1550 3731 XXXIV.

549 3788 628 3842 De
654 3789 729 3843 eis
759 3803 876 3858 qua!
900 3789 1146 3843 sacerdos
1177 3804 1270 3856 pro
1299 3805 1351 3842 se
1386 3797 1524 3852 orat,
1563 3803 1658 3857 pro
1687 3787 1855 3842 sacris
1876 3785 2048 3850 donis,
2074 3793 2124 3840 et

882 3860 947 3913 de
975 3861 1040 3914 iis
1065 3875 1182 3927 quae
1196 3859 1347 3928 jubet
1378 3860 1556 3928 ﬁdeles
1583 3875 1760 3915 orare.

623 4017 896 4072 Sacerdos
928 4027 1111 4071 autem
1145 4027 1437 4085 postquam
1489 4015 1744 4070 omnibus
1769 4028 1832 4068 ea
1872 4027 1994 4082 qua:
2022 4026 2120 4082 par

548 4117 636 4163 est
657 4109 918 4169 oraverit,
941 4109 1105 4161 etiam
1135 4122 1309 4175 prose
1341 4116 1463 4160 orat
1487 4115 1593 4160 uta
1619 4106 1778 4160 donis
1809 4105 2116 4160 sanetiiice-

552 4209 660 4254 tur.
688 4198 936 4266 Quanam
961 4196 1435 4253 sanctiﬁcatione?
1467 4195 1539 4250 Ut
1570 4196 1801 4265 accipiat
1831 4197 2117 4251 remissio-

549 4309 674 4349 nem
699 4302 1067 4364 peccatorum.
1095 4289 1209 4344 Hoe
1237 4290 1384 4345 enim
1417 4298 1501 4343 est
1521 4289 1793 4342 donorum
1821 4289 2123 4358 principale

550 4384 813 4440 cilicium.
855 4383 921 4436 Et
949 4382 1218 4436 nndenam
1250 4386 1430 4450 potest
1473 4380 1578 4432 hoc
1607 4378 1778 4434 sciri?
1810 4379 1882 4434 Ex
1913 4379 1979 4434 iis
1999 4395 2121 4448 qua:

2223 1924 2382 1978 γνυσι
2422 1906 2519 1976 τὴν
2557 1896 2933 1976 εὐχαριστίαν.
2980 1903 3090 1955 Καὶ
3133 1901 3292 1954 τοῦτο
3344 1901 3490 1952 ποιεὶ
3521 1893 3804 1965 πανταχοῦ

2223 2001 2322 2070 τῆς
2357 1999 2700 2072 ἱερουργίας·
2755 1998 2851 2051 καὶ
2893 1995 2994 2059 τὰς
3047 1984 3214 2066 εὐχὰς
3266 1994 3333 2047 ἇν
3395 1991 3562 2062 εὕρῃς
3617 1989 3806 2059 σχεδὸν

2226 2094 2466 2160 ἁπάσας,
2510 2091 2602 2145 καὶ
2627 2090 2786 2144 τοῦτο
2815 2090 3035 2143 κάκεῖνο
3065 2086 3393 2155 δυναμένας.
3423 2084 3720 2152 Μέμνηται
3753 2080 3808 2136 δὲ

2227 2186 2321 2239 καὶ
2351 2183 2457 2237 τῶν
2484 2182 2681 2250 ἁγίων,
2713 2177 2787 2235 ὧν
2817 2180 2844 2233 ὁ
2875 2179 3030 2247 ἅγιος
3064 2179 3340 2245 Ἰωάννης,
3368 2175 3462 2229 καὶ
3484 2174 3686 2228 ταύτὸν
3708 2172 3807 2242 τῆς

2231 2275 2543 2350 ἱερουργίας
2574 2276 2666 2328 τὸν
2709 2275 2898 2334 τόπον.
2953 2271 3068 2326 ἀλλ’
3103 2272 3162 2324 οὐ
3220 2269 3310 2324 τὸν
3360 2269 3526 2322 αὑτὸν
3578 2265 3808 2337 τρόπον.

2229 2369 2538 2440 Εὕξάμενος
2565 2367 2674 2439 γὰρ
2723 2367 3021 2437 ἀξιωθῆναι
3069 2365 3278 2426 πάντας
3313 2361 3415 2425 τῆς
3444 2360 3552 2413 τῶν
3587 2376 3806 2430 μυστη-

2234 2463 2365 2535 ρίων
2391 2460 2698 2524 κοινωνίας,
2728 2478 2745 2509 ι
2789 2460 2864 2530 μὴ
2899 2459 2978 2521 εἰς
3005 2456 3179 2526 κρίμα
3217 2453 3249 2525 ἦ
3291 2455 3371 2516 είς
3407 2451 3802 2519 κατάκριμα,ι

2233 2555 2452 2623 ἐπάγει,
2510 2571 2528 2607 t
2569 2552 2686 2606 ἀλλ’
2742 2551 2830 2605 ἵνα
2885 2549 3138 2622 εὕρωμεν
3183 2547 3344 2616 χάριν
3390 2544 3530 2613 μετὰ
3585 2541 3808 2595 πάντων

2235 2648 2430 2715 ἁγίων,
2459 2645 2568 2700 τῶν
2595 2645 2691 2698 ἀπ’
2721 2643 2917 2706 αἰῶνός
2945 2657 3027 2694 σοι
3053 2635 3562 2708 εὑαρεστησάντων.
3590 2649 3807 2703 προπαο

2234 2741 2426 2809 τύρων,
2477 2737 2701 2806 πατρῶν
2746 2732 3101 2804 πατριάρχῶν
3130 2748 3143 2762 ο
3191 2749 3210 2782 ι
3257 2732 3354 2784 καὶ
3385 2728 3450 2780 τά
3486 2726 3647 2795 ἑξῆς·
3692 2722 3810 2778 εἶτα

2237 2828 2524 2895 ἐξαιρέτως
2544 2827 2644 2895 τῆς
2669 2842 2841 2892 παναγ
2859 2824 2963 2887 ίας.
2999 2821 3157 2874 vim
3183 2817 3467 2873 καὶταῦτα
3490 2817 3558 2869 τὰ
3585 2816 3809 2886 ῥήματα

2238 2921 2349 2990 ἔχει
2381 2920 2478 2989 μὲν
2504 2918 2734 2979 ἱκεσίαν,
2767 2917 3015 2982 ἐκφαίνει
3042 2913 3101 2966 δὲ
3127 2909 3501 2982 εὐχαριστίαν,
3525 2909 3620 2962 καὶ
3646 2908 3810 2976 εὐερ-

2238 3012 2401 3082 γέτην
2423 3011 2516 3062 του
2540 3009 2729 3076 γένους
2761 3005 3026 3076 κηρύττει
3057 3004 3149 3057 τὸν
3181 3001 3336 3065 Θεὸν,
3373 3002 3431 3054 ὲν
3477 2992 3558 3061 οἷς
3598 2997 3813 3066 μέμνη-

2239 3118 2328 3154 ται
2355 3099 2463 3153 τῶν
2501 3100 2630 3169 παρ’
2673 3096 2838 3152 αὐτοῦ
2871 3094 3262 3149 τελειωθέντων
3291 3090 3386 3146 καὶ
3434 3086 3808 3156 ἁγιασθέντων

2158 3159 2202 3218 c
2237 3159 2593 3262 ἀνθρώπων,’
2627 3189 2849 3259 μονονοῦ
2907 3187 3116 3251 λέγων·
3175 3184 3294 3236 Ἵνα
3353 3180 3456 3252 δῷς
3514 3178 3644 3249 ἡμῖν
3703 3177 3807 3246 χά·

2231 3297 2336 3350 ριν,
2365 3279 2432 3352 ἢν
2467 3280 2579 3342 τοῖς
2620 3278 2797 3347 ἁγίοις
2832 3277 3060 3331 κατέθου
3115 3275 3407 3346 πρότερον,
3434 3271 3524 3325 ἵνα
3566 3269 3808 3339 ἁγιάσῃς

2225 3371 2413 3442 ὥσπερ
2466 3371 2560 3424 xui.
2610 3370 2802 3432 ἄλλους
2837 3368 3046 3436 φθάσας
3095 3366 3333 3435 ήγίασας
3381 3363 3492 3416 τῶν
3525 3358 3810 3432 ὁμογενῶν

2221 3466 2374 3538 ἡμῖν.
2399 3463 2508 3519 Καὶ
2539 3463 2667 3533 περὶ
2699 3463 2799 3533 μὲν
2824 3461 3027 3516 τούτων
3050 3460 3292 3529 ἀρκείτω
3313 3455 3509 3513 ταῦτα.

2821 3665 3078 3719 ΚΕΦΑΛ.
3115 3664 3237 3718 AA'.

2226 3779 2366 3845 Περὶ
2389 3773 2476 3834 ὧν
2507 3782 2540 3832 ὁ
2573 3778 2764 3846 ἱερεὺς
2787 3777 2966 3831 ἕνεκα
2992 3776 3208 3846 ἐαιετοῦ
3233 3775 3470 3846 εὔχεται
3505 3773 3658 3846 ὐᾷπὲρ
3688 3773 3811 3826 τῶν

2331 3849 2504 3916 ιερῶν
2527 3840 2753 3916 δώρων,
2775 3849 2872 3902 καί
2904 3848 3056 3915 ὑπὲρ
3081 3840 3168 3898 ὧν
3203 3840 3589 3910 τοῖρίπιστοῖς
3622 3840 3816 3913 εὔχε-

2330 3922 2470 3973 σθαι
2503 3920 2754 3972 κελεύει.

2307 4011 2323 4031 ⁹
2351 4014 2391 4066 0
2421 4011 2479 4064 δὲ
2510 4011 2708 4080 ἱερεὺς,
2752 4009 2890 4079 μετὰ
2921 4009 2983 4063 τὸ
3022 4010 3188 4063 πᾶσιν
3221 4006 3478 4074 εὔξασθαι
3502 4004 3572 4059 τὰ
3597 4005 3811 4069 δέοντα,

2226 4103 2318 4157 καὶ
2344 4102 2483 4172 ὑπὲρ
2516 4101 2709 4154 ἑαυτοῦ
2741 4099 2981 4170 εὔχεται,
3015 4101 3118 4154 ὑπὸ
3145 4099 3250 4152 τῶν
3297 4099 3485 4167 δώρων
3536 4097 3814 4167 άγιασθῆ-

2225 4214 2334 4249 ναι.
2366 4194 2499 4248 Τίνα
2547 4181 2841 4262 ἁγιασμόν;
2863 4178 3100 4261 ’νΑφεσιν
3133 4190 3318 4245 λαϐεῖν
3351 4191 3460 4244 τῶν
3498 4190 3810 4260 ἁμαρτιῶν.

2225 4285 2396 4339 Τοῦτο
2425 4285 2533 4354 γάρ
2563 4285 2623 4336 τὸ
2672 4284 3083 4354 προηγούμενον
3137 4283 3197 4336 τὸ
3233 4284 3392 4353 ἔργον
3439 4282 3644 4335 τούτων
3698 4280 3813 4333 τῶν

2226 4375 2434 4446 δώρων.
2463 4377 2576 4430 Καὶ
2608 4375 2771 4428 πόθεν
2794 4375 2972 4445 δῆλονς
3001 4375 3094 4442 Ἐξ
3115 4368 3188 4429 ὧν
3234 4376 3264 4427 ὁ
3303 4373 3506 4445 Κύριος
3539 4368 3660 4426 εἷπε
3698 4376 3814 4433 τοίς

556 4477 818 4531 Dominus
842 4473 1000 4538 dixit,
1033 4472 1299 4543 apostolis
1328 4487 1520 4542 panem
1554 4471 1889 4528 ostendens:
1947 4489 1965 4524 ι
2008 4471 2120 4525 Hoc

2229 4466 2563 4532 ἀποστόλοις,
2605 4466 2696 4519 τὸν
2755 4466 2919 4535 ἄρτον
2949 4465 3192 4530 δεικνύς·
3235 4464 3437 4519 «Τοῦτό
3468 4467 3584 4516 ἐστι
3618 4463 3678 4515 τὸ
3708 4464 3816 4516 σῶα

552 4577 638 4622 est
663 4581 1093 4642 corpus.meum,
1129 4566 1276 4634 quod
1319 4580 1417 4635 pro
1452 4565 1607 4621 vobis
1645 4565 1912 4636 frangitur
1946 4564 2000 4619 in
2043 4579 2130 4619 re-

553 4661 871 4716 missionem
932 4667 1308 4730 peccatorum.
1352 4678 1370 4709 »
1406 4656 1473 4712 Et
1529 4658 1582 4713 in
1617 4658 1788 4714 calice
1819 4658 2082 4713 ‘similiter
2114 4678 2128 4714 :

560 4774 577 4806 ι
613 4752 902 4818 Memento,
933 4752 1134 4822 inquit,
1161 4751 1390 4806 Domine
1413 4753 1578 4806 etiam
1607 4767 1741 4806 meae
1772 4751 2130 4823 indignitatis,

553 4857 607 4899 et
631 4847 878 4900 condona
907 4846 1036 4899 mihi
1079 4859 1244 4900 omne
1274 4845 1531 4900 delictum
1559 4844 1933 4899 voluntarium
1969 4853 2022 4898 et
2053 4844 2134 4897 in-

553 4939 945 4992 voluutarium.
974 4939 1038 4991 Et
1060 4953 1129 4992 ne
1160 4946 1382 5007 propter
1406 4953 1524 4991 mra
1546 4947 1764 5006 peccata
1786 4935 2132 5003 prohilmeris

555 5031 784 5098 gratiam
818 5031 992 5086 sancti
1025 5030 1262 5100 Spiritus
1286 5044 1315 5082 a
1343 5030 1502 5084 donis
1525 5031 1838 5100 propositis.
1869 5050 1888 5082 ι
1916 5027 2133 5082 Remis-

555 5123 764 5177 sionem
793 5133 1140 5191 peccatorum
1175 5122 1267 5176 dat
1291 5131 1516 5176 sanctus
1543 5121 1780 5191 Spiritus
1803 5122 1869 5176 iis
1889 5120 1979 5190 qui
2006 5128 2133 5175 sunt

555 5214 819 5266 donorum
844 5212 1158 5282 participes.
1194 5230 1214 5265 ι
1243 5210 1388 5274 Hec.
1423 5211 1621 5278 inquit,
1656 5213 1828 5281 gratia
1860 5212 1914 5264 in
1948 5226 2033 5265 me
2065 5224 2132 5265 ne

554 5303 916 5372 prohibeatur
951 5319 1018 5358 ex
1054 5302 1214 5358 donis
1247 5311 1476 5372 propter
1509 5316 1627 5356 mea
1685 5313 1931 5371 peccata.
1971 5319 1990 5352 ι
2017 5299 2130 5354 Du-

554 5394 772 5463 pliciter
807 5392 953 5447 enim
975 5392 1176 5448 dicitur
1205 5392 1376 5461 gratia
1413 5391 1633 5460 operari
1658 5391 1710 5443 in
1742 5389 2000 5458 pretiosis
2029 5389 2131 5444 do-

554 5487 658 5540 nis.
687 5483 805 5540 Uno
827 5483 1044 5554 quidem
1065 5483 1246 5544 modo.
1272 5496 1367 5551 per
1384 5496 1544 5550 quem
1572 5482 1684 5550 ipsa
1701 5480 2127 5546 sanctiﬁcantur,

553 5579 685 5638 alio.
715 5593 808 5647 per
823 5592 984 5646 quem
1003 5575 1177 5646 gratia
1205 5589 1307 5628 nos
1337 5591 1430 5643 per
1454 5575 1570 5644 ipsa
1600 5574 1926 5629 sanctificat.
1946 5573 2130 5628 Primo

549 5680 684 5736 ergo
727 5669 909 5734 modo,
936 5669 987 5723 in
1021 5667 1175 5723 donis
1202 5670 1430 5735 gratiam
1475 5666 1685 5737 operari
1716 5665 1922 5720 nullum
1953 5674 2128 5734 potest

554 5751 854 5810 humanum
879 5757 1079 5813 malum
1105 5768 1301 5815 vetare.
1323 5755 2124 5827 Scd,quemadmodumeorum

2243 4557 2320 4627 μά
2355 4574 2478 4627 μου,
2509 4557 2570 4610 τὸ
2622 4557 2763 4629 ὑπὲρ
2793 4557 2947 4626 ὑμῶν
2981 4555 3258 4625 κλώμενον
3293 4558 3370 4619 είς
3401 4555 3596 4624 ἄφεσιν
3630 4557 3814 4625 ἁμαρ·

2236 4650 2421 4713 πῶν.»
2489 4651 2579 4704 καὶ
2610 4651 2703 4703 ὲ.πὶ
2738 4650 2831 4703 τοῦ
2861 4650 3126 4720 ποτηρίου
3185 4650 3384 4720 ὁμοίως
3408 4665 3423 4680 ·
3464 4647 3808 4720 «Μνήσθητι,

2236 4743 2430 4814 Κύριε,
2463 4743 2614 4813 φησὶ,
2649 4742 2868 4812 καὶτῆς
2903 4742 3040 4813 ἐμῆς
3103 4742 3473 4812 άνσξιὸτητος,
3518 4740 3613 4794 καὶ
3675 4755 3811 4806 συγ-

2235 4832 2482 4905 χώρησὸν
2541 4849 2634 4902 μοι
2692 4836 2800 4888 πᾶν
2852 4833 3232 4905 πλημμέλημα
3287 4831 3534 4886 ἑκούσιόν
3590 4847 3654 4884 τε
3713 4831 3814 4884 καὶ

2234 4927 2510 4991 ἀκούσιον,
2547 4926 2638 4978 καὶ
2675 4925 2752 4996 μὴ
2803 4925 2892 4979 διὰ
2926 4925 3024 4989 τὰς
3051 4926 3188 4995 ἐμὰς
3249 4921 3517 4994 ἁμαρτίας
3551 4921 3814 4992 κωλύσῃς

2233 5017 2328 5087 τὴν
2358 5018 2516 5088 χάριν
2547 5017 2642 5070 τοῦ
2677 5019 2828 5086 ἁγίου
2866 5016 3183 5086 [Ινεύματος
3206 5016 3314 5069 ἀπὸ
3346 5015 3452 5068 τῶν
3507 5015 3815 5084 προκειμελ

2233 5127 2338 5164 νων
2364 5111 2550 5182 δώρων
2573 5129 2620 5166 ,ι
2665 5112 2892 5178 Ἀφεσιν
2918 5109 3202 5179 ἁμαρτιῶν
3256 5107 3434 5161 δίδωσι
3465 5106 3523 5158 τὸ
3579 5105 3814 5174 Πνεῦμα

2233 5203 2293 5256 τὺ
2315 5202 2467 5270 άγιον
2494 5205 2604 5265 τοῖς
2632 5201 2738 5253 τῶν
2759 5199 2948 5267 δώρων
2977 5198 3317 5252 κοινωνοῦσι.
3351 5196 3530 5266 «Αὕτη
3556 5198 3594 5264 ἡ
3623 5197 3809 5267 χάρις,

2233 5297 2388 5368 φησὶ,
2428 5296 2502 5368 μὴ
2534 5295 2836 5364 κωλυθήτω
2864 5294 2969 5348 ἀπὸ
2997 5293 3109 5345 τῶν
3166 5290 3375 5364 δώρων,
3405 5290 3494 5344 διὰ
3539 5289 3640 5353 τὰς
3668 5290 3814 5358 ἐμὰς

2231 5387 2525 5458 ἁμαρτίας.
2549 5406 2566 5440 ι
2605 5386 2809 5450 Διττῶς
2839 5389 2950 5458 γὰρ
2972 5385 3191 5456 λέγεται
3230 5385 3472 5456 ἐνεργεῖν
3496 5383 3554 5435 ἐν
3583 5384 3698 5444 τοῖς
3727 5397 3810 5433 τι-

2235 5479 2376 5550 μίοις
2405 5479 2599 5550 δώροις
2632 5481 2664 5549 ἡ
2691 5479 2848 5551 χάρις
2873 5496 2886 5509 ·
2914 5478 3012 5532 ἕνα
3051 5477 3148 5548 μὲν
3195 5476 3396 5547 τρόπον
3425 5472 3547 5528 καθ’
3579 5472 3640 5526 δν
3667 5469 3811 5525 αὐτὰ

2233 5570 2538 5639 ἁγιάζεται·
2588 5570 2878 5643 ἓτερονὸὲ,
2941 5570 3147 5624 καθ’ὂν
3203 5569 3234 5638 ὴ
3289 5567 3446 5638 χάρις
3499 5564 3567 5618 δι’
3622 5562 3807 5618 αὐτῶν

2231 5663 2387 5734 ήμῶν
2420 5661 2658 5729 ἁγιάζει.
2695 5662 2798 5715 Τὸν
2829 5664 2927 5733 μὲν
2958 5661 3051 5714 οὖν
3104 5661 3322 5732 πρῶτον
3384 5662 3441 5714 ἐν
3470 5660 3579 5719 τοῖς
3608 5655 3808 5726 δώροις

2230 5758 2328 5826 τὴν
2361 5757 2520 5827 χάριν
2562 5757 2826 5827 ἐνεργεῖν,
2857 5755 3011 5809 οὐδέν
3040 5772 3088 5806 τι
3145 5753 3366 5807 δύναται
3434 5751 3666 5803 umidam
3698 5746 3808 5800 τῶν
