3992 6202
209 360 294 424 εἶ’)

207 480 521 550 ἀνθρωπίνων
552 477 758 532 κακῶν.
808 478 967 533 Ἀλλὰ
995 480 1244 547 καθάπερ
1274 483 1300 533 ὁ
1331 479 1599 549 ἁγιασμὸς
1629 478 1696 531 αὖ
1758 484 1802 539 Α

204 570 292 623 τῶν
315 568 406 622 οὐκ
434 569 572 620 ἔστιν
600 568 948 640 ἀνθρωπίνης
977 573 1179 641 ἀρετῆς
1234 573 1417 642 ἔργον.
1446 571 1616 633 οὕτως
1647 571 1733 622 οὖ-

204 660 273 711 δὲν
303 658 587 710 κωλύεσθαι
623 658 846 713 δυνατὸν
874 650 1034 715 αὐτὸν
1063 646 1168 715 ὑπὸ
1221 663 1431 716 κακιῶν
1459 662 1731 731 ἀνθρωπί-

203 768 306 802 νων.
348 750 401 801 '0
428 748 668 819 δεύτερος
723 751 779 805 δὲ
814 752 1025 819 καὶτῆς
1058 756 1335 823 ἡμετέρας
1366 755 1536 807 δεῖται
1569 769 1732 806 σπου-

202 839 295 906 δῆς.
327 838 419 890 Διά
443 838 712 892 τοῦτοκαὶ
750 842 855 894 ὑπὸ
899 844 999 911 τῆς
1042 844 1200 913 ἡμῶν
1241 844 1510 898 κωλύεται
1564 841 1731 913 ρᾳθυ-

205 932 324 998 μίας.
365 927 602 996 Ἀγιάξει
629 932 737 1000 γὰρ
773 932 805 1000 ἠ
850 932 1008 1002 χάρις
1048 934 1134 986 διά
1186 934 1294 987 τῶν
1342 935 1531 1005 δώρων
1563 934 1729 1003 ἡμᾶς.

204 1024 278 1074 ἐὰν
306 1021 428 1091 πρὸς
455 1022 549 1074 τὸν
593 1023 862 1094 ἀγιασμθιν
912 1014 1233 1095 ἐπιτηδείως
1272 1026 1493 1095 ἔχοντας
1553 1016 1692 1095 λάϐῃ
1718 1010 1743 1055 ον

203 1114 277 1165 ἐὰν
300 1113 347 1165 δὲ
374 1114 877 1180 ἀπαρασκευάστοις
915 1116 1154 1189 ἐμπέσῃ,
1177 1116 1302 1170 οὔτε
1356 1116 1546 1185 ὄφελος
1568 1116 1730 1186 ἠνεγ-

200 1223 277 1257 κεν
309 1205 468 1269 οὐδὲν,
501 1206 597 1259 καὶ
648 1208 843 1277 μυρίαν
886 1210 1017 1277 ἡμῖν
1056 1210 1278 1281 ἐνέθηκε
1323 1208 1549 1280 βλάϐην.
1583 1207 1730 1263 Tati-

200 1314 276 1366 την
304 1297 392 1364 τὴν
424 1298 603 1369 χάριν,
640 1300 754 1351 εἴτε
800 1299 994 1368 ἄφεσις
1029 1301 1137 1354 τῶν
1160 1302 1446 1373 ἁμαρτιῶν
1478 1303 1594 1353 ἐστι
1630 1300 1728 1370 p.6-

199 1402 285 1447 νον,
311 1389 409 1438 είτε
442 1386 562 1455 μετ’
590 1387 802 1458 ἐκείνης
834 1390 929 1442 καὶ
960 1390 1092 1460 ἄλλη
1120 1391 1295 1459 δωρεά
1339 1391 1587 1461 διδομένη
1621 1391 1730 1452 τοῖς

200 1477 311 1544 μετὰ
338 1476 574 1547 καθαροῦ
628 1478 928 1542 συνειδότος
979 1480 1037 1532 τὸ
1067 1480 1212 1551 ἱερὸν
1258 1479 1417 1533 τοῦτο
1460 1478 1731 1533 δειπνούν-

197 1580 282 1621 των
310 1569 542 1635 δεῖπνον,
572 1569 794 1639 εὔχεται
825 1572 853 1623 ὁ
901 1574 1080 1642 ἱερεὺς
1138 1573 1210 1641 μὴ
1254 1570 1565 1640 κωλυθῆναι
1621 1571 1728 1623 ἀπο

194 1658 281 1711 τῶν
320 1660 522 1730 δώρων,
575 1662 652 1724 ὡς
690 1663 995 1734 δυναμένην
1063 1663 1375 1731 κωλυθῆναι
1408 1663 1472 1716 δι’
1519 1662 1731 1732 ἀνθρω-

198 1752 331 1817 πίνην
357 1753 578 1809 κακίαν.
617 1752 833 1823 Ταύτην
871 1755 972 1823 τὴν
1018 1755 1185 1825 εὐχὴν
1237 1754 1453 1825 εὔχεται
1484 1754 1580 1809 καὶ
1611 1754 1726 1823 μετ’

1364 362 1755 423 Ι.Ι’ίΗίίΟΙι¹Ε
1800 361 2223 423 EXl’OSlTlO.

3308 360 3415 424 4ίῦ

1832 480 2198 533 sanctificatio
2260 496 2365 534 non
2430 488 2512 533 est
2571 480 2817 533 humanae
2869 477 3085 533 virtutis
3126 480 3410 548 opuszita

1840 587 1943 625 nec
1982 573 2095 625 lieri
2136 582 2310 643 potest
2337 582 2393 627 ut
2428 589 2546 628 eam
2582 572 2863 626 hominum
2891 575 3079 625 vitium
3104 573 3411 638 prohibeat.

1841 662 2129 716 Secundus
2159 671 2335 716 autem
2368 672 2560 716 nostro
2595 663 2759 715 etiam
2804 661 2985 715 studio
3034 673 3113 719 et.
3131 660 3411 728 diligentia

1839 753 2065 822 indiget.
2120 752 2227 808 Nos
2262 754 2406 807 enim
2438 753 2608 819 gratia
2663 768 2758 822 per
2799 752 2940 806 dona
2989 751 3315 814 sanctiﬁcat,
3364 752 3408 803 si

1840 859 1938 898 nos
1989 844 2576 898 ad‘sauctiﬂcati‘onem
2644 855 2799 912 aptos
2852 852 2904 896 et
2963 842 3411 895 accommodatas

1838 938 2040 1005 ceperit
2073 955 2087 991 :
2125 937 2206 991 sin
2234 947 2411 990 autem
2440 937 2493 989 in
2528 952 2631 990 nos
2656 936 2953 1004 imparatos
2985 932 3257 995 inciderit,
3312 946 3409 983 nec

1838 1027 2003 1081 ullam
2041 1028 2325 1082 utilitatem
2363 1027 2627 1089 attulerit,
2664 1036 2717 1079 ct.
2771 1026 3064 1095 plurimum
3119 1025 3284 1078 etiam
3319 1023 3409 1074 de-

1840 1120 2155 1173 trimentum
2182 1120 2551 1187 damnumque
2581 1118 2811 1173 dederit.
2839 1115 2993 1170 Hane
3014 1116 3269 1186 gratiam,
3295 1114 3410 1168 sive

1837 1221 1920 1263 est
1952 1210 2129 1263 solum
2159 1210 2411 1264 remissio
2442 1219 2811 1279 peccatorum,
2835 1208 2947 1262 sive
2982 1222 3102 1262 cum
3131 1207 3217 1259 illa
3243 1205 3405 1259 etiam

1837 1302 1979 1356 aliud
2026 1302 2228 1356 donum
2290 1302 2432 1370 quod
2490 1302 2651 1355 datur
2716 1300 2781 1354 iis
2813 1301 2905 1370 qui
2941 1314 3065 1352 cum
3097 1313 3228 1367 pura
3269 1312 3405 1351 con-

1835 1394 2062 1447 scientia
2101 1409 2311 1448 sacram
2354 1393 2495 1446 hanc
2526 1407 2737 1446 coenam
2771 1398 3014 1454 sumunt,
3047 1398 3167 1443 orat
3226 1404 3407 1442 sacer-

1836 1487 1953 1548 dos,
1990 1500 2054 1539 ne
2085 1500 2115 1539 a
2149 1485 2308 1539 donis
2342 1483 2715 1551 prohibeatur,
2743 1490 2802 1535 ut
2832 1497 2953 1550 qua:
3000 1481 3173 1549 possit
3222 1478 3412 1547 prohi-

1836 1577 1948 1630 beri
1984 1591 2078 1643 per
2109 1572 2424 1628 humanum
2464 1573 2674 1626 vitium.
2718 1571 2869 1626 Hanc
2926 1568 3053 1623 facit
3107 1570 3405 1622 orationem

1835 1669 1997 1721 etiam
2032 1666 2193 1736 paulo
2219 1675 2339 1735 post
2370 1680 2491 1718 cum
2524 1664 2774 1717 universa
2806 1660 3171 1715 cottitnunitcr
3219 1657 3408 1710 multi-

1834 1759 2057 1823 tudine;
2089 1766 2377 1826 postquam
2409 1755 2552 1809 enim
2597 1753 2853 1807 omnibus
2907 1750 3253 1805 concordiam
3284 1763 3408 1817 pre-

195 1840 321 1907 όλέγα
372 1843 464 1894 σὺν
490 1844 660 1897 παντὶ
705 1846 782 1915 τῷ
834 1844 1030 1915 πλήθει
1078 1849 1255 1916 κοινῇ·
1287 1846 1580 1916 εὐξάμενος
1623 1845 1730 1915 γὰρ

1836 1859 1991 1903 catus
2018 1859 2122 1913 est,
2149 1857 2208 1901 ut
2246 1861 2353 1902 uno
2386 1861 2480 1901 ore
2506 1854 2558 1901 et
2589 1846 2753 1900 corde
2778 1844 2944 1898 Deum
2982 1842 3302 1913 gloriﬁcent,
3326 1840 3406 1895 sic

196 1930 368 1983 ἅπασιν
404 1933 685 2001 ὁμόνοιαν,
719 1936 857 1989 ὥστε
898 1938 955 1989 ἑν
986 1938 1063 1989 ἐν),
1099 1936 1326 2005 στόματι
1350 1937 1441 1988 καὶ
1470 1936 1569 2007 μιᾷ
1598 1952 1733 2005 καρ-

195 2021 261 2091 Et;
294 2018 536 2089 δοξάζειν
569 2027 661 2079 τὸν
686 2027 840 2092 Θεὸν,
891 2030 984 2082 καὶ
1019 2028 1162 2083 οὕτω
1199 2030 1523 2083 διατεθείσιν
1564 2030 1734 2097 ἐπαγ-

196 2116 479 2183 γειλάμενος
511 2119 585 2171 τὰ
634 2119 757 2189 ὲλέη
809 2119 904 2173 τοῦ
945 2121 1180 2190 μεγάλου
1230 2120 1364 2174 Θεοῦ
1412 2122 1505 2175 καὶ
1551 2120 1735 2190 Σωτῆ-

196 2219 265 2265 της
302 2204 444 2274 ἡμῶν
493 2206 680 2274 Ἰησοῦ
736 2209 993 2280 Χριστοῦ,
1052 2208 1173 2265 εἶτα
1229 2212 1439 2265 κελεύει
1478 2211 1733 2281 δεηθῆναι

194 2293 267 2345 τοῦ
294 2296 415 2347 Θεοῦ
472 2300 582 2366 τὴν
620 2301 921 2370 εἰρημένην
956 2303 1142 2372 εὐχὴν,
1182 2305 1249 2375 ἣν
1306 2304 1468 2367 αὐτὸς
1508 2304 1729 2371 ηὔξατο,

196 2385 364 2448 πάντας
400 2392 531 2451 τοὺς
564 2391 753 2459 ἁγίους
784 2394 863 2455 είς
894 2394 1219 2466 ἐπικουρίαν
1265 2396 1520 2459 καλέσας,
1562 2396 1732 2449 Τοῦτο

193 2479 278 2547 γάρ
297 2482 403 2533 ἐστι
439 2481 505 2534 τὸ
567 2484 969 2551 μνημνονεῦσαι
1032 2486 1248 2539 πάντων
1294 2486 1403 2540 τῶν
1444 2487 1636 2555 ἁγίων,
1671 2488 1733 2540 τὸ

193 2568 399 2635 καλέσαι,
434 2572 493 2625 τὸ
526 2572 809 2642 δεηθῆναι.
846 2576 958 2629 Καὶ
984 2575 1036 2629 τί
1059 2594 1229 2647 (gnat;
1263 2595 1281 2629 ι
1316 2577 1608 2649 Δεηθῶμεν
1636 2576 1730 2630 τοῦ

193 2661 362 2727 Κυρίου
425 2662 577 2735 ὑπὲρ
617 2662 725 2717 τῶν
763 2666 1135 2732 ἁγιασθὲντων
1191 2669 1433 2737 δώρων,ι
1489 2670 1586 2741 οὐχ
1638 2669 1730 2723 ἵνα

190 2750 301 2803 αὗτά
325 2752 583 2817 δέξωνται
641 2755 731 2808 τὸν
763 2757 1033 2827 ἁγιασμόν
1074 2758 1181 2828 (διὰ
1236 2758 1394 2813 τοῦτο
1448 2759 1557 2831 γὰρ
1610 2761 1733 2827 ἀγι-

188 2842 381 2896 ασθέντα
414 2847 565 2899 αὐτὰ
612 2842 785 2911 εἷπον,
851 2848 939 2901 ἴνα
974 2850 1048 2921 μὴ
1105 2852 1170 2904 σὺ
1228 2850 1386 2904 τοῦτο
1443 2851 1727 2923 νομίσῃς)·

189 2933 279 2985 ἀλλ’
313 2937 390 2989 ἵνα
447 2940 591 3007 ἡμῖν
623 2940 785 2993 αὑτοῦ
822 2942 1131 3011 μεταδοῖεν·
1158 2941 1313 2996 τοῦτο
1338 2943 1446 3012 γάρ
1479 2944 1594 2997 ἐστι
1640 2944 1732 2997 τὸν

187 3026 535 3096 φιλάνθρωπον
595 3029 748 3092 Θεὸν,
802 3032 895 3083 τὸν
946 3033 1376 3103 προσδεξάμενον
1422 3034 1580 3100 αὐτὰ,
1635 3035 1731 3104 τὴν

187 3120 317 3185 χάριν
372 3123 506 3190 ἡμῖν
584 3124 1083 3195 ἀντικαταπέμψαι.
1151 3126 1513 3198 ιΕύξώμεθα,
1541 3129 1725 3199 φησὶν,

186 3206 297 3277 ύπὶρ
321 3209 422 3262 τῶν
448 3211 701 3279 δὼρων,ι
742 3213 829 3266 ἵνα
880 3216 959 3276 εἰς
1013 3215 1160 3284 ἡμᾶς
1191 3216 1385 3284 ἐνεργά
1438 3216 1721 3285 γένωνται,

188 3297 255 3349 ίνα
281 3301 347 3370 μὴ
366 3301 682 3374 ἀδυνατήσῃ
711 3304 843 3372 πρὸς
886 3304 1088 3376 ταύτην
1115 3305 1213 3376 τὴν
1245 3302 1425 3376 χάριν,
1474 3306 1725 3378 καθάπερ

184 3389 253 3441 ὅτε
278 3394 402 3459 μετά
433 3394 549 3446 τῶν
579 3382 882 3465 ἀνθρώπων
925 3397 1175 3466 ἐφαίνετο
1206 3399 1268 3451 τὸ
1326 3401 1429 3452 πᾶν
1458 3400 1518 3452 τὸ
1572 3400 1729 3452 δυνά-

188 3500 319 3548 μενον
344 3488 503 3540 αὐτοῦ
574 3488 754 3557 σῶμα,
783 3490 932 3543 ἔστιν
980 3492 1038 3543 ὲν
1071 3485 1160 3553 αἷς
1210 3491 1318 3543 τῶν
1364 3492 1569 3545 πόλεων
1629 3492 1729 3545 οὐκ

184 3572 372 3629 ἐδύνατο
413 3579 625 3648 σημεῖα
652 3582 821 3632 ποιεῖν
850 3579 938 3633 διὰ
972 3581 1071 3649 τὴν
1103 3581 1359 3635 ἀπιστίαν
1404 3581 1604 3635 αὐτῶν.
1626 3581 1730 3636 Οὓ-

182 3673 246 3715 τω
271 3665 318 3717 δὲ
354 3668 529 3721 ταῦτα
572 3669 709 3738 πρὸς
737 3672 798 3723 τὸ
826 3672 1023 3739 πλῆθος
1057 3672 1280 3743 βοήσας,
1324 3670 1443 3727 εἶτα
1489 3676 1581 3728 καὶ
1633 3675 1730 3727 αὐ-

182 3753 251 3815 τδῖ
269 3754 352 3824 ἀφ’
378 3757 583 3811 ἑαυτοῦ
623 3761 800 3829 ἡσυχῇ
836 3759 1074 3831 εὔχεται,
1112 3762 1371 3830 περὶτῶν
1409 3761 1589 3815 αὐτῶν
1634 3761 1726 3813 τὸν

182 3845 291 3899 Θεὸν
323 3849 615 3913 ἱκετεύων,
646 3850 786 3903 ὥστε
822 3852 1144 3920 μεταλαϐεῖν
1194 3852 1292 3922 μὲν
1341 3853 1449 3906 τῶν
1484 3853 1729 3922 φρικτῶν

184 3940 486 4009 μυστηρίων,
528 3940 674 4011 μετά
695 3942 937 4011 καθαροῦ
972 3944 1293 4009 συνειδότος,
1324 3940 1628 3998 ἀπολαῦσαι
1674 3944 1731 3997 δὲ

182 4028 262 4094 τῆς
309 4032 462 4101 ίερᾶς
510 4032 739 4105 ,ταύτης
812 4033 1115 4104 τραπέζης·
1181 4036 1466 4106 ἁμαρτιῶν
1517 4036 1728 4105 ἄφεσιν,

184 4118 470 4189 Πνεύματος
508 4122 673 4189 ἁγίου
719 4126 1034 4189 κοινωνίαν,
1091 4124 1369 4195 βασιλείας
1407 4126 1731 4197 κληρονομί-

182 4215 356 4267 αν,κα”ι
387 4214 461 4283 μὴ
495 4214 581 4275 είς
619 4214 797 4282 κρίμα
838 4215 870 4285 ἢ
903 4218 980 4279 είς
1033 4216 1538 4289 κατάκριμαηΕἷτα
1572 4219 1732 4285 εὐξά-

186 4318 316 4365 μενος
345 4304 554 4358 ᾶπασιν
614 4305 711 4373 τὴν
733 4304 829 4358 τοῦ
861 4307 995 4359 Θεοῦ
1025 4307 1273 4377 βοήθειαν
1324 4310 1415 4360 καὶ
1464 4308 1731 4377 φυλακὴν,

181 4394 360 4447 κελεύει
388 4396 592 4457 αὐτοὺς
627 4393 883 4459 εὔξασθαι
908 4396 1005 4465 τὴν
1035 4396 1243 4467 ἡμέραν
1284 4398 1467 4450 πᾶσαν
1495 4397 1731 4463 τελείαν,

1757 3183 1799 3240 C

1832 1954 2053 2010 quoque
2080 1937 2360 2007 dispositis
2392 1936 2724 1990 annuntians
2761 1932 3191 1986 misericordiam
3223 1929 3405 1998 magni

1833 2031 1927 2086 Dei
1962 2040 2016 2084 et
2043 2029 2349 2084 Servatoris
2395 2029 2569 2082 nostri
2614 2026 2742 2081 Jesu
2779 2024 3004 2087 Christi,
3038 2023 3229 2076 deinde
3256 2021 3409 2087 jubet

1833 2142 1928 2181 eos
1956 2139 2149 2194 rogare
2176 2123 2370 2187 Deum,
2404 2129 2458 2177 et
2519 2120 2584 2175 ad
2626 2135 2749 2175 eum
2782 2118 2963 2174 facere
3014 2116 3158 2169 illam
3201 2114 3405 2168 oratio-

1833 2232 1982 2282 nem,
2019 2231 2183 2285 quam
2242 2214 2398 2279 dixit,
2450 2212 2693 2268 omnium
2751 2217 3064 2264 sanctorum
3120 2205 3408 2273 implorato

1832 2308 2037 2363 auxilio
2076 2323 2091 2362 :
2126 2308 2233 2361 hoc
2259 2306 2429 2370 enim,
2464 2304 2673 2358 scilicet
2711 2303 3032 2356 memoriam
3062 2299 3242 2351 facere
3290 2310 3408 2347 om~
3456 2342 3461 2345 _

1833 2401 1982 2455 nium
2019 2407 2360 2462 sanctorum,
2398 2405 2478 2450 est
2531 2396 2807 2457 invocare,
2844 2406 3025 2446 orare.
3060 2389 3126 2443 Et
3168 2387 3294 2458 quid
3329 2387 3410 2439 di-

1831 2491 1942 2549 cit?
1978 2488 2261 2559 r,0remus
2300 2487 2586 2542 Dominum
2624 2500 2721 2554 pro
2748 2484 2908 2538 donis
2943 2479 3340 2539 sanctificatis;
3382 2495 3402 2528 ι

1832 2601 1939 2638 nou
1992 2592 2133 2637 utea
2181 2577 2668 2635 sanctiﬁcatiuncm
2728 2573 3034 2643 suscipiant
3098 2569 3404 2642 (propterea

1831 2679 1977 2731 enim
2032 2676 2142 2729 dixi
2176 2689 2239 2729 ea
2281 2670 2647 2733 sanctiﬁcata,
2682 2683 2751 2723 ne
2778 2678 2831 2721 tu
2854 2668 2958 2721 boc
3004 2665 3274 2734 putares),
3311 2660 3405 2714 sed

1832 2779 1891 2823 ut
1925 2768 2101 2837 ipsam
2161 2764 2316 2819 nobis
2348 2762 2662 2833 impertiant
2697 2777 2710 2815 :
2744 2760 2843 2813 hoc
2882 2758 3023 2814 enim
3091 2764 3196 2821 est,
3254 2755 3409 2809 beni-

1830 2876 1994 2930 gnum
2024 2867 2080 2913 et
2114 2856 2444 2911 clementem
2482 2853 2677 2916 Deum,
2720 2850 2811 2919 qui
2859 2864 2919 2904 ea
2973 2847 3234 2917 suscepit,
3282 2860 3407 2915 grav

1832 2953 1960 3006 tiam
2000 2950 2157 3005 nobis
2205 2947 2448 3003 vicissim
2483 2946 2784 3001 remittere.
2827 2961 2845 2995 σ
2901 2940 3155 3007 Oremus,
3204 2937 3404 3008 inquit,

1832 3059 1931 3113 pro
1966 3042 2150 3107 donis,
2191 3059 2208 3093 ι
2251 3048 2308 3095 ιιι
2339 3038 2392 3092 in
2424 3054 2523 3093 nos
2554 3046 2875 3107 operentur,
2908 3050 2977 3089 ne
3014 3033 3081 3087 ad
3107 3036 3247 3086 hanc
3282 3044 3408 3099 gra-

1835 3137 1962 3190 tiam
2000 3150 2104 3188 non
2147 3134 2219 3189 sit
2252 3141 2491 3204 potens:
2551 3131 2697 3185 sicut
2745 3127 2978 3199 quando
2997 3141 3121 3180 cum
3170 3122 3399 3180 homini-

1831 3229 1934 3284 bus
1962 3225 2281 3281 versalialur
2307 3226 2408 3279 hoc
2440 3223 2781 3289 omnipotens
2812 3234 3035 3290 corpus,
3072 3220 3125 3271 in
3175 3216 3405 3271 nonnul-

1830 3321 1896 3376 lis
1939 3318 2251 3375 civitatibus
2310 3332 2417 3372 non
2476 3324 2688 3387 poterat
2740 3313 2894 3383 signa
2943 3312 3145 3374 facere,
3187 3316 3407 3378 preptcr

1829 3427 2017 3467 eorum
2042 3409 2503 3465 incredulitatem.
2527 3406 2661 3461 Cum
2683 3416 2864 3460 autem
2899 3404 3013 3458 haec
3042 3400 3109 3456 ad
3142 3403 3402 3472 populum

1830 3504 2209 3569 sict-lamavit,
2239 3502 2434 3557 deinde
2461 3502 2575 3570 ipse
2626 3512 2842 3569 quoque
2885 3511 2979 3566 per
3029 3508 3089 3550 se
3132 3490 3406 3549 submisse

1830 3606 1952 3652 orat
1998 3596 2062 3650 de
2115 3594 2308 3649 iisdem
2346 3591 2513 3645 Deum
2561 3605 2810 3660 precans,
2860 3598 2919 3642 ut
2964 3588 3074 3642 sint
3128 3586 3408 3640 venerabi-

1831 3689 1964 3743 lium
1988 3686 2368 3758 mysteriorum
2398 3682 2691 3752 participes
2721 3696 2845 3734 cum
2867 3680 3007 3734 bona
3034 3678 3396 3741 conscientia,

1832 3774 2084 3829 fruantur
2136 3778 2315 3826 autem
2346 3786 2500 3827 sacra
2544 3785 2751 3832 mensa,
2785 3776 3131 3839 peccatorum
3210 3767 3403 3821 remis-

1833 3867 2009 3930 sione,
2051 3864 2290 3931 Spiritus
2325 3862 2498 3917 sancti
2547 3848 2989 3930 participatione,
3037 3859 3189 3929 regni
3230 3860 3407 3913 lime-

1833 3958 2025 4021 ditate,
2052 3964 2106 4010 et
2136 3970 2245 4008 non
2281 3954 2333 4007 in
2364 3952 2636 4021 judicium
2669 3952 2755 4004 vel
2780 3950 2833 4004 in
2861 3949 3400 4004 condemnationem.

1838 4045 2061 4111 Deinde,
2097 4053 2389 4114 postquam
2417 4050 2671 4112 precatus
2698 4050 2780 4096 est
2807 4041 3062 4109 omnibus
3108 4041 3198 4094 Dei
3243 4041 3405 4093 auxi-

1834 4139 1966 4191 lium
1998 4146 2051 4191 et
2074 4134 2405 4197 custodiam,
2433 4133 2584 4203 jubet
2628 4134 2790 4186 etiam
2824 4146 2919 4187 eos
2948 4145 3107 4185 orare
3144 4139 3201 4185 ut
3233 4139 3400 4184 totum

1834 4229 2001 4292 diem,
2031 4226 2359 4296 perlectum,
2402 4232 2679 4284 sanctum.
2711 4222 3018 4293 pacificum,
3046 4231 3098 4277 et
3145 4222 3261 4277 sine
3293 4223 3404 4276 ullo

1837 4328 2059 4390 peccatu
2111 4318 2439 4385 transigant.
2497 4316 2759 4370 habentes
2817 4316 3097 4371 custodem
3151 4314 3399 4384 angelum

1837 4410 2006 4479 pacis,
2031 4406 2263 4468 ﬁdelem,
2294 4414 2511 4474 propter
2547 4406 2800 4473 angelum
2836 4405 3125 4468 mendacii,
3175 4407 3263 4459 cui
3295 4422 3401 4458 non

182 4482 337 4551 ἁγίαν,
369 4486 680 4555 είρηνικὴν,
709 4486 799 4539 καὶ
822 4487 1200 4557 ἀναμάρτητον
1224 4487 1536 4556 διενεγκεῖν,
1564 4505 1728 4558 φρουο

1836 4507 1921 4555 est
1962 4508 2136 4553 tutum
2179 4512 2278 4552 sua
2331 4498 2571 4551 credere.
2628 4495 2860 4551 Oramus
2909 4504 3085 4549 autem
3119 4512 3213 4563 pro
3265 4497 3406 4549 bono

188 4576 262 4639 ὠν
291 4578 507 4645 ἔχοντας
533 4577 769 4645 ἄγγελον
796 4579 1014 4647 εἰρήνης
1041 4580 1250 4641 πιστὸν,
1280 4579 1369 4633 διὰ
1387 4583 1476 4633 τὸν
1500 4581 1730 4649 ἄγγελον

183 4666 258 4716 τοῦ
303 4669 556 4736 ψεύδους,
593 4664 638 4738 ᾧ
667 4669 737 4723 τὰ
779 4670 960 4724 αὐτῶν
997 4672 1275 4727 πιστεύειν
1316 4674 1417 4727 οὐκ
1468 4675 1725 4741 ἀσφαλές.

184 4754 437 4827 Εύχόμεοα
466 4762 523 4815 δὲ
562 4760 692 4831 περὶ
728 4763 821 4816 τοῦ
855 4763 1091 4832 φύλακος
1115 4765 1369 4833 ἀγγέλου,
1400 4765 1498 4835 οὐχ
1542 4766 1628 4819 ἵνα
1646 4766 1731 4818 τό-

182 4862 229 4898 τε
265 4852 392 4920 ἡμῖν
430 4852 570 4921 δοθῇ
593 4869 607 4883 ο
644 4853 850 4907 δέδοται
897 4857 1005 4924 γὰρ
1030 4856 1089 4919 ἐξ
1134 4856 1306 4926 ἀρχῆς
1354 4856 1569 4925 ἑκάστῳ
1622 4855 1727 4909 τῶν

183 4941 363 4995 πιστῶν
411 4944 684 5012 ἄγγελοςα
725 4944 839 4997 ἀλλ’
861 4948 947 4999 ἵνα
988 4944 1205 5013 ἐνεργὸς
1235 4942 1289 5016 ᾗ,
1315 4946 1409 4998 καὶ
1452 4946 1523 4998 τὰ
1563 4946 1729 4998 αὐτοῦ

184 5035 313 5101 ποιῇ,
338 5036 431 5088 καὶ
466 5038 709 5105 φρουρῇ,
736 5040 831 5087 καὶ
857 5036 991 5105 πρὸς
1017 5037 1116 5106 τὴν
1163 5037 1379 5089 εὐθεῖαν
1426 5037 1543 5089 ὁδὸν
1581 5038 1731 5108 ἡμᾶς

183 5118 462 5193 ἀδηγῇμιαὶ
504 5124 585 5194 μὴ
634 5125 843 5193 ἀποστῇ
898 5125 1128 5193 μηνίσας
1174 5124 1263 5178 διὰ
1310 5124 1408 5187 τὰς
1455 5125 1732 5195 ἁμαρτίας

182 5212 316 5277 ἡμῶν
333 5230 350 5248 ο
380 5216 518 5287 πρὸς
542 5215 754 5277 τούτοις
775 5216 969 5283 ἄφεσιν
997 5218 1307 5289 ἁμαρτιῶν,
1326 5217 1419 5270 καὶ
1462 5218 1641 5271 πάντα
1660 5218 1730 5270 τὰ

185 5302 303 5357 καλά
327 5308 417 5359 καὶ
455 5307 811 5376 συμφέροντα
847 5311 967 5371 ταῖς
987 5309 1186 5381 ψυχαῖς
1218 5310 1394 5380 ἡμῶν,
1438 5309 1531 5362 καὶ
1582 5310 1730 5379 είρή⁴

183 5409 262 5461 νην
288 5398 361 5466 τῷ
398 5399 617 5470 κόσμῳ,
649 5401 745 5453 καὶ
768 5400 849 5454 ἔτι
875 5402 1012 5471 πρὸς
1064 5401 1127 5455 τὺ
1176 5401 1369 5472 μέλλον
1400 5400 1725 5470 ἀσφάλειαν,

184 5485 233 5537 ἐν
253 5490 435 5562 εἰρήνῃ
466 5496 569 5547 καὶ
609 5494 868 5564 μετανοίᾳ
909 5493 1286 5561 διενεγκόντας
1310 5495 1402 5548 τὸν
1437 5494 1729 5548 ὑπόλοιπον

184 5578 263 5645 τῆς
285 5582 422 5652 ζωῆς
439 5585 658 5653 χρόνον,
673 5586 814 5640 ὥστε
836 5582 974 5641 εἶναι
996 5587 1063 5640 τὰ
1076 5587 1204 5655 τέλη
1226 5587 1318 5639 τοῦ
1338 5587 1730 5657 βίουΧριστια-

184 5670 275 5722 mi:
306 5674 609 5741 πρέποντα,
640 5670 758 5729 εἶτα
785 5677 953 5729 ἑαυτά
982 5678 1326 5748 παραθέσθαι
1352 5678 1431 5749 τῷ
1471 5679 1591 5748 Θεῷ
1633 5682 1727 5733 καὶ

185 5756 446 5827 ἀλλήλους,
477 5765 575 5816 καὶ
602 5769 776 5820 πᾶσαν
805 5769 905 5836 τὴν
936 5769 1099 5839 ζωὴν,
1136 5769 1231 5835 τὴν
1260 5769 1485 5837 ἑνότητα
1509 5771 1606 5839 τῆς
1634 5768 1722 5821 πί-

190 5861 327 5916 τῖτωέ
356 5856 448 5907 καὶ
479 5857 581 5926 τὴν
610 5860 886 5914 κοινωνίαν
918 5861 1010 5916 τοῦ
1038 5863 1193 5930 ἁγίου
1226 5861 1542 5932 Ιινεύματος
1571 5863 1724 5932 αἰτη-

1840 4590 2054 4661 angelo,
2086 4605 2195 4649 non
2237 4596 2298 4642 ut
2333 4587 2648 4641 tunc'nobis
2698 4586 2855 4640 detur
2886 4604 2901 4641 :
2938 4588 3095 4641 datus
3130 4594 3213 4640 est
3259 4588 3403 4639 enim

1838 4681 1907 4735 ab
1933 4681 2086 4734 initio
2111 4678 2405 4747 unicuique
2431 4678 2668 4731 ﬁdelium
2704 4678 2964 4747 angelus:
2990 4679 3081 4730 sed
3120 4687 3175 4730 ut
3210 4692 3407 4748 Opere-

1839 4776 1949 4833 tur,
1978 4777 2031 4823 et
2061 4784 2161 4822 suo
2183 4765 2360 4822 ofﬁcio
2398 4767 2657 4834 fungatur
2690 4776 2743 4820 et
2779 4768 3069 4831 custodiat,
3122 4776 3176 4821 et
3211 4784 3311 4823 nos
3339 4771 3404 4821 ad

1835 4861 1978 4916 viam
2004 4859 2243 4914 divinam
2268 4858 2522 4921 deducat,
2556 4868 2607 4912 et
2645 4873 2752 4911 non
2773 4858 3051 4922 abscedat,
3074 4872 3405 4913 succensens

1838 4961 2060 5025 propter
2089 4960 2273 5007 nostra
2295 4962 2521 5021 peccata
2556 4970 2568 5005 :
2604 4951 2671 5005 ad
2702 4951 2813 5006 haec
2842 4951 3218 5005 remissionem
3282 4967 3408 5022 pec-

1839 5055 2111 5107 catorum,
2159 5052 2213 5097 et
2237 5043 2420 5097 omnia
2451 5060 2571 5113 qutc
2599 5052 2727 5097 sunt
2750 5044 2889 5097 bulla
2926 5052 2978 5098 et
3010 5043 3164 5097 utilia
3201 5044 3408 5099 nostris

1839 5136 2149 5198 animabus,
2184 5144 2237 5190 et
2269 5136 2476 5189 tumido
2522 5151 2734 5204 parem,
2769 5144 2822 5190 et
2864 5145 3122 5206 prmterea
3157 5137 3211 5189 in
3261 5136 3407 5190 futu-

1836 5242 1956 5281 rum
1989 5226 2362 5289 securitatem,
2408 5226 2460 5278 in
2500 5241 2633 5294 pace
2657 5234 2712 5280 et
2764 5227 3075 5295 paenitentia
3128 5234 3413 5282 transacto

1836 5318 2048 5388 reliquo
2091 5320 2213 5373 vitae
2256 5328 2521 5381 tempore,
2560 5328 2616 5373 ut
2648 5319 2720 5373 sit
2773 5319 3097 5375 Christianis
3128 5320 3250 5375 linis
3304 5316 3405 5388 qui

1838 5410 1918 5465 eis
1946 5412 2222 5473 convenit,
2264 5409 2460 5464 deinde
2487 5420 2545 5464 ut
2569 5411 2778 5481 scipsos
2804 5422 2856 5466 et
2900 5412 3037 5465 inter
3080 5426 3139 5464 se
3169 5410 3405 5464 invicem

1839 5501 1952 5556 Deo
1977 5501 2384 5563 commendent,
2414 5511 2466 5555 et
2498 5516 2592 5570 per
2615 5511 2779 5555 totam
2808 5517 2994 5556 eorum
3033 5500 3195 5553 vitam
3226 5499 3407 5552 unita-

1840 5602 1944 5647 tem
1980 5593 2098 5647 tldei
2132 5604 2185 5647 et
2231 5593 2404 5648 sancti
2436 5592 2673 5662 Spiritus
2718 5592 3269 5647 communicationem
3310 5605 3404 5659 pc-

1835 5692 2032 5741 tentes.
2063 5685 2201 5751 Quid
2232 5699 2415 5740 autem
2463 5685 2565 5740 sibi
2594 5687 2708 5739 vult
2748 5685 2865 5739 lidci
2906 5682 3103 5747 unitas,
3138 5691 3191 5736 et
3227 5682 3400 5737 sancti

1836 5776 2073 5845 Spiritus
2102 5778 2545 5840 communicatio,
2578 5788 2629 5828 ct
2653 5791 2813 5843 quam
2847 5777 2916 5830 ob
2948 5790 3165 5830 causam
3208 5775 3272 5832 iis
3319 5775 3401 5830 in-

1833 5869 2099 5941 digemus,
2131 5872 2337 5943 prolixe
2378 5880 2498 5927 ante
2531 5871 2734 5940 dictum
2780 5880 2883 5925 est.
