3992 6202
565 296 663 358 Δὸί
1822 299 2133 362 NICOLAI
2175 301 2263 359 CA
2275 297 2434 358 BASI
2449 297 2562 358 LE
3704 289 3802 358 153-

561 409 930 479 gnilicandum
966 407 1138 464 sancti
1167 406 1402 476 Spiritus
1434 406 1502 462 ad
1554 406 1856 462 Ecclesiam
1899 407 2124 462 descen-

2233 406 2394 458 ἐνεκα
2428 402 2527 470 τῆς
2558 403 2648 457 τοῦ
2683 401 2838 472 ἁγίου
2865 401 3182 473 Πνεύματος
3213 371 3308 456 ἐπὶ
3345 399 3443 474 τἠν
3485 400 3807 474 Ἐκκλησίαν

561 520 705 557 sum.
770 499 1056 555 Descendit
1110 500 1253 552 enim
1318 506 1449 551 tunc
1509 496 1764 551 universa
1819 495 2124 551 incarnatio

2231 495 2483 550 καθόδου.
2510 494 2759 565 Κατῆλθε
2787 495 2893 565 γὰρ
2919 496 3039 547 τότε
3071 495 3170 565 τῆς
3199 493 3509 564 οἰκονομίας
3539 494 3810 548 τελεσθεί-

505 603 527 619 ‘
563 595 842 648 Dmninica
875 599 1090 660 peracta
1139 592 1442 644 (economia
1477 605 1489 642 :
1529 603 1673 644 nunc
1709 597 1911 654 autem,
1944 589 2124 644 oblato

2233 604 2331 659 σης
2370 585 2464 641 τοῦ
2496 588 2745 658 Σωτῆρος
2784 587 3033 656 ἁπάσης·
3068 585 3165 639 νῦν
3190 586 3547 658 δὲξὲπιδημεϊ,
3586 587 3682 657 τῆς
3711 591 3809 641 θυ-

556 684 852 747 sacriﬁcio,
890 691 944 734 et
977 682 1374 736 consummatis
1405 679 1586 748 donis,
1625 690 1872 736 versatur
1905 696 2029 735 cum
2059 680 2128 736 iis

559 776 651 844 qui
683 775 844 841 digne
871 771 1092 826 fuerunt
1124 786 1312 826 eorum
1339 772 1650 842 participes.
1687 771 1952 829 Universa
1979 771 2126 826 enim

556 868 813 920 humanae
864 879 893 917 a
941 863 1163 918 Christo
1223 875 1511 932 susccptm
1543 873 1752 917 natura:
1801 863 2127 928 mcnnomia,

555 960 614 1012 in
639 971 798 1011 sacro
836 956 1200 1011 Ettcharistim
1237 956 1520 1027 mysterio,
1566 956 1620 1010 in
1665 971 1827 1026 pane,
1863 965 2127 1024 tanquam

560 1051 614 1104 in
656 1050 864 1114 tabula,
899 1048 1163 1118 inscripta
1201 1047 1350 1118 (nam
1382 1059 1433 1103 et
1483 1048 1743 1104 infantem
1778 1049 1977 1118 ipsum,
2004 1057 2128 1103 tan-

559 1157 720 1210 quam
773 1141 828 1194 in
861 1141 1031 1210 ﬁgura
1076 1141 1506 1209 contemplamur
1541 1149 1635 1195 :et
1658 1140 1720 1195 ad
1771 1150 1999 1195 mortem
2027 1142 2127 1195 du-

559 1243 713 1286 ctum
749 1242 802 1285 ct
837 1233 1182 1295 cruciﬁxum,
1211 1239 1264 1286 et
1296 1232 1348 1284 in
1399 1231 1562 1286 latere
1587 1240 1884 1301 punctum;
1935 1232 2130 1287 deinde

556 1325 722 1376 etiam
753 1323 928 1390 ipsum
963 1337 1181 1390 panem,
1214 1323 1266 1374 in
1306 1322 1435 1375 illttd
1472 1321 1880 1376 sanctissimum
1905 1336 2126 1389 corpus,

560 1416 703 1485 quod
742 1417 854 1468 hanc
899 1429 1024 1468 vere
1053 1414 1335 1476 sustinuit,
1367 1423 1420 1467 ct
1468 1413 1787 1476 resurrexit,
1820 1425 1873 1468 et
1901 1429 2127 1468 assum-

553 1514 711 1576 ptum
778 1513 880 1568 est,
945 1512 998 1556 et
1047 1503 1196 1558 sedet
1255 1504 1319 1556 ad
1386 1503 1664 1557 dexteram
1715 1501 1915 1565 Patris.
1949 1510 2129 1555 muta-

557 1595 723 1661 tum),
761 1593 1046 1663 oportebat
1098 1594 1259 1646 etiam
1292 1592 1488 1646 horum
1531 1593 1774 1647 omnium
1811 1591 1971 1646 ﬁnem
2009 1599 2128 1660 post

555 1687 672 1739 haec
711 1685 1033 1752 signiﬁcari,
1073 1693 1130 1736 ut
1175 1691 1320 1738 esset
1353 1684 1560 1754 integra
1613 1683 1854 1754 mysterii
1889 1681 2130 1737 celebra-

555 1778 658 1838 tio,
714 1777 967 1830 universo
1017 1776 1232 1845 negotio
1280 1783 1336 1828 et
1384 1775 1780 1830 incarnationis
1845 1774 2128 1844 dispensa-

555 1869 688 1924 tioni
723 1868 829 1921 ﬁne
869 1868 1180 1937 amictuque
1201 1867 1446 1936 adjecto.
1474 1865 1634 1931 Quod
1662 1875 1745 1920 est
1784 1867 1934 1921 enim
1965 1881 2124 1935 opus,

555 1972 610 2015 et
655 1962 780 2031 quis
829 1959 1053 2032 eﬁ‘ectus
1107 1959 1310 2014 Christi
1359 1960 1672 2029 passionum
1718 1969 1773 2013 et
1817 1974 2039 2029 operum
2071 1967 2127 2013 et

552 2053 868 2108 dictorum?
899 2052 957 2106 Si
993 2053 1116 2120 quis
1150 2067 1236 2116 ea,
1275 2053 1416 2120 quod
1453 2051 1517 2105 ad
1565 2067 1664 2106 nos
1689 2051 1899 2113 attinet.
1941 2050 2122 2104 consi-

550 2145 732 2207 derat.
785 2145 916 2198 nilril
967 2145 1113 2198 aliud
1163 2155 1291 2198 sunt
1342 2159 1502 2214 quam
1553 2143 1731 2198 sancti
1779 2141 2017 2211 Spiritus
2070 2142 2123 2196 in

554 2236 857 2289 Ecclesiam
895 2235 1182 2288 adventus.
1217 2233 1516 2303 Oportebat
1555 2247 1686 2304 ergo
1715 2248 1838 2288 eum
1879 2240 2000 2303 post
2037 2231 2122 2284 illa

558 2326 879 2393 signiﬁcari.
913 2325 1089 2394 Atque
1121 2325 1168 2379 is
1199 2325 1420 2392 quidem
1466 2324 1826 2400 signiﬁcatur]
1854 2339 1994 2394 aqua
2035 2338 2126 2378 ca-

559 2416 668 2468 lida
723 2416 775 2467 in
821 2415 1076 2485 mysteria
1119 2414 1320 2468 infusa.
1359 2413 1488 2469 Haec
1535 2416 1680 2468 enim
1712 2429 1874 2484 aqua,
1917 2430 2040 2468 cum
2074 2423 2126 2469 et

559 2521 697 2574 aqua
732 2505 824 2568 sit,
851 2516 902 2558 et
947 2506 1086 2574 ignis
1117 2506 1190 2559 sit
1217 2507 1516 2575 particeps.
1565 2506 1835 2575 signiﬁcat
1875 2519 2121 2561 sanctum

560 2598 844 2665 Spiritum,
878 2597 970 2664 qtti
997 2597 1160 2650 etiam
1195 2611 1334 2665 aqua
1362 2597 1586 2663 dicitur,
1613 2605 1666 2651 et
1698 2610 1952 2666 tanquam
1985 2599 2124 2666 ignis

551 2691 807 2758 apparuit
834 2689 887 2740 in
914 2687 1118 2742 Christi
1151 2688 1454 2758 discipulos
1486 2689 1748 2756 dilapsus.
1791 2689 1912 2742 Hoc
1936 2699 2121 2742 autem

559 2794 775 2848 tempus
811 2780 940 2832 illud
976 2788 1191 2847 tempus
1218 2767 1523 2848 significat;
1550 2789 1678 2834 tunc
1718 2780 1863 2833 enim
1895 2782 2120 2835 descru-

555 2872 655 2932 dit,
685 2881 974 2938 postquam
1007 2871 1192 2923 oumia
1229 2886 1350 2939 qua:
1373 2872 1440 2925 ad
1473 2871 1754 2924 Christum
1787 2873 2120 2940 spectabant,

552 2970 773 3028 peracta
791 2968 970 3012 enat.
995 2957 1150 3014 Nune
1172 2969 1351 3014 autem
1379 2959 1634 3030 perfectis
1656 2971 1712 3014 et
1730 2963 2126 3015 consummatis

2233 681 2356 743 σίας
2401 680 2803 752 ἀνενεχθείσης,
2859 681 2954 732 καὶ
2994 679 3394 734 τελειωθέντων
3443 681 3551 734 τῶν
3599 679 3811 751 δώρων

2231 775 2341 837 τοῖς
2397 790 2462 841 γε
2519 771 2686 844 ἀξίως
2738 770 3088 825 κοινωνοῦσιν
3141 771 3342 825 αὐτῶν.
3391 773 3502 840 Τῆς
3565 772 3670 840 γὰρ
3714 771 3811 826 τοῦ

2231 865 2469 934 Χριστοῦ
2505 863 2818 934 οἰκονομίας
2855 863 3072 932 ἁπάσης
3103 867 3243 916 κατὰ
3275 862 3373 933 τὴν
3405 863 3558 934 ἱερὰν
3588 863 3683 933 τῆς
3726 864 3815 916 εῦ-

2231 957 2518 1027 χαριστίας
2563 956 2808 1028 τελετὴν,
2851 957 2908 1010 ἐν
2943 955 3020 1026 τῷ
3053 955 3203 1026 ἄρτῳ
3247 954 3499 1024 καθάπερ
3535 957 3591 1008 ὲν
3622 956 3810 1007 πίνακι

2230 1050 2587 1120 γραφομένης
2621 1051 2735 1120 (καὶ
2764 1048 2872 1116 γὰρ
2907 1049 3000 1101 καὶ
3033 1046 3229 1118 βρέφος
3260 1046 3422 1109 αὐτὸς
3458 1047 3534 1108 ὡς
3567 1049 3624 1098 ὲν
3653 1045 3810 1116 τῦτφ

2232 1142 2566 1213 θεωροῦμεν,
2601 1142 2694 1195 καὶ
2721 1143 2798 1204 είς
2829 1140 3058 1193 θάνατον
3089 1138 3378 1209 ἀγόμενον,
3410 1139 3506 1191 καὶ
3543 1138 3811 1208 σταυροῦ·

2235 1251 2414 1305 μενον,
2445 1235 2536 1286 καὶ
2569 1234 2666 1302 τὴν
2698 1231 2933 1301 πλευρὰν
2965 1230 3318 1298 κεντούμενον
3343 1245 3356 1258 ⁸
3383 1226 3501 1283 εἶτα
3530 1232 3620 1282 καὶ
3645 1230 3812 1282 αὐτὸν

2231 1324 2321 1376 τὸν
2355 1321 2518 1392 ἄρτον
2563 1325 2641 1384 εἰς
2684 1323 2860 1375 ἐκεῖνο
2892 1321 2950 1374 τὸ
2999 1322 3266 1390 πανάγιον
3307 1321 3484 1389 σῶμα,
3535 1321 3594 1374 τὸ
3637 1321 3814 1375 ταῦτα

2233 1415 2444 1484 ἀληθῶς
2475 1415 2798 1483 ὑπομεῖναν,
2828 1415 2919 1466 καὶ
2945 1414 3203 1479 ἀναστὰν,
3231 1414 3326 1468 καὶ
3356 1413 3684 1482 ἀναληφθὲν,
3717 1417 3812 1465 καὶ

2233 1507 2541 1577 καθήμενον
2589 1509 2646 1559 ὲν
2688 1505 2836 1577 δεξιᾷ
2884 1506 2978 1558 τοῦ
3026 1507 3258 1577 Πατρὺς,
3289 1505 3810 1577 μεταϐαλλόμενον),

2232 1599 2338 1653 ἔδει
2357 1600 2450 1653 καὶ
2474 1599 2534 1652 τδ
2565 1598 2718 1661 τέλος
2747 1599 2954 1652 τούτων
2973 1598 3229 1658 ἁπάντων
3262 1598 3400 1667 μετὰ
3431 1597 3605 1650 ταῦτα
3631 1597 3818 1650 πάντα

2236 1689 2628 1758 σημαίνεσθαι,
2680 1689 2769 1742 ἵνα
2812 1689 3107 1759 ὁλόκληρος
3141 1689 3175 1758 ἡ
3211 1687 3409 1759 μύησις
3454 1689 3680 1758 γένηται
3713 1686 3810 1740 τοῦ

2235 1781 2536 1850 μυστηρίου
2557 1797 2572 1812 ο
2603 1783 2666 1850 τῇ
2703 1781 3052 1852 πραγματείᾳ
3091 1782 3246 1852 πάσῃ
3279 1783 3370 1836 καὶ
3396 1780 3682 1852 οἰκονομίᾳ
3714 1779 3812 1832 τοῦ

2231 1872 2668 1941 ἀποτελέσματος
2711 1871 3120 1940 προστεθέντος.
3159 1871 3223 1926 Τί
3270 1871 3379 1943 γὰρ
3427 1871 3488 1924 τὸ
3517 1870 3680 1941 ἔργον
3714 1872 3816 1924 καὶ

2229 1963 2575 2033 ἀποτέλεσμα
2615 1963 2721 2016 τῶν
2750 1963 2844 2016 τοῦ
2871 1961 3110 2033 Χριστοῦ
3137 1963 3349 2026 παθῶν,
3377 1962 3475 2016 καὶ
3504 1961 3682 2030 λόγων
3711 1963 3812 2016 καὶ

2230 2054 2445 2124 ἔργων;
2476 2055 2648 2117 Είτις
2678 2055 2816 2124 πρὸς
2847 2057 2993 2126 ἡμᾶς
3024 2053 3165 2107 αὐτὰ
3198 2053 3414 2125 θεωρεῖ,
3442 2053 3592 2108 οὐδὲν
3619 2053 3813 2124 ἕτερον

2227 2147 2258 2215 ἦ
2284 2143 2376 2198 τοῦ
2402 2143 2558 2213 ἁγίου
2585 2144 2902 2215 Πνεύματος
2928 2147 3004 2208 είς
3035 2148 3133 2216 τὴν
3165 2147 3496 2216 Ἐκκλησίαν
3516 2145 3811 2216 ἐπιδημία.

2229 2236 2440 2290 Οὐκοῦν
2467 2237 2572 2289 ἔδει
2607 2237 2722 2306 μετ’
2756 2240 2940 2292 ἐκεῖνα
2975 2237 3316 2308 σημανθῆναι
3342 2238 3438 2291 καὶ
3470 2237 3664 2308 αὑτήν.
3696 2239 3814 2292 Καὶ

2227 2327 2292 2400 δὴ
2345 2328 2668 2398 σημαίνεται
2705 2329 2796 2382 τοῦ
2835 2328 3049 2394 ζέοντος
3090 2329 3281 2392 ὕδατος
3325 2331 3653 2400 ἐκχεομένου
3695 2332 3814 2391 τοῖς

2230 2423 2573 2491 μυστηρίοις.
2609 2420 2680 2474 Τὸ
2717 2423 2816 2490 μὲν
2865 2422 2972 2492 γὰρ
3004 2421 3170 2491 ὕδωρ,
3201 2421 3331 2476 αὑτό
3370 2439 3427 2474 τε
3470 2420 3629 2473 τοῦτο
3660 2419 3812 2494 ὕδωρ

2224 2511 2305 2576 ὃν,
2337 2515 2430 2566 καὶ
2453 2513 2623 2584 πυρὸς
2647 2512 2895 2584 μετέχον,
2925 2513 2986 2566 τὸ
3015 2513 3237 2583 Πνεῦμα
3263 2513 3515 2585 σημαίνει
3541 2513 3600 2566 τὸ
3625 2512 3812 2581 ἅγιον,

2225 2599 2252 2650 ὃ
2285 2601 2375 2652 καὶ
2403 2600 2546 2670 ὕδωρ
2573 2601 2809 2669 λέγεται,
2843 2603 2937 2655 καὶ
2964 2601 3038 2664 ὡς
3069 2601 3180 2673 πῦρ
3210 2602 3388 2673 ἐφάνη
3415 2603 3537 2655 τότε
3567 2605 3682 2664 τοῖς
3711 2602 3812 2655 τοῦ

2225 2690 2464 2757 Χριστοῦ
2499 2692 2769 2761 μαθηταῖς
2798 2692 3064 2762 ἐμπεσόν.
3104 2691 3166 2748 Ὀ
3200 2694 3255 2746 δὲ
3305 2693 3496 2765 καιρὸς
3536 2686 3690 2756 οὗτος
3714 2695 3812 2746 τὸν

2224 2780 2414 2851 καιρὸν
2442 2783 2649 2834 ἐκεῖνον
2675 2783 2953 2852 σημαίνει.
2978 2785 3111 2838 Τότε
3141 2785 3242 2854 μὲν
3278 2788 3379 2855 γὰρ
3405 2785 3638 2856 κατῆλθε
3664 2788 3813 2856 μετὰ

2222 2873 2284 2924 τὸ
2309 2872 2663 2944 πληρωθῆναι
2695 2876 2762 2928 τὰ
2786 2877 2927 2930 κατὰ
2951 2877 3042 2931 τὸν
3069 2879 3306 2948 Χριστὸν
3329 2880 3568 2943 ἅπαντα,
3597 2879 3694 2931 νῦν
3723 2878 3810 2944 δὲ,

2223 2963 2620 3018 τελειωθέντων
2639 2966 2747 3019 τῶν
2769 2967 2978 3037 δώρων,
2997 2970 3055 3021 τὸ
3075 2969 3218 3040 ὕδωρ
3241 2971 3592 3038 ὲπεισὰγεται
3619 2970 3808 3022 τοῦτο.

555 3049 713 3103 donis
767 3050 881 3102 haec
931 3063 1072 3118 aqua
1125 3049 1459 3106 immittitur.
1493 3049 1595 3106 Per
1643 3053 1899 3123 mysteria
1939 3065 2118 3107 autem

2231 3055 2326 3108 Διά
2353 3056 2407 3108 δὲ
2430 3056 2538 3109 τῶν
2574 3057 2890 3129 μυστηρίων
2919 3061 3012 3112 καὶ
3043 3060 3075 3131 ἡ
3112 3059 3412 3144 Ἐκκλησία
3454 3060 3814 3131 σημαίνεται,

557 3141 896 3210 signiﬁcatur
933 3140 1196 3207 Ecclesia,
1232 3156 1354 3212 qua
1375 3153 1429 3197 et
1460 3151 1589 3199 tunc
1616 3145 1826 3215 accepit
1855 3143 2115 3215 Spiritum

550 3239 806 3285 sanctum
858 3248 874 3285 :
910 3239 964 3286 et
998 3240 1284 3301 postquam
1312 3231 1564 3289 Christus
1596 3234 1649 3288 in
1687 3235 1856 3290 ccelos
1908 3252 2122 3292 assum-

553 3331 682 3392 ptus
719 3331 827 3385 est,
867 3322 1029 3377 etiam
1061 3338 1206 3377 nunc
1236 3324 1432 3393 accipit
1461 3325 1665 3380 donum
1699 3324 1954 3396 Spiritus,
1992 3345 2116 3384 sus-

549 3413 728 3482 ceptis
754 3411 912 3468 donis
939 3413 992 3467 in
1019 3413 1182 3466 altari
1217 3415 1620 3483 supercmlesti,
1651 3416 1708 3472 id
1740 3419 1901 3474 nobis
1929 3429 2120 3475 contra

551 3503 866 3559 remittente
891 3503 1026 3571 Deo,
1073 3505 1168 3574 qui
1200 3506 1290 3562 illa
1340 3511 1567 3578 accepit,
1613 3519 1674 3565 ut
1717 3520 1874 3566 antea
1914 3514 2120 3568 dictum

550 3603 664 3658 est.
695 3595 838 3663 quod
889 3595 1033 3650 idem
1077 3605 1163 3653 est
1192 3598 1524 3656 intercessor
1545 3608 1598 3656 et
1626 3611 1774 3671 tunc,
1796 3612 1852 3659 et
1874 3619 2038 3670 nunc,
2069 3613 2125 3660 et

553 3685 702 3740 idem
739 3686 1000 3753 Spiritus.

1096 3868 1255 3924 CAP.
1297 3867 1586 3927 XXXVIII.

624 4003 878 4070 Quanam
903 4004 1110 4060 ratione
1141 4006 1392 4076 mysteria
1422 4007 1724 4077 signiﬁcant
1753 4006 2068 4066 Ecclesium.

637 4159 993 4229 Signiﬁcatur
1051 4168 1228 4212 autem
1287 4157 1530 4214 Ecclesia
1578 4160 1633 4215 in
1683 4164 1976 4234 mysteriis,
2017 4181 2123 4220 non

559 4260 819 4318 tanquam
854 4249 906 4301 in
935 4248 1128 4314 signis,
1162 4250 1257 4302 sed
1292 4257 1552 4318 tanquam
1590 4251 1642 4306 in
1661 4254 1825 4308 corde
1857 4256 2125 4322 membra,

553 4342 688 4396 etin
719 4337 935 4392 arboris
963 4337 1146 4392 radice
1177 4353 1386 4402 ramus,
1412 4349 1465 4395 et
1505 4341 1646 4396 sicut
1675 4343 1812 4397 dixit
1843 4344 2121 4411 Dominus,

2211 3147 2387 3217 σῶμα
2415 3147 2549 3201 οῦσα
2582 3148 2816 3219 Χριστοῦ
2845 3151 2942 3204 καὶ
2969 3151 3108 3221 μέλη
3136 3153 3203 3205 ἐκ
3257 3151 3456 3224 μέρους
3475 3170 3492 3188 ο
3522 3154 3643 3222 ἥτις
3681 3157 3810 3206 τότε

2227 3233 2444 3299 ἐδέξατο
2476 3235 2696 3305 Πνεῦμα
2729 3236 2787 3289 τὸ
2827 3235 3004 3305 ἅγιον,
3040 3239 3179 3309 μετὰ
3211 3240 3269 3293 τὸ
3294 3242 3674 3312 ἀναληφθῆναι
3710 3242 3810 3294 τὸν

2231 3325 2468 3394 Χριστὸν
2494 3327 2574 3388 είς
2603 3327 2729 3390 τοὺς
2761 3328 3021 3400 οὐρανούς
3043 3347 3056 3362 ·
3086 3333 3181 3384 καί
3211 3331 3309 3386 νῦν
3342 3331 3554 3404 δέχεται
3579 3333 3682 3402 τὴν
3704 3335 3813 3386 6w-

2230 3418 2361 3486 ρεὰν
2376 3417 2468 3469 τοῦ
2492 3417 2646 3486 ἁγίου
2661 3419 2798 3471 Πνεύ
2808 3438 2997 3490 ματος,
3014 3422 3449 3493 προσδεχθέντων
3465 3424 3572 3478 τῶν
3589 3425 3811 3496 δώρων,

2225 3510 2304 3570 εἰς
2319 3507 2379 3561 τὸ
2400 3508 2786 3579 ὕπερουράνιον
2806 3512 3210 3584 θυσιαστήριον,
3230 3515 3811 3586 ἁντικαταπέμποντος

2227 3601 2399 3669 αὐτὴν
2428 3603 2560 3671 ἡμῖν
2585 3600 2677 3654 τοῦ
2713 3603 3147 3675 προσδεξαμένου
3184 3607 3354 3660 ταῦτα
3381 3607 3536 3670 Θεοῦ.
3560 3610 3702 3663 κατὰ
3735 3609 3814 3664 τὰ

2231 3689 2624 3759 προειρημένα,
2652 3692 2733 3744 ὅτι
2769 3694 2993 3766 μεσίτης
3024 3697 3050 3748 ό
3073 3695 3254 3763 αὐτὸς,
3275 3698 3369 3752 καὶ
3397 3698 3519 3750 τότε
3554 3702 3650 3752 καὶ
3681 3698 3806 3765 νῦν,

2233 3783 2322 3835 καὶ
2351 3783 2410 3834 τὸ
2438 3781 2570 3836 αὐτὸ
2603 3783 2846 3856 Πνεῦμα.

2807 3899 3057 3956 ΚΕΦΑΛ.
3090 3902 3217 3958 AH'.

2241 4009 2380 4064 Τίνα
2402 4011 2590 4078 λόγον
2615 4013 2685 4066 τὰ
2701 4015 3006 4098 μυστήρια
3031 4021 3372 4142 οὲηιῖαντικὰ
3389 4020 3467 4090 τῆ
3483 4041 3502 4056 π
3543 4023 3816 4079 Ἐκκλτι-

2859 4101 3002 4142 mae
3027 4104 3056 4138 ε
3081 4104 3122 4139 σ
3149 4126 3164 4140 .

2859 4101 3002 4140 acac
3027 4101 3164 4140 εισι.

2859 4105 2965 4138 ma
3027 4105 3164 4142 εισι.

2302 4170 2634 4241 Σημαίνεται
2655 4173 2712 4226 δὲ
2736 4176 2769 4246 ἡ
2793 4105 3089 4247 Ἐκκλτῖσία
3114 4181 3172 4233 ἐν
3193 4183 3304 4246 τοῖς
3331 4183 3674 4254 μυστηρίοις,
3700 4186 3812 4255 οὐχ

2231 4261 2307 4323 ὡς
2352 4264 2408 4314 ἐν
2445 4264 2754 4331 συμϐόλοις,
2794 4265 2909 4319 ἀλλ’
2937 4266 3016 4332 ὡς
3063 4269 3121 4322 ὲν
3158 4272 3357 4342 καρδίᾳ
3394 4273 3552 4344 μέλη,
3593 4275 3688 4328 καὶ
3724 4276 3810 4338 ὡς

2233 4354 2290 4405 ὲν
2320 4354 2445 4426 ῥίζῃ
2480 4354 2572 4407 τοῦ
2604 4356 2773 4425 φυτοῦ
2803 4359 3025 4426 κλάδοι,
3062 4363 3156 4415 καὶ
3192 4364 3444 4435 καθάπερ
3473 4366 3577 4436 ἔφη
3609 4369 3640 4420 ὁ
3689 4367 3814 4420 Κύ-

556 4441 823 4498 ~tanq~uam
857 4428 911 4482 in
951 4427 1060 4482 vite
1087 4428 1362 4498 palmites.
1399 4429 1514 4484 Non
1541 4432 1692 4486 enim
1725 4444 1809 4489 est
1830 4435 1919 4491 hic
1948 4439 2122 4492 solum

2233 4461 2366 4513 ριος,
2420 4446 2496 4508 ὠς
2540 4448 2596 4500 ἐν
2651 4450 2884 4521 ἀμπέλῳ
2930 4451 3204 4523 κλήματα.
3257 4457 3332 4509 Οὐ
3386 4427 3812 4528 {dp-dvenam;

562 4520 800 4574 nominis
837 4520 1174 4585 communio,
1229 4521 1312 4574 vel
1355 4521 1614 4592 ana-legite
1667 4524 1983 4593 similitudo,
2031 4529 2124 4584 sed

558 4625 652 4665 res
681 4609 893 4664 eadem.
935 4608 1143 4665 Etenim
1180 4625 1379 4681 corpus
1419 4612 1618 4668 Christi
1657 4624 1710 4670 et
1754 4617 1975 4688 sanguis
2005 4636 2122 4692 my-

553 4700 754 4766 steria,
781 4702 874 4757 sed
908 4699 1163 4757 Ecclesia:
1189 4703 1302 4758 haec
1335 4715 1463 4759 sunt
1493 4705 1648 4762 cibus
1682 4717 1736 4763 et
1756 4724 1918 4765 verus
1940 4721 2123 4781 potus,

557 4799 616 4845 et
641 4805 829 4846 eorum
858 4792 1130 4861 particeps
1159 4793 1377 4860 eﬁ‘ecta,
1416 4811 1524 4851 non
1551 4812 1613 4852 ea
1649 4809 1818 4854 mutat
1849 4800 1903 4855 in
1927 4817 2124 4874 corpus

558 4883 863 4939 humanum
889 4885 1049 4940 veluti
1081 4886 1316 4948 aliquem
1350 4888 1514 4942 alium
1547 4890 1753 4955 cibum,
1793 4895 1887 4949 sed
1922 4895 2038 4965 ipsa
2071 4898 2125 4951 in

532 4973 654 5052 ~Illa
689 4985 932 5031 mutatur
954 4977 1298 5035 vincentibus
1327 4978 1397 5034 iis
1419 4995 1538 5050 qua:
1571 4992 1698 5036 sunt
1721 4989 2122 5054 prmstantiora.

556 5065 698 5122 Nam
731 5069 894 5122 etiam
944 5067 1148 5124 ferrum
1198 5087 1322 5126 cum
1353 5072 1476 5142 igne
1521 5072 1728 5130 habens
1771 5081 2127 5135 consuetudi-

560 5173 712 5225 nem,
745 5161 803 5214 ﬁt
831 5161 993 5232 ignis,
1029 5177 1136 5216 non
1172 5173 1354 5218 autem
1389 5165 1482 5219 dat
1527 5165 1636 5236 igni
1681 5175 1741 5220 ut
1769 5167 1838 5223 sit
1873 5168 2120 5236 ferrum;

560 5262 620 5307 et
653 5255 1108 5322 quemadmodum
1152 5257 1354 5312 ferrum
1401 5257 1819 5326 inﬂammatum,
1871 5277 1977 5315 non
2015 5264 2127 5317 fer-

564 5359 712 5409 rum,
744 5343 836 5399 sed
867 5346 1046 5414 ignem
1073 5357 1260 5416 aperte
1306 5348 1578 5415 videmus,
1612 5349 1740 5405 ferri
1787 5352 2129 5420 proprietati-

560 5434 667 5489 bus
698 5438 922 5492 omnino
947 5438 1016 5492 ab
1050 5438 1176 5509 igne
1213 5439 1404 5496 deletis
1429 5457 1448 5495 -ι
1482 5441 1554 5495 ita
1585 5442 1748 5496 etiam
1790 5428 1992 5498 Christi
2030 5445 2130 5499 Ec-

557 5525 788 5580 clesium
831 5527 881 5582 si
940 5529 1064 5597 quis
1108 5529 1292 5584 videre
1337 5532 1593 5600 potuerit,
1627 5547 1690 5588 eo
1740 5533 1857 5603 ipso
1888 5535 2030 5603 quod
2072 5541 2120 5594 ei

561 5617 718 5670 unita
749 5629 849 5679 cst.
887 5628 1042 5674 etest
1088 5621 1208 5689 ejus
1245 5622 1429 5678 carnis
1465 5625 1760 5694 particeps,
1805 5627 1940 5682 nihil
1976 5631 2123 5685 aliud

564 5705 763 5759 νῑιινιιιι
803 5724 963 5776 quam
1000 5709 1176 5778 ipsum
1225 5725 1426 5783 corpus
1457 5714 1687 5770 Domini.
1719 5715 1951 5786 Propter
1984 5721 2124 5776 hanc

2224 4535 2461 4590 ἐνταῦθα
2487 4540 2741 4592 κοινωνία
2765 4541 2944 4610 μόνον,
2970 4543 3000 4615 ἢ
3027 4545 3288 4613 ἀναλογία
3300 4549 3635 4618 ὁμοιότητος,
3664 4549 3812 4603 ἀλλὰ

2228 4626 2551 4696 πράγματος
2607 4631 2896 4700 ταυτότης.
2956 4634 3067 4686 Καὶ
3121 4635 3230 4706 γὰρ
3295 4636 3454 4705 σῶμα
3513 4639 3605 4690 καὶ
3660 4634 3812 4708 αἷμα

2227 4717 2462 4788 Χριστοῦ
2497 4719 2564 4772 τὰ
2604 4723 2918 4792 μυστήρια’
2950 4724 3084 4778 ἀλλὰ
3122 4729 3188 4798 τῇ
3236 4719 3530 4800 Ἐκκλησίᾲ
3567 4729 3809 4798 Χριστοῦ

2227 4807 2398 4860 ταῦτα
2451 4807 2652 4879 βρῶσίς
2681 4812 2796 4864 ἐστι
2846 4815 2940 4866 καὶ
2973 4814 3127 4878 πόσις
3163 4817 3424 4888 ἀληθινήο
3460 4821 3552 4872 καὶ
3590 4820 3811 4873 τούτων

2233 4899 2552 4968 μετέχουσα,
2605 4902 2668 4954 οὐ
2716 4903 2850 4974 πρὸς
2899 4905 3240 4978 ἀνθρώπινον
3277 4911 3418 4964 αὐτὰ
3471 4915 3812 4981 μεταϐάλλει

2232 4989 2411 5058 σῶμα,
2447 4991 2698 5063 καθάπερ
2733 4995 2861 5048 ἄλλο
2892 5013 2944 5049 τι
2976 5000 3166 5061 σιτίον,
3203 5001 3320 5054 ἀλλ’
3353 5003 3491 5074 αὑτὴ
3525 5005 3810 5072 μεταϐαλ-

2229 5081 2378 5135 λεται
2420 5083 2498 5142 είς
2543 5086 2760 5153 ἐκεῖνα,
2813 5087 2922 5140 τῶν
2977 5094 3304 5157 κρειττόνων
3352 5094 3807 5164 ὑπερνικώντων.

2238 5171 2394 5226 Ἐπεὶ
2413 5175 2508 5228 καὶ
2530 5177 2748 5246 σίδηρος
2775 5181 3038 5249 ὁμιλήσας
3059 5186 3210 5253 πυρὶ,
3237 5185 3399 5250 αὐτὸς
3423 5188 3638 5256 γίνεται
3665 5189 3808 5258 πῦρ,

2227 5266 2292 5318 οὐ
2325 5266 2400 5336 τῷ
2433 5272 2566 5339 πυρὶ
2601 5270 2810 5324 δίδωσιν
2842 5270 2981 5327 εἶναι
3015 5276 3265 5346 σίδηρονο
3299 5279 3394 5333 καὶ
3427 5280 3681 5350 καθάπερ
3711 5282 3812 5334 τὸν

2230 5360 2654 5426 πυρακτωθέντα
2676 5362 2912 5435 σίδηρον,
2937 5367 2997 5420 οὑ
3020 5367 3258 5440 σίδηρον,
3280 5371 3416 5427 ἀλλὰ
3433 5371 3546 5442 πῦρ
3561 5374 3809 5444 ἀτεχνῶς

2230 5451 2463 5520 ὁρῶμεν,
2511 5453 2618 5505 τῶν
2646 5455 2738 5507 τοῦ
2777 5457 2995 5526 σιδήρου
3027 5460 3330 5530 ἰδιωμάτων
3359 5463 3463 5516 ὑπὸ
3491 5463 3586 5516 τοῦ
3628 5462 3806 5533 πυρὸς

2232 5541 2511 5605 παντελῶς
2535 5546 2960 5615 ἀφανιζομένων,
2991 5549 3132 5604 οῦτω
3162 5553 3253 5604 καὶ
3280 5554 3377 5623 τὴν
3403 5552 3640 5620 Χρισςοῦ
3680 5555 3808 5607 Ἐκ-

2233 5633 2460 5703 κλησίαν
2489 5636 2541 5689 εί
2565 5653 2650 5699 τις
2684 5638 2811 5691 ἰδεῖν
2843 5638 3119 5710 δυνηθείη,
3161 5643 3282 5695 κατ’
3316 5646 3452 5697 αὐτὸ
3481 5646 3644 5698 τοῦτο
3677 5644 3806 5698 καθ’

2233 5725 2357 5776 ὅσον
2396 5725 2541 5796 αὐτῷ
2568 5727 2795 5796 ἥνωται,
2835 5731 2926 5782 καὶ
2959 5729 3068 5782 τῶν
3098 5734 3260 5786 αὑτοῦ
3299 5739 3513 5805 μετέχει
3553 5737 3804 5807 σαρκίον,
