3992 6202
499 309 605 371 4-ιὸ

1752 308 2052 370 Νἱίῖῡιλζ
2102 310 2482 369 (ΖΛΒᾹΞΙῘΑΕ

3639 312 3675 373 ἃ
3686 314 3751 373 ’.6

504 419 737 473 rentiam
772 418 1087 479 exhileret,
1127 426 1501 484 paupertatem
1552 431 1717 485 quam
1762 433 1865 487 pro
1914 418 2075 473 nobis

2185 419 2329 488 πήση
2382 416 2609 486 μᾶλλον,
2645 416 2741 485 τῆς
2802 416 3072 487 πτωχείας
3104 417 3170 483 ἢν
3206 417 3343 487 ὑπὲρ
3393 420 3547 489 ήμῶν
3579 421 3756 474 ἐπτώ-

500 510 779 576 susﬁuuit,
810 512 857 563 ei
890 511 941 562 in
977 516 1208 561 tuentem
1254 522 1536 562 revocans.
1579 507 1685 562 Pro
1731 522 1820 571 eo,
1860 510 2071 577 inquit,

497 612 552 655 te
583 614 704 662 oro,
741 600 884 668 quod
936 599 1052 667 ipse
1094 597 1405 652 sustinuisti
1452 606 1507 652 te
1549 612 1670 653 esse
1713 614 1837 653 eum
1881 601 2072 663 servis,

499 703 553 746 et
585 693 900 746 mandatum
950 690 1203 759 accipere
1228 730 1241 752 ,
1274 696 1329 746 et
1361 700 1506 745 stare
1534 705 1657 745 cum
1694 690 1761 746 iis
1798 691 1891 761 qui
1925 692 2074 746 acci-

502 784 677 851 piunt,
702 797 825 836 cum
872 782 1056 835 omnia
1086 781 1325 848 habeas;
1359 793 1411 838 et
1459 783 1724 853 appellari
1759 785 1954 849 haeres,
1984 786 2075 840 cui

504 876 639 928 nihil
662 883 749 930 est
773 872 1127 943 aequisitum,
1161 876 1396 930 maxime
1424 891 1551 931 cum
1586 878 1928 947 perfectioris
1964 893 2077 934 tne-

456 966 461 967 “
505 965 735 1017 minisse
764 974 973 1018 nostrae
1004 980 1129 1019 cum
1167 966 1390 1022 Christo
1424 967 1864 1033 necessitudinis,
1904 968 2077 1038 magis

502 1057 678 1121 ipsum
713 1064 898 1110 movet
928 1056 997 1110 ad
1038 1057 1492 1113 misericordiam.
1529 1058 1627 1113 Est
1673 1071 1857 1113 autem
1906 1060 2077 1114 luere-

502 1149 667 1212 ditas,
698 1149 868 1202 multo
890 1149 1167 1204 creatione
1199 1150 1495 1219 perfectior
1517 1151 1883 1206 necessitudo.
1912 1151 2078 1206 Multo

502 1241 646 1293 enim
685 1242 922 1309 amplius
965 1250 1018 1295 et
1063 1243 1256 1296 melius
1290 1258 1391 1294 nos
1432 1244 1678 1310 possedit
1731 1244 1903 1297 [neres
1948 1242 2080 1297 cile-

502 1342 644 1394 etus,
682 1348 843 1401 quam
898 1333 1047 1401 prius
1103 1332 1290 1386 habuit
1337 1347 1461 1386 cum
1512 1341 1595 1387 est
1648 1332 1965 1388 fabricatus.
1999 1333 2078 1387 Ex

503 1424 778 1477 «"reatione
827 1425 972 1477 enim
1030 1426 1281 1477 humanm
1357 1423 1699 1478 solummodo
1734 1433 1945 1478 naturae
1982 1413 2079 1477 do-

504 1515 733 1568 minium
772 1516 1025 1569 obtinuit.
1070 1514 1142 1568 Ex
1179 1515 1493 1570 haereditate
1526 1525 1730 1581 autem,
1763 1514 1989 1571 rationis
2027 1525 2082 1570 et

507 1606 806 1661 voluntatis
840 1605 1104 1660 Dominus
1136 1606 1469 1665 constitutus
1502 1614 1625 1671 est,
1662 1606 1806 1676 quod
1842 1614 1925 1660 est
1957 1621 2083 1660 vere

506 1699 823 1754 horninibus
858 1698 1147 1767 imperare.
1196 1699 1328 1752 lilud
1378 1697 1521 1753 enim
1570 1708 1651 1753 est
1695 1712 1990 1752 commune
2025 1706 2081 1753 et

2177 526 2391 578 χευεεν,
2445 510 2763 578 ἀναμνήσας
2802 508 2984 563 αὐτόν.
3033 509 3208 580 ’Υπὲρ
3261 510 3468 563 τούτων
3502 514 3755 572 ἱκετεύω.

2176 603 2361 672 φησιν.
2414 603 2560 672 ὑπὲρ
2601 598 2675 655 ὧν
2726 602 2887 666 αὐτὸς
2937 601 3166 671 ἠνέσχου
3214 601 3355 670 μετὰ
3386 604 3495 656 τῶν
3547 605 3757 658 δούλων

2176 694 2453 761 γενέσθαι,
2487 694 2580 749 καὶ
2610 695 2798 749 λαϐεῖν
2828 695 3073 761 ἐντολὴν,
3113 698 3207 749 καὶ
3247 698 3445 766 στῆναι
3476 699 3610 767 μετὰ
3636 699 3750 751 τῶν

2176 788 2586 857 λαμϐανόντων,
2620 791 2646 840 ὁ
2674 790 2856 841 πάντα
2881 787 3018 858 ἔχων
3037 801 3052 817 ’
3090 789 3186 842 καὶ
3235 790 3465 843 ἀκοῦσαι
3495 789 3756 860 κληρονό-

2180 896 2277 949 μος
2307 872 2351 945 ᾧ
2403 879 2571 949 μηδὲν
2627 880 2922 948 ἐπίκτητον
2944 896 2957 911 ·
3008 879 3184 943 ἄλλως
3218 897 3308 944 τε,
3348 882 3409 934 τὸ
3442 881 3757 951 μνησθῆναι

2176 970 2275 1038 τῆς
2303 970 2699 1041 ἀκριϐεστέρας
2725 971 3052 1036 οἰκειώσεως
3089 974 3245 1041 ήμῶν
3278 973 3413 1044 πρὸς
3458 973 3550 1026 τὸν
3591 972 3752 1037 Θεὸν,

2180 1064 2259 1126 εἰς
2300 1063 2449 1116 ἔλεον
2481 1063 2643 1117 αὑτὸν
2680 1064 2970 1130 ἐφέλκεται
3003 1064 3227 1132 μᾶλλον.
3276 1064 3664 1137 Ἀκριδεστέρα
3696 1065 3757 1135 δι

2180 1156 2475 1219 οἰκείωσις,
2534 1156 2950 1225 ήκληρονομία,
3000 1156 3101 1226 τῆς
3142 1156 3531 1226 δημιουργίας·
3570 1156 3757 1224 πολλῷ

2180 1246 2260 1315 τῷ
2296 1248 2445 1318 μέσῳ
2488 1248 2585 1300 καὶ
2646 1247 2783 1300 πολὺ
2815 1247 3022 1317 βέλτιον
3053 1250 3201 1317 ἡμᾶς
3254 1249 3522 1317 ἐκτήσατο
3554 1250 3762 1318 κληρο-

2182 1338 2451 1407 νομήσας,
2487 1336 2519 1406 ἦ
2552 1336 2822 1408 πρότερον
2856 1333 2969 1407 εἶχε
3007 1337 3450 1407 δημιουργήσας.
3492 1338 3626 1391 Ἀπὸ
3660 1340 3763 1407 μὲν

2182 1427 2289 1496 γὰρ
2309 1426 2404 1495 τῆς
2430 1426 2812 1496 δημιουργίας,
2833 1427 2932 1493 τῆς
2958 1425 3172 1505 φύσεως
3190 1426 3383 1489 ἁπλῶς
3402 1426 3510 1478 τῶν
3538 1427 3761 1497 ἀνθρώο

2184 1534 2301 1569 πων
2333 1517 2581 1586 ἐκράτει,
2628 1515 2736 1570 ἀπὸ
2787 1516 2845 1569 δὲ
2895 1518 2995 1585 τῆς
3029 1515 3419 1586 κληρονομίας,
3468 1512 3763 1583 τοῦλόγου

2183 1608 2279 1661 καὶ
2308 1607 2408 1676 τῆς
2429 1607 2804 1678 προαιρέσεως
2832 1607 3069 1677 κατέστη
3101 1609 3378 1675 Δεσπότης
3396 1651 3412 1675 ,
3439 1611 3574 1676 ὅπερ
3608 1608 3767 1661 ὲσιὶν

2185 1697 2492 1767 ἀνθρώπων
2537 1697 2755 1766 ἄρχειν,
2804 1696 2880 1758 ὡς
2913 1696 3154 1765 ἀληθῶς.
3198 1699 3406 1752 Ἐκεῖνο
3439 1699 3548 1770 γὰρ
3576 1700 3767 1752 κοι-.ὀν

505 1790 571 1844 iis
600 1805 720 1858 quae
751 1798 943 1844 carent
985 1788 1215 1854 ratione,
1255 1797 1308 1843 et
1348 1789 1413 1842 iis
1450 1803 1573 1857 qua:
1597 1796 1725 1843 sunt
1758 1788 2078 1843 iuanimata.

2189 1793 2302 1844 ἐστι
2338 1790 2433 1843 καὶ
2460 1790 2572 1852 τοῖς
2602 1789 2818 1857 ἀλόγοις
2847 1790 2942 1844 καὶ
2975 1793 3086 1853 τοῖς
3130 1791 3383 1862 ἀψύχοις.
3427 1794 3598 1846 Φύσει
3652 1794 3769 1860 γαρ

505 1878 697 1935 Omnia
728 1881 873 1936 enim
914 1890 1111 1936 natura
1163 1883 1269 1935 Deo
1318 1880 1710 1951 subjiciuntur,
1740 1889 1801 1936 ut
1825 1896 1946 1951 quae
1972 1883 2083 1936 sint

504 1972 620 2040 ejus
641 1986 827 2042 opera.
860 1972 964 2027 Sed
997 1973 1273 2042 quomodo
1304 1987 1401 2042 per
1427 1971 1797 2026 hzereditatem
1856 1973 2083 2029 rationis

506 2073 559 2117 et
588 2064 890 2119 voluntatis
923 2064 1251 2120 constitutus
1283 2074 1368 2121 est
1422 2064 1728 2120 Dominus?
1771 2064 1914 2131 Quia
1952 2079 2081 2118 cum

508 2157 562 2209 in
584 2167 782 2210 terram
808 2156 1110 2219 descendit,
1142 2168 1196 2211 et
1222 2157 1525 2213 cruciﬁxus
1544 2166 1648 2223 est,
1677 2167 1731 2211 et
1759 2156 2080 2221 resurrexit,

504 2247 553 2301 ei
609 2257 856 2301 nostram
921 2250 1188 2302 rationem
1244 2248 1579 2316 subiecimus
1620 2256 1675 2303 et
1722 2249 2080 2303 voluntatem.

509 2339 793 2393 Rationem
835 2338 1085 2408 quidem.
1123 2338 1268 2409 quod
1295 2355 1420 2394 eum
1450 2338 1617 2395 Deum
1652 2355 1842 2395 Verum
1877 2357 2084 2411 cogno-

508 2432 682 2484 vimus
708 2438 763 2483 et
796 2430 1066 2485 universa:
1105 2438 1369 2484 creatum
1389 2428 1705 2496 Dominum;
1738 2431 2081 2487 voluntatem

507 2530 713 2584 autent,
744 2521 873 2590 quia
906 2537 1027 2576 eum
1065 2522 1362 2576 dileximus
1398 2529 1451 2577 et
1497 2523 1616 2591 ejus
1647 2522 1949 2577 dominium
1982 2562 1994 2585 ,
2032 2530 2087 2575 et

502 2613 692 2681 jugttm
731 2612 852 2681 ejus
896 2628 1020 2667 cum
1061 2614 1257 2682 gaudio
1306 2613 1553 2667 humeris
1589 2614 1938 2668 sustulimus.
1996 2616 2073 2667 lta

511 2706 654 2760 Deus
687 2704 938 2760 homines
973 2703 1213 2775 perfecte
1254 2704 1484 2775 accepit,
1534 2705 1606 2759 ita
1652 2720 1780 2759 vere
1809 2704 2080 2774 possedit.

510 2801 659 2857 lianc
701 2804 1103 2870 possessionem
1146 2799 1317 2855 Isaias
1347 2799 1617 2868 propheta
1648 2798 1809 2869 longe
1836 2807 1961 2853 ante
1993 2798 2087 2853 dc-

508 2893 761 2949 siderans
787 2933 802 2957 ,
834 2894 1074 2955 dicebat,
1114 2910 1134 2943 ι
1179 2891 1410 2945 Domine
1443 2888 1833 2969 Deusnoster,
1869 2889 2088 2960 posside

510 3000 630 3041 nos.
676 3005 696 3039 ι
743 2985 864 3041 llaec
896 2993 981 3040 est
1014 2982 1291 3054 possessio
1319 2992 1374 3037 et
1408 2982 1718 3047 haereditas,
1747 2998 1908 3052 quam
1942 2983 2085 3037 dici-

2186 1884 2366 1936 πὰντα
2396 1881 2769 1935 ὑποτάσσεται
2798 1880 2875 1951 τῷ
2896 1882 3041 1952 Θεῷ,
3073 1882 3149 1945 ὼς
3186 1882 3657 1955 δημιουργήματα
3688 1882 3768 1950 τῷ

2183 1972 2523 2045 δημιουργῷ.
2583 1972 2740 2028 Ἀλλὰ
2783 1972 2900 2035 πῶς
2943 1974 3090 2027 κατὰ
3126 1973 3223 2043 τὴν
3255 1973 3626 2044 κληρονομίαν
3668 1973 3767 2025 rei

2184 2066 2343 2135 λόγου
2400 2066 2634 2137 καὶτῆς
2690 2065 3069 2135 προαιρέσεως
3137 2066 3372 2136 κατέστη
3443 2066 3767 2135 Δεσπότηςς

2187 2160 2312 2213 ’Ότι
2339 2159 2659 2212 κατελθόντι
2694 2159 2772 2220 εἰς
2798 2156 2896 2228 τὴν
2929 2156 3037 2225 γῆν
3089 2159 3184 2211 καὶ
3233 2157 3629 2229 σταυρωθέντι,
3669 2159 3769 2211 καὶ

2184 2251 2499 2316 ἀναστάντι,
2517 2249 2607 2303 τὸν
2628 2248 2788 2317 λόγον
2804 2248 2897 2300 τὸν
2916 2248 3189 2318 ἡμέτερον
3208 2247 3556 2319 ὑπετάξαμεν
3605 2249 3767 2318 αὐτῷ

2187 2343 2281 2396 καὶ
2311 2342 2408 2411 τὴν
2439 2342 2687 2411 Θέλησιν⁶
2719 2342 2812 2395 τὸν
2849 2342 2948 2410 μὲν
2975 2339 3155 2409 λόγον,
3184 2342 3267 2394 ὅτι
3308 2340 3555 2411 ἔγνωμεν
3588 2342 3769 2396 αὑτὸν

2184 2436 2320 2489 Θεὸν
2349 2434 2609 2501 ἀληθινὸν
2669 2434 2765 2487 καὶ
2798 2434 2897 2501 τῆς
2930 2433 3161 2496 κτίσεως
3188 2433 3409 2502 ἁπάσης
3442 2434 3763 2504 Δεσπότην·

2186 2528 2288 2598 τὴν
2338 2528 2394 2581 δὲ
2444 2528 2683 2599 θέλησιν,
2724 2527 2806 2581 ὅτι
2865 2528 3239 2597 ἠγαπήσαμεν
3287 2526 3471 2590 αὑτὸν,
3522 2527 3623 2579 καὶ
3669 2530 3770 2596 τὴν

2185 2618 2350 2671 αὐτοῦ
2388 2618 2714 2672 δεσποτείαν
2741 2619 2836 2671 καὶ
2875 2619 2966 2672 τὸν
2998 2619 3166 2673 αὑτοῦ
3194 2617 3360 2687 ζυγὸν
3389 2618 3527 2685 μετὰ
3577 2622 3767 2689 χαρᾶς

2186 2710 2278 2763 ἐπὶ
2308 2712 2416 2765 τῶν
2456 2710 2703 2781 αὐχένων
2753 2710 3093 2781 ἠνέγκαμεν.
3148 2710 3308 2765 Οὕτω
3356 2710 3574 2774 τελείως
3630 2713 3767 2775 τοὺς

2184 2802 2507 2873 ἀνθρώπους
2528 2807 2555 2856 ὁ
2584 2803 2715 2867 Θεὸς
2750 2802 2965 2865 ἔλαϐεν,
3018 2801 3192 2865 οὕτως
3220 2804 3437 2872 ἀληθῶς
3459 2802 3766 2872 ἐκτήσατο.

2187 2893 2407 2964 Ταύτης
2431 2896 2533 2964 τῆς
2559 2895 2809 2966 κτήσεως
2843 2895 3076 2958 Ἠσαῖας
3102 2898 3128 2948 ό
3151 2896 3442 2966 προφήτης
3468 2895 3767 2967 πόρρωθεν

2188 2983 2471 3055 ἐπιθυμῶν
2529 2986 2718 3054 ἔλεγε·
2790 2986 2966 3058 Κύριε
3028 2988 3056 3041 ὁ
3116 2987 3247 3043 Θεὸς
3302 2986 3482 3058 ήμῶν,
3554 2989 3770 3056 κτῆσαι

513 3089 599 3131 tur
634 3075 968 3143 Uuigenitus
998 3091 1031 3130 a
1065 3074 1225 3131 Patre
1270 3074 1539 3145 accipere.
1570 3074 1635 3129 Et
1684 3075 1808 3130 talis
1858 3074 2078 3143 quidem

2187 3075 2359 3145 ἡμᾶς.
2400 3093 2420 3128 ι
2457 3076 2628 3130 Τοῦτο
2650 3078 2683 3143 ἡ
2713 3077 3050 3147 κληρονομία
3066 3078 3132 3148 ἦν
3152 3076 3372 3145 λέγεται
3395 3076 3583 3129 λαὸεῖν
3606 3080 3768 3148 παρά

507 3182 590 3225 est
619 3169 817 3225 oratio.

1137 3280 1290 3335 CAP.
1320 3279 1458 3335 XLI.

580 3374 655 3428 De
685 3374 977 3444 gratiarum
1013 3373 1222 3426 actione
1272 3383 1319 3425 et
1364 3370 1752 3441 gloriﬁcalione
1793 3387 1911 3443 qua:
1954 3371 2016 3442 ﬁt

1212 3450 1412 3496 postea.

1212 3458 1412 3512 postea.

582 3534 680 3588 llic
711 3545 891 3589 autem
928 3534 1249 3589 universum
1294 3534 1600 3604 completur
1632 3533 1962 3590 sacriﬁcium
1988 3575 2003 3599 ,
2033 3541 2087 3588 et

509 3625 705 3678 divina:
740 3624 1103 3679 Eueharistize
1137 3625 1461 3696 mysterium
1500 3625 1661 3681 tinem
1692 3626 1915 3696 accipit.
1949 3623 2086 3680 Nam

509 3725 563 3771 et
591 3716 729 3771 dona
765 3724 895 3770 sunt
924 3716 1262 3771 sanctiﬁcata
1293 3725 1348 3771 et
1389 3721 1728 3773 sacerdotem
1773 3718 2086 3773 sanctiﬁca-

513 3818 656 3870 rnnt,
691 3818 747 3862 et
783 3822 1003 3862 omnem
1045 3808 1140 3877 qui
1168 3824 1292 3863 eum
1336 3808 1695 3864 circumsistit
1734 3810 1999 3877 chorum;
2033 3817 2087 3863 et

513 3916 607 3968 per
658 3900 806 3968 ipsos
854 3900 1128 3969 reliquum
1188 3899 1447 3955 Ecclesiae
1498 3910 1700 3955 emtum
1752 3902 1989 3971 perfecit
2034 3911 2089 3956 et

511 3993 896 4048 sanctiﬁcavit.
928 3994 1221 4063 Propterea
1251 3993 1309 4046 in
1350 3992 1443 4047 Dei
1474 3994 1779 4060 gratiarum
1814 3995 2086 4050 actionem

510 4095 563 4138 et
593 4085 1047 4151 glorificationem
1094 4094 1149 4139 et
1187 4084 1304 4153 ipse
1352 4086 1615 4140 sacerdos
1652 4086 1875 4153 desinit,
1905 4095 1960 4141 et
1993 4086 2085 4153 qui

511 4190 636 4228 eum
674 4174 1092 4229 circumsistunt
1126 4172 1327 4226 fideles.
1360 4172 1424 4226 Et
1459 4172 1551 4226 ille
1579 4175 1824 4241 quidem,
1869 4192 1889 4225 ι
1915 4176 2086 4229 Bene-

512 4265 691 4319 dictus
721 4263 885 4327 Deus,
928 4264 1125 4330 inquit,
1154 4276 1301 4316 nunc
1330 4271 1384 4315 et
1430 4278 1668 4332 semper,
1705 4273 1761 4318 et
1799 4265 1852 4318 in
1888 4264 2084 4318 saecula

511 4353 858 4407 smculorum.
887 4350 1080 4403 Amen.
1120 4368 1138 4400 ι
1890 4334 1901 4345 ’

2187 3162 2281 3217 τοῦ
2304 3164 2515 3235 [ἰατρὸς
2543 3167 2572 3218 ὁ
2599 3165 2930 3235 Μονογενής.
2962 3168 3071 3220 Καὶ
3093 3165 3316 3237 τοιαύτη
3348 3166 3449 3237 μὲν
3476 3168 3510 3238 ή
3539 3167 3707 3239 εὐχή.

2763 3278 3013 3334 ΚΕΦΑΔ.
3050 3276 3187 3336 MA'.

2188 3370 2329 3439 Περὶ
2353 3368 2460 3440 τῆς
2470 3372 2622 3441 μετὰ
2638 3372 2825 3427 ταῦτα
2841 3373 3231 3443 εὐχαριστίας
3246 3372 3347 3429 καὶ
3364 3372 3765 3444 δοξολογίας.

2273 3524 2540 3580 Ἐνταῦοα
2575 3526 2632 3580 δὲ
2676 3528 2708 3595 ἠ
2752 3527 3040 3597 ἱερουργία
3083 3527 3503 3599 ωμπληροῦται
3543 3529 3765 3592 ἅπασα.

2190 3617 2289 3672 καὶ
2308 3619 2342 3689 ή
2359 3618 2460 3687 τῆς
2491 3618 2641 3683 θείας
2661 3620 3015 3689 εὐχαριστίας
3042 3621 3234 3693 τελετὴ
3263 3622 3435 3693 πέρας
3465 3622 3767 3693 λαμϐάνει.

2189 3714 2324 3767 Τότε
2382 3714 2492 3781 γὰρ
2542 3713 2691 3784 δῶρα
2727 3715 3015 3783 ἡγίασται,
3061 3715 3284 3769 καὶτὸν
3340 3716 3488 3787 ἱερέα
3534 3716 3767 3787 ήγίασε,

2191 3808 2286 3860 καὶ
2317 3807 2493 3862 πάντα
2523 3808 2617 3860 τὸν
2666 3825 2733 3859 πε
2745 3808 2797 3878 pi.
2825 3807 2990 3861 αὐτὸν
3018 3807 3201 3877 χορὸν,
3241 3810 3337 3860 καὶ
3370 3809 3438 3861 δι’
3467 3808 3659 3862 αὐτῶν
3707 3811 3770 3862 τὸ

2189 3898 2380 3953 λοιπὸν
2402 3901 2502 3970 τῆς
2533 3899 2866 3969 Ἐκκλησίας
2888 3899 3103 3952 ἐτέλεσε
3127 3901 3220 3952 καὶ
3238 3899 3431 3969 ήγίασε
3458 3900 3769 3969 πλήρωμα.

2189 3990 2288 4043 Διὰ
2320 3989 2478 4044 τοῦτο
2512 3991 2591 4053 είς
2618 3991 2969 4060 εὐχαριστίαν
2998 3989 3091 4044 τοῦ
3120 3990 3256 4045 Θεοῦ
3306 3993 3401 4044 καὶ
3449 3990 3771 4059 ὁοξολογῖαν

2189 4082 2351 4143 αὑτός
2408 4097 2466 4132 τε
2521 4083 2549 4133 ὁ
2599 4080 2777 4150 ίερεὺς
2832 4080 3132 4150 καταλήγει
3171 4082 3264 4135 καὶ
3299 4082 3347 4134 οἱ
3393 4083 3771 4150 περιεστῶτες

2192 4171 2397 4224 πιστοί.
2462 4172 2573 4224 Καὶ
2621 4172 2651 4224 ὁ
2694 4171 2814 4241 μὲν,
2883 4190 2903 4223 ι
2963 4172 3276 4242 Εὐλογητὸς
3330 4174 3358 4224 ὁ
3408 4173 3561 4235 Θεὸς,
3598 4175 3767 4243 φησὶ,

2191 4262 2445 4325 πάντοτε,
2503 4262 2599 4317 νῦν
2658 4264 2756 4317 καὶ
2805 4264 2916 4329 ἀεὶ,
2948 4265 3044 4316 καὶ
3087 4267 3167 4327 εἰς
3229 4264 3353 4327 τοὺς
3396 4263 3600 4327 αἰῶνας
3658 4266 3773 4318 τῶν

2187 4354 2422 4409 αἰώνων.
2460 4354 2649 4426 Ἀμήν.
2691 4373 2710 4408 ι

584 4441 819 4508 Populus
868 4450 1048 4494 autem
1088 4440 1235 4493 canit
1293 4441 1622 4509 prommium
1674 4443 1870 4497 cantici
1922 4457 2081 4497 acce-

2262 4445 2336 4496 Τὸ
2373 4446 2429 4497 δὲ
2460 4445 2665 4514 πλῆθος
2692 4446 2880 4518 ᾅδουσι
2912 4445 2972 4498 τὸ
3002 4446 3288 4515 προοίμιον
3326 4448 3420 4517 τῆς
3448 4448 3614 4518 ᾠδῆς,
3662 4450 3773 4502 ἀπὸ

512 4540 661 4601 ptum
696 4547 760 4584 ex
795 4531 958 4585 dictis
988 4532 1354 4601 propheticis:
1385 4552 1403 4584 ι
1430 4532 1804 4602 lmpleaturos
1836 4545 2081 4590 nostrum

516 4623 696 4688 laude,
728 4623 973 4690 Domine,
1005 4635 1065 4679 ut
1092 4624 1433 4681 celebremus
1461 4627 1690 4695 gloriam
1724 4636 1927 4682 tuam.»
1962 4628 2079 4683 Non

514 4730 727 4779 sumus,
766 4716 963 4785 inquit.
1004 4716 1372 4779 sollitientes.
1428 4714 1679 4781 Domine,
1714 4734 1782 4774 ne
1823 4721 2083 4791 hymnum

515 4807 731 4875 quidem
780 4820 835 4862 et
884 4808 1098 4862 laudem
1149 4808 1245 4862 tibi
1281 4808 1474 4863 oﬂerre
1502 4849 1517 4872 ,
1557 4825 1651 4877 pro
1688 4810 1846 4864 bonis
1876 4810 2080 4880 quibus

514 4916 614 4952 nos
646 4901 903 4968 dignatus
957 4916 1039 4964 es;
1097 4900 1189 4954 sed
1212 4910 1291 4952 .tu
1344 4900 1449 4954 hoc
1479 4916 1700 4969 quoque
1729 4901 1883 4955 nobis
1904 4902 2081 4956 dona.

516 4992 761 5055 Quonam
819 4993 1023 5046 modo?
1078 4990 1312 5060 lmplens
1366 5008 1429 5047 os
1483 5002 1729 5047 nostrum
1787 4993 1981 5059 laude;
2033 5002 2088 5049 rt

518 5082 976 5151 quemadmodum
1013 5081 1111 5135 das
1159 5083 1460 5136 orationem
1507 5083 1814 5147 orantibus,
1846 5091 1907 5137 ut
1948 5084 2086 5137 scia-

518 5190 639 5228 mus
670 5189 916 5243 quamam
951 5181 1164 5241 oportet
1189 5181 1242 5226 et
1269 5174 1543 5241 quomodo
1567 5185 1748 5242 petere
1775 5190 1788 5226 :
1822 5175 1892 5227 ita
1919 5173 2081 5228 etiam

514 5267 581 5322 ad
614 5266 827 5319 Iaudem
872 5274 1015 5319 tuam
1049 5265 1117 5319 da
1167 5264 1247 5319 ori
1282 5264 1616 5320 facultatem.
1651 5265 1857 5321 Deinde
1888 5276 2080 5329 orant,

519 5370 577 5412 ut
604 5375 763 5426 quam
794 5367 1123 5428 acceperunt
1153 5358 1644 5413 sanctificationem
1670 5358 1933 5412 habentes
1966 5374 2084 5427 per-

518 5461 798 5514 maneant,
825 5461 877 5505 el
908 5452 1138 5519 gratiam
1166 5466 1273 5503 non
1299 5452 1546 5519 perdant,
1572 5466 1669 5505 nec
1696 5452 1897 5503 donum
1923 5453 2085 5504 amit-

517 5556 650 5607 tant,
681 5548 749 5599 ab
798 5545 916 5614 ejus
974 5559 1135 5597 manu
1175 5543 1367 5609 adjuti.
1416 5560 1433 5593 ι
1471 5545 1740 5597 Conserva
1778 5558 1876 5597 nos
1907 5543 1959 5594 in
1996 5552 2084 5595 tua

517 5638 970 5689 sanctiﬁcatione.
994 5654 1010 5685 ι
1041 5634 1177 5699 Quid
1196 5633 1456 5702 agentes?
1491 5633 1724 5701 (Etenim
1753 5632 1821 5685 iis
1862 5648 2083 5701 quoque

520 5739 638 5788 qme
675 5741 704 5776 a
744 5726 901 5780 uoltis
938 5726 1380 5795 proﬁciscuntur,
1415 5738 1552 5791 opus
1597 5721 1722 5791 est.)
1771 5740 1786 5773 ι
1833 5720 1965 5776 Toto
1998 5724 2084 5780 die

2189 4536 2297 4587 τῶν
2326 4536 2680 4605 προφητικῶν
2698 4536 2857 4593 τοῦτο
2880 4537 3134 4599 λαϐόντες
3158 4539 3444 4608 ῥημάτων,
3475 4556 3493 4589 ι
3532 4542 3775 4612 Πληρω-

2191 4624 2340 4694 Θήτω
2393 4627 2463 4678 vlt
2501 4628 2677 4696 στόμα
2724 4626 2883 4696 ήμῶν
2912 4627 3195 4689 αἰνέσεως,
3240 4627 3438 4698 Κύριε,
3491 4630 3649 4691 ὅπως
3703 4632 3773 4683 ἂν

2190 4719 2520 4788 ὕμνήσωμεν
2544 4718 2642 4789 τὴν
2658 4718 2815 4784 δόξαν
2839 4735 2956 4773 σου.
2992 4737 3010 4770 ι
3040 4719 3154 4772 Οὐκ
3178 4720 3343 4788 ἐσμὲν
3370 4720 3567 4784 ἱκανοὶ,
3600 4724 3770 4792 φησὶ,

2188 4811 2452 4871 Δέσποτα,
2489 4810 2609 4863 οὐδὲ
2643 4810 2812 4879 ὕμνον
2847 4828 2931 4864 σοι
2994 4816 3406 4883 προσενεγκεῖν,
3463 4813 3605 4882 ὑπὲρ
3656 4816 3773 4866 τῶν
3846 4872 3852 4879 ,

2187 4899 2409 4964 ἀγαθῶν
2435 4893 2509 4952 ὧν
2541 4902 2687 4969 ἡμᾶς
2719 4901 2980 4969 ἠξίωσας,
3034 4902 3172 4954 ἀλλὰ
3200 4904 3263 4956 σὺ
3312 4903 3407 4956 καὶ
3455 4901 3617 4957 τοῦτο
3654 4906 3715 4958 δό
3737 4926 3767 4959 ·.

2190 4991 2323 5042 Τίνα
2354 4990 2552 5060 τρόπον
2578 5010 2594 5057 ;
2646 4992 2945 5061 ιῙληρώσας
2977 4995 3036 5045 τὸ
3068 4995 3239 5061 στόμα
3284 4995 3441 5063 ἡμῶν
3472 4995 3770 5059 αἰνέσεως,

2188 5085 2282 5134 καὶ
2311 5081 2496 5151 ὥσπερ
2516 5084 2680 5153 εὐχὴν
2708 5084 2865 5146 δίδως
2897 5087 3011 5146 τοῖς
3044 5085 3378 5153 εὐχομένοις,
3417 5085 3484 5138 ἵν’
3519 5085 3771 5155 εἰδῶμεν

2187 5174 2308 5226 τίνα
2354 5176 2434 5227 δεῖ
2490 5178 2582 5229 καὶ
2639 5179 2787 5238 ὅπως
2823 5177 3128 5229 αἰτεῖσθαι·
3189 5176 3331 5230 οὕτω
3364 5178 3455 5231 καὶ
3490 5179 3631 5246 πρὶς
3677 5178 3772 5230 τὸν

2190 5268 2359 5335 ὕμνον
2420 5269 2513 5320 τὸν
2569 5269 2657 5320 σὺν
2714 5268 2856 5321 δίδου
2913 5268 3144 5337 δύναμιν
3203 5269 3279 5338 τῷ
3345 5270 3594 5335 στόματι.
3634 5267 3773 5323 Εἶτα

2189 5355 2436 5425 εὕχονται
2464 5358 2554 5410 τὸν
2600 5359 2901 5428 ἁγιασμόν,
2952 5359 3012 5413 ὃν
3052 5360 3242 5414 ἔλαϐον
3274 5361 3507 5431 ἔχοντες,
3556 5365 3769 5431 μεῖναι,

2189 5452 2285 5501 καὶ
2327 5451 2401 5521 μὴ
2441 5451 2734 5521 προδοῦναι
2792 5453 2889 5525 τὴν
2939 5457 3121 5525 χάριν,
3165 5458 3297 5525 μηδὲ
3348 5458 3614 5510 ἀπολέσαι
3664 5459 3770 5527 τὴν

2188 5544 2417 5611 δωρεὰν,
2481 5545 2585 5597 ὑπὸ
2654 5546 2757 5615 τῆς
2830 5547 3039 5601 ἐκείνου
3114 5549 3765 5619 βοηθούμενομχειρόςο

2196 5650 2213 5682 ι
2246 5634 2397 5700 Τήρη
2410 5651 2497 5685 σον
2522 5635 2667 5705 ἡμᾶς
2698 5638 2753 5688 ἐν
2775 5636 2849 5705 τῷ
2875 5638 2950 5703 σῷ
2978 5639 3234 5707 ἁγιασμῷ
3262 5657 3276 5669 ·
3310 5658 3327 5690 ι
3357 5641 3408 5691 τί
3433 5640 3764 5702 ποιοῦνταςς

2190 5726 2305 5796 (Δεῖ
2333 5725 2440 5794 γὰρ
2472 5730 2560 5778 καὶ
2588 5727 2695 5780 τῶν
2729 5727 2859 5799 παρ’
2885 5730 3088 5800 ἡμῶν.)
3127 5749 3143 5781 ι
3186 5730 3357 5799 ’Ὅλην
3401 5731 3498 5801 τὴν
3548 5731 3769 5801 ἡμέραν
