3992 6202
357 304 466 367 459

1581 296 1626 353 N
1641 296 1892 354 ICULA‘I
1911 290 1922 302 ’
1939 296 2025 354 CA
2038 298 2199 357 BASI
2214 298 2329 358 ΙιίΕ

3517 303 3624 366 4L0

362 421 508 478 Nihil
535 417 781 474 omnino.
816 414 953 486 Ergo
987 410 1185 466 dixerit
1213 408 1520 478 quispiam:
1557 408 1613 461 Si
1635 409 1758 477 quis
1782 409 1944 462 etiam

2075 431 2130 476 ηις
2161 415 2255 466 καὶ
2277 413 2386 466 τῶν
2428 413 2648 478 ζώντων
2685 415 2751 469 τὰ
2785 416 2884 486 μὲν
2909 419 2966 470 ὲν
2993 421 3057 487 τῇ
3095 419 3243 490 ψυχῇ
3300 420 3478 486 ἀγαθά
3507 421 3623 488 ἔχοι

360 513 606 564 vivorum
677 508 815 561 bona
859 504 1078 574 quidem
1123 515 1246 569 qua:
1297 499 1442 552 dicta
1488 507 1616 551 sunt
1666 499 1720 551 in
1759 499 1940 552 anima

366 602 598 662 habeat,
635 599 701 653 ad
739 595 996 666 mysteria
1054 601 1234 646 autem
1299 605 1406 644 non
1441 589 1682 654 accedat,
1724 589 1944 643 habebit

284 756 296 778 χ
366 696 515 748 illiuc
546 692 718 746 nihilo
741 703 898 743 secus
947 685 1482 740 sanctificationem?
1517 681 1632 736 Non
1668 682 1898 751 quilibet
1927 698 1942 746 ;

369 786 465 839 sed
497 783 540 837 si
573 781 697 850 quis
728 794 836 832 non
886 786 1066 846 potest
1113 773 1468 844 corporaliter
1493 774 1770 836 accedere,
1805 772 1948 825 sicut

363 875 748 928 defunctorum
781 869 996 929 animte.
1021 867 1208 936 quales
1247 864 1469 918 fuerunt
1491 863 1527 916 ii
1558 862 1650 932 qui
1676 863 1728 914 in
1761 862 1946 914 deser-

369 967 443 1020 tis
477 965 741 1019 errabant
763 961 1042 1016 montibus
1066 975 1160 1013 seu
1208 957 1482 1026 Speluncis
1510 964 1564 1010 et
1588 953 1948 1008 foraminibus

369 1073 548 1122 terrm,
577 1058 668 1127 qui
696 1059 866 1110 altare
899 1064 993 1108 aut
1026 1052 1360 1107 sacerdotem
1387 1049 1537 1103 nullo
1570 1048 1732 1102 modo
1766 1046 1951 1100 videre

371 1159 644 1222 poterant.
675 1150 780 1201 Eos
801 1147 947 1200 enim
975 1145 1222 1199 Christus
1252 1143 1366 1212 ipse
1392 1143 1490 1194 hac
1514 1136 1952 1195 sanctificatione

371 1241 728 1298 invisibiliter
787 1237 1182 1294 sanctilicabat.
1240 1233 1518 1289 Undenam
1570 1239 1726 1300 potes
1775 1229 1956 1285 scire?

373 1335 528 1402 Quod
564 1335 725 1388 vitam
761 1333 901 1386 intra
933 1345 992 1385 se
1054 1328 1349 1389 habebant,
1397 1341 1509 1379 non
1557 1323 1796 1378 habituri
1847 1319 1955 1374 nisi

376 1429 538 1498 hujus
603 1435 792 1481 essent
842 1420 1171 1478 sacramenti
1251 1417 1571 1489 participes.
1636 1418 1758 1484 Ipse
1811 1413 1957 1468 enim

375 1522 628 1577 Christus
659 1519 816 1580 dixit,
859 1536 876 1567 ι
918 1514 1035 1569 Nisi
1067 1511 1410 1568 comederitis
1437 1523 1657 1564 carnem
1695 1506 1820 1560 Filii
1854 1507 1958 1560 ho-

377 1615 560 1675 minis,
609 1619 663 1665 et
691 1608 1088 1677 biberitisejus
1121 1605 1470 1674 sanguinem,
1527 1616 1639 1655 non
1686 1597 1960 1654 habebitis

378 1709 546 1761 vitam
575 1705 629 1759 in
675 1703 884 1758 vobis.»
928 1700 991 1754 Et
1026 1708 1086 1753 ut
1119 1701 1220 1752 hoc
1258 1696 1616 1766 significaret,
1650 1691 1837 1746 multis
1867 1690 1964 1743 ho-

379 1812 499 1850 rqu
530 1804 847 1866 sanctorum
898 1789 1046 1845 misit
1101 1787 1326 1857 angelos
1379 1786 1520 1840 dona
1581 1784 1835 1838 ferentes.
1900 1776 1958 1832 Si

377 1890 498 1954 quis
527 1897 705 1942 autem
739 1900 865 1941 eum
900 1892 1106 1954 posset,
1132 1881 1195 1936 ad
1223 1895 1461 1935 mensam
1494 1895 1601 1932 non
1638 1874 1954 1939 accesserit,

379 1981 495 2035 fieri
522 1995 631 2035 non
665 1987 842 2049 potest
893 1986 953 2030 ut
981 1990 1102 2045 qua:
1134 1990 1195 2028 ex
1239 1974 1317 2028 eis
1354 1971 1602 2042 provenit
1655 1967 1959 2024 sanctifica-

379 2074 584 2127 tionem
617 2079 977 2140 assequatur;
1017 2083 1124 2122 non
1151 2067 1294 2136 quod
1348 2080 1455 2119 non
1482 2062 1714 2118 accessit
1751 2059 1956 2114 solum-

380 2163 562 2226 modo,
599 2161 692 2216 sed
735 2161 879 2229 quod
903 2175 1026 2213 cum
1061 2166 1268 2228 posset,
1302 2173 1412 2212 non
1448 2152 1719 2216 accessit;
1751 2158 1804 2206 et
1830 2165 1958 2220 pro-

383 2265 565 2322 pterea
617 2255 822 2308 clarum
849 2262 956 2315 est,
1020 2251 1164 2320 quod
1231 2252 1390 2305 bonis
1425 2263 1543 2318 qua:
1571 2246 1838 2300 debentur
1872 2258 1960 2298 sa-

381 2347 697 2412 cramentis,
727 2361 957 2402 vacuam
998 2345 1159 2399 habet
1183 2344 1446 2397 animam.

451 2441 583 2508 Qua:
625 2449 709 2496 est
735 2441 879 2496 enim
919 2438 986 2493 ad
1022 2451 1267 2493 mensam
1334 2434 1640 2489 adeundam
1679 2429 1959 2492 alacritas,

385 2533 604 2602 etquod
633 2531 962 2586 desiderium
1000 2529 1056 2582 in
1085 2544 1152 2582 eo
1191 2527 1434 2597 quicum
1488 2527 1643 2582 facile
1674 2533 1852 2593 potest
1896 2525 1962 2577 ad

385 2642 504 2680 eam
539 2625 820 2687 accedere,
856 2640 965 2678 non
1005 2624 1157 2678 vult?
1194 2623 1454 2688 Quaenam
1487 2631 1569 2674 est
1604 2629 1784 2673 autem
1831 2617 1963 2670 fides

389 2717 442 2770 in
486 2718 655 2771 Deum
686 2716 829 2786 apud
860 2729 984 2769 eum
1015 2713 1108 2783 qui
1149 2728 1258 2766 non
1308 2713 1463 2766 timet
1508 2711 1683 2764 minas
1734 2723 1854 2776 qua:
1907 2707 1962 2759 in

391 2810 606 2863 Domini
642 2808 820 2862 verbis
849 2807 968 2861 sitae
999 2814 1149 2869 sunt,
1192 2805 1456 2859 adversus
1522 2817 1617 2858 eos
1673 2801 1765 2871 qui
1827 2801 1967 2853 hanc

297 2967 303 2973 ι
390 2913 601 2952 cmnam
635 2897 1042 2952 contemnunt?
1090 2895 1378 2961 Quomodo
1405 2901 1584 2948 autem
1616 2906 1801 2946 amare
1849 2905 1968 2944 ere-

391 2989 568 3053 detur,
605 2987 692 3043 cui
719 3003 842 3042 cum
877 2987 1038 3040 liceat
1065 2986 1335 3055 accipere,
1383 2999 1490 3038 non
1542 2982 1798 3052 accepit?
1828 2981 1963 3035 Pro-

2041 508 2113 558 τὰ
2160 508 2449 577 εἰρημένα,
2514 507 2589 578 μὴ
2651 510 2937 578 προσέλθοι
2993 511 3049 563 δὲ
3097 513 3211 569 τοῖς
3277 513 3620 581 μυστηρίοις,

2045 597 2156 660 ἕξει
2209 598 2301 650 τὸν
2358 599 2570 652 ἐκεῖθεν
2618 601 2892 669 ἀγιασμδι
2938 602 3093 654 οὐδὲν
3123 596 3317 671 ἦττον;
3368 603 3442 655 Ού
3479 605 3623 665 πᾶς·

2045 689 2160 744 ἀλλ’
2191 691 2347 752 εἴτις
2394 690 2454 743 ού
2505 691 2727 744 δύναται
2752 694 3034 762 προσιέναι
3055 693 3402 762 σωματικῶς,
3434 693 3626 762 ὥσπερ

2049 782 2105 834 ai
2149 782 2258 834 τῶν
2317 781 2658 850 τεθνηκότων
2697 782 2902 852 ψυχαί·
2957 778 3058 836 οἷοι
3113 785 3425 852 γεγόνασιν,
3478 787 3524 837 οἱ
3565 787 3624 836 ὲν

2051 871 2308 940 ἐρημίαις
2334 869 2698 939 πλανώμενοι,
2739 873 2831 924 καὶ
2854 871 3022 938 ὄρεσι,
3056 874 3152 924 καὶ
3186 871 3490 937 σπηλαίοις,
3526 872 3625 922 καὶ

2052 967 2172 1028 ταῖς
2195 965 2355 1026 ὀπαῖς
2377 965 2475 1033 τῆς
2503 967 2626 1033 γῆς,
2653 958 2732 1027 οἷς
2755 964 3140 1036 θυσιαστήριον
3168 967 3260 1019 καὶ
3291 966 3440 1035 ίερέα
3493 967 3624 1018 ἰδεῖν

2053 1056 2338 1125 ἀμήχανον
2398 1051 2488 1126 ἦν.
2542 1055 2779 1119 Τούτους
2832 1060 2942 1124 γὰρ
2992 1057 3151 1117 αὐτὸς
3183 1059 3210 1108 ὁ
3245 1057 3479 1124 Χριστος
3531 1057 3626 1109 τὸν

2057 1150 2325 1220 ἁγιασμδν
2355 1149 2578 1218 ἀφανῶς
2607 1149 2798 1220 ἡγίαζε
2825 1154 3039 1204 τοῦτον.
3077 1149 3246 1204 Πόθεν
3273 1149 3464 1218 δῆλον;
3496 1150 3627 1204 Ὀτι

2056 1241 2204 1312 ζωὴν
2237 1238 2382 1312 εῖχον
2425 1243 2481 1296 ὲν
2516 1244 2758 1305 ἑαυτοῖς·
2799 1243 2859 1295 ού
2893 1244 3001 1312 γὰρ
3040 1242 3278 1312 ἔχοντες,
3333 1243 3379 1294 εί
3415 1245 3489 1312 μὴ
3527 1241 3627 1295 τοῦ

2062 1335 2366 1404 μυστηρίου
2419 1335 2610 1388 τούτου
2670 1338 2942 1404 μετεῖχον.
2995 1334 3166 1396 Αὐτὸς
3195 1335 3304 1401 γάρ
3331 1335 3359 1386 ὁ
3393 1333 3629 1402 Χριστὸς

2047 1425 2246 1491 εἶπεν·
2285 1446 2303 1478 t
2353 1425 2483 1480 Ἐὰν
2520 1427 2592 1498 μὴ
2623 1429 2836 1496 φάγητε
2867 1426 2965 1497 τὴν
3023 1427 3200 1496 σάρκα
3239 1427 3334 1478 τοῦ
3367 1426 3493 1478 Υίοῦ
3533 1426 3630 1478 τοῦ

2063 1516 2376 1586 ἀνθρώπου,
2408 1520 2504 1572 καὶ⁵
2534 1518 2696 1587 πίητε
2727 1517 2892 1572 αὐτοῦ
2919 1517 2977 1569 τὸ
3003 1511 3160 1585 αἷμα,
3189 1515 3289 1568 ούκ
3315 1514 3465 1584 ἔχετε
3490 1514 3637 1582 ζωὴν

2064 1610 2122 1662 έν
2150 1609 2383 1670 ἑαυτοῖς.
2440 1627 2459 1660 ι
2515 1609 2625 1661 Καὶ
2675 1609 2763 1661 ἵνα
2813 1607 2974 1660 τοῦτο
3003 1608 3246 1676 σημάνῃ,
3279 1607 3491 1669 πολλοῖς
3523 1608 3638 1660 τῶν

2067 1702 2239 1770 ἁγίων
2261 1703 2468 1754 τούτων
2521 1701 2784 1769 ἀγγέλους
2809 1700 3018 1770 ἔπεμψε
3035 1701 3104 1752 τὰ
3121 1699 3268 1770 δῶρα
3286 1700 3635 1770 κομίζοντας.

2070 1796 2129 1848 El
2172 1794 2229 1847 δέ
2275 1810 2357 1858 τις
2417 1793 2716 1864 δυνάμενος
2774 1794 2834 1846 οὐ
2893 1792 3184 1864 προσέλθοι
3236 1795 3301 1861 τῇ
3353 1791 3634 1861 τραπέζῃ,

2065 1887 2252 1940 τοῦτον
2285 1885 2378 1938 τοῦ
2411 1885 2542 1956 παρ’
2578 1885 2760 1949 αὐτοῖς
2804 1884 3086 1954 ἀγιασμοῦ
3124 1886 3310 1954 τυχεῖν
3352 1883 3636 1943 παντελῶς

2067 1978 2362 2034 ἀδύνατον·
2428 1979 2527 2048 οὐχ
2585 1977 2664 2030 δτι
2699 1977 2760 2030 ού
2803 1977 3114 2047 προσῆλθεν
3151 1977 3358 2038 ἁπλῶς,
3406 1975 3521 2026 ἀλλ’
3551 1974 3636 2026 ὅτι

2067 2070 2368 2138 δυνάμενος
2393 2071 2452 2122 ού
2483 2068 2761 2140 προσῆλθε
2788 2083 2801 2098 ·
2837 2068 2932 2122 καὶ⁵
2953 2068 3042 2121 διὰ
3088 2067 3250 2120 τοῦτο
3273 2066 3432 2136 δῆλός
3461 2067 3634 2127 ἐστιν,

2067 2163 2274 2215 ὅτιτῶν
2299 2162 2665 2231 ὀφειλομένων
2683 2159 2905 2229 ἀγαθῶν
2920 2162 3031 2224 τοῖς
3060 2159 3402 2233 μυστηρίοις,
3425 2157 3632 2229 ἔρημον

2068 2255 2184 2326 ἔχει
2211 2255 2308 2325 τὴν
2341 2254 2539 2324 ψυχήν.

2139 2436 2238 2498 Τίς
2274 2436 2382 2507 γὰρ
2415 2436 2559 2504 ὁρμὴ
2594 2433 2687 2488 καὶ
2716 2434 2996 2505 προθυμία
3035 2434 3164 2502 περὶ
3214 2431 3313 2502 τὴν
3356 2430 3676 2503 τράπεζαν⁸

2071 2528 2224 2597 παρὰ
2251 2527 2328 2596 τῷ
2363 2527 2650 2596 δυναμένῳ
2681 2525 2879 2596 ῥαδίως
2914 2526 3143 2595 δραμεῖν
3180 2525 3267 2576 ἐπ’
3308 2525 3498 2590 αὐτὴν,
3545 2523 3642 2574 καὶ

2074 2620 2148 2689 μὴ
2177 2619 2520 2688 βουλομένηη
2553 2618 2649 2679 Τίς
2678 2617 2732 2669 δὲ
2761 2618 2942 2678 πίστις
2959 2617 3093 2687 πρὸς
3127 2616 3258 2668 Θεὸν
3285 2617 3432 2685 παρὰ
3460 2614 3535 2683 τῷ
3565 2614 3640 2682 μὴ

2071 2710 2397 2781 φοϐουμένῳ
2422 2710 2520 2774 τὴν
2554 2713 2610 2763 ὲν
2633 2711 2746 2770 τοῖς
2777 2712 2985 2780 ῥήμασι
3018 2708 3110 2760 τοῦ
3143 2708 3349 2776 Κυρίου
3379 2706 3642 2773 κειμένην

2070 2803 2324 2873 ἀπειλὴν,
2361 2805 2473 2866 τοῖς
2495 2803 2556 2855 τὸ
2578 2803 2796 2856 δεῖπνον
2835 2801 2998 2855 τοῦτο
3044 2799 3387 2872 περιορῶση
3443 2798 3566 2859 Πῶς
3597 2795 3643 2848 δ’

2073 2893 2138 2948 ἂν
2166 2894 2486 2966 πιστευθείη
2519 2894 2717 2962 φιλεῖν,
2746 2893 2804 2955 ὃς
2829 2893 3018 2947 λαϐεῖν
3055 2892 3194 2956 ἑξον,
3240 2892 3299 2944 οὐ
3333 2889 3640 2958 λαμεάνεις

2073 2986 2170 3039 Διά
2192 2986 2352 3038 τοῦτο
2384 2986 2538 3038 οὐδὲν
2590 2984 2798 3050 καινὸν,
2826 2986 2874 3037 εἰ
2910 2982 3178 3048 σωμάτων
3209 2980 3644 3048 ἀπολελυμέναις

392 3092 574 3152 pterca
605 3089 822 3135 nonest
848 3095 1071 3145 novum,
1102 3080 1145 3134 si
1186 3077 1386 3132 animis
1417 3095 1445 3132 a
1474 3076 1798 3146 corporibus
1834 3075 1970 3129 libe-

2075 3077 2271 3146 ψυχαῖς
2305 3078 2332 3129 ὁ
2362 3074 2619 3145 Χριστὸς,
2653 3069 2738 3136 αἶς
2767 3072 3024 3144 τοιαύτην
3077 3073 3345 3143 πονηρίαν
3385 3069 3646 3138 οὐδεμίαν

393 3171 552 3235 ratis,
581 3185 704 3240 qua:
735 3169 940 3223 nullius
962 3167 1276 3237 bujusmodi
1334 3166 1449 3220 vitii
1511 3165 1821 3222 insimulari
1847 3179 1972 3233 pos-

396 3271 544 3325 sunt,
580 3263 718 3316 banc
743 3276 983 3316 mensam
1013 3260 1267 3314 Christus
1320 3258 1603 3328 impertiit.
1639 3255 1777 3310 Illud
1823 3257 1970 3309 enim

401 3370 598 3406 novum
628 3362 791 3408 estet
816 3351 1161 3415 admirabile,
1203 3349 1362 3420 quod
1426 3349 1590 3402 homo
1622 3348 1712 3418 qui
1750 3348 1801 3400 in
1853 3360 1973 3398 cor-

398 3445 656 3514 ruptione
691 3453 744 3498 et
785 3443 1006 3497 interitu
1045 3449 1321 3505 versatur,
1355 3441 1424 3493 ab
1460 3439 1681 3492 interitu
1733 3438 1970 3491 alienum

401 3552 600 3604 corpus
629 3534 905 3589 comedat:
945 3533 1090 3602 quod
1126 3543 1304 3587 autem
1355 3531 1560 3594 anima,
1593 3544 1712 3598 qua:
1744 3535 1827 3581 est
1874 3527 1975 3579 im—

405 3627 649 3680 mortalis
681 3625 1008 3685 substantia,
1041 3623 1113 3678 sit
1153 3622 1273 3691 ejus
1321 3622 1465 3692 quod
1527 3629 1610 3676 est
1669 3619 1974 3673 iuunurtale

407 3719 699 3788 particeps.
740 3717 902 3770 modo
922 3716 1026 3770 sibi
1054 3713 1431 3780 conveniente,
1485 3713 1613 3782 quid
1649 3709 1881 3764 mirum?
1917 3707 1975 3763 Si

407 3823 588 3869 autem
619 3815 720 3867 hoc
753 3827 948 3866 novum
1015 3819 1069 3864 et
1121 3809 1461 3872 admirabile,
1494 3823 1588 3878 per
1644 3805 1974 3860 ineffabilem

412 3905 801 3960 humanitatem
839 3912 892 3958 et
922 3916 1176 3957 arcanam
1230 3901 1548 3971 sapientiam
1613 3899 1814 3953 invenit
1844 3911 1977 3965 quo-

409 3996 573 4050 modo
604 3994 885 4065 perliceret
910 4031 926 4058 ,
963 3991 1016 4047 id
1051 3991 1195 4062 quod
1225 4001 1310 4046 est
1348 3988 1632 4060 probabile
1664 3996 1718 4043 et
1749 4003 1979 4042 consen-

412 4097 630 4140 taneum
663 4083 939 4154 quomodo
983 4096 1084 4137 non
1117 4081 1297 4136 facere
1331 4080 1631 4135 credetur?

1009 4193 1163 4249 CAP.
1203 4191 1392 4246 XLIII.

450 4289 602 4354 Quod
642 4287 833 4340 anima:
853 4288 966 4355 ejus
997 4287 1085 4354 qui
1115 4286 1492 4355 communicat.
1545 4283 1604 4351 [it
1635 4280 1945 4349 principali-

1011 4352 1090 4407 ter
1121 4352 1490 4418 sanctiﬁcatio.

492 4446 758 4512 Quoniam
789 4454 967 4499 autem
1002 4445 1068 4499 iis
1097 4444 1259 4498 etiam
1303 4445 1396 4509 qui
1423 4443 1600 4496 adhuc
1639 4443 1830 4497 vivunt
1861 4457 1984 4497 cum
2020 4452 2063 4508 ι)

420 4553 672 4606 corpore,
711 4538 870 4591 datur
894 4536 1112 4606 quidem
1143 4536 1344 4590 donum
1377 4551 1472 4605 per
1509 4551 1730 4604 corpus,
1763 4536 1854 4590 sed
1887 4537 1994 4605 pri-

430 4647 575 4683 mum
618 4628 864 4699 pervadit
899 4629 954 4682 in
1005 4629 1201 4682 animae
1243 4628 1626 4692 substantiam,
1660 4639 1713 4682 et
1747 4644 1843 4698 per
1871 4629 1991 4684 ani-

427 4737 569 4776 mam
607 4724 658 4774 in
713 4736 911 4789 corpus
947 4718 1368 4782 transmittitur,
1419 4729 1472 4772 et
1525 4719 1628 4773 hoc
1679 4719 1992 4787 significans

426 4814 614 4866 beatus
667 4809 900 4874 Paulus,
941 4829 960 4860 ‹
1001 4808 1102 4875 Qui
1162 4808 1422 4868 adhaeret.
1487 4808 1682 4877 inquit,
1738 4809 1990 4872 Domino,

426 4919 569 4958 unus
601 4910 684 4956 est
713 4901 958 4971 spiritus.
987 4919 1005 4952 ι
1043 4909 1227 4969 utpote
1255 4901 1395 4968 quod
1430 4901 1482 4953 in
1513 4901 1688 4954 anima
1736 4901 1912 4970 primo
1939 4909 1990 4955 et

425 4991 800 5062 principaliter
831 4991 945 5045 haec
977 4992 1109 5044 uuio
1129 5000 1181 5044 et
1207 4990 1524 5059 conjunctio
1544 4991 1828 5045 consistat.

499 5082 614 5137 Illic
640 5082 784 5136 enim
818 5084 1032 5149 proprie
1089 5081 1300 5145 homo;
1365 5080 1476 5134 illic
1524 5081 1684 5134 etiam
1748 5077 1988 5135 sanétili-

427 5175 572 5230 catio
605 5189 723 5244 quae
776 5173 1142 5241 proficiscitur
1196 5187 1261 5226 ex
1315 5171 1608 5226 virtutibus
1639 5181 1694 5225 et
1749 5173 1990 5228 humano

425 5268 626 5330 studio,
654 5275 709 5318 et
747 5265 874 5318 illud
900 5265 1042 5332 quod
1091 5272 1295 5331 peccat.
1343 5262 1572 5332 Corpori
1597 5273 1774 5320 autem
1807 5266 1990 5320 omnia

427 5361 565 5413 llunt
591 5374 652 5411 ex
684 5356 864 5408 anima
895 5372 909 5418 ;
939 5362 994 5406 et
1015 5353 1470 5421 quemadmodum
1522 5368 1551 5407 a
1598 5357 1754 5408 malis
1789 5356 1993 5426 cogita-

427 5449 667 5504 tionibus
701 5460 822 5516 quze
873 5459 939 5498 ex
1009 5443 1171 5498 corde
1235 5455 1453 5508 exeunt,
1520 5444 1855 5514 inquinatur,
1917 5447 1988 5499 ita

427 5541 587 5594 etiam
624 5539 772 5592 illinc
795 5546 881 5590 est
909 5535 956 5588 ei
1012 5533 1403 5589 sanctificatio:
1469 5535 1609 5588 sicut
1644 5553 1764 5605 quae
1794 5553 1824 5589 a
1878 5539 1990 5590 viro
2035 5560 2039 5564 τ

430 5640 565 5692 tute,
598 5630 670 5682 ita
701 5628 863 5683 etiam
891 5641 1011 5694 qua:
1037 5641 1066 5678 a
1100 5625 1494 5679 sacramentis:
1529 5628 1774 5679 nonnulli
1804 5636 1986 5680 autem

433 5717 798 5771 morbietiam
855 5713 1188 5785 corporales,
1251 5728 1480 5782 quorum
1519 5728 1681 5768 causa
1727 5713 1825 5766 fuit
1866 5712 1985 5767 aui-

2078 3171 2330 3238 ἐγκαλεῖν
2377 3169 2512 3240 ἕχει,
2564 3171 2662 3238 τῆς
2714 3169 2994 3238 τραπέζης
3043 3166 3368 3236 μεταδίεωσι
3416 3163 3644 3231 ταύτης.

2091 3263 2300 3315 Ἐκεῖνο
2359 3261 2457 3330 μὲν
2505 3259 2611 3329 γὰρ
2664 3257 2852 3312 καινὸν
2905 3260 2998 3310 καὶ
3045 3255 3345 3326 ὑπερφυὲς,
3384 3256 3431 3306 εί
3469 3253 3646 3322 φθορᾷ

2081 3355 2262 3420 συζῶν
2303 3354 2610 3425 ἄνθρωπος,
2649 3350 2928 3422 ἀκηράτου
2977 3349 3229 3419 σώματος
3265 3348 3458 3415 φάγοι·
3495 3346 3554 3397 τὸ
3591 3344 3644 3396 δὲ

2078 3445 2267 3496 οὐσίαν
2299 3443 2569 3497 ὰθὰνατον
2598 3443 2695 3514 τὴν
2755 3442 2935 3512 ψυχὴν
2981 3441 3251 3494 ἀθανάτου
3297 3437 3645 3509 μεταλαϐεῖν,

2079 3535 2168 3588 τὸν
2201 3533 2537 3603 κατάλληπμον
2571 3534 2708 3604 αὐτῇ
2741 3533 2971 3604 τρόπον,
2999 3531 3051 3582 τί
3090 3529 3440 3599 θαυμαστόνς
3493 3526 3551 3578 ΕΞ
3589 3526 3645 3578 δὲ

2080 3623 2140 3676 τδ
2181 3625 2367 3676 καινὸν
2421 3623 2580 3676 τοῦτο
2635 3624 2730 3677 καὶ
2772 3624 3051 3692 ὑπερφυὲς
3097 3623 3183 3676 διὰ
3238 3621 3646 3690 φιλανθρωπίαν

2081 3717 2312 3785 ἄφατον,
2343 3719 2436 3772 καὶ
2474 3718 2669 3787 σοφίαν
2692 3719 3008 3788 ἀπόρῤητον
3029 3716 3248 3786 ἐξεῦρεν
3277 3718 3420 3777 ὅπως
3450 3716 3643 3783 ἀνόσῃ,

2081 3811 2142 3863 τὸ
2171 3811 2318 3877 είκδς
2349 3811 2446 3866 καὶ
2468 3811 2528 3864 τὸ
2559 3810 2854 3866 ἀκόλουθον
2883 3813 3080 3876 ποιεῖν,
3114 3809 3230 3873 πῶς
3261 3810 3319 3863 ού
3357 3805 3648 3860 πιστευθέ-

2085 3917 2277 3967 σεται;

2651 4189 2905 4245 ΚΕΦΑΛ.
2953 4191 3086 4247 ΜΡ.

2089 4282 2209 4335 Ὅτι
2249 4280 2322 4350 τῇ
2361 4281 2543 4354 ψυχῇΔ
2596 4283 2701 4337 τοῦ
2745 4284 3302 4352 μεταλαμϐάνοντος
3356 4297 3653 4354 προηγου-

2469 4351 2665 4421 μένως
2697 4356 2729 4407 ό
2751 4351 3043 4423 ἁγιασμὸς
3063 4354 3300 4407 ἐνίεται.

2175 4441 2332 4496 Ἐπεὶ
2363 4441 2459 4495 καὶ
2493 4445 2678 4507 αὐτοῖς
2716 4447 2830 4507 τοῖς
2871 4446 2952 4497 ἑτι
3020 4445 3160 4513 μετὰ
3219 4446 3469 4516 σώματος
3522 4447 3656 4510 ζῶσι

2094 4530 2297 4584 δίδοται
2331 4532 2430 4601 μὲν
2461 4532 2522 4584 τὸ
2546 4532 2718 4603 δῶρον
2744 4533 2832 4586 διὰ
2855 4534 2950 4586 τοῦ
2981 4533 3257 4604 σώματος,
3294 4535 3412 4588 ἀλλ’
3446 4538 3524 4597 εἰς
3555 4539 3656 4606 τὴν

2095 4623 2284 4677 οὐσίαν
2318 4623 2534 4691 πρῶτον
2565 4627 2736 4694 χωρεῖ
2763 4627 2862 4694 τῆς
2889 4624 3090 4695 ψυχῆς,
3119 4626 3211 4678 καὶ
3238 4626 3324 4679 διὰ
3351 4627 3449 4695 τῆς
3477 4627 3658 4696 ψυχῆς

2096 4718 2188 4769 ἐπὶ
2213 4717 2273 4768 τὸ
2301 4715 2459 4786 σῶμα
2487 4716 2756 4769 διαϐαίνει
2780 4733 2796 4748 ·
2822 4717 2916 4769 καὶ
2941 4716 3100 4770 τοῦτο
3127 4717 3308 4785 δηλῶν
3329 4721 3356 4771 ὁ
3387 4721 3660 4787 μακάριος

2107 4807 2432 4870 ’Λπόστολος
2455 4849 2468 4872 ,
2511 4825 2530 4859 t
2577 4807 2637 4859 Ὀ
2672 4807 3010 4876 κολλώμενος
3041 4807 3118 4876 τῷ
3145 4808 3356 4877 Κυρίῳ,
3383 4809 3568 4877 φησιν,
3600 4809 3663 4860 ἓν

2095 4898 2316 4967 πνεῦμά
2341 4899 2484 4950 ἐστιν
2507 4915 2520 4928 ·
2572 4917 2592 4950 ι
2627 4898 2703 4960 ῶς
2738 4899 2795 4952 ὲν
2829 4902 2893 4968 τῇ
2919 4899 3065 4969 ψυχῇ
3097 4901 3524 4969 προηγουμένως
3561 4901 3662 4970 τῆς

2095 4990 2340 5053 ἐνώσεως
2381 4990 2607 5060 ταύτης,
2639 4992 2732 5043 καὶ
2768 4993 2865 5060 τῆς
2895 4992 3188 5060 συναφείας
3231 4994 3658 5062 συνισταμένης.

2179 5083 2326 5134 Ἐκεῖ
2354 5084 2464 5152 γὰρ
2495 5083 2699 5151 κυρίως
2730 5085 2758 5135 ὁ
2801 5082 3124 5154 ἅνθρωπος·
3158 5085 3276 5136 ἐκεῖ
3319 5085 3413 5136 καὶ
3445 5085 3472 5136 ὁ
3501 5086 3665 5151 ἀγιε-

2096 5174 2232 5243 σμδς
2296 5175 2324 5225 ὁ
2374 5173 2489 5226 ἀπὸ
2538 5173 2647 5225 τῶν
2702 5173 2937 5244 ἀρετῶν,
2995 5175 3087 5228 καὶ
3139 5177 3238 5244 τῆς
3299 5174 3659 5244 ἀνθρωπίνης

2097 5263 2364 5328 σπουδῆς·
2404 5263 2497 5314 καὶ
2540 5262 2599 5314 τὸ
2639 5263 2951 5332 ἁμαρτάνον
2988 5265 3123 5330 ἐκεῖ,
3161 5265 3254 5317 καὶ
3297 5263 3359 5316 τὸ
3402 5263 3661 5332 δεόμενον

2093 5353 2191 5420 τῆς
2223 5351 2524 5420 θεραπείας
2554 5353 2661 5404 ἀπὸ
2697 5353 2803 5406 τῶν
2835 5352 3047 5423 δώρων,
3081 5355 3278 5408 έκεῖνο.
3319 5354 3407 5424 Τῷ
3445 5353 3660 5422 σώματι

2093 5442 2149 5493 δὲ
2183 5441 2357 5494 πάντα
2383 5443 2490 5494 ἀπὸ
2535 5443 2635 5512 τῆς
2664 5442 2842 5512 ψυχῆς
2872 5443 3080 5512 γίνεται
3104 5459 3118 5472 ο
3172 5445 3267 5497 καὶ
3303 5444 3492 5512 ὥσπερ
3549 5443 3662 5495 ἀπὸ

2093 5533 2200 5584 τῶν
2245 5534 2497 5602 πονηρῶν
2543 5535 2929 5604 διαλογισμῶν,
2977 5537 3084 5586 τῶν
3128 5537 3233 5588 ὁ.πό
3273 5537 3374 5604 τῆς
3429 5534 3657 5604 καρδίας

2093 5625 2466 5693 ἐξερχομένων
2496 5624 2805 5694 μολύνεται,
2834 5628 2976 5679 οὕτω
2999 5629 3089 5678 καὶ
3111 5630 3134 5679 ὁ
3153 5629 3425 5697 ἁγιασμὸς
3450 5627 3658 5679 ἐκεῖθεν

2097 5713 2264 5782 αύτῷ,
2295 5716 2544 5787 καθάπερ
2575 5719 2600 5769 ὁ
2634 5717 2740 5769 ἀπ’)
2786 5720 2877 5786 τῆς
2913 5719 3149 5786 ἀρετῆς·
3207 5719 3352 5771 οὕτω
3410 5721 3501 5770 καὶ
3547 5717 3657 5771 ἀπὸ
