3992 6202
487 184 590 247 461

1679 184 2076 244 ΙᾸἸἭΗῧιΕ
2122 183 2549 242 EXPOSlTlO.

3621 184 3724 245 £62

486 294 595 345 τῶν
623 292 964 362 μυστηρίων.
1013 293 1204 355 Ἕνίοις
1235 293 1290 347 δὲ
1327 295 1640 365 σωματικαὶ
1663 296 1808 350 νόσοι
1833 296 2049 366 συμϐαί·

2166 308 2266 346 ma:
2301 294 2640 361 improbitas.
2669 291 2820 357 Quod
2860 292 3044 345 volens
3097 290 3404 360 signiﬁcare
3447 294 3726 351 Scrinium

486 400 690 448 νουσιν,
729 385 909 438 αἰτίαν
947 383 1166 454 ἔχουσαι
1195 386 1294 455 τὴν
1351 386 1684 456 κακοήθειαν
1721 391 1812 458 τῆς
1838 388 2013 457 ψυχῆς
2037 405 2050 419 ·

486 472 513 526 ὃ
539 476 780 543 σημᾶναι
813 474 1136 543 βουλόμενος
1165 478 1192 529 6
1235 477 1446 547 Σωτὴρ,
1478 477 1554 546 τῷ
1586 477 1923 543 θεραπεῦσαι
1958 476 2056 546 τὴν

483 564 578 616 τοῦ
614 565 900 628 νοσοῦντος
934 566 1135 636 ψυχὴν,
1167 568 1304 638 ὅπερ
1334 563 1401 637 ἦν
1434 567 1540 621 τῶν
1571 568 1854 638 ἁμαρτιῶν
1887 570 2055 633 αὐτὴν

484 655 780 716 ἁπολύσαι,
828 657 890 709 τὸ
939 657 1096 726 σῶμα
1136 660 1233 728 τῆς
1285 659 1599 728 ἀρρωστίας
1634 661 1955 728 ἀνέστησεν.
1993 661 2055 712 Εἰ

483 746 667 800 τοίνυν
699 749 820 801 οὐδὲ
851 749 988 819 πρὸς
1019 750 1115 820 τὴν
1149 751 1418 820 ὑποδοχὴν
1446 751 1540 803 τοῦ
1577 751 1853 820 ἀγιασμοῦ
1886 752 2054 805 δεῖται

482 840 577 890 τοῦ
606 840 861 908 σώματος
891 839 1116 909 ἡψυχὴ,
1147 841 1280 894 ἀλλὰ
1313 842 1518 909 ταύτης
1550 842 1750 910 μᾶλλον
1778 844 1972 907 ὲκεῖνο,
2003 842 2055 894 τί

485 928 650 979 πλέον
679 930 774 998 τῆς
811 930 1037 998 τελετῆς
1071 931 1285 999 ἔχουσιν
1319 932 1373 983 αἱ
1424 933 1750 1002 μετέχουσαι
1802 933 2054 1001 σώματος

479 1018 651 1086 ψυχαὶ
679 1021 789 1072 τῶν
824 1023 1290 1092 ἀπηλλαγμένων,
1346 1025 1428 1075 ὅτι
1483 1023 1574 1077 τὸν
1626 1026 1775 1093 ἱέρεα
1830 1025 2051 1094 ὁρῶσιν,

482 1114 582 1163 καὶ
611 1112 742 1180 παρ’
776 1113 942 1166 αὐτοῦ
983 1114 1046 1165 τὰ
1080 1114 1228 1184 δῶρα
1263 1115 1542 1184 δέχονταις
1589 1117 1753 1168 Ἀλλὰ
1802 1118 2054 1168 κάκεῖναι

481 1203 574 1254 τὸν
600 1206 818 1256 αἰώνιον
847 1203 1062 1274 ἔχουσιν
1087 1207 1237 1275 ἱερέα
1267 1207 1441 1260 πάντα
1489 1209 1661 1260 ταῦτα
1691 1207 1877 1272 αὑταῖς
1909 1207 2055 1276 γινό-

483 1309 668 1360 μενον.
719 1293 776 1357 ὃς
838 1295 932 1348 καὶ
981 1296 1088 1348 τῶν
1143 1297 1222 1350 ἔτι
1274 1297 1492 1360 ζώντων
1546 1301 1662 1361 τοῖς
1716 1299 1790 1361 ὡς
1835 1299 2054 1368 ἀληθῶς

480 1383 843 1451 λαμϐάνουσι,
871 1388 1248 1456 μεταδίδωσιν.
1277 1390 1350 1441 Ού
1372 1391 1479 1459 γὰρ
1504 1391 1703 1452 πάντες
1727 1387 1808 1454 οἷς
1841 1391 2054 1446 δίδωσιν

483 1475 512 1526 6
569 1475 750 1542 ἱερεὺς
805 1477 1022 1546 ἀληθῶς
1073 1479 1618 1546 μεταλαμϐάνουσιν·
1688 1481 1801 1533 ἀλλ’
1853 1485 2053 1535 ἐκεῖνοι

484 1567 638 1635 μόνοι
676 1567 913 1633 πάντως,
943 1566 1024 1630 οἷς
1069 1569 1233 1633 αὐτὸς
1272 1570 1485 1624 δίδωσιν
1515 1573 1542 1624 6
1569 1573 1822 1642 Χριστός.
1862 1575 1920 1626 '0
1954 1574 2053 1644 μὲν

479 1660 595 1726 γὰρ
652 1659 856 1728 ἱερεὺς,
896 1661 1061 1712 πᾶσιν
1124 1661 1309 1724 ἁπλῶς
1362 1664 1475 1724 τοῖς
1526 1665 1876 1734 προσιοῦσιν·
1919 1666 1946 1716 6
1998 1666 2055 1718 δὲ

483 1750 748 1818 Χριστὸς,
785 1753 896 1812 τοῖς
927 1751 1099 1815 ἀξίοις
1125 1753 1219 1805 τοῦ
1257 1758 1569 1824 μετασχεῖν.
1601 1757 1764 1810 Ὅθεν
1794 1757 1951 1826 δῆλον
1979 1757 2052 1822 ὡς

479 1841 511 1890 6
532 1840 703 1890 τελῶν
730 1840 828 1902 τὰς
853 1840 1032 1912 ψυχὰς
1065 1843 1124 1894 τὸ
1155 1846 1480 1915 μυστήριον,
1514 1847 1609 1900 καὶ
1641 1847 1907 1915 ἁγιάζων,
1959 1849 2054 1901 καὶ

481 1931 694 1996 ζῶντας
753 1934 845 1985 καὶ
895 1934 1250 2004 τεθνηκότας,
1312 1937 1470 2007 μόνος
1507 1957 1589 2000 τις
1645 1941 1806 2003 αὑτός
1853 1942 2053 1994 ἑστινό

479 2024 697 2094 Σωτήρ.
773 2026 867 2078 Ἐκ
923 2026 985 2096 δὴ
1038 2027 1146 2080 ’ὦν
1202 2031 1508 2100 εἰρημένων
1559 2033 1816 2088 ἁπάντων
1878 2036 2054 2088 ἐκεῖνο

479 2114 694 2179 γίνεται
737 2115 916 2183 δῆλον,
949 2117 1033 2169 δτι
1096 2117 1275 2170 πάντα
1323 2120 1423 2172 ὅσα
1478 2123 1556 2184 εἰς
1595 2123 1694 2190 τὴν
1742 2121 1896 2191 ἱερὰν
1927 2123 2053 2192 ἥκει

477 2205 726 2276 τελετὴν,
762 2206 918 2259 κοινά
947 2209 1060 2260 ἐστι
1107 2209 1202 2261 καὶ
1249 2209 1385 2272 ζῶσι
1423 2210 1516 2263 καὶ
1565 2211 1878 2283 τεθνηκόσι.
1941 2213 2051 2266 Καὶ

477 2296 592 2366 γὰρ
617 2300 684 2350 τὰ
719 2298 867 2350 αἴτια
901 2299 994 2351 τοῦ
1029 2300 1327 2369 ἅγιασμοῦ,
1353 2302 1559 2370 ψυχικὰ
1590 2301 1722 2355 ὄντα
1753 2302 1932 2370 ἀγαθὰ
1956 2302 2050 2356 xa‘t

477 2389 811 2457 ἀμφοτέροις
844 2390 1105 2458 πρόσεστι
1133 2406 1148 2422 ο
1179 2391 1269 2443 καὶ
1295 2393 1357 2444 τὸ
1394 2394 1824 2463 προηγουμένως
1849 2393 1942 2446 καὶ
1975 2393 2051 2446 ol-

479 2479 646 2541 κείως
673 2478 796 2547 ἔχον
823 2479 961 2550 πρὸς
985 2479 1076 2532 τὸν
1107 2480 1401 2550 ἁγιασμόν,
1427 2483 1488 2536 τὸ
1513 2484 1643 2536 αύτό
1671 2499 1686 2514 ⁸
1711 2483 1819 2551 καὶ]
1839 2485 1866 2536 6
1898 2484 2052 2552 ἁγιά-

479 2571 590 2632 ζων
629 2572 834 2640 ἱερεὺς,
887 2575 912 2625 6
941 2573 1122 2635 αὐτός.
1156 2572 1330 2627 Τοῦτο
1363 2575 1525 2644 μόνον
1562 2577 1676 2638 τοῖς
1727 2577 1784 2628 ἐν
1838 2576 2048 2646 σώματι

478 2664 618 2724 ζῶσι
667 2664 892 2732 προσὸν,
943 2665 1005 2716 οὐ
1073 2665 1296 2734 μέτεστι
1335 2669 1452 2730 τοῖς
1507 2667 1822 2731 ἀπελθοῦσι,
1850 2669 1907 2720 τὸ
1951 2668 2047 2722 καὶ¹

473 2757 605 2816 τοῦς
647 2756 899 2822 ἀναξίους
949 2756 1056 2810 τῶν
1095 2758 1412 2828 μυστηρίων
1469 2757 1794 2826 ἁγιάζεσθαι
1843 2760 2042 2824 δοκεῖν,

473 2849 558 2900 ὅτι
588 2848 656 2900 τὰ
701 2849 848 2918 δῖιρα
897 2848 973 2918 τῷ
1009 2848 1222 2918 σώματι
1269 2848 1540 2920 δέχονται.
1589 2850 1741 2903 Ἓκεί
1773 2851 1880 2922 γὰρ
1924 2851 2044 2904 οὐδὲ

473 2942 767 3007 προσιέναι
822 2941 1068 3006 δυνατὸν,
1113 2941 1166 2994 et
1218 2958 1302 3003 τις
1355 2941 1866 3012 ἀπαρασκευάστως
1908 2941 2039 3011 ἔχει,
2072 2961 2114 3020 ο

475 3031 616 3083 ἀλλὰ
649 3031 830 3097 μόνοις
858 3030 1032 3095 ἔξεστι
1056 3033 1169 3093 τοῖς
1195 3029 1366 3096 ἀξίοις
1400 3033 1434 3100 ἡ
1470 3033 1729 3101 μετουσία
1757 3049 1772 3062 ’
1804 3031 1959 3084 τοῦτο
1989 3032 2043 3084 δὲ

474 3120 602 3173 οὐδὲ
638 3121 993 3190 προστίθησιν
1017 3122 1290 3192 ἁγιασμόν
1325 3125 1439 3185 τοῖς
1477 3121 1643 3185 ζῶσιν
1674 3140 1687 3154 ο
1722 3123 1855 3176 ἀλλὰ
1878 3123 2045 3176 τούν-

475 3214 662 3264 αντίον
693 3213 929 3278 ’κόλασιν
959 3213 1072 3282 ἔχει
1094 3213 1192 3281 τὴν
1221 3215 1478 3284 ἐσχάτην.
1511 3215 1622 3268 Καὶ
1646 3216 1735 3268 διὰ
1762 3215 1923 3267 τοῦτο
1951 3213 2045 3267 τοῦ

477 3306 670 3369 γένους
720 3303 826 3355 τῶν
858 3301 1074 3364 ζώντων
1115 3298 1257 3356 εἶναι
1305 3303 1689 3374 πλεονέκτημα
1716 3304 1912 3356 πολλοῦ
1945 3304 2043 3356 δεῖ.

483 3396 605 3446 Ἔτι
635 3395 691 3446 δὲ
725 3395 819 3446 καὶ
842 3393 911 3446 δι’
933 3395 1140 3447 ἐκεῖνον
1165 3395 1257 3446 τὸν
1285 3396 1440 3463 λόγον
1466 3396 1700 3465 φανερὸν
1733 3396 1946 3462 γίνεται
1965 3397 2047 3448 ὅτι

479 3488 542 3538 οὑ
585 3487 746 3555 μόνον
775 3487 976 3552 ἔξεστι,
1018 3487 1111 3538 καὶ
1140 3487 1292 3539 οὐδὲν
1316 3487 1431 3556 ἔχει
1481 3486 1729 3557 κώλυμα,
1793 3485 1906 3537 ἀλλ’
1966 3486 2047 3538 ὅτι

477 3581 575 3631 καὶ
603 3580 918 3645 ἀναγκαίως
947 3580 1229 3632 ἀκολουθεῖ
1252 3581 1372 3641 ταῖς
1387 3579 1588 3648 ψυχαῖς
1617 3580 1851 3639 ἑκεέναις
1879 3579 1910 3646 ἡ
1940 3579 2050 3630 τῶν

480 3674 640 3743 ἱερῶν
693 3673 882 3744 δώρων
933 3673 1255 3744 μετάληψις.
1310 3672 1367 3724 Εἰ
1397 3673 1495 3741 μὲν
1523 3673 1631 3740 γὰρ
1658 3671 1750 3724 καί
1780 3689 1832 3724 τι
1863 3670 2049 3740 ἕτερον

474 3760 626 3835 ἧντδ
646 3767 744 3827 τὰς
774 3766 953 3836 ψυχὰς
1001 3767 1292 3836 εὐφραῖνον
1338 3765 1430 3818 καὶ
1461 3763 1742 3817 ἀναπαῦον
1787 3765 1924 3828 ἐκεῖ,
1981 3759 2050 3832 ἦν

475 3855 544 3908 ἂν
572 3857 752 3908 ἐκεῖνο
777 3857 945 3925 γέρας
972 3858 1092 3919 ταῖς
1126 3854 1305 3922 ἀξίαις
1333 3855 1434 3923 τῆς
1500 3853 1895 3922 καθαρότητος,
1953 3853 2049 3904 καὶ

473 3947 579 4000 οὐκ
603 3948 667 4000 ἂν
695 3948 880 4016 ἐδέησε
916 3947 1119 4016 ταύτης
1149 3949 1247 4016 τῆς
1279 3944 1564 4016 τραπέζης
1597 3944 1655 4008 ἐξ
1686 3946 1930 4013 ἀνάγκης
1954 3945 2050 3995 αι’)-

476 4043 618 4101 ταῖς.
673 4039 788 4092 Νῦν
837 4039 892 4091 δὲ
945 4041 1233 4111 torri-31v
1275 4038 1487 4106 τρυφὴν
1529 4035 1624 4088 καὶ
1668 4035 2050 4105 μακαριότητα

475 4133 589 4193 τοῖς
632 4133 749 4183 ἐκεῖ
775 4133 1084 4200 γενομένοις
1117 4127 1509 4200 ἐργαζόμενον,
1565 4129 1675 4180 εἴτε
1724 4127 2050 4197 παράδεισον

475 4225 673 4288 εἴποις,
702 4224 808 4276 εἴτε
837 4223 1071 4284 κόλπους
1107 4222 1379 4291 Ἀϐραὰμ,
1408 4220 1517 4272 εῐτε
1540 4219 1718 4289 λύπης
1743 4217 1836 4271 καὶ
1857 4218 2050 4285 ὀδύνης

2159 387 2214 438 in
2240 385 2520 439 liberanda
2548 401 2574 436 a
2614 386 2807 438 morbo
2852 386 3055 446 anima,
3084 385 3228 454 quod
3257 394 3336 439 est
3367 399 3486 438 eam
3507 386 3733 440 liberare

2159 493 2186 530 a
2215 479 2472 546 peccatis,
2503 493 2531 530 a
2562 492 2795 546 corpore
2853 477 3225 532 inﬁrmitatem
3263 478 3484 546 depulit.
3524 476 3578 531 Si
3604 493 3733 546 ergo

2158 583 2256 622 nec
2285 569 2348 621 ad
2373 569 2818 623 sanctiﬁcationis
2871 568 3090 637 quidem
3133 570 3531 637 susceptionem
3574 570 3734 624 Ιιςιὺρι

2157 659 2339 713 anima
2369 673 2506 729 opus
2538 674 2790 728 corpore,
2827 660 2919 713 scd
2953 657 3086 711 illud
3142 673 3202 712 ea
3234 659 3437 730 potius,
3483 674 3579 713 cur
3610 671 3735 715 sunt

2159 751 2334 819 magis
2373 750 2619 821 mysterii
2673 750 2964 819 participes
3013 751 3212 804 animae
3262 765 3382 818 qua:
3423 766 3621 819 corpus
3643 753 3734 805 ha-

2158 840 2308 908 bent,
2343 857 2502 912 quam
2538 857 2654 910 quae
2681 842 2830 895 abeo
2861 848 2989 895 sunt
3037 840 3260 895 liberae?
3296 840 3450 906 Quod
3487 841 3736 896 sacerdo-

2160 941 2264 985 tem
2296 933 2501 994 vident,
2536 940 2589 986 et
2609 933 2675 986 ab
2706 947 2771 985 eo
2802 932 2946 985 dona
2966 932 3229 986 sumunt?
3257 932 3419 1000 Atqui
3447 932 3550 986 illae
3570 934 3732 987 etiam

2159 1021 2362 1076 habent
2395 1031 2655 1076 :eternum
2695 1021 3062 1084 sacerdotem,
3116 1023 3205 1092 qui
3240 1022 3420 1078 omnia
3447 1022 3528 1076 eis
3559 1023 3735 1078 iactus

2158 1120 2260 1173 est,
2296 1111 2390 1182 qui
2425 1113 2584 1165 etiam
2619 1112 2686 1165 iis
2710 1110 2803 1180 qui
2837 1127 2901 1166 ex
2931 1111 3066 1166 vivis
3095 1128 3219 1167 vere
3246 1121 3494 1176 sumunt,
3528 1115 3734 1183 impero

2157 1203 2242 1256 tit.
2280 1201 2394 1256 Non
2427 1203 2570 1257 enim
2595 1218 2786 1258 omnes
2819 1203 3016 1272 quibus
3061 1204 3153 1257 dat
3185 1206 3464 1268 sacerdos,
3497 1220 3625 1259 vere
3657 1207 3733 1274 (t)

2159 1303 2407 1356 sumunt,
2450 1294 2542 1348 sed
2569 1294 2644 1347 illi
2675 1294 2902 1348 omnino
2957 1294 3056 1348 soli
3090 1296 3287 1363 quibus
3319 1295 3547 1363 datipse
3583 1297 3737 1350 Chri-

2159 1392 2299 1439 stus.
2341 1384 2610 1439 Sacerdos
2652 1385 2792 1438 cnim
2824 1385 3099 1448 omnibus,
3131 1393 3190 1438 ut
3219 1387 3383 1440 semel
3415 1385 3613 1447 dicam,
3641 1390 3729 1454 qui

2157 1477 2441 1539 accedunt,
2469 1474 2724 1531 Christus
2759 1486 2938 1530 autem
2973 1478 3066 1531 dat
3094 1477 3159 1530 iis
3220 1477 3397 1532 solum
3432 1477 3524 1546 qui
3566 1477 3734 1543 parti-

2158 1566 2304 1635 cipes
2333 1582 2451 1621 esse
2472 1567 2620 1635 digni
2653 1577 2800 1622 sunt.
2843 1568 2993 1623 Unde
3034 1568 3242 1622 clarum
3276 1578 3378 1629 est,
3440 1567 3588 1637 quod
3639 1568 3731 1637 qui

2163 1658 2372 1714 animas
2403 1669 2746 1714 sacramento
2811 1660 3023 1728 perlicit
3080 1669 3135 1714 et
3157 1660 3478 1723 sanctificat,
3503 1667 3556 1713 et
3577 1660 3734 1713 vivos

2159 1757 2211 1803 et
2234 1758 2504 1814 mortuos,
2532 1751 2680 1804 solus
2708 1759 2792 1805 est
2823 1750 2936 1819 ipse
2957 1759 3226 1805 servator.
3256 1750 3327 1804 Ex
3361 1749 3521 1805 dictis
3547 1750 3736 1817 utique

2155 1837 2414 1892 omnibus
2467 1837 2526 1890 lit
2552 1837 2681 1892 illud
2710 1838 3082 1905 manifestum,
3127 1841 3270 1910 quod
3300 1854 3639 1909 quzecttnque
3667 1842 3732 1892 ad

2156 1929 2299 1984 sacri
2335 1931 2581 1999 mysterii
2607 1931 3030 1987 celebrationem
3076 1934 3367 2004 pertinent,
3436 1941 3732 1987 suntcom-

2155 2020 2342 2074 munia
2373 2029 2426 2076 et
2455 2021 2598 2077 vivis
2624 2030 2680 2077 et
2713 2025 2966 2080 mortuis.
3008 2025 3198 2080 Causae
3235 2027 3380 2080 enim
3425 2026 3736 2080 sanctiﬁca-

2156 2111 2348 2175 tionis,
2381 2128 2503 2167 cum
2533 2113 2598 2167 ad
2634 2113 2873 2168 animam
2919 2116 3248 2185 pertineant,
3287 2117 3450 2172 etiam
3482 2117 3733 2186 utrisque

2155 2201 2381 2268 insunt;
2413 2211 2466 2257 et
2499 2203 2550 2257 id
2581 2205 2725 2272 quod
2774 2206 2950 2274 primo
2999 2216 3054 2262 et
3098 2208 3470 2276 principaliter
3513 2217 3568 2262 et
3613 2225 3734 2276 pro-

2154 2293 2272 2362 prie
2338 2295 2825 2350 sanctilicationem
2877 2299 3123 2366 suscipit,
3176 2299 3338 2364 idem,
3371 2307 3425 2353 et
3480 2301 3732 2355 sacerdos

2153 2384 2248 2454 qui
2285 2385 2612 2452 snnctilicat,
2651 2387 2789 2441 idem
2819 2406 2831 2442 :
2866 2391 3009 2458 quod
3057 2391 3231 2444 solum
3262 2391 3414 2446 adest
3437 2392 3503 2446 iis
3533 2393 3624 2462 qui
3657 2394 3735 2446 vi-

2153 2485 2291 2532 vunt
2323 2477 2376 2530 in
2410 2493 2662 2547 corpore,
2698 2493 2804 2533 non
2839 2491 2920 2535 est
2947 2481 3000 2534 in
3065 2481 3131 2536 iis
3175 2483 3266 2552 qui
3305 2498 3334 2538 e
3357 2484 3496 2541 vivis
3541 2499 3733 2540 exces-

2152 2575 2381 2634 serunt,
2417 2577 2477 2623 ut
2512 2569 2675 2622 etiam
2713 2571 2804 2638 qui
2847 2572 3121 2642 mysteriis
3159 2573 3365 2644 indigni
3409 2585 3554 2640 sunt,
3585 2577 3734 2630 vide-

2141 2666 2317 2713 .antur
2354 2660 2706 2726 sanetitieari,
2739 2662 2998 2730 quoniam
3047 2662 3184 2717 dona
3217 2679 3312 2720 ore
3333 2677 3582 2722 sumunt.
3615 2667 3732 2723 ll.ie

2148 2750 2294 2804 enim
2322 2766 2422 2805 nec
2456 2752 2718 2807 accedere
2749 2753 2966 2822 quidem
3020 2764 3196 2823 potest
3251 2757 3544 2825 quispiam,
3578 2760 3622 2812 si
3663 2761 3734 2812 sit

2150 2841 2469 2911 imparatus,
2495 2843 2587 2898 sed
2615 2844 2745 2898 solis
2769 2843 2834 2898 iis
2859 2844 2950 2914 qui
2983 2844 3127 2915 digni
3172 2855 3318 2910 sunt,
3380 2848 3538 2901 datur
3567 2850 3734 2916 parti-

2149 2933 2386 3003 eipatio;
2421 2935 2525 2990 hoc
2554 2945 2734 2988 autem
2790 2952 2896 2989 non
2928 2937 3117 2990 tribuit
3170 2937 3304 2992 vivis
3349 2940 3731 2994 sanctificatio.

2151 3040 2298 3086 nem,
2354 3027 2447 3081 sed
2502 3035 2690 3081 contra
2756 3027 2918 3081 habet
2971 3027 3216 3082 ultimum
3269 3030 3615 3098 supplicium,
3673 3018 3730 3084 οι

2149 3127 2434 3188 propterea
2478 3119 2710 3172 multum
2751 3119 2903 3173 abest
2945 3129 3002 3172 ut
3046 3119 3296 3174 vivorum
3355 3136 3525 3188 genus
3553 3123 3724 3177 siteis

2152 3212 2259 3267 hac
2310 3227 2368 3266 re
2412 3211 2685 3278 superius.
2746 3211 3034 3280 Propterea
3089 3221 3271 3266 autem
3319 3213 3478 3266 etiam
3507 3224 3730 3283 [ιι-θρίοι-

2153 3305 2298 3356 illam
2358 3304 2626 3357 rationem
2667 3304 2874 3357 clarum
2901 3313 3006 3365 est,
3061 3305 3202 3372 quod
3236 3317 3344 3358 non
3368 3305 3545 3358 solum
3591 3305 3717 3359 licet

2150 3396 2370 3466 etquod
2403 3396 2538 3450 nihil
2584 3405 2750 3457 velat,
2785 3396 2878 3449 sed
2911 3395 3075 3449 etiam
3122 3396 3267 3466 quod
3327 3396 3444 3451 illas
3514 3397 3725 3451 animas

2149 3489 2460 3544 necessario
2483 3491 2837 3557 consequitur
2869 3498 3179 3543 sanctorum
3233 3490 3498 3544 donorum
3552 3493 3724 3560 partio

2149 3580 2372 3648 cipatio.
2409 3577 2466 3633 Si
2496 3580 2640 3634 enim
2677 3589 2821 3633 esset
2847 3579 3054 3648 aliquid
3079 3579 3246 3643 aliud,
3285 3581 3427 3649 quod
3469 3581 3576 3636 illic
3607 3582 3725 3634 ani-

2151 3673 2255 3725 mis
2279 3679 2332 3725 et
2405 3672 2823 3725 delectationem
2861 3657 2918 3726 et
2978 3672 3212 3739 quietem
3253 3673 3533 3740 praeberet,
3579 3684 3723 3726 essm.

2119 3759 2284 3824 _i|lud
2336 3759 2616 3828 praemium
2661 3760 2728 3813 iis
2773 3774 2894 3828 qua:
2938 3775 3088 3828 purre
3145 3768 3268 3813 sunt
3306 3768 3360 3813 et
3413 3761 3725 3821 mundanet

2152 3867 2260 3904 non
2305 3850 2383 3904 eis
2415 3851 2517 3904 hac
2553 3865 2740 3903 mensa
2796 3849 3112 3902 necessario
3169 3863 3308 3916 opus
3354 3859 3537 3914 esset;
3577 3865 3722 3902 nunc

2153 3950 2329 3995 autem
2369 3941 2418 3994 id
2451 3941 2593 4011 quod
2635 3955 2851 3996 omnem
2885 3941 3215 4008 voluptatem
3249 3948 3302 3992 et
3331 3940 3719 3994 beatitudinem

2153 4036 2220 4090 iis
2253 4034 2344 4104 qui
2373 4035 2480 4088 illic
2519 4044 2666 4098 sunt,
2700 4034 2890 4097 eflirit,
2927 4034 3042 4088 sive
3072 4032 3222 4085 dicas
3249 4031 3582 4100 paradisum,
3605 4031 3720 4085 sive

2152 4125 2328 4178 sinum
2353 4125 2602 4190 Abraha',
2623 4124 2735 4178 sive
2757 4125 2824 4178 ab
2845 4124 2991 4178 omni
3040 4121 3228 4177 dolore
3252 4131 3306 4175 et
3339 4121 3553 4176 tristitia
3583 4136 3718 4190 pura

2153 4225 2206 4268 et
2236 4215 2412 4269 lucida
2439 4223 2491 4268 et
2516 4215 2707 4268 viridia
2741 4225 2795 4268 et
2816 4214 3189 4285 refrigerantia
3220 4213 3356 4273 loca,
3396 4213 3510 4266 sive
3533 4212 3713 4282 ipsum

473 4315 698 4383 ἁπάσης
725 4313 1000 4382 καθαροὺς
1046 4314 1138 4367 καὶ⁸
1182 4311 1478 4380 φωτεινοὺς
1526 4313 1622 4363 καὶ
1660 4309 1915 4379 χλοεροὶις
1947 4309 2042 4360 καὶ

2153 4323 2396 4377 regnum,
2421 4307 2556 4361 nihil
2587 4316 2668 4360 est
2697 4305 2843 4361 aliud
2871 4321 3032 4374 quam
3065 4305 3152 4358 hic
3174 4303 3310 4358 calix
3332 4313 3386 4358 et
3414 4303 3501 4358 hic
3529 4305 3713 4373 panis.

475 4409 852 4477 ἀναψύχοντας
875 4407 1093 4470 τόπους,
1119 4404 1228 4457 εἴτε
1255 4404 1353 4474 τὴν
1379 4403 1657 4472 βασιλείαν
1681 4403 1874 4471 αὐτήν·
1907 4403 2062 4455 οὐδὲν
2092 4402 2282 4471 ἕτερόν
2306 4403 2452 4454 ἐστιν
2489 4400 2520 4467 ἢ
2559 4403 2718 4452 τοῦτο
2749 4398 2810 4452 τὸ
2854 4398 3146 4466 ποτήριον,
3180 4395 3273 4449 καὶ
3297 4390 3451 4458 οὗτος
3480 4397 3507 4448 6
3528 4395 3712 4466 ἄρτος.

548 4500 732 4552 Ταῦτα
762 4518 868 4570 γαρ
893 4503 920 4554 6
953 4500 1198 4569 μεσίτης,
1228 4500 1256 4551 6
1282 4498 1585 4568 πρόδρομος
1614 4496 1755 4566 ὑπὲρ
1783 4495 1939 4565 ἡμῶν
1965 4497 2045 4558 εἰς

473 4592 546 4645 τὰ
572 4594 730 4658 ἅγια,
763 4591 790 4644 6
827 4591 981 4662 μόνος
1011 4590 1158 4657 ἄγων
1185 4592 1265 4650 εἰς
1297 4587 1388 4642 τὸν
1411 4589 1651 4658 Πατέρα,
1681 4591 1708 4642 6
1743 4589 1902 4657 μόνος
1931 4588 2043 4640 τῶν

471 4684 663 4754 ψυχῶν
690 4683 860 4749 ἥλιος.
889 4681 985 4735 νῦν
1017 4682 1114 4751 μὲν
1143 4681 1286 4734 οὕτω
1327 4680 1657 4749 φαινόμενος
1692 4681 1785 4732 καὶ
1820 4681 2044 4751 μετεχό-

478 4793 660 4843 μενος,
688 4774 763 4838 ὡς
783 4774 1046 4844 ἠθέλησεν
1074 4773 1255 4839 αὐτὸς,
1279 4775 1388 4832 τοῖς
1408 4772 1647 4842 δεσμίοις
1677 4773 1774 4842 τῆς
1808 4773 2006 4842 σαρκός
2027 4787 2041 4802 ο

470 4870 598 4921 τότε
646 4867 704 4920 δὲ
754 4867 1124 4936 ὀφθησόμενος
1175 4867 1270 4918 καὶ
1322 4865 1868 4939 μεταληφθησόμενος
1915 4865 2044 4919 ἄνευ

473 4959 994 5026 παραπετασμάτων
1017 4973 1031 4987 ’
1061 4959 1150 5010 ὅτε
1181 4957 1423 5027 ὀψόμεθα
1449 4958 1632 5019 αὑτὸν,
1671 4957 1826 5024 φησὶ,
1859 4954 2041 5017 καθώς

472 5053 620 5103 ἐστιν
652 5066 666 5080 ·
697 5051 788 5102 ὅτε
819 5049 892 5110 ὡς
923 5049 1122 5118 πτῶμα
1169 5049 1496 5115 συγκαλέσει
1535 5048 1661 5108 τοὺς
1690 5047 1880 5105 ἀετούς
1903 5061 1918 5075 ·
1949 5045 2038 5096 ὅτε

473 5139 841 5208 περιζώσεται
891 5141 983 5192 καὶ
1024 5139 1306 5192 ἀνακλινεῖ
1352 5139 1570 5200 αὐτοὺς,
1613 5139 1708 5189 καὶ
1749 5133 2040 5206 παρελθὼν

469 5233 790 5300 διακονήσει
837 5231 1019 5294 αὐτοῖς
1044 5247 1057 5262 ο
1088 5232 1178 5284 ὅτε
1221 5232 1314 5283 ἐπὶ
1342 5230 1450 5283 τῶν
1483 5229 1724 5299 νεφελῶν
1749 5227 2038 5297 ἀστρὰψει,

470 5325 568 5374 καὶ
595 5323 663 5374 δι’
691 5322 870 5375 αὐτῶν
902 5321 1205 5390 λάμψουσιν
1231 5321 1281 5373 οἱ
1321 5319 1520 5373 δίκαιοι
1549 5319 1620 5382 ὡς
1652 5319 1823 5388 ἥλιος.
1851 5316 2040 5384 Τούτῳ

547 5517 624 5584 (Ι)
654 5516 822 5569 Caute
842 5516 996 5584 lege;
1040 5513 1240 5567 etenim
1271 5511 1466 5584 Graeci,
1517 5519 1571 5563 et
1626 5510 1714 5584 hic
1753 5508 2037 5584 Cabasi'as

471 5579 624 5641 recte
652 5579 988 5642 sentiunt—tle
1019 5599 1143 5638 vera
1194 5593 1247 5638 et
1291 5582 1420 5635 rcali
1467 5580 1749 5648 prmscatia
1797 5579 2041 5646 corporis

2223 4493 2347 4547 llree
2377 4494 2519 4548 enim
2581 4499 2709 4547 sunt
2765 4493 3121 4552 intercessor,
3165 4491 3254 4559 qui
3311 4505 3407 4558 pro
3446 4491 3602 4543 nobis
3661 4492 3714 4542 in

2151 4595 2339 4642 saneta
2375 4584 2477 4638 fuit
2519 4597 2849 4653 praecursor,
2876 4585 2966 4653 qui
2998 4583 3147 4637 solus
3183 4581 3336 4635 ducit
3368 4580 3435 4634 ad
3475 4580 3713 4639 Patrem,

2151 4677 2247 4747 qui
2279 4677 2429 4731 solus
2473 4676 2551 4729 sol
2577 4676 2906 4740 animarum,
2939 4675 3028 4741 qui
3065 4689 3210 4726 nunc
3238 4673 3460 4741 quidem
3493 4683 3717 4739 apparet

2152 4777 2206 4821 et
2231 4767 2610 4835 participatur,
2641 4775 2699 4818 ιιι
2744 4765 2859 4832 ipse
2908 4764 3097 4826 voluit,
3146 4765 3318 4817 velata
3353 4777 3517 4816 carne
3547 4779 3559 4814 :
3589 4771 3716 4813 tunc,

2150 4868 2331 4913 autem
2361 4858 2632 4912 videbitur
2651 4867 2703 4912 et
2733 4856 3142 4926 partieipabitur
3168 4857 3288 4910 sine
3317 4856 3469 4915 velis.
3496 4855 3713 4924 quando

2152 4949 2454 5004 videbimus
2491 4950 2664 5017 ipsum
2687 4949 2829 5004 sicut
2859 4958 2962 5011 est,
2987 4947 3205 5016 quando
3235 4947 3300 5000 ad
3331 4948 3562 5001 cadaver
3585 4961 3715 4998 con-

2152 5042 2368 5095 voeabit
2402 5041 2639 5110 aquilas,
2673 5039 2892 5110 quando
2913 5037 3284 5102 suecingetur.
3319 5046 3373 5091 et
3422 5050 3517 5091 eos
3549 5033 3713 5088 faciet

2149 5133 2516 5194 discumbere,
2549 5142 2598 5186 et
2633 5136 2902 5187 accedens
2948 5129 3453 5197 ministrabitipsis,
3490 5124 3709 5195 quando

2151 5219 2382 5288 fulgebit
2412 5220 2463 5272 iu
2501 5219 2762 5285 nubibus,
2813 5228 2867 5276 et
2897 5234 2992 5288 per
3037 5234 3160 5274 eum
3218 5217 3348 5287 justi
3390 5212 3706 5281 resplende-

2153 5314 2287 5366 bunt
2322 5325 2379 5366 ut
2410 5313 2511 5368 sol.
2560 5310 2628 5366 Ut
2655 5313 2702 5366 ei
2725 5312 3027 5382 conjuncti,
3059 5321 3116 5366 ut
3155 5315 3305 5364 novit
3359 5318 3543 5361 mensa
3571 5317 3706 5357 eon-

2149 5507 2358 5559 Dotnini
2388 5508 2438 5557 in
2503 5507 2862 5562 Eucharistia.
2917 5507 3143 5570 Forsan,
3167 5517 3300 5564 rere,
3338 5499 3587 5570 intelligit
3619 5499 3708 5554 di-

2148 5593 2250 5645 gne
2295 5587 2346 5630 et
2380 5575 2681 5631 fructuusc.
