3992 6202
273 195 379 257 4ῒ3

1496 193 1802 253 NICOLM
1845 195 2235 256 CABASILIE

3400 190 3509 256 464

267 312 520 379 jungere,
589 310 828 379 quietem
894 316 1280 377 assequentur,
1336 302 1418 355 vel
1455 303 1661 373 aliqttid
1701 303 1832 356 boui

1939 305 2066 367 τοὺς
2100 306 2177 375 μὴ
2208 306 2617 375 συνημμένους,
2645 306 2834 376 ὥσπερ
2865 302 2968 360 οἶδε
3000 307 3292 360 συνάπτειν
3318 307 3350 375 ἡ
3374 307 3509 374 τρά-

269 404 380 457 illic
405 405 707 473 percipiant
739 404 819 457 vel
857 416 1083 471 parvum
1119 399 1200 452 vel
1226 410 1507 463 magnum,
1537 394 1744 463 absque
1774 409 1838 448 co

267 496 384 551 ﬁeri
410 500 633 552 omnino
669 511 778 550 non
819 503 1021 563 potest.

859 582 1012 636 CAP.
1046 579 1228 634 XLIV.

690 675 764 728 De
801 673 999 728 Christi
1033 673 1424 727 intet'cessimte.

339 771 433 824 Est
459 767 601 821 cnim
637 765 994 830 intercessor,
1027 779 1118 832 per
1172 779 1332 832 quem
1389 762 1573 816 omnia
1598 770 1837 816 assecuti

267 875 460 916 sumus
513 847 819 924 bona,qua:
848 872 876 908 a
924 855 1033 908 Deo
1074 856 1232 908 nobis
1262 855 1385 907 data
1419 863 1567 917 sunt,
1595 854 1676 907 Vel
1737 868 1835 922 p0-

267 953 376 1005 tius
403 964 620 1017 semper
645 948 868 1002 dantur.
899 946 1016 1002 Non
1045 947 1187 1001 enim
1211 960 1498 1015 postquam
1534 945 1700 999 semel
1735 945 1837 997 luit

269 1048 621 1105 intercessor,
655 1051 707 1094 et
737 1041 918 1093 omnia
950 1039 1106 1093 nobis
1137 1039 1354 1091 tradidit
1393 1055 1488 1106 pro
1513 1039 1714 1106 quibus
1751 1037 1835 1088 itt-

267 1144 612 1197 tercrsserat,
647 1132 890 1195 recessit,
951 1132 1044 1186 sed
1096 1146 1314 1200 semper
1370 1129 1678 1193 intercedit,
1727 1143 1836 1182 non

264 1226 446 1280 verbis
473 1222 801 1293 quibusdam
826 1231 878 1274 et
898 1222 1175 1290 precibus,
1219 1222 1358 1274 sicut
1413 1221 1591 1274 solent
1647 1221 1834 1290 legati,

263 1320 357 1374 sed
413 1319 619 1386 reipsa.
666 1316 924 1379 Quaenam
962 1324 1142 1368 autem
1174 1329 1236 1367 ea
1273 1330 1360 1367 res
1392 1313 1522 1368 est?
1560 1311 1674 1366 Sibi
1710 1328 1837 1366 cou-

257 1412 486 1480 jungere
519 1416 574 1462 et
631 1406 875 1476 proprias
906 1420 1000 1474 per
1039 1420 1096 1458 se
1149 1404 1352 1473 gratias
1405 1403 1693 1472 impertiri,
1737 1417 1835 1471 pro

262 1501 698 1571 uniuscujusque
730 1498 994 1567 dignitate
1042 1504 1094 1549 et
1129 1497 1290 1550 modo
1346 1494 1707 1566 purgationis.
1770 1491 1836 1546 Et

260 1592 725 1664 quemadmodum
763 1591 855 1642 lux
897 1604 1017 1658 quae
1043 1603 1138 1657 per
1183 1602 1242 1643 se
1285 1587 1461 1641 visunt
1520 1589 1725 1655 praebet
1757 1586 1835 1640 vi-

261 1689 539 1752 dentibus,
563 1684 765 1756 quibus
798 1681 1076 1745 defecerit,
1104 1681 1171 1735 iis
1202 1695 1420 1750 quoque
1450 1679 1598 1734 visus
1643 1677 1833 1733 defue-

265 1784 372 1836 rit:
411 1781 484 1835 ita
520 1779 684 1832 etiam
743 1791 868 1831 cum
925 1775 1145 1829 Christo
1206 1772 1660 1827 consuetudinem
1712 1786 1835 1826 esse

262 1879 576 1942 perpetuam
605 1866 805 1920 animis
829 1879 1051 1920 necesse
1074 1873 1179 1925 est,
1239 1863 1286 1918 si
1327 1862 1442 1916 sint
1498 1861 1722 1916 omnino
1757 1860 1837 1914 vi-

261 1977 430 2021 ctura:
461 1972 514 2018 et
540 1960 826 2030 quieturaa.
851 1957 1038 2026 Neque
1068 1957 1211 2011 enim
1245 1957 1364 2010 sine
1397 1955 1519 2009 luce
1554 1962 1732 2021 potest
1757 1952 1838 2007 vi-

259 2061 385 2114 dere
411 2057 623 2120 oculus,
675 2069 854 2123 neque
879 2051 993 2106 ﬁeri
1039 2058 1220 2120 potest
1258 2058 1317 2104 ut
1341 2049 1461 2104 sine
1487 2047 1714 2102 Christo
1749 2061 1836 2100 ve-

261 2167 318 2206 ra
357 2151 464 2205 vita
495 2158 548 2203 et
583 2163 686 2218 pax
719 2145 851 2199 insit
883 2141 1118 2208 animis;
1159 2142 1418 2212 quoniam
1463 2142 1574 2208 ipse
1607 2149 1691 2194 est
1743 2137 1836 2208 qui

261 2245 412 2299 solus
436 2241 548 2297 Deo
579 2237 920 2302 reconciliat,
962 2237 1057 2306 qui
1111 2251 1232 2290 eam
1287 2248 1480 2304 pacem
1537 2232 1691 2297 facit,
1721 2231 1838 2285 sine

258 2345 366 2399 qua
399 2328 543 2385 nulla
569 2341 694 2397 spes
737 2334 842 2389 est,
884 2332 942 2378 ut
991 2321 1084 2392 qui
1137 2320 1229 2376 Dei
1266 2329 1396 2375 sunt
1449 2319 1682 2383 inimici,
1725 2317 1837 2372 sint

258 2425 380 2493 cjus
405 2423 678 2477 bonorum
723 2416 1042 2488 participes.
1082 2412 1210 2469 Sive
1243 2427 1371 2484 ergo
1408 2412 1476 2466 ab
1529 2411 1685 2464 initio
1716 2409 1837 2478 quis

255 2515 472 2569 Christo
523 2509 847 2578 coniunctus
890 2522 1000 2560 non
1037 2515 1139 2567 est,
1198 2504 1314 2558 sive
1350 2500 1676 2569 conjuncms
1729 2513 1834 2552 non

258 2603 482 2668 mansit,
506 2610 587 2656 est
632 2597 888 2653 inimicus
911 2605 963 2651 et
985 2611 1014 2650 a
1036 2593 1236 2649 divinis
1253 2592 1414 2648 bonis
1434 2591 1668 2645 alienus.
1691 2589 1834 2667 Quid

256 2707 338 2750 est
355 2697 499 2751 enim
527 2692 670 2763 quod
695 2692 947 2745 humana:
978 2698 1184 2742 naturae
1206 2687 1377 2742 Deum
1409 2684 1786 2740 reconciliavit
1813 2685 1834 2736 ?

257 2789 490 2843 Omnino
519 2783 662 2854 quod
685 2780 962 2835 hominem
993 2779 1126 2834 vidit
1150 2778 1349 2833 Filium
1373 2793 1532 2833 suum
1551 2776 1828 2832 dilectum.

258 2883 332 2934 Ita
355 2879 519 2933 etiam
549 2875 847 2944 unicuique
873 2871 1078 2926 homini
1101 2871 1511 2935 reconciliatur,
1538 2869 1583 2925 si
1604 2871 1725 2938 quis
1740 2884 1832 2939 ge-

1943 395 2107 458 πεζα,
2132 395 2490 458 ἀναπαύσεως
2519 397 2832 464 τυγχάνειν,
2867 397 2900 466 ἣ
2931 413 2982 449 τι
3015 395 3198 448 λαϐεῖν
3222 395 3443 462 ἀγαθὸν,
3472 395 3505 463 ἢ

1945 487 2141 556 μικρὸν
2170 487 2200 557 ἦ
2232 487 2419 557 μεῖζον
2455 489 2588 553 ἐκεῖ,
2616 489 2890 562 παντελῶς
2923 488 3204 542 ἀδύνατον.

2526 582 2751 634 ΚΕΦΑᾹ
2792 580 2901 634 ΜΔ⁹

2274 675 2414 740 Περὶ
2456 673 2564 742 τῆς
2591 675 2847 740 Χριστοῦ
2865 676 3195 742 μεσιτείας.

2011 768 2253 836 Μεσίτης
2297 770 2406 835 γάρ
2449 769 2566 818 ἐστι
2599 766 2665 818 δι’
2694 761 2754 820 οὐ
2787 766 2962 818 πάντα
3007 766 3198 832 γέγονε
3247 764 3314 817 τά
3360 765 3510 835 παρὰ

1939 854 2032 912 τοῦ
2066 857 2203 910 Θεοῦ
2262 856 2484 909 δοθέντα
2541 857 2672 925 ἡμῖν
2719 855 2933 922 ἀγαθά·
2973 855 3174 924 μᾶλλον
3221 855 3277 908 δὲ
3309 855 3512 909 δίδοται

1939 951 2044 1004 ἀεί.
2074 951 2146 1004 Οὐ
2192 951 2294 1018 γὰρ
2326 949 2475 1012 ἅπαξ
2514 947 2843 1017 μεσιτεύσας
2871 951 2965 1001 καὶ
2992 948 3269 1017 παραδοὺς
3290 949 3512 1001 ἅπαντα

1938 1044 2094 1109 ἡμῖν,
2127 1039 2264 1109 ὑπὲρ
2294 1031 2367 1092 ὦν
2396 1041 2768 1108 ἐμεσίτευσεν,
2798 1039 3111 1107 ἀπηλλάγη,
3139 1038 3254 1091 ἀλλ’
3286 1040 3372 1091 ἀεὶ
3411 1057 3511 1108 με-

1941 1132 2167 1193 σιτεῦει,
2201 1131 2260 1182 οὐ
2293 1129 2474 1197 λόγοις
2501 1134 2610 1181 τισὶ
2645 1129 2736 1182 καὶ
2767 1130 3041 1198 δεήσεσιν,
3085 1129 3274 1199 ὥσπερ
3301 1131 3348 1182 οἱ
3376 1149 3512 1199 πρεο

1940 1225 2166 1277 σϐευταὶ
2197 1222 2462 1286 ποιοῦσιν,
2490 1221 2624 1275 ἀλλὰ
2650 1222 2954 1291 πράγματι.
2984 1221 3048 1272 Τί
3069 1220 3122 1273 δὲ
3149 1221 3208 1272 τὸ
3237 1223 3468 1290 πρᾶγμα
3492 1237 3509 1285 ;

1937 1315 2011 1367 Τὸ
2042 1314 2337 1367 συνάπτειν
2374 1313 2550 1382 ἐαυτῷ
2583 1316 2677 1366 καὶ
2707 1313 2772 1365 δι’
2803 1311 2997 1364 ἑαυτοῦ
3033 1311 3138 1363 τῶν
3167 1312 3380 1364 οἰκείων
3408 1329 3510 1380 μευ

1937 1404 2202 1457 ταδιδόναι
2237 1405 2495 1474 χαρίτων,
2540 1406 2680 1456 κατὰ
2707 1403 2803 1472 τὴν
2849 1403 3006 1466 ἀξίαν
3037 1403 3290 1468 ἑκάστου,
3327 1405 3420 1456 καὶ
3447 1404 3513 1454 τὸ

1938 1498 2033 1564 τῆς
2070 1496 2388 1568 καθάρσεως
2433 1495 2652 1565 μέτρον.
2701 1495 2811 1547 Καὶ
2855 1495 3107 1566 καθάπερ
3159 1480 3216 1547 eli
3273 1495 3384 1561 φῶς
3438 1494 3508 1546 δι’

1939 1586 2132 1639 ἑαυτοῦ
2168 1588 2226 1639 τὸ
2256 1588 2387 1658 ὸρᾷν
2405 1589 2512 1649 τοῖς
2532 1586 2701 1656 ὁρῶσι
2725 1587 2986 1656 παρέχον,
3017 1579 3096 1648 οἷς
3120 1586 3183 1639 ἂν
3211 1587 3507 1647 ἐπιλείποι,

1940 1680 2117 1732 καὶτὸ
2150 1681 2280 1749 όρᾷν
2312 1679 2584 1732 ἐπιλείπει
2613 1696 2625 1709 ·
2652 1679 2794 1732 οὕτω
2824 1685 2915 1732 καὶ
2945 1679 3046 1750 τὴν
3083 1680 3222 1746 μετὰ
3251 1679 3344 1731 τοῦ
3377 1680 3510 1748 Χρι-

1941 1772 2068 1826 στοῦ
2099 1773 2386 1825 συνουσίαν
2438 1773 2651 1842 ἀνάγκη
2701 1772 2923 1842 διηνεκῆ
2959 1776 3079 1833 ταῖς
3110 1774 3308 1842 ψυχαῖς
3342 1768 3505 1834 εἶναι,

1938 1867 2054 1933 εῖγε
2095 1865 2341 1933 μέλλοιεν
2374 1863 2473 1934 ζῇν
2504 1866 2639 1926 ὅλως
2669 1867 2763 1918 καὶ
2796 1865 3194 1922 ἀναπαύεσθαι.
3227 1863 3366 1918 Οὔτε
3399 1865 3506 1936 γὰρ

1937 1957 2105 2028 χωρὶς
2134 1957 2311 2026 φωτὸς
2343 1957 2618 2026 ὀφθαλμὸς
2653 1957 2876 2010 δύναται
2907 1958 3146 2028 βλέπειν,
3175 1955 3297 2009 οὐτε
3340 1957 3509 2027 χωρὶς

1938 2051 2029 2102 τοῦ
2065 2049 2328 2119 Χριστοῦ,
2357 2049 2504 2118 ζωὴν
2539 2050 2796 2120 ἀληθινὴν
2831 2051 2950 2112 ταῖς
2974 2049 3196 2119 ψυχαῖς,
3231 2049 3324 2100 καὶ
3349 2049 3504 2116 εἰρή-

1937 2160 2034 2212 νην
2062 2138 2201 2195 εἶναι
2230 2142 2454 2195 δυνατόν
2479 2159 2493 2173 ⁸
2516 2143 2596 2195 ὅτι
2623 2143 2781 2205 αὐτός
2809 2144 2922 2196 ἐστι
2948 2141 3025 2212 τῷ
3057 2142 3176 2213 Θεῷ
3204 2141 3506 2194 καταλλάτ-

1935 2252 2046 2289 των
2077 2236 2260 2304 μόνος,
2289 2235 2317 2287 ό
2357 2233 2454 2304 τὴν
2504 2234 2727 2305 εἰρήνην
2750 2234 2956 2304 ταύτην
2986 2234 3156 2288 ποιῶν
3181 2247 3195 2263 ⁸
3315 2232 3506 2304 χωρὶς,

1937 2325 2168 2396 ἐχθροὺς
2199 2324 2359 2388 ὄντας
2391 2325 2484 2377 τοῦ
2515 2325 2674 2393 Θεοῦ,
2700 2325 2806 2378 τῶν
2829 2325 3049 2393 ἀγαθῶν
3077 2325 3183 2379 τῶν
3214 2325 3377 2379 αὐτοῦ
3411 2343 3508 2396 με-

1935 2419 2112 2486 τέχειν
2137 2416 2407 2482 ὁπωσοῦν,
2440 2417 2669 2486 οὐδεμία
2713 2417 2862 2470 ἐστὶν
2894 2418 3067 2480 ἐλπίς.
3105 2419 3227 2471 Εἴτε
3262 2416 3356 2470 οὖν
3387 2419 3510 2472 οὐδὲ

1934 2511 2034 2580 τὴν
2076 2509 2252 2580 ἀρχὴν
2289 2509 2537 2580 συνήφθη
2566 2527 2649 2572 τις
2679 2509 2754 2579 τῷ
2785 2509 3026 2580 Χριστῷ,
3050 2510 3160 2562 εἴτε
3194 2511 3504 2576 συναφθεὶς,

1933 2603 2033 2656 οὐκ
2066 2602 2248 2671 ἔμεινε
2299 2602 2669 2680 συνημμένος,
2697 2601 2890 2672 ἐχθρός
2929 2603 3077 2655 ἐστιν
3123 2601 3227 2665 ἔτι,
3277 2600 3505 2655 καὶτῶν

1934 2693 2093 2747 θείων
2126 2693 2409 2763 ἀλλότριος
2447 2692 2692 2760 ἀγαθῶν.
2715 2693 2778 2744 Τί
2817 2693 2926 2761 γὰρ
2966 2692 3026 2746 τὸ
3061 2693 3398 2758 καταλλάξαν
3434 2695 3501 2763 τῇ

1933 2785 2094 2854 φύσει
2124 2785 2230 2838 τῶν
2270 2770 2575 2856 ἀνθρώπων
2609 2786 2702 2840 τὸν
2733 2786 2894 2852 Θεόν;
2929 2787 3152 2850 Πάντως
3183 2788 3265 2843 ὅτι
3295 2788 3506 2857 άιθρω-

1935 2897 2037 2931 πον
2067 2870 2174 2932 εἶδε
2224 2879 2315 2932 τὸν
2368 2879 2496 2932 Υίδν
2531 2877 2697 2932 αὐτοῦ
2730 2877 2818 2931 τὶν
2857 2879 3145 2948 ἀγαπητόν
3175 2895 3188 2908 ·
3223 2879 3364 2931 οὕτω
3413 2878 3507 2932 καὶ

259 2979 339 3024 tat
365 2969 595 3024 formam
628 2963 923 3034 Uuigeniti,
961 2973 1014 3018 et
1039 2961 1185 3016 illius
1216 2961 1356 3016 lerat
1395 2976 1620 3030 corpus,
1656 2973 1710 3015 et
1737 2975 1833 3029 ap-

1939 2973 2153 3042 ἑκάστῳ
2185 2971 2472 3026 σπένδεται
2499 2970 2608 3025 τῶν
2635 2970 2958 3041 ἀνθρώπων,
2988 2971 3041 3022 εί
3061 2987 3142 3033 τις
3168 2971 3267 3040 τὴν
3293 2971 3506 3040 μορφὴν

257 3070 445 3131 pareat
467 3074 609 3114 unus
633 3072 758 3128 cum
785 3070 850 3110 eo
874 3055 1120 3124 spiritus.
1157 3053 1290 3108 Sine
1319 3053 1403 3108 his
1429 3063 1606 3108 autem
1663 3069 1832 3109 unus-

254 3154 489 3224 quisque
518 3151 633 3220 ipse
655 3163 750 3219 per
775 3162 834 3204 se
860 3157 944 3202 est
970 3145 1134 3200 homo
1162 3155 1338 3209 vetus,
1373 3144 1465 3213 qui
1490 3143 1601 3199 Deo
1629 3155 1712 3199 est
1743 3145 1796 3198 iu
1814 3173 1829 3184 -

252 3247 425 3307 visus,
447 3243 541 3313 qui
565 3255 689 3296 cuin
711 3253 779 3294 eo
803 3236 940 3292 nihil
961 3235 1123 3290 habet
1143 3249 1452 3290 commune.
1484 3236 1541 3290 Si
1565 3251 1692 3306 ergo
1715 3252 1834 3292 crc-

252 3337 490 3391 deudum
539 3341 624 3389 est
653 3331 850 3386 animis
883 3328 1126 3397 requiem
1168 3327 1460 3396 procedere
1490 3343 1556 3382 ex
1588 3330 1832 3385 oratione

253 3428 598 3487 sacerdotum
627 3433 683 3481 et
718 3423 986 3478 oblatione
1013 3436 1294 3476 sacrorum
1331 3422 1617 3484 donorum,
1671 3433 1832 3490 antea

254 3517 585 3575 credendum
617 3525 702 3570 est
735 3517 835 3569 hoc
859 3526 1078 3581 quoque
1098 3526 1162 3564 eo
1197 3510 1358 3565 modo
1391 3511 1530 3574 ﬁeri,
1553 3528 1662 3582 quo
1719 3516 1837 3569 solo

255 3614 372 3667 lteri
399 3618 575 3682 potest
604 3616 662 3662 ut
687 3608 852 3662 homo
871 3605 1138 3674 quiescat.
1165 3601 1298 3668 Quis
1319 3601 1587 3658 sitautem
1613 3605 1830 3673 modus,

253 3707 459 3760 dictum
485 3716 569 3759 est
591 3742 605 3767 ,
637 3715 704 3756 eo
735 3699 944 3754 scilicet
977 3696 1119 3766 quod
1172 3696 1282 3750 Deo
1316 3703 1448 3750 sunt
1497 3698 1834 3753 reconciliati

254 3810 308 3855 et
338 3813 444 3852 non
469 3804 600 3851 sunt
628 3792 859 3848 inimici.
911 3789 1022 3844 lloc
1055 3798 1235 3843 autem
1296 3791 1615 3858 quomodo?
1674 3777 1842 3859 Quod.

254 3901 384 3947 sunt
407 3887 824 3957 coutemperati,
847 3894 902 3939 et
930 3899 1070 3938 unus
1116 3882 1245 3937 facti
1283 3893 1408 3938 sunt
1440 3884 1666 3953 spiritus
1702 3902 1825 3940 cum

253 3984 474 4048 dilecto,
513 3983 565 4035 in
598 3995 707 4050 quo
740 3979 858 4032 solo
887 3977 1045 4031 Pater
1078 3973 1424 4043 complacuit.
1464 3976 1568 4030 Sed
1604 3978 1708 4032 hoc
1742 3988 1828 4033 est

254 4088 428 4128 sacra:
462 4085 657 4126 mensa:
683 4084 840 4137 opus,
888 4065 1029 4134 quod
1089 4079 1381 4120 commune
1418 4076 1700 4123 ostensum
1743 4077 1827 4122 σει

259 4181 352 4232 per
386 4179 448 4218 ea
477 4176 598 4231 qua:
633 4160 780 4211 dicta
810 4164 935 4209 sunt
971 4154 1110 4208 vivis
1129 4155 1383 4210 similiter
1414 4166 1468 4212 et
1499 4159 1752 4214 mortuis.

259 4261 408 4329 ἱερᾶς
494 4251 776 4323 τραπέζης

257 4361 400 4410 κόσι.

865 4458 1014 4514 CAP.
1051 4459 1207 4514 XLV.

333 4734 497 4786 Nuda:
528 4743 706 4786 autem
777 4731 1102 4800 corporibus
1171 4733 1368 4784 anima:
1424 4729 1547 4798 plus
1627 4727 1828 4781 habent

260 4825 530 4879 commodi
562 4824 628 4876 ad
685 4823 1196 4882 satictiticatiouem,
1252 4837 1417 4890 quam
1469 4836 1548 4874 ea:
1577 4835 1698 4888 qua:
1749 4819 1828 4870 vi-

260 4928 391 4970 vuut
427 4916 478 4968 iu
509 4913 846 4983 corporibus.
877 4913 1184 4981 l’urgantur
1215 4911 1360 4964 enim
1395 4919 1449 4963 ct
1477 4919 1822 4979 peccatorum

260 5006 640 5064 remissionem
699 5004 971 5072 accipiunt
1031 5017 1123 5070 per
1167 5000 1444 5054 orationes
1523 5001 1826 5055 sacerdotis

259 5114 312 5157 et
343 5102 613 5154 donorum
666 5097 1138 5156 intercessionem,
1188 5092 1325 5146 nihil
1371 5095 1589 5147 ominus
1658 5107 1824 5162 quam

258 5207 450 5249 eorum
484 5189 577 5259 qui
623 5188 828 5240 vivunt.
874 5185 979 5238 Sed
1018 5200 1125 5237 nou
1170 5195 1398 5253 peccant
1429 5183 1686 5253 amplius,
1725 5199 1827 5239 nec

259 5301 398 5340 nova
440 5280 719 5337 veteribus
778 5277 1007 5330 crimina
1063 5274 1352 5343 adjiciunt,
1409 5285 1469 5328 ut
1517 5274 1730 5328 faciunt
1768 5287 1828 5330 ut

257 5379 551 5447 plurimum
589 5370 886 5426 viventium
918 5368 1148 5432 animae,
1183 5370 1276 5422 sed
1315 5367 1695 5420 tantumtttotlo
1745 5369 1825 5421 vel

258 5468 395 5522 nulli
434 5474 560 5521 sunt
593 5461 791 5517 rationi
835 5459 1125 5514 reddenda:
1153 5459 1421 5522 obnoxizr,
1479 5460 1560 5512 vel
1612 5475 1826 5528 semper

264 5557 451 5624 utique
500 5556 565 5608 de
599 5551 927 5607 criminibus
980 5549 1321 5610 detrahunt;
1385 5560 1435 5602 et
1486 5551 1558 5601 ita
1601 5549 1666 5600 ad
1701 5550 1826 5602 Scr-

262 5641 466 5701 vatoris
493 5644 965 5713 participationem
1010 5641 1314 5710 promptius
1340 5650 1390 5695 et
1427 5637 1620 5694 melius
1651 5655 1707 5694 se
1733 5640 1824 5692 ha-

1853 4449 1904 4508 D

261 4556 410 4622 Quod
448 4557 511 4609 iis
537 4556 623 4623 qui
669 4553 991 4606 dormierunt
1050 4555 1330 4622 perfectior
1357 4557 1422 4610 sit
1452 4555 1823 4623 sanctificatio.
1882 4582 1891 4591 -

1934 3063 2152 3132 κομίζει
2182 3063 2275 3116 τοῦ
2314 3062 2674 3131 Μονογενοῦς,
2696 3062 2790 3115 καὶ
2816 3060 2875 3113 τὸ
2897 3062 3110 3114 ἐκείνου
3144 3063 3299 3130 φορεῖ
3323 3061 3501 3129 σῶμα,

1934 3156 2028 3207 καὶ
2051 3154 2108 3208 ἓν
2131 3153 2350 3224 πνεῦμα
2379 3153 2496 3224 μετ’
2516 3151 2682 3206 αὐτοῦ
2706 3152 2978 3220 φαίνεται.
2999 3151 3218 3205 Τούτων
3235 3153 3290 3205 δὲ
3314 3153 3503 3222 χωρὶς,

1935 3247 2166 3308 ἕκαστος
2215 3246 2376 3307 αὐτὸς
2403 3246 2486 3314 ἐφ’
2520 3244 2715 3297 ἑαυτοῦ
2771 3246 2799 3296 ό
2840 3243 3128 3314 ἄνθρωπός
3177 3245 3322 3296 ἐστιν
3345 3246 3372 3296 ὀ
3395 3260 3502 3296 πα-

1934 3335 2106 3399 λαιὸς,
2131 3336 2158 3387 ό
2189 3335 2265 3404 τῷ
2311 3335 2430 3404 Θεῷ
2465 3333 2877 3404 ἀπηχθημένος,
2911 3337 2937 3388 ό
2969 3336 3108 3403 πρὸς
3151 3335 3314 3386 αὐτὸν
3353 3335 3504 3386 οὐδὲν

1937 3427 2114 3480 κοινὸν
2143 3429 2302 3496 ἔχων.
2329 3428 2390 3480 Ei
2423 3426 2602 3478 τοίνυν
2639 3426 2744 3496 χρὴ
2778 3424 3056 3478 πιστεύειν
3100 3424 3345 3493 γίνεσθαί
3385 3441 3506 3477 τινα

1939 3521 2057 3582 ταῖς
2102 3519 2301 3588 ψυχαῖς
2345 3519 2655 3572 ἀνάπαυσιν
2681 3519 2792 3572 ἀπὸ
2815 3520 2912 3588 τῆς
2942 3519 3109 3589 εὐχῆς
3145 3519 3252 3572 τῶν
3295 3520 3502 3590 ἱερέων,

1937 3613 2032 3663 καὶ
2061 3612 2158 3679 τῆς
2195 3612 2566 3681 προσαγωγῆς
2599 3612 2706 3664 τῶν
2755 3611 2916 3682 ἱερῶν
2945 3610 3158 3682 δώρων,
3193 3612 3507 3664 πιστευτέον

1935 3700 2041 3769 πρὸ
2068 3699 2281 3767 τούτου,
2312 3702 2404 3754 καὶ
2434 3702 2576 3755 κατὰ
2606 3701 2795 3755 τοῦτον
2829 3703 2959 3756 αὐτὸ
2984 3702 3232 3770 γίνεσθαι
3262 3703 3353 3756 τὸν
3374 3705 3502 3773 τρόο
3585 3765 3592 3772 _

1935 3810 2057 3857 πον,
2095 3793 2218 3846 καθ’
2246 3794 2304 3846 ὃν
2337 3793 2500 3865 μόνον
2536 3794 2822 3865 ἄνθρωπον
2857 3796 3231 3850 ἀναπαύεσθαι
3259 3796 3503 3851 δυνατόν.

1933 3884 2029 3946 Τίς
2054 3883 2110 3936 δὲ
2138 3886 2165 3937 ό
2203 3885 2403 3952 τρόπος
2431 3887 2670 3955 εἴρηται,
2699 3886 2759 3938 τὸ
2788 3886 3108 3957 διηλλάχθαι
3133 3887 3271 3958 Θεῷ,
3304 3890 3394 3940 καὶ
3429 3887 3504 3957 μὴ

1934 3976 2164 4046 ἐχθροὺς
2195 3972 2352 4030 εἶναι.
2383 3977 2554 4029 Τοῦτο
2579 3977 2636 4030 δὲ
2667 3977 2817 4042 πῶς;
2843 3978 2917 4031 Τὸ
2954 3980 3328 4050 ἀνακραθῆναι
3365 3979 3502 4048 Θεῷ,

1935 4069 2030 4122 καὶ
2060 4068 2117 4121 ἓν
2159 4069 2378 4138 πνεῦμα
2420 4069 2677 4136 γενέσθαι
2728 4071 2865 4138 μετὰ
2902 4071 2996 4124 τοῦ
3024 4073 3407 4141 ἡγαπημένου,
3448 4073 3505 4123 ἐν

1940 4155 1984 4227 ᾧ
2022 4160 2168 4229 μόνῳ
2220 4159 2526 4230 ηὐδόκησεν
2569 4163 2597 4213 ό
2635 4161 2856 4231 Πατήρ*
2885 4162 3019 4216 ἀλλὰ
3066 4163 3224 4215 τοῦτο
3269 4161 3370 4231 μὲν
3407 4163 3504 4230 τῆς

861 4250 918 4301 τὸ
993 4250 1174 4316 ἔργον,
1255 4250 1284 4302 ὃ
1328 4253 1508 4306 κοινὸν
1566 4253 1780 4326 ἐδείχθη
1845 4256 1933 4310 διὰ
1989 4255 2098 4310 τῶν
2163 4253 2489 4326 εἰρημένων,
2549 4257 2645 4311 καὶ
2708 4255 2877 4321 ζῶσιν
2927 4259 3129 4327 ὁμοίως
3188 4264 3279 4314 καὶ
3317 4261 3506 4331 τεθνη-

2493 4466 2715 4519 ΚΕΦΑΛ
2726 4507 2740 4521 .
2785 4469 2920 4525 ME'.

1933 4559 2062 4611 Ὅτι
2110 4557 2472 4624 τελειότερος
2518 4557 3125 4646 τοῖςκεκοιμημένοις
3153 4564 3186 4615 ό
3213 4564 3508 4632 ἁγιασμὸς

2594 4645 2839 4696 γίνεται.

2008 4722 2232 4790 Ἔχουσι
2265 4720 2321 4772 δέ
2352 4737 2404 4771 τι
2453 4719 2613 4772 πλέον
2645 4721 2725 4784 εἰς
2758 4721 3036 4790 άγιασμὸν
3065 4722 3172 4775 τῶν
3204 4725 3261 4777 ἐν
3291 4723 3506 4794 σώματι

1932 4813 2173 4880 ζώντων,
2198 4819 2254 4869 αί
2286 4817 2489 4885 γυμναὶ
2517 4820 2624 4871 τιῖιν
2652 4818 2923 4886 σωμάτων
2963 4817 3169 4887 ψυχαί·
3213 4818 3509 4889 καθαῖρον-ν

1930 4924 2021 4958 ται
2051 4907 2147 4975 μὲν
2180 4909 2308 4976 γάρ,
2356 4909 2449 4959 καὶ
2476 4909 2584 4960 τῶν
2619 4907 2908 4977 ἁμαρτιῶν
2935 4913 3131 4976 ἄφεσιν
3166 4908 3505 4977 λαμϐάνουσι

1931 4997 2018 5051 διά
2058 5000 2168 5053 τῶν
2203 4999 2379 5070 εὐχῶν
2423 5001 2534 5053 τῶν
2568 5002 2780 5067 ἱερέων,
2812 5001 2905 5052 καὶ
2936 5003 3037 5070 τῆς
3085 5003 3365 5070 μεσιτείας
3395 5003 3507 5054 τῶν

1934 5092 2144 5161 δώρων,
2171 5093 2280 5145 τῶν
2309 5092 2388 5145 ἔτι
2407 5094 2627 5156 ζώντων
2653 5093 2806 5146 οὐδὲν
2826 5093 3068 5149 ἔλαττον.
3100 5093 3506 5163 Ἀμαρτάνουσι

1932 5182 1989 5235 δὲ
2019 5185 2195 5249 οὐδὲν,
2221 5184 2342 5237 οὐδὲ
2372 5184 2758 5254 προστιθέασιν
2789 5183 3111 5256 ἐγκλήματα
3137 5187 3232 5238 νέα
3264 5188 3373 5248 τοῖς
3403 5204 3508 5238 πα-

1935 5273 2129 5339 λαιοῖς,
2175 5275 2361 5343 ὥσπερ
2411 5275 2470 5325 τὸ
2517 5275 2771 5328 πλεῖστον
2808 5275 2921 5344 ἔχει
2957 5275 3064 5330 τῶν
3097 5275 3338 5340 ζώντων,
3366 5277 3505 5327 ἀλλὰ

1930 5369 2090 5436 μόνον
2131 5369 2161 5435 ἢ
2199 5366 2481 5426 παντελῶς
2516 5368 2768 5435 ἀφίενται
2803 5367 2984 5436 πάσης
3025 5367 3276 5435 εὐθύνης,
3307 5369 3342 5431 ἦ
3371 5366 3504 5434 γοῦν

1925 5456 2218 5526 ἀφαιροῦσι
2251 5455 2358 5507 τῶν
2385 5456 2748 5527 ἐγκλημάτων
2779 5459 2902 5510 ἀεί’
2935 5460 3026 5511 καὶ
3059 5457 3204 5510 οὕτω
3238 5458 3374 5527 πρὸς
3400 5455 3504 5527 τὴν

1930 5548 2219 5615 μετουσίαν
2254 5547 2348 5599 τοῦ
2381 5549 2634 5619 Σωτῆρος
2661 5550 3005 5620 ἑτοιμότερον
3033 5549 3219 5617 ἔχουσι
3246 5551 3340 5602 καὶ
3369 5547 3504 5600 κάλ-

1926 5639 2060 5704 λιον,
2096 5639 2154 5690 οὐ
2205 5639 2365 5707 μόνον
2417 5640 2523 5693 τῶν
2576 5640 2836 5694 πλειόνων
2875 5643 2926 5693 ἐκ
2988 5640 3199 5709 σώμε-,τι
3255 5639 3498 5706 ζώντων,
