3992 6202
447 328 555 395 4ίῦ

1629 354 2025 418 LITURGIE
2069 360 2496 424 EXPOSITIO.

3581 363 3644 423 46
3656 362 3682 418 '3

445 441 579 496 ἀλλὰ
616 447 708 498 καὶ
739 451 888 517 σφῶν
917 454 1120 520 αὐτῶν,
1155 458 1200 510 εἰ
1247 463 1385 530 μετὰ
1440 464 1686 530 σώματος
1718 465 1875 538 ἦσαν.
1908 474 1990 526 Κα

2121 475 2249 529 bent
2284 475 2605 544 plurihusin
2669 489 2900 544 corpore
2931 474 3254 538 virentibus,
3319 483 3484 544 atque
3547 475 3682 528 adeo

444 535 578 588 αὐτὸ
603 537 658 589 δὲ
688 540 847 594 τοῦτο
888 547 1069 611 μόνον,
1095 550 1155 602 τὺ
1186 554 1397 621 γυμνὰς
1426 555 1564 610 εἶναι
1598 559 1690 610 τοῦ
1732 561 2005 632 σώματος,

443 627 890 701 ἐπιτηδειοτέρας
912 636 1129 692 δίδωσιν
1157 640 1294 698 εἶναι
1329 649 1422 699 πο)
1434 647 1508 718 λῷ
1531 651 1669 722 πρὸς
1691 654 1786 723 τὴν
1815 627 2011 724 μετουέ

445 718 566 771 σίαν
593 721 700 773 τῶν
732 730 1070 798 μυστηρίων,
1128 735 1156 803 ἢ
1186 736 1407 794 δυνατὸν
1458 739 1545 812 ἦν,
1577 746 1636 797 τό
1661 745 1820 817 σῶμα
1850 767 2009 818 περι-

443 814 727 905 κειμένας.
762 817 976 872 Πολλῶν
1006 825 1113 891 γὰρ
1138 829 1315 882 οὐσῶν
1349 832 1444 884 καὶ
1463 814 1880 905 διαφόρωννὲκεῖ
1902 814 2009 894 τῶν

445 902 644 1002 μονῶν,
681 907 763 1002 ἵνα
797 913 906 963 πᾶν
956 916 1154 986 μέτρον
1193 921 1393 994 ἀρετῆς
1441 902 1669 1000 τιμηθῇ,
1703 932 1798 984 καὶ
1843 933 2009 1002 μηδὲν

441 992 730 1096 ἄμισθονῇ
764 1004 912 1096 παρά
940 1007 1017 1076 τῷ
1045 1008 1235 1082 δικαίῳ
1281 992 1374 1068 καί
1403 992 1772 1094 φιλανθρῶπῳ
1806 992 1968 1096 κριτῇ
1991 1042 2004 1055 °

443 1087 700 1183 καθάπερ
733 1094 781 1144 οί
813 1096 923 1148 τῶν
960 1101 1233 1168 μεγίστων
1267 1107 1408 1172 ἄξιοι
1436 1111 1633 1181 γερῶν,
1667 1116 1756 1166 καὶ
1787 1087 2004 1183 τέλειοι,

443 1177 538 1228 καὶ
565 1179 669 1247 τῆς
706 1183 919 1250 τελείας
956 1194 1360 1265 μακαριότητος
1393 1199 1738 1272 κληρονόμοι,
1771 1207 2004 1273 Παῦλος,

441 1269 533 1321 καὶ
553 1271 705 1334 εἴτις
721 1275 840 1327 κατ’
858 1279 1085 1347 ἐκεῖνον,
1107 1286 1490 1359 καθαρώτερον
1510 1293 1678 1362 αὐτῆς
1701 1296 2008 1350 ἀπολαύου-

440 1373 526 1455 σιν
572 1361 957 1433 ἀναλύσαντες,
1003 1369 1036 1439 ἢ
1096 1373 1183 1425 ὅτε
1233 1376 1310 1447 τῷ
1349 1378 1449 1448 βίῳ
1484 1381 1658 1452 τούτῳ
1708 1385 1961 1455 παρῆσαν
1988 1402 2002 1418 ο

437 1447 585 1502 οὕτω
619 1455 713 1505 καὶ
742 1457 841 1526 τῆς
873 1463 1100 1531 μετρίας
1133 1468 1258 1530 τοὺς
1309 1470 1442 1538 πρὸς
1473 1474 1726 1546 τοιαύτην
1760 1478 2006 1532 ἀνάπαυ-

440 1557 526 1636 σιν
553 1549 918 1614 τεταγμένους
939 1555 1083 1619 sub;
1117 1557 1337 1628 ἄμεινον
1359 1569 1648 1634 τυγχάνειν
1670 1569 2006 1636 ἀπελθόντας

436 1633 671 1734 ἐνθένδε,
719 1640 927 1734 ημετά
965 1647 1218 1718 σώματος
1249 1633 1494 1720 ζῶντας,
1547 1661 1788 1734 Ἐδείχθη
1825 1664 1880 1717 δὲ
1927 1633 1998 1728 ὡς

436 1727 586 1778 πᾶσα
612 1728 802 1801 ψυχῶν
833 1735 1159 1804 ἀνάπαυσις,
1197 1747 1292 1797 καὶ
1323 1748 1430 1800 πᾶν
1458 1744 1620 1804 ἆθλον
1655 1754 1882 1824 ἀρετῆς,
1907 1757 2003 1810 καὶ

436 1819 634 1918 tincpr
691 1824 788 1876 καὶ
847 1829 1053 1896 μεῖζον,
1103 1835 1252 1887 οῦδὲν
1304 1840 1451 1893 ἐστιν
1495 1842 1681 1913 ἕτερον
1711 1844 1740 1914 ἢ
1775 1847 1802 1898 ὁ
1837 1846 2002 1918 ἄρτος
2031 1807 2079 1867 Β

433 1902 610 2012 ουτος,
645 1916 737 2012 καὶ
772 1917 931 1972 τοῦτο
958 1923 1020 1975 τὸ
1047 1927 1327 1997 ποτήριον,
1371 1934 1723 2006 καταλλήλως
1754 1939 2002 2012 ἑκατέρῳ

431 1998 606 2100 γένει,
631 2003 860 2100 ἐώντων
893 2010 1034 2078 λέγω
1069 2020 1163 2068 καὶ
1188 2022 1419 2090 νεκρῶν,
1451 1998 2000 2100 μεταλαμϐανόμεναι.

563 2096 720 2150 τοῦτο
747 2100 852 2172 γὰρ
878 2105 970 2156 καὶ
999 2107 1026 2157 ὁ
1058 2109 1260 2180 Κύριος
1283 2113 1380 2183 τὴν
1406 2115 1464 2166 ὲν
1509 2117 1584 2187 τῷ
1614 2093 1864 2188 μέλλοντι
1895 2124 2002 2178 τῶν

432 2184 607 2251 ἁγίων
634 2190 930 2248 ἀπόλαυσιν
978 2197 1194 2254 δεῖπνον
1237 2204 1498 2260 ἐκάλεσεν
1522 2225 1536 2238 ·
1557 2184 1660 2264 ἶνα
1695 2213 1842 2286 δείξῃ
1867 2216 1999 2268 ταύο

429 2293 529 2345 της
561 2284 659 2350 τῆς
685 2287 964 2354 τραπέζης
994 2293 1160 2362 μηδὲν
1189 2292 1329 2350 εἶναι
1366 2301 1527 2355 πλέον
1555 2304 1690 2360 ἐκεῖ.
1724 2284 2001 2365 Οὕτω-καὶ

430 2371 572 2442 ὑπὲρ
627 2375 736 2429 τῶν
789 2380 1154 2451 ἀπελθόντων,
1189 2389 1379 2461 ὥσπερ
1430 2394 1571 2462 ὑπὲρ
1620 2398 1727 2451 τῶν
1780 2399 1999 2463 ζώντων

430 2464 631 2562 εστὶνλή
661 2467 779 2562 θεία
820 2474 920 2542 τῆς
950 2477 1298 2549 εὐχαριστίας
1347 2486 1627 2557 ἱερουργία
1647 2508 1661 2521 '
1688 2494 1780 2547 καὶ
1806 2496 1999 2562 διττῶς

429 2556 810 2628 ἁγιαζομένων
836 2567 1083 2635 ἐκείνων,
1117 2573 1192 2636 ὡς
1228 2577 1464 2646 εἴρηται,
1495 2581 1688 2647 διττῶς
1721 2590 1812 2640 καὶ
1841 2591 1997 2643 αὐτοὶ

430 2647 770 2716 ἁγιάζονται,
796 2657 888 2709 καὶ
933 2661 1229 2733 οὐδετέρως
1262 2667 1483 2722 ἔλαττον
1513 2671 1697 2742 ἔχουσι
1732 2676 1840 2729 τῶν
1865 2678 1999 2743 ζών-

429 2764 533 2803 των
559 2755 608 2806 οί
645 2760 1038 2829 μεταστάντες,
1062 2765 1178 2818 ἀλλ’
1202 2768 1348 2821 ἔστιν
1393 2771 1538 2835 ὅπως
1571 2775 1661 2828 καὶ
1700 2778 1904 2847 μεῖζον.

984 3033 1238 3094 κεςιΑΛ.
1280 3038 1430 3108 Μετ’.

510 3114 644 3182 Πῶς
671 3117 760 3172 ἀεὶ
796 3120 867 3174 τὰ
900 3122 1057 3190 δῶρα
1086 3128 1272 3182 ταῦτα
1301 3130 1485 3187 δεκτά
1508 3136 1625 3191 εἶσι
1653 3137 1731 3203 τῷ
1757 3138 1899 3205 Θεῷ.

503 3205 732 3301 Ἐςρεξῆς
771 3208 831 3301 δέ
884 3214 1099 3269 κάκεῖνο
1147 3220 1472 3288 σκοπῶμεν·
1501 3225 1579 3278 ὅτι
1629 3227 1726 3295 μὲν
1753 3230 1860 3282 ἀπὸ
1893 3231 1990 3301 τῆς

419 3293 644 3364 τελετῆς
675 3298 996 3366 ἁγιαζονται
1027 3305 1229 3371 πάντες
1259 3311 1305 3362 οί
1337 3313 1533 3378 πιστοὶ,
1560 3313 1713 3385 δῆλον
1744 3318 1852 3371 ἀπὸ
1880 3293 1989 3375 τῶν

417 3385 768 3456 εἰρημένων·
800 3396 848 3445 εἰ
878 3395 934 3448 δὲ
965 3396 1059 3450 καὶ
1102 3399 1358 3467 πάντοτε,
1397 3403 1580 3474 ζητεῖν
1626 3407 1796 3474 ἄξιον.
1837 3412 1988 3467 Ἐπεὶ

416 3476 747 3573 γὰρᾼδώρων
779 3485 897 3537 ἐστὶ
943 3491 1277 3562 προσαγωγὴ
1311 3493 1342 3562 ἡ
1391 3495 1692 3564 ἱερουργία,
1724 3499 1794 3553 τὰ
1838 3501 1988 3573 δῶρα

415 3567 471 3659 δὲ
503 3570 564 3622 οὐ
621 3573 852 3629 πάντοτε
912 3579 1080 3635 δεκτά
1133 3584 1288 3653 παρά
1326 3587 1404 3653 τῷ
1455 3587 1594 3659 Θεῷ,
1623 3591 1738 3644 ἀλλ’
1778 3567 1988 3650 ἔστινᾶ

412 3658 500 3714 διὰ
530 3663 631 3732 τὴν
667 3671 934 3738 πονηρίαν
963 3672 1069 3726 τῶν
1103 3677 1512 3745 προσαγόντων,
1545 3683 1636 3734 καὶ
1672 3686 1984 3753 μισοῦνται,

414 3754 508 3803 καὶ
563 3755 1020 3828 ἀποπέμπονται·
1056 3766 1150 3818 καὶ
1200 3768 1390 3821 τούτου
1441 3771 1632 3825 πολλαὶ
1685 3775 1786 3844 μὲν
1833 3780 1986 3849 παρά

412 3848 525 3907 τοῖς
559 3849 831 3916 παλαιοῖς,
872 3856 1062 3912 πολλαὶ
1082 3859 1137 3910 δὲ
1173 3862 1324 3930 παρὰ
1357 3865 1471 3925 τοῖς
1503 3865 1561 3917 ἐν
1589 3866 1773 3936 χάριτι
1819 3848 1984 3933 ζῶσιν

412 3941 466 3989 αἰ
497 3941 820 4010 ἀποδείξεις,
853 3945 1104 4018 ζητῶμεν
1138 3955 1211 4023 μή
1245 3972 1372 4008 ποτε
1405 3958 1498 4012 καί⁵
1538 3960 1713 4013 ταῦτα
1739 3962 1806 4014 τὰ
1834 3963 1982 4034 δῶρα

413 4034 587 4126 ένίοτε
641 4038 820 4109 μάτην
881 4045 1316 4116 ίερουργοῦνται,
1368 4053 1443 4122 μὴ
1496 4055 1856 4126 ἁγιαζόμενοι,
1907 4061 1982 4124 ὡς

411 4123 634 4193 ἄδεκτα,
673 4132 813 4183 κατά
860 4134 960 4203 τὴν
1012 4139 1348 4208 ἐπαγγελίαν
1378 4145 1477 4214 τῆς
1521 4123 1768 4217 τελετῆς,
1808 4123 1883 4212 ὦς
1916 4151 1982 4203 ἂν

409 4217 510 4269 οὐκ
542 4219 629 4271 ἀεὶ
671 4224 822 4292 παρά
857 4226 1075 4294 ἀγαθῶν
1125 4233 1354 4302 ἀνδρῶν,
1389 4237 1502 4290 ἀλλ’
1549 4238 1697 4296 ἔστιν
1746 4243 1833 4297 ὅτε
1887 4246 1979 4298 καὶ

408 4317 665 4384 πονηρῶν
693 4323 1135 4392 προσφερόμενα.
1168 4327 1289 4380 Ὀτι
1323 4329 1430 4398 γὰρ
1459 4333 1485 4384 ό
1517 4332 1649 4396 Θεὸς
1676 4337 1772 4388 καὶ
1810 4337 1980 4392 ταῦτα

2114 570 2279 623 etiam
2315 571 2508 639 seipsis
2551 571 2594 624 si
2627 582 2810 625 essent
2872 586 2994 624 cum
3044 586 3293 640 corpore.
3323 571 3463 636 Quin
3515 571 3678 624 etiam

2112 664 2216 718 hoc
2258 665 2434 733 ipsum
2469 666 2642 719 solum
2702 668 2841 734 quod
2886 667 3092 720 scilicet
3133 675 3260 720 sunt
3303 665 3462 719 nudae
3489 679 3684 732 corpo-

2113 774 2190 822 re,
2218 758 2379 812 eﬁicit
2438 770 2494 813 ut
2520 761 2626 813 sint
2658 761 2825 813 multo
2855 760 3091 828 aptiores
3121 760 3183 811 ad
3212 758 3678 825 participationem

2112 853 2497 922 mysteriorum
2527 894 2541 916 ,
2583 871 2746 924 quam
2802 854 2916 907 ﬁeri
2975 862 3156 921 lossct
3189 853 3233 906 si
3289 862 3471 907 essent
3525 864 3680 906 tectie
3723 867 3729 873 ·

2111 959 2356 1014 corpore.
2377 945 2510 1000 Cum
2533 949 2676 1000 enim
2708 947 2812 1001 sint
2845 947 2950 1000 illic
2981 947 3161 999 inulta:
3195 946 3491 998 ctdiversa:
3523 961 3681 998 mau-

2112 1037 2391 1102 siones,ut
2418 1041 2597 1092 omnis
2635 1040 2852 1092 virtutis
2885 1039 3075 1092 modus
3122 1039 3438 1102 honoretur,
3472 1045 3525 1090 et
3545 1037 3677 1090 nihil

2111 1127 2182 1180 sit
2237 1143 2342 1181 non
2378 1139 2784 1206 remuneratum
2827 1130 2968 1197 apud
3007 1131 3215 1198 justum
3267 1140 3319 1183 et
3354 1131 3674 1183 clementem

2106 1218 2347 1287 iudicem
2384 1211 2402 1274 ἑ
2435 1221 2894 1288 quemadmodum
2925 1222 3018 1289 qui
3053 1230 3179 1274 sunt
3215 1221 3469 1274 maximis
3525 1220 3672 1287 digni

2109 1309 2348 1376 praemiis
2429 1320 2481 1363 et
2571 1309 2796 1378 perfecti
2878 1311 3237 1381 perfectaeque
3323 1311 3674 1364 beatitudinis

2107 1395 2371 1459 haeredes.
2407 1394 2634 1460 Paulus,
2685 1408 2736 1451 ct
2767 1398 2810 1451 si
2842 1399 2964 1467 quis
3022 1410 3104 1453 est
3137 1399 3432 1467 ejusmodi,
3458 1413 3519 1452 ea
3573 1414 3673 1458 pu-

2106 1488 2224 1542 rius
2289 1487 2544 1544 fruuntur
2603 1491 2878 1556 dissoluti,
2912 1507 3073 1560 quam
3133 1507 3254 1544 cum
3315 1492 3368 1544 in
3435 1493 3534 1544 hac
3565 1490 3670 1542 vita

2107 1579 2366 1634 aderant:
2409 1581 2478 1634 ita
2511 1581 2602 1648 qui
2643 1583 2944 1637 mediocres
3000 1583 3053 1635 in
3097 1586 3198 1636 hac
3256 1582 3438 1650 quiete
3502 1582 3674 1634 collo-

2107 1671 2237 1731 cati.
2279 1686 2374 1725 eos
2399 1681 2817 1727 consentaneum
2860 1682 2942 1726 est
2974 1673 3168 1726 melius
3215 1687 3272 1726 se
3303 1671 3667 1731 llﬂilﬁl‘C,Cllm

2108 1760 2234 1815 hinc
2259 1762 2607 1826 recesserint,
2650 1777 2812 1830 quam
2850 1763 2977 1816 dum
3021 1763 3212 1816 vivunt
3241 1776 3361 1814 cum
3416 1774 3669 1826 corpore.

2108 1853 2395 1907 Ostensum
2424 1861 2506 1906 est
2533 1859 2710 1906 autem
2765 1852 2908 1916 quod
2945 1852 3122 1906 omnis
3160 1851 3315 1920 quies
3361 1849 3669 1902 animarum

2107 1953 2162 1998 et
2190 1957 2350 1998 omne
2372 1945 2651 2013 prazmium
2682 1945 2920 2006 virtutis,
2951 1945 3068 1998 sive
3103 1959 3354 2012 parvum,
3389 1945 3504 1996 sive
3561 1958 3676 1994 ma.

2106 2049 2294 2104 gnum,
2329 2049 2435 2087 non
2478 2035 2730 2089 estaliud
2767 2051 2929 2104 quam
2971 2035 3061 2090 hic
3089 2036 3246 2104 panis
3282 2042 3336 2088 et
3391 2033 3475 2086 hic
3507 2035 3668 2095 calix,

2104 2140 2223 2194 qua!
2245 2125 2312 2179 ab
2344 2124 2612 2193 utrisque,
2637 2127 2774 2181 viris
2825 2128 3044 2192 inquam
3089 2133 3141 2178 et
3173 2123 3426 2186 mortuis.
3475 2138 3674 2177 conre-

2104 2216 2322 2270 nientcr
2379 2217 2797 2286 participantur.
2861 2217 3155 2286 Propterea
3207 2215 3354 2269 enim
3410 2213 3670 2268 Christus

2104 2324 2318 2378 quoque
2357 2317 2674 2362 sanctorum
2727 2309 2778 2360 in
2841 2307 3028 2362 futuro
3080 2307 3394 2360 fruitionem
3458 2319 3667 2358 cmnam

2103 2399 2335 2464 vocavit,
2372 2412 2429 2452 ut
2463 2399 2779 2454 ostenderet
2809 2398 2944 2452 nihil
2997 2397 3107 2452 illic
3142 2413 3266 2454 esse
3305 2408 3668 2468 prmterquam

2104 2503 2350 2542 mensam
2384 2505 2397 2543 :
2436 2490 2506 2543 ita
2539 2493 2702 2543 etiam
2733 2505 2830 2559 pro
2870 2487 3142 2544 defunctis
3199 2487 3344 2542 sicut
3381 2498 3429 2540 et
3465 2504 3561 2557 pro
3592 2487 3672 2538 vi-

2102 2580 2203 2644 vis,
2241 2589 2324 2635 est
2354 2581 2599 2635 divinum
2631 2579 2984 2635 Eucharistiae
3035 2579 3366 2635 sacriﬁcium
3401 2596 3415 2643 ;
3457 2589 3511 2632 et
3543 2592 3665 2630 cum

2099 2672 2413 2741 dupliciter,
2442 2681 2500 2725 ut
2523 2673 2729 2726 dictum
2764 2681 2869 2735 est,
2893 2672 3321 2730 sanctiﬁcentur.
3381 2669 3482 2738 ipsi
3516 2683 3670 2736 quo-

2100 2776 2204 2831 que
2234 2763 2445 2816 duobus
2477 2764 2655 2816 modis
2693 2763 3127 2826 sanctiﬁcantur,
3173 2769 3227 2813 et
3257 2767 3450 2812 neutro
3507 2759 3669 2810 modo

2100 2864 2232 2911 sunt
2263 2853 2297 2906 ii
2331 2854 2423 2924 qui
2453 2855 2776 2923 migrarunt,
2801 2855 3055 2908 deteriori
3100 2849 3417 2906 conditione
3459 2849 3526 2904 iis
3570 2849 3664 2917 qui

2098 2947 2312 3012 Vir-unt,
2343 2947 2436 3001 sed
2469 2947 2654 3017 aliquo
2675 2949 2836 3002 modo
2860 2949 3020 3001 etiam
3045 2944 3278 3000 meliori.

2686 3039 2836 3093 CAP.
2889 3037 3074 3092 XLVI.

2020 3135 2064 3194 ϐ
2099 3131 2371 3198 Quomodo
2407 3133 2586 3185 eadem
2615 3149 2814 3202 semper
2842 3132 2982 3186 dona
3017 3149 3046 3185 a
3076 3132 3179 3186 Deo
3206 3132 3403 3199 suscipi
3429 3135 3662 3200 possunt.

2166 3225 2299 3280 Illud
2349 3235 2528 3280 autem
2567 3227 2822 3296 deinceps
2851 3225 3280 3279 consideremus.
3331 3223 3487 3290 Quod
3519 3222 3661 3275 enim

2091 3334 2156 3374 ex
2189 3333 2350 3374 sacro
2385 3320 2642 3390 mysterio
2666 3335 2859 3373 omnes
2891 3317 3270 3372 sacriﬁcantur
3304 3315 3519 3379 ﬁdeles,
3554 3314 3666 3368 cla-

2091 3431 2213 3470 rum
2255 3428 2334 3468 cst
2380 3429 2446 3467 ex
2483 3413 2548 3466 iis
2582 3429 2702 3482 qua:
2752 3413 2897 3468 dicta
2945 3420 3092 3466 sunt.
3137 3412 3219 3464 An
3267 3419 3448 3465 autem
3498 3411 3660 3462 etiam

2091 3523 2331 3577 semper,
2355 3522 2534 3577 Opera:
2567 3505 2798 3575 pretium
2825 3514 2909 3559 est
2931 3519 3198 3574 qumrere.
3221 3503 3487 3570 Quoniam
3513 3503 3659 3557 cnim

2087 3600 2355 3654 donorum
2388 3611 2472 3654 est
2505 3599 2708 3652 oblatio
2742 3597 3098 3661 sacriﬁcium,
3134 3600 3275 3649 dona
3318 3606 3499 3649 autem
3547 3610 3656 3647 non

2087 3705 2305 3759 semper
2334 3706 2362 3743 a
2397 3690 2504 3742 Deo
2539 3689 2938 3756 suscipiuntur,
2958 3687 3049 3741 sed
3077 3695 3204 3739 sunt
3230 3685 3512 3745 nonnulla,
3536 3699 3658 3752 qua:

2086 3791 2307 3850 propter
2337 3795 2521 3833 eorum
2559 3780 2650 3847 qui
2717 3777 2953 3831 oli‘erunt
2994 3776 3424 3845 improbitatem,
3454 3784 3506 3827 et
3531 3773 3656 3826 odio

2087 3872 2378 3930 habentur,
2412 3881 2465 3924 et
2495 3870 2853 3939 repudiantur
2882 3885 2895 3920 :
2927 3877 2979 3922 et
3004 3869 3185 3920 multm
3219 3875 3348 3919 sunt
3379 3865 3544 3934 hujus
3577 3866 3652 3917 rei

2086 3971 2138 4016 et
2171 3962 2310 4031 apud
2356 3971 2584 4024 veteres,
2613 3971 2666 4015 et
2694 3960 2836 4029 apud
2873 3975 2965 4012 eos
3000 3961 3088 4028 qui
3136 3959 3322 4010 vivunt
3356 3957 3407 4009 in
3440 3957 3610 4021 gratia
3639 3997 3652 4015 ,

2084 4054 2435 4125 probationes
2470 4068 2482 4104 :
2516 4067 2827 4122 quaeramus
2864 4051 3114 4119 nunquid
3156 4050 3267 4102 lucc
3317 4050 3459 4101 dona
3512 4062 3650 4099 non-

2085 4160 2365 4216 nunquam
2397 4144 2596 4198 frustra
2625 4144 3062 4205 sanctiﬁcantur,
3099 4156 3207 4193 non
3237 4140 3565 4204 saeriﬁcata,
3594 4146 3653 4191 ut

2081 4254 2204 4309 qua:
2244 4253 2349 4290 non
2382 4237 2489 4291 sint
2520 4245 2764 4305 accepta,
2792 4245 2850 4290 ut
2885 4251 3101 4290 Sacrum
3129 4235 3423 4304 proﬁtetur
3450 4243 3654 4300 myste-

2082 4333 2262 4396 rium,
2292 4340 2350 4383 ut
2385 4345 2506 4398 qua:
2540 4345 2646 4383 non
2693 4343 2904 4397 semper
2937 4343 2964 4380 a
3001 4328 3133 4381 viris
3167 4326 3344 4388 bonis,
3378 4327 3471 4379 sed
3515 4341 3654 4377 non-

407 4408 472 4458 τὶ
500 4407 653 4478 δῶρα
690 4412 1116 4484 ἀποστρέφεται,
1144 4419 1271 4472 ὅταν
1294 4421 1321 4474 ὁ
1347 4424 1636 4494 προσάγων
1690 4427 1887 4499 ἐναγὴς
1920 4428 1974 4503 ἦ,

407 4495 560 4521 2.9.---
618 4496 733 4521 ινφ
814 4506 827 4521 ε
893 4507 947 4521 η-
1029 4510 1042 4521 .
1141 4511 1154 4521 .
1288 4512 1311 4521 -
1534 4519 1552 4521 -.
1605 4519 1640 4521 __
1690 4518 1698 4521 _
1799 4520 1802 4521 ,
1925 4490 1934 4504 '

2093 4437 2360 4492 nunquam
2390 4423 2552 4476 ctiam
2578 4437 2606 4475 a
2631 4421 2787 4476 malis
2813 4419 3130 4476 oﬁ‘erantnr.
3156 4420 3310 4484 Quod
3338 4419 3482 4471 enim
3512 4417 3652 4470 Deus

404 4495 582 4564 δῆλον,
615 4501 675 4565 ἐξ
701 4496 776 4556 ὧν
805 4506 837 4574 ἡ
893 4507 1187 4580 ’ίσζκκλησία
1220 4512 1377 4566 τοῦτο
1410 4519 1569 4571 ποιεῖ.
1603 4518 1710 4570 Καὶ
1749 4495 1858 4592 γὰρ
1884 4495 1978 4586 οθΙς

405 4589 512 4646 οἶδε
540 4598 817 4668 θανάσιμα
847 4602 1282 4672 ἁμαρτάνοντας,
1300 4610 1397 4662 οὐκ
1427 4612 1492 4680 ἐᾷ
1521 4615 1588 4666 τὰ
1618 4608 1843 4670 τοιαῦτα
1868 4616 1973 4670 δω-

407 4691 700 4757 ροφορεῖν·
740 4693 843 4746 κᾶν
897 4698 1266 4767 τολμήσωσιν,
1301 4702 1362 4753 οὐ
1415 4704 1802 4776 παραδέχεται,
1859 4709 1976 4762 ἀλλ’

404 4779 701 4833 ἁποδιὼκει
738 4786 875 4851 μετά
925 4788 1032 4838 τῶν
1080 4789 1288 4859 δώρων.
1335 4792 1474 4845 Ἀλλ’
1503 4796 1623 4847 ἐπεὶ
1663 4798 1722 4848 οὐ
1769 4799 1976 4862 πάντας

405 4870 530 4931 τοὺς
585 4872 862 4937 τοιούτους
915 4877 946 4946 ἡ
999 4878 1297 4949 Ἐκκλησία
1349 4877 1456 4934 οἶδε
1505 4884 1704 4948 καλῶς,
1759 4886 1873 4939 ἀλλ’
1927 4889 1975 4940 οί

403 4961 627 5026 πλείους
657 4964 1002 5033 λανθάνουσι,
1033 4972 1126 5022 καὶ
1157 4972 1228 5025 τὰ
1255 4973 1402 5041 δῶρα
1434 4975 1667 5045 αὐτώνή
1698 4976 1817 5029 θεία
1845 4980 1977 5048 τρά-

403 5055 547 5116 πεζα
578 5055 815 5123 δέχεται,
840 5061 893 5111 τί
924 5062 1029 5132 χρὴ
1053 5064 1180 5134 περὶ
1210 5065 1434 5119 ἐκείνων
1468 5068 1576 5120 τῶν
1599 5067 1785 5138 δώρων
1811 5071 1974 5138 γινώ-

401 5162 598 5211 σκειν;
631 5143 779 5217 Ἀρα
832 5151 1034 5204 ἄδεκτα
1085 5155 1234 5220 παρὰ
1280 5155 1358 5224 τῷ
1406 5155 1544 5226 Θεῷ,
1579 5158 1670 5210 καὶ
1699 5157 1975 5229 ἁγιασμοῢ

399 5239 606 5300 παντὸς
644 5240 866 5310 ἕρημαξ
925 5243 1034 5294 Καὶ
1082 5246 1130 5296 εἰ
1181 5244 1339 5297 τοῦτο
1373 5245 1573 5314 δοθείη,
1604 5247 1799 5315 ἄδηλον
1843 5248 1974 5301 πότε

397 5331 555 5396 ἅγια,
583 5331 678 5384 τοῦ
707 5334 912 5402 τρόπου
941 5335 1051 5388 τῶν
1079 5337 1461 5405 προσαγόντων
1499 5340 1573 5402 ὡς
1623 5338 1714 5392 ἐπὶ
1741 5340 1799 5393 τὸ
1829 5341 1980 5393 πλεῖ-

398 5439 530 5477 στον
587 5425 1088 5497 ἀμφιὸαλλομένου,
1141 5429 1172 5498 ἢ
1241 5431 1517 5494 παντελῶς
1581 5433 1972 5502 ἀγνοουμένου,

395 5517 495 5569 καὶ
549 5516 722 5581 οὕτως
753 5520 1191 5590 ἀμφιγνόοῦντας
1220 5524 1313 5575 καὶ
1344 5524 1513 5594 χωρὶς
1543 5525 1775 5589 πίστεως
1809 5545 1976 5596 προσ-

396 5607 734 5678 ερχομένους
784 5613 898 5674 τοῖς
923 5615 1245 5683 μυστηρίοις
1269 5615 1484 5688 ἀνάγκη
1520 5618 1684 5688 μηδὲν
1713 5621 1843 5690 παρ’
1871 5620 1973 5671 αὺ-

399 5701 507 5752 τῶν
545 5701 672 5764 τοὺς
723 5703 948 5766 πιστοὺς
983 5704 1331 5773 ὠφελεῖσθαι.
1377 5708 1444 5762 Τί
1493 5709 1585 5762 οὖν
1620 5711 1754 5780 πρὸς
1800 5709 1974 5766 ταῦτα

397 5790 546 5846 ἔστιν
571 5794 747 5846 εἰπεῖν
772 5813 786 5863 ;
821 5795 941 5850 Ὀτι
970 5798 1151 5870 διττῆς
1183 5799 1347 5872 οὔσης
1379 5801 1476 5872 τῆς
1498 5802 1602 5856 τῶν
1631 5802 1814 5873 δώρων
1840 5821 1972 5874 προ·

2086 4515 2250 4568 etiam
2281 4513 2399 4566 hazc
2436 4513 2580 4568 dona
2613 4522 2918 4576 aversatur,
2954 4511 3173 4582 quando
3205 4511 3372 4564 fuerit
3414 4509 3652 4563 scelera-

2083 4617 2168 4660 tus
2208 4605 2254 4659 is
2280 4603 2370 4673 qui
2405 4602 2582 4667 oﬁ‘ert,
2611 4606 2817 4658 clarum
2847 4613 2927 4657 est
2960 4619 3024 4656 ex
3057 4621 3121 4658 eo
3150 4603 3292 4671 quod
3327 4601 3450 4655 fecit
3473 4600 3657 4655 Eccle-

2083 4697 2184 4750 sia.
2219 4695 2447 4762 Quando
2477 4694 2621 4748 enim
2657 4694 2809 4747 novit
2841 4693 2933 4763 qui
2970 4694 3222 4748 mortalia
3260 4702 3511 4762 peccant.
3545 4710 3649 4746 non

2081 4788 2212 4844 sinit
2245 4804 2338 4843 eos
2369 4788 2482 4842 haec
2509 4787 2651 4840 dona
2683 4785 2899 4850 olIerre,
2929 4793 3004 4849 et,
3046 4785 3088 4838 si
3129 4785 3246 4838 ausi
3281 4785 3504 4844 fuerint.
3536 4800 3647 4836 non

2081 4880 2329 4949 suscipit,
2369 4879 2466 4933 sed
2513 4894 2608 4933 eos
2647 4894 2676 4931 a
2728 4876 2888 4933 donis
2943 4875 3178 4944 repellit.
3237 4875 3338 4929 Sed
3391 4880 3647 4946 quoniam

2080 4987 2272 5025 omnes
2310 4970 2442 5025 tales
2475 4978 2622 5024 recte
2662 4985 2770 5024 non
2810 4968 2956 5022 novit
3005 4967 3244 5022 Ecclesia
3271 5009 3286 5034 ,
3336 4970 3427 5023 sed
3462 4969 3650 5038 plures

2079 5063 2270 5126 latent,
2301 5072 2356 5117 et
2395 5077 2584 5116 eorum
2617 5067 2761 5118 dona
2812 5076 2966 5117 sacra
3005 5077 3192 5115 mensa
3219 5057 3482 5132 'suscipit,
3515 5064 3648 5131 quid

2080 5155 2146 5209 de
2178 5154 2285 5209 illis
2321 5155 2482 5209 donis
2516 5165 2733 5224 oportet
2778 5155 3061 5210 statuere?
3089 5172 3155 5209 an
3209 5157 3316 5208 Deo
3367 5171 3473 5209 non
3525 5172 3647 5208 esse
3670 5200 3690 5221 ,

2080 5258 2322 5318 accepta,
2359 5257 2412 5301 ct
2452 5249 2599 5302 omni
2633 5263 2752 5302 esse
2794 5246 3226 5302 sanctiﬁcatione
3256 5245 3554 5311 destituta}
3583 5244 3646 5298 Et

2080 5341 2124 5394 si
2157 5341 2262 5394 hoc
2296 5341 2480 5394 datum
2517 5339 2697 5404 fuerit,
2731 5341 2994 5393 incertum
3025 5339 3244 5408 quando
3273 5345 3483 5398 sancta,
3521 5350 3644 5388 cum

2079 5434 2146 5488 de
2191 5434 2436 5488 moribus
2485 5448 2676 5487 eorum
2721 5431 2816 5500 qui
2852 5432 3107 5494 oll'erunt,
3141 5430 3221 5483 vel
3257 5437 3315 5482 ut
3348 5429 3644 5493 plurimum

2079 5526 2382 5592 dubitctur,
2431 5525 2509 5579 vel
2549 5525 2585 5578 ii
2623 5524 2847 5578 omnino
2891 5524 3207 5590 ignorentur
3239 5538 3254 5574 :
3287 5531 3339 5573 ct
3376 5521 3448 5572 ita
3491 5520 3641 5574 lrmsi-

2081 5625 2280 5680 tantes,
2313 5625 2367 5670 et
2394 5615 2512 5669 sine
2553 5615 2654 5668 ﬁde
2688 5615 2752 5668 ad
2788 5620 3123 5666 sacramenta
3156 5611 3516 5670 accedentes.
3549 5627 3644 5664 ue-

2079 5722 2232 5763 cessc
2264 5716 2349 5761 est
2378 5705 2562 5761 lidelcs
2589 5705 2722 5758 nihil
2774 5703 2840 5755 ab
2886 5702 2965 5754 eis
2994 5701 3196 5769 juvari.
3227 5701 3366 5766 Quid
3415 5703 3480 5757 ad
3533 5702 3648 5755 lure

2079 5818 2208 5872 ergo
2239 5799 2529 5857 dicendum
2562 5808 2642 5854 cst
2663 5798 2685 5849 ?
2707 5796 2859 5862 Quod
2894 5811 3014 5850 cum
3052 5795 3117 5850 sit
3146 5795 3343 5867 duplex
3374 5797 3643 5852 donorum
