3838 6192
281 306 384 372 467

1506 315 1815 378 NICOLAI
1858 320 2251 384 CABASILIE

3415 331 3521 393 468

280 428 509 492 oblatio,
553 429 723 498 prima
755 432 970 502 quidem
1001 432 1119 502 eius
1151 437 1240 503 qui
1273 451 1336 490 ea
1381 438 1521 495 dona
1550 438 1730 499 de'ert
1774 447 1830 499 in

1947 441 2180 510 ιγωγῆς,
2250 442 2348 512 τῆς
2397 442 2497 512 μὲν
2533 443 2751 516 πρώτης
2804 445 2899 499 τοῦ
2930 447 3145 501 οίκοθεν
3186 449 3324 503 αὐτὰ
3359 452 3520 517 κομὶο

281 535 480 575 πηοτιυς
519 521 899 587 sacerdotum,
933 525 1171 580 secunda
1221 536 1402 584 autem
1426 571 1440 594 ,
1475 531 1728 590 Ecclesiae
1781 538 1850 591 ad

279 611 490 678 Deum;
521 614 694 682 prima
715 613 932 682 quidem
959 616 1183 681 oblatio,
1216 622 1434 689 quando
1463 633 1546 678 est
1573 626 1851 696 improbus

280 704 374 772 qui
415 703 610 769 oil‘ert,
655 715 737 759 est
769 706 971 770 inanis,
1012 719 1062 762 et
1107 711 1244 764 nihil
1288 712 1502 768 confert
1557 717 1847 784 olTerenti,

279 797 532 864 quoniam
570 797 683 865 ipse
712 805 794 853 est
825 801 1018 856 malus.
1050 803 1165 857 Non
1201 807 1344 860 enim
1374 823 1434 860 ea
1465 824 1586 878 quae
1611 811 1850 867 olferun-

279 900 384 953 tur,
421 890 532 958 ipsa
570 905 664 958 per
689 906 747 944 sc
780 902 906 946 sunt
946 893 1054 948 Deo
1107 899 1438 954 exsecranda
1467 902 1667 970 (omnis
1704 903 1847 958 enim

279 975 389 1033 Deo
423 992 675 1036 creatura
714 984 854 1038 bona
885 986 1016 1055 est).
1073 987 1326 1044 Secunda
1361 1002 1542 1046 autem
1576 1008 1696 1062 qua:
1727 993 1785 1049 (lt
1817 1011 1847 1049 a

275 1073 432 1126 bonis
460 1077 613 1134 viris.
653 1088 704 1129 et
733 1093 828 1146 pro
862 1078 952 1133 Dei
988 1081 1161 1149 gloria
1204 1093 1258 1136 et
1301 1095 1638 1152 sanctorum,
1675 1098 1728 1141 et
1760 1097 1846 1140 to-

275 1169 384 1219 tius
414 1169 559 1222 orbis
591 1171 788 1234 salute,
820 1183 872 1225 et
904 1174 1087 1238 omni,
1136 1185 1196 1230 ut
1250 1177 1415 1232 semel
1469 1179 1668 1244 diram,
1700 1178 1845 1242 iusta

272 1261 555 1327 petitione,
592 1263 728 1316 nihil
761 1274 908 1318 vetat
943 1267 1240 1334 quominus
1287 1269 1358 1324 sit
1408 1281 1653 1340 accepta.
1688 1269 1845 1325 Nulla

273 1351 418 1402 enim
451 1351 612 1405 donis
644 1351 951 1422 inquinatio
984 1355 1146 1410 allata
1175 1369 1257 1412 est
1283 1374 1312 1412 a
1338 1361 1587 1414 manibus
1610 1359 1728 1429 ejus
1753 1360 1847 1430 qui

274 1444 342 1496 ab
381 1444 537 1497 initio
565 1445 781 1512 obtulit,
821 1448 911 1502 sed
948 1463 1080 1516 pura
1115 1450 1414 1513 manentia,
1449 1451 1611 1504 etiam
1647 1468 1676 1505 a
1718 1465 1848 1506 san-

273 1536 375 1589 ctis
425 1535 630 1603 oblata,
681 1549 734 1592 et
790 1540 1232 1608 sanctiﬁcantur,
1268 1552 1325 1595 ει
1375 1543 1845 1598 sanetillcanteos

272 1631 366 1698 qui
419 1632 704 1684 accedunt.
758 1632 816 1685 ln
869 1633 1019 1687 nullo
1063 1635 1208 1687 enim
1262 1635 1492 1689 rationis
1537 1636 1842 1705 expertium

271 1721 634 1774 animantium
676 1723 756 1776 vel
783 1723 1172 1788 auimatorum,
1191 1733 1367 1794 potest
1394 1725 1633 1781 insidere
1663 1727 1840 1796 aliqua

272 1814 478 1881 peccati
516 1816 753 1869 macula.
783 1815 1076 1870 Peccatum
1101 1818 1244 1870 enim
1273 1825 1357 1871 est
1391 1818 1615 1872 morbus
1647 1819 1842 1872 volun-

273 1905 420 1969 tatis,
444 1915 495 1959 et
519 1908 690 1962 solum
723 1920 807 1963 est
831 1925 1021 1963 eorum
1053 1926 1170 1980 qum
1195 1921 1323 1967 sunt
1354 1914 1563 1967 ratione
1598 1913 1838 1984 praedita,

272 2007 494 2062 peccato
537 1998 831 2067 inquinari.
875 1999 985 2055 Cur
1014 2019 1164 2070 ergo,
1201 2004 1247 2058 si
1295 2019 1512 2072 semper
1542 2019 1675 2073 pura
1706 2011 1834 2058 sunt

273 2089 412 2140 dona
443 2105 563 2156 qua:
594 2105 622 2144 a
658 2092 815 2146 malis
847 2092 1173 2158 oﬂ'erunlur,
1228 2109 1288 2148 ea
1331 2095 1412 2149 lex
1450 2094 1704 2150 Ecclesia:
1735 2111 1840 2149 nou

274 2182 543 2250 suscipit?
594 2183 666 2238 Ut
707 2200 799 2239 eos
834 2185 924 2254 qui
983 2185 1235 2252 offerunt,
1287 2187 1599 2250 admoneat,
1648 2195 1706 2241 ut
1751 2203 1843 2241 eo-

273 2282 543 2337 guoseaut
586 2275 884 2328 maximam
932 2274 1024 2330 Dei
1059 2276 1192 2329 iram
1229 2293 1392 2346 quam
1439 2277 1553 2348 ipse
1581 2279 1840 2341 ostendit,

274 2366 364 2434 qui
402 2366 568 2420 etiam
607 2377 890 2422 creaturas
921 2384 1050 2423 suas
1089 2370 1287 2439 quibus
1335 2385 1442 2423 non
1485 2371 1643 2424 habet
1693 2373 1838 2436 quod

271 2461 568 2530 quidquam
602 2462 849 2530 corporis
888 2463 1134 2532 obiiciat,
1168 2475 1390 2534 preptcr
1436 2466 1581 2535 ipsos
1623 2481 1842 2520 aversa-

273 2561 358 2606 tur
401 2564 455 2607 et
492 2555 653 2608 habet
693 2556 820 2609 odio
853 2574 866 2609 :
902 2566 954 2609 et
1006 2571 1130 2610 cum
1179 2559 1292 2610 haec
1340 2557 1733 2618 intellenrint,
1768 2557 1835 2612 ti-

274 2656 479 2709 meant,
506 2656 558 2700 ct
585 2647 746 2702 vitam
776 2648 1049 2715 corrigant
1071 2666 1084 2712 ;
1109 2649 1224 2717 ipsa
1254 2658 1434 2702 autem
1472 2651 1613 2720 dona
1638 2650 1842 2705 nullius

273 2738 390 2789 vitii
420 2738 770 2791 condemnat.
811 2737 1103 2804 Propterea
1141 2740 1274 2792 nihil
1327 2741 1582 2809 prohibet
1624 2743 1839 2808 quenti-

276 2846 379 2885 nus
411 2846 472 2884 ea
519 2831 628 2886 siut
659 2840 878 2902 accepta
917 2843 971 2886 ει
1015 2833 1452 2897 sanetilieentur,
1487 2848 1610 2888 cum
1642 2849 1842 2888 secun-

231 2910 233 2912 ’
274 2923 394 2974 (lam
429 2921 757 2977 oblationem
791 2923 992 2978 faciant
1025 2926 1148 2980 boni
1185 2927 1305 2980 viri.
1329 2925 1434 2982 Sed
1466 2927 1664 2982 dixerit
1693 2928 1844 2998 quis-

276 3014 418 3081 piam
453 3031 466 3066 :
501 3014 663 3083 Atqui
721 3031 828 3069 non
872 3031 1065 3071 omnes
1116 3018 1207 3088 qui
1257 3019 1522 3084 olierunt,
1573 3029 1698 3074 Sunt
1742 3019 1839 3074 viri

1955 531 2136 594 ζοντος
2166 535 2245 596 είς
2271 534 2370 596 τάς
2417 535 2525 587 τῶν
2556 537 2743 607 ἱερέων
2787 540 2976 609 χεῖρας
3000 555 3013 570 ·
3048 540 3147 610 τῆς
3175 540 3232 594 δὲ
3262 542 3518 610 δευτέρας

1952 622 2053 689 τῆς
2097 623 2422 692 Ἑκκλησίας
2453 627 2590 698 πρὸς
2620 629 2710 682 τὸν
2739 629 2872 683 Θεὸν
2891 650 2906 662 ο
2931 633 2964 700 ἡ
2989 633 3089 702 μὲν
3122 631 3316 704 πρώτη
3344 649 3520 701 προσ-

1953 715 2169 782 αγωγὴ,
2215 716 2357 789 ’ὅταν
2393 719 2628 790 πονηρὸς
2681 721 2710 773 ὁ
2761 723 3054 790 προσάγων
3088 717 3144 796 ᾗ,
3172 724 3396 792 ματαία,
3427 726 3522 778 καὶ

1952 805 2101 856 οὐδὲν
2132 805 2302 876 αὐτῆς
2331 807 2523 877 ὄφελος
2555 809 2632 878 τῷ
2665 814 3052 882 προσφέροντι,
3083 813 3170 866 διά
3197 815 3258 867 τὸ
3281 815 3522 884 πονηρὸν

1952 895 2116 949 αὐτὸν
2165 893 2305 950 εἶναι
2331 913 2346 927 ⁸
2403 897 2463 953 οὐ
2498 899 2606 970 γὰρ
2638 901 2702 974 δὴ
2753 905 2822 956 τὰ
2855 906 3250 975 προσαγόμενα
3281 907 3422 959 αὐτά
3450 907 3522 959 δι’

1952 984 2119 1037 ἑαυτά
2154 988 2301 1056 παρὰ
2331 987 2407 1058 τῷ
2434 987 2549 1058 Θεῷ
2585 989 2850 1060 βδελυκτά
2896 993 2999 1063 (ὅτι
3035 997 3144 1048 πᾶν
3183 997 3387 1064 κτίσμα
3420 995 3520 1049 τοῦ

1950 1076 2084 1130 Θεοῦ
2120 1077 2329 1148 καλόν)·
2361 1081 2460 1150 τὴν
2498 1082 2553 1134 δὲ
2583 1083 2840 1154 δευτέραν
2867 1088 3020 1160 παρά
3052 1089 3274 1156 ἀγαθῶν
3305 1089 3522 1160 ἀνδρῶν

1950 1169 2265 1239 γινομένην,
2300 1171 2396 1224 καὶ
2427 1171 2569 1243 ὑπὲρ
2609 1175 2709 1244 τῆς
2760 1159 3024 1231 ⁶ποῦ’Θεοῦ
3072 1179 3253 1250 δόξης,
3279 1181 3374 1232 καὶ
3408 1180 3523 1232 τῶν

1948 1259 2140 1327 ἁγίων,
2176 1260 2268 1314 καὶ
2295 1263 2393 1329 τῆς
2429 1265 2702 1336 σωτηρίας
2741 1267 2839 1336 τῆς
2869 1270 3259 1339 οἰκουμενικῆς
3289 1271 3383 1323 καὶ
3411 1271 3521 1322 πά-

1951 1370 2048 1422 σης
2081 1351 2264 1415 ἁπλῶς
2289 1353 2502 1418 δικαίας
2533 1358 2821 1427 αἰτήσεως,
2852 1360 3005 1413 οὐδὲν
3023 1361 3224 1415 κωλύει
3269 1362 3517 1432 εὐπρόσ-

1947 1445 2136 1498 δεκτον
2196 1442 2356 1500 εἶναι.
2390 1448 2465 1502 Οὐ
2533 1451 2640 1520 γὰρ
2675 1451 2894 1521 ὲνετέθη
2940 1470 3024 1516 τις
3075 1453 3355 1524 μολυσμὸς
3404 1458 3519 1512 τοῖς

1948 1535 2140 1607 δώροις
2174 1537 2279 1592 ἀπὸ
2309 1539 2415 1592 τῶν
2451 1541 2651 1610 χειρῶν
2680 1541 2775 1594 τοῦ
2811 1544 2867 1608 ἐξ
2901 1543 3077 1613 ἀρχῆς
3126 1545 3264 1596 αὑτά
3309 1557 3518 1615 προσε-

1947 1627 2258 1696 νεγκόντος,
2284 1631 2417 1684 ἀλλά
2453 1632 2670 1702 καθαρά
2703 1634 2959 1702 μένοντα,
2983 1635 3078 1688 καὶ
3117 1635 3218 1688 ὑπ’»
3256 1635 3520 1705 καθαρῶν

1948 1721 2357 1791 ἀναφερόμενα,
2407 1723 2503 1775 καὶ
2551 1723 2890 1790 ἀγιάζονται,
2924 1726 3014 1778 καὶ
3046 1725 3335 1792 ἀγιάζουσι
3386 1727 3516 1788 τοὺς

1947 1815 2450 1884 προσερχομένους.
2496 1816 2583 1868 Ἐν
2614 1815 2791 1868 οὐδενὶ
2836 1818 2946 1886 γὰρ
2976 1817 3085 1870 τῶν
3111 1818 3318 1884 ἀλόγων
3346 1818 3377 1884 ἢ
3407 1818 3518 1870 τῶν

1944 1905 2171 1976 ἀψύχων
2202 1906 2451 1976 ῥυπαρία
2477 1924 2558 1969 τις
2600 1910 2699 1977 τῆς
2739 1907 3014 1978 ἁμαρτίας
3046 1910 3331 1978 ὲντευῆναι
3355 1909 3518 1962 δύνα-

1943 2012 2071 2049 ται·
2103 1997 2184 2048 ὅτι
2232 1998 2265 2069 ἠ
2309 1996 2556 2067 ἁμαρτία
2590 1997 2964 2068 προαιρέσεώς
2996 1999 3112 2051 ἐστι
3143 1999 3376 2067 νόσημα,
3419 2000 3518 2052 καὶ

1947 2088 2123 2158 μόνων
2157 2087 2221 2142 ἂν
2267 2089 2354 2158 εἴη
2397 2089 2507 2142 τῶν
2541 2089 2778 2155 λογικῶν
2829 2091 2888 2144 τὸ
2936 2090 3041 2143 ἀπὸ
3083 2090 3183 2158 τῆς
3229 2091 3513 2159 ἁμαρτίας

1947 2179 2296 2250 μολύνεσθαι.
2322 2181 2386 2234 Τί
2411 2177 2505 2235 οὖν
2532 2223 2546 2247 ,
2580 2185 2628 2235 εἰ
2659 2183 2745 2236 ἀεὶ
2772 2183 2990 2255 καθαρά
3011 2183 3077 2236 τά
3097 2184 3244 2254 δῶρα
3269 2185 3336 2236 τά
3363 2185 3516 2254 παρά

1940 2271 2050 2324 τῶν
2084 2273 2338 2342 πονηρῶν
2361 2273 2779 2344 προσαγόμενα,
2809 2279 2836 2328 ὁ
2859 2277 3025 2346 νόμος
3053 2277 3152 2345 τῆς
3183 2275 3514 2343 Ἑκκλησίας

1942 2365 2005 2418 οὔ
2048 2365 2456 2436 παραδέχεται;
2504 2367 2620 2420 Ἵνα
2669 2368 2794 2430 τοὺς
2841 2368 3220 2438 προσάγοντας
3255 2369 3516 2438 ἑντρέψῃ,

1945 2457 2033 2510 ἴνα
2062 2457 2274 2526 μάθωσι
2308 2459 2404 2528 τῆς
2437 2459 2530 2511 τοῦ
2559 2457 2694 2511 Θεοῦ
2727 2459 2918 2530 ὀργῆς,
2951 2461 3017 2531 ἢν
3054 2461 3236 2524 αὐτοῖς
3260 2461 3513 2530 ἐμήνισε,

1941 2549 2042 2620 τὴν
2079 2550 2408 2621 ὑπερϐολὴν,
2438 2551 2495 2612 ὃς
2527 2550 2621 2602 καὶ
2649 2550 2717 2603 τὰ
2748 2551 2911 2604 αὑτοῦ
2942 2552 3216 2620 κτίσματα
3251 2547 3328 2613 οἷς
3355 2551 3513 2603 οὐδὲν

1943 2639 2195 2706 ἐγκαλεῖν
2222 2639 2356 2709 ἔχει,
2391 2641 2832 2708 ἀποστρέφεται,
2868 2640 2964 2691 καὶ
2997 2642 3184 2710 μισεῖ·
3213 2640 3306 2692 καὶ
3335 2641 3513 2691 ταῦτα

1945 2731 2227 2799 μαθόντες,
2281 2732 2560 2802 φοϐηθῶσι
2612 2734 2705 2786 καὶ
2741 2731 3140 2802 διορθώσωνται
3195 2734 3285 2785 τὶν
3347 2732 3461 2801 βίον
3493 2746 3509 2760 ·

1943 2825 2124 2878 αὐτῶν
2149 2824 2205 2877 δὲ
2231 2825 2338 2878 τῶν
2362 2824 2549 2893 δώρων
2569 2825 2835 2894 οὐδεμίαν
2852 2824 3255 2893 καταγινώσκει
3285 2827 3506 2880 κακίαν.

1943 2921 2041 2974 Διά
2071 2920 2231 2973 τοῦτο
2283 2920 2437 2973 οὐδὲν
2485 2919 2685 2973 κωλύει
2716 2921 2880 2975 δεκτά
2913 2921 3158 2989 γίνεσθαι
3209 2921 3381 2974 ταῦτα
3415 2925 3513 2974 καὶ

1945 3012 2265 3081 ἀγιάζεσθαι
2300 3013 2400 3082 τὴν
2437 3011 2697 3080 δευτέραν
2751 3015 3120 3082 προσαγωγὴν
3166 3014 3513 3080 ποιουμένων

275 3106 418 3165 boni.
463 3104 556 3160 sed
606 3107 852 3161 nonnulli
899 3107 1062 3162 etiam
1113 3109 1363 3164 laborant
1414 3099 1662 3165 extremo
1721 3111 1834 3166 vitii

1947 3105 2148 3172 ἀνδρῶν
2173 3104 2414 3171 ἀγαθῶν.
2458 3104 2595 3158 Ἀλλ’
2623 3105 2768 3158 εἴποι
2791 3123 2872 3166 τις
2901 3104 2989 3171 ἂν,
3015 3106 3128 3158 Καὶ
3155 3105 3264 3174 μὴν
3285 3107 3346 3158 οὐ
3378 3106 3514 3156 πάνυ

274 3199 465 3253 morbo
497 3217 510 3252 :
547 3199 687 3253 unde
718 3197 783 3252 ad
817 3199 1064 3254 eamdem
1097 3199 1494 3255 dubitationem
1537 3213 1721 3256 nostra
1753 3219 1838 3256 re-

273 3289 351 3343 dit
383 3291 579 3344 oratio.
626 3291 856 3355 Quando
899 3291 1041 3344 euim
1095 3300 1356 3361 utrosque
1404 3293 1683 3346 oblatores
1737 3292 1844 3348 Deo

273 3400 394 3438 esse
438 3385 645 3439 invisos
685 3385 969 3454 contigerit
1006 3385 1295 3454 (contingit
1333 3386 1528 3454 enim),
1569 3387 1841 3440 undenam

273 3477 434 3530 donis
463 3477 685 3532 accedet
718 3487 772 3531 ut
804 3477 911 3531 Deo
941 3485 1091 3546 grata
1129 3478 1239 3532 sint
1270 3488 1323 3532 et
1350 3486 1605 3546 accepta,
1634 3489 1686 3533 et
1720 3496 1846 3533 san"

273 3579 356 3623 cla
386 3579 438 3623 et
476 3569 904 3624 sanetiﬁcantia?
944 3570 1265 3639 Nusquam;
1312 3570 1402 3625 sed
1447 3581 1578 3624 tunc
1624 3571 1842 3640 quidem

277 3678 399 3715 vere
443 3670 662 3732 accepta
710 3679 815 3716 non
869 3673 1017 3717 sunt.
1065 3662 1207 3716 Sunt
1260 3672 1444 3716 autem
1496 3663 1700 3723 dubia.
1776 3680 1841 3717 eo

273 3754 418 3824 quod
463 3756 528 3809 de
576 3755 822 3809 moribus
867 3769 1054 3808 eorum
1109 3757 1200 3824 qui
1250 3755 1484 3810 oﬂ‘erunt
1529 3766 1582 3810 ει
1635 3756 1846 3812 sacriﬁ-

272 3859 421 3909 cant,
465 3847 766 3900 dubitatur.
808 3865 824 3897 ι
864 3847 1035 3902 Nemo
1064 3847 1241 3912 enim,
1275 3847 1472 3917 inquit,
1501 3857 1650 3902 certo
1696 3849 1846 3900 norit

274 3953 396 4006 qum
439 3945 565 3990 sunt
615 3937 875 4000 hominis,
906 3937 1008 3991 nisi
1040 3938 1267 4006 spiritus
1295 3937 1386 4006 qui
1420 3946 1500 3991 est
1533 3939 1586 3989 in
1631 3937 1782 4004 ipso;
1821 3955 1837 3989 ι

275 4038 331 4082 et
379 4029 450 4081 ita
501 4027 670 4082 multa
711 4038 795 4083 est
830 4027 975 4082 circa
1020 4042 1237 4081 sacrum
1286 4027 1603 4096 mysterium
1653 4027 1841 4079 inlide-

275 4120 400 4175 litas
441 4128 492 4174 ει
540 4119 832 4183 dubitatio,
873 4119 1144 4194 certitudo
1184 4129 1366 4172 autem
1427 4134 1734 4188 nusquam,
1791 4129 1844 4172 et

276 4221 597 4265 sanctorum
628 4211 972 4280 partieipatio
998 4209 1132 4263 nihil
1174 4210 1417 4280 proderit
1451 4209 1717 4267 ﬁdelibus.
1751 4211 1840 4279 qui

277 4305 396 4358 sine
441 4305 543 4357 [ide
587 4301 929 4370 participant.
975 4303 1100 4355 Haec
1144 4300 1343 4354 dixerit
1387 4311 1441 4355 et
1490 4301 1840 4364 dubitaverit,

275 4397 321 4450 si
367 4396 492 4464 quis
538 4404 688 4463 putat
736 4394 910 4461 ipsum
973 4391 1316 4447 sacerdotem
1385 4407 1506 4448 esse
1556 4393 1837 4447 dominum

277 4489 471 4542 horum
519 4487 786 4541 donorum
851 4485 1186 4548 oblationis,
1240 4485 1333 4540 sed
1397 4503 1504 4540 non
1569 4495 1672 4540 est.
1735 4487 1918 4579 SedD

275 4581 421 4649 quod
467 4597 654 4634 eorum
707 4577 926 4649 quidem
985 4575 1314 4633 oblationem
1372 4577 1590 4648 proprie
1639 4577 1839 4642 cllicit,

276 4682 358 4726 est
407 4674 579 4741 gratia
622 4670 996 4726 santztilicans.
1074 4670 1188 4723 Hoc
1251 4669 1397 4724 enim
1459 4677 1540 4723 cst
1598 4670 1841 4722 oblatum

276 4780 419 4826 esse,
464 4780 585 4818 esse
629 4764 1049 4818 sanctiﬁcatum.
1097 4760 1199 4828 Qui
1245 4771 1425 4816 autem
1461 4761 1707 4832 quotidie
1753 4778 1837 4814 sa-

276 4855 505 4918 r-rilical,
557 4865 640 4910 cst
689 4855 838 4910 illius
886 4855 1156 4910 minister.
1197 4854 1340 4908 Nihil
1382 4854 1521 4908 enim
1566 4854 1728 4908 domo
1765 4853 1845 4907 af-

275 4944 403 5005 f--rt,
453 4960 629 5013 neque
659 4944 862 5013 aliquid
892 4945 1055 4998 audet
1098 4944 1280 5000 facere
1323 4945 1404 4998 vel
1434 4945 1618 4999 dicere
1652 4960 1718 4998 ex
1744 4962 1842 5000 suo

274 5035 480 5104 judicio
525 5035 608 5088 vel
654 5035 885 5098 ratione,
930 5035 1024 5089 sed
1055 5035 1142 5089 illa
1183 5037 1360 5090 solum
1404 5053 1525 5106 quae
1569 5037 1715 5091 illinc
1746 5053 1842 5091 ae-

259 5130 444 5200 ‘cepit,
485 5130 601 5183 sive
653 5144 740 5185 res
783 5136 886 5191 est,
936 5129 1050 5183 sive
1095 5145 1298 5194 sermo,
1346 5129 1462 5184 sive
1499 5130 1724 5196 factum,
1776 5146 1841 5184 eo

277 5238 386 5290 quo
411 5221 600 5291 jussus
633 5229 716 5276 cst
748 5221 910 5276 modo
938 5221 1191 5284 oﬂerens,
1240 5223 1348 5276 Deo
1392 5221 1570 5275 reddit
1610 5237 1627 5286 ;
1667 5235 1720 5276 et
1767 5221 1839 5277 ita

279 5317 443 5379 dona,
490 5331 611 5385 qua:
642 5326 804 5386 prout
837 5316 885 5368 ei
920 5315 1116 5385 placet,
1167 5315 1277 5369 Deo
1321 5329 1535 5384 semper
1567 5316 1802 5369 olferunt
1824 5356 1838 5378 ,

281 5422 500 5462 necessc
545 5417 628 5462 εει
683 5423 902 5478 semper
946 5407 995 5461 ei
1054 5423 1175 5462 esse
1230 5417 1470 5476 accepta.
1536 5407 1674 5473 Quid
1727 5419 1838 5462 tum

279 5497 450 5560 enim,
498 5500 542 5554 si
589 5501 636 5554 is
679 5500 772 5569 qui
815 5498 990 5561 ollert,
1027 5499 1079 5551 in
1111 5497 1180 5552 iis
1214 5515 1335 5567 qua:
1369 5499 1434 5551 ad
1473 5515 1531 5552 sc
1574 5501 1842 5567 pertinent

281 5590 457 5642 malus
494 5593 612 5644 est?
644 5591 793 5646 lllius
824 5592 967 5645 enim
1016 5590 1336 5658 improbitas
1367 5589 1528 5645 donis
1578 5592 1712 5646 nihil
1742 5594 1840 5645 ad-

280 5677 418 5743 jicit,
469 5695 645 5748 neque
695 5683 871 5738 reddit
914 5685 1244 5740 oblationem
1301 5686 1645 5751 deteriorem,
1701 5684 1844 5739 sicut

334 5782 388 5821 ce
420 5770 866 5830 medicamentum
910 5777 1145 5832 salutare
1187 5794 1303 5836 esse
1334 5779 1667 5843 prohibetur,
1699 5780 1840 5841 quod

1949 3215 2036 3259 τες
2060 3198 2108 3249 οἱ
2135 3197 2500 3267 προσάγοντες
2541 3197 2706 3266 ἱερεῖς
2739 3198 2957 3266 ἀγαθοὶ,
2983 3197 3096 3252 ἀλλ’
3125 3199 3259 3252 ἕνιοι
3291 3217 3386 3252 και
3412 3213 3514 3250 πο-

1946 3291 2137 3359 νηρίαν
2172 3289 2387 3342 νοσοῦςι
2423 3290 2520 3355 τὴν
2571 3292 2846 3360 ἐσχάτην
2894 3294 3020 3345 ὅθεν
3059 3293 3140 3355 εἰς
3193 3292 3291 3361 τὴν
3337 3292 3514 3353 αὐτὴν

1946 3381 2178 3452 ἀπορίαν
2214 3381 2559 3452 περίῖσταται
2591 3383 2618 3435 ὁ
2648 3383 2802 3450 λόγος
2833 3384 2986 3450 ἡμῖν.
3021 3385 3188 3436 Ὀταν
3231 3385 3340 3452 γὰρ
3373 3383 3514 3452 τύχῃ

1945 3475 2037 3527 καὶ
2072 3475 2417 3542 ἀμφοτέρους
2442 3475 2572 3535 τοὺς
2606 3474 2998 3542 προσαγωγέας
3027 3471 3166 3528 εἶναι
3191 3473 3514 3536 οεοστυγείς

1948 3565 2243 3635 (ἐνδέχεται
2269 3566 2396 3636 γὰρ)
2435 3565 2599 3618 πὸοεν
2627 3566 2860 3634 ὑπάρξει
2888 3567 2997 3628 τοῖς
3031 3565 3226 3634 δώροις
3255 3563 3334 3632 τῷ
3367 3559 3511 3616 εἶναι

1946 3658 2065 3728 Θεῴ
2106 3660 2498 3728 κεχαρισμένα,
2539 3659 2632 3711 καὶ
2680 3658 2864 3723 δεκτά,
2893 3659 2988 3711 καὶ
3017 3656 3166 3725 ἆγια,
3196 3657 3304 3710 ’καὶ
3345 3657 3508 3723 ἀγια⁸

1946 3749 2132 3811 στικά;
2165 3747 2477 3817 Οὖδαμόοεν
2499 3766 2510 3778 ο
2542 3747 2676 3800 ἀλλά
2721 3748 2842 3800 τότε
2877 3747 2976 3816 μὲν
3027 3745 3242 3810 ἀληθῶς
3284 3745 3508 3799 ἄδεκτα.

1958 3842 2069 3895 'As‘t
2099 3841 2154 3894 δὲ
2186 3841 2484 3910 ἀμφίϐολα,
2511 3840 2597 3893 διά
2643 3842 2701 3894 τὸ
2751 3839 3190 3909 ἀμφιϐἀλλεσῦαι
3225 3838 3352 3901 τοὺς
3382 3837 3512 3907 τρό-

1947 3953 2077 3996 me;
2108 3933 2216 3985 τῶν
2270 3931 2726 4003 δωροφορούντων
2754 3931 2895 3987 αὐτά
2923 3934 3016 3984 καὶ
3049 3929 3507 3999 ἱερουργούντων.

1950 4045 1968 4079 ι
2017 4028 2200 4090 Οὐδεὶς
2235 4029 2341 4096 γὰρ
2373 4025 2604 4095 βεϐαίως
2635 4020 2762 4090 οἶδε,
2794 4026 2950 4095 φησι,
2972 4023 3041 4077 τὰ
3072 4023 3166 4076 τοῦ
3196 4021 3508 4093 ἀνθρώπου,

1945 4121 1992 4170 εἱ
2023 4118 2097 4186 μὴ
2131 4118 2188 4169 τδ
2218 4119 2274 4170 ἐν
2321 4115 2470 4186 αὑτῷ
2503 4114 2718 4184 πνεῦμα
2742 4132 2755 4144 ·
2805 4134 2823 4166 ι
2867 4115 2961 4167 καὶ
3008 4113 3151 4166 οὕτω
3199 4113 3372 4180 πολλὴ
3408 4112 3510 4180 μὲν

1945 4211 2071 4280 περὶ
2095 4210 2192 4278 τὴν
2241 4209 2466 4274 τελετὴν
2524 4208 2769 4273 ἀπιστία,
2827 4209 2922 4260 καὶ
2963 4205 3300 4277 ἀμφιϐολία·
3340 4203 3399 4258 τὸ
3453 4203 3511 4258 δὲ

1946 4303 2156 4372 βέϐαιον
2187 4300 2429 4370 οὐδαμοῦ
2453 4316 2466 4331 ⁸
2495 4302 2588 4354 καὶ
2619 4303 2651 4370 ἡ
2683 4299 2986 4369 μετάληψις
3022 4301 3131 4351 τῶν
3161 4299 3332 4366 ἁγίων
3357 4298 3511 4349 οἰδὲν

1947 4395 2140 4461 δφελπ
2188 4393 2325 4446 οἴσει
2361 4395 2473 4456 τοῖς
2523 4394 2733 4454 πιστοῖς
2791 4392 3282 4461 μεταλαμεάνουσι
3337 4392 3511 4460 χωρὶς

1946 4491 2202 4550 πίστεως.
2253 4487 2440 4538 Ταῦτα
2496 4487 2642 4538 εἴποι
2684 4486 2776 4537 καί
2821 4484 3126 4554 ἀπορήσειν
3182 4482 3382 4548 ἀν,εῖη
3428 4499 3511 4541 τ.ς

1945 4579 2116 4631 οἴεται
2177 4578 2268 4631 τὸν
2329 4578 2478 4648 ἱερέα
2529 4577 2689 4630 αὑτὸν
2745 4571 2885 4628 εἶναι
2923 4575 3014 4628 τὸν
3053 4575 3243 4644 κύριον
3269 4575 3368 4635 τῆς
3404 4575 3515 4631 τῶν

1946 4671 2135 4742 δώρων
2167 4671 2374 4724 τούτων
2416 4669 2819 4740 προσαγωγῆς’
2856 4673 2958 4721 οὐκ
2996 4667 3112 4720 ἐστι
3158 4668 3256 4727 δὲ’
3284 4669 3418 4726 ἀλλὰ
3454 4673 3516 4724 τὸ

1949 4764 2048 4833 μὲν
2074 4762 2171 4833 τὴν
2200 4761 2568 4833 προσαγωγὴν
2616 4761 2796 4813 αὐτῶν
2825 4761 3031 4830 κυρίως
3058 4762 3448 4834 ἔργαζόμενον,
3483 4767 3514 4833 ἠ

1946 4859 2103 4926 χάρις
2131 4857 2278 4908 ἐστὶν
2326 4856 2359 4924 ή
2405 4853 2727 4922 ἀγιάζουσα.
2761 4852 2934 4910 Τοῦτο
2963 4859 3072 4926 γάρ
3104 4861 3218 4910 ἐστι
3248 4875 3514 4926 προτενε-

1945 4947 2140 5018 χοῆναι
2171 4945 2331 5011 αὐτὰ,
2353 4946 2414 4998 τὸ
2454 4945 2788 5019 ἀγιασοῆναι
2815 4965 2828 4977 ·
2861 4951 2888 5001 ὀ
2916 4947 2960 5000 δ’
3001 4949 3260 5000 ἑκάστοτε
3302 4951 3518 5015 ἱερουρ-

1945 5040 2080 5109 γῶν,
2133 5039 2412 5108 ὑπηρέτης
2452 5039 2598 5094 ἐστὶν
2637 5043 2871 5110 ἐκείνης.
2926 5041 3183 5110 Εξσφέρει
3224 5041 3328 5107 γὰρ
3363 5040 3514 5091 οὐδὲν

1946 5131 2180 5198 οἴκοθεν,
2213 5131 2392 5186 οσῦδέτι
2428 5134 2604 5204 τολμᾷ
2635 5136 2808 5185 ποιεῖν
2839 5133 2869 5202 ἦ
2919 5132 3098 5199 λέγειν
3130 5131 3238 5188 ἀπὸ
3269 5130 3361 5199 τῆς
3388 5131 3516 5181 ἑαυ-
3599 5141 3606 5148 ·

1945 5227 2040 5281 τοῦ
2074 5225 2335 5298 κρίσεως,
2365 5229 2457 5280 καὶ
2482 5226 2592 5279 τῶν
2622 5224 2901 5293 λογισμῶν
2927 5239 2939 5253 ·
2967 5225 3081 5276 ἀλλ’
3119 5225 3304 5276 ἐκεῖνα
3349 5223 3516 5290 μόνον

1946 5317 1981 5372 ἃ
2013 5317 2325 5388 παρέλαϐεν
2353 5316 2584 5381 ἐκεῖθεν,
2613 5316 2720 5368 εἴτε
2746 5315 2978 5386 πρᾶγμά
3003 5318 3170 5380 ἐστιν,
3201 5316 3310 5366 εἴτε
3331 5313 3512 5380 λόγος,

1947 5408 2057 5461 εἴτε
2089 5408 2270 5480 ἔργον,
2302 5408 2442 5461 κατά
2471 5407 2559 5460 τὸν
2589 5408 2808 5478 τρόπον,
2839 5407 2896 5459 ὃν
2927 5405 3248 5476 ἐκελεύσθη,
3278 5404 3514 5471 κομίσας

1948 5503 2242 5556 ἀποδίδωσι
2276 5501 2352 5572 τῷ
2382 5501 2498 5571 Θεῷ
2527 5517 2542 5532 ·
2577 5503 2669 5554 καὶ
2696 5499 2838 5552 οὕτω
2860 5499 2928 5552 τὰ
2961 5498 3110 5568 δῶρα
3135 5499 3276 5552 κατά
3297 5497 3357 5550 τὸ
3382 5497 3512 5565 ἀρέο

1952 5614 2080 5648 σκον
2128 5595 2203 5664 τῷ
2249 5594 2406 5666 Θεῷ·
2439 5596 2526 5650 ἀεὶ
2573 5592 3012 5662 προστερόμενα,
3047 5591 3261 5659 ἀνάγκη
3305 5591 3514 5658 ἀρεστά

1952 5687 2101 5756 αὖτῷ
2131 5688 2223 5739 καὶ
2253 5686 2340 5739 ἀεὶ
2372 5686 2538 5738 δεκτά
2564 5684 2726 5739 εἶναι.
2755 5684 2818 5736 Τί
2849 5684 2954 5754 γὰρ
2990 5685 3130 5737 είτά
3163 5683 3287 5736 καθ’
3317 5682 3514 5736 ἑαυτὸν

1954 5779 2158 5847 εειῦλὸς
2189 5781 2334 5833 ἔστιν
2365 5782 2388 5832 ὁ
2420 5779 2694 5847 κομίζωεη
2726 5779 2799 5832 Οὐ
2831 5777 2938 5844 γὰρ
2972 5776 3325 5845 προστίθησιν
3360 5774 3514 5829 οὐδὲν
