3992 6202
371 247 486 313 469

1572 256 1973 319 ΠΤΙΙΒῦΙιΕ
2014 260 2460 321 EXPOSITIO.

3523 254 3639 318 470‘

375 376 409 442 ἡ
445 373 722 444 φαυλότης
765 373 982 428 ἐκείνου
1034 377 1148 440 τοῖς
1191 377 1569 448 δώροις,ὀύδὲ
1604 380 1774 448 χείρω
1811 381 1957 433 ποιεῖ

2080 381 2289 450 ιίιηριθι
2345 389 2399 434 et
2448 378 2636 443 idiota,
2672 384 2724 430 et
2770 375 2864 445 qui
2909 386 3082 430 artem
3116 371 3255 429 nihil
3302 373 3481 439 callet,
3528 373 3630 427 hoc

372 468 477 538 τὴν
519 470 926 540 προσαγωγὴν·
972 470 1163 541 ὥσπερ
1191 471 1322 524 οὐδὲ
1374 473 1618 542 ίατρικὸν
1657 474 1951 541 φάρμακον

374 560 654 614 κωλύεται
685 558 826 616 εῖναι
869 563 1132 630 ὑγιεινὸν,
1163 563 1246 618 ὅτι
1280 565 1495 633 ἰδιώτης
1527 564 1833 633 ἄνθρωπος,
1861 567 1954 618 καὶ

376 652 479 720 τῆς
512 652 710 720 τέχνης
734 653 888 706 οὐδὲν
923 655 1130 709 ἐπαΐων
1175 656 1306 709 αὐτὸ
1361 655 1680 722 συνέθηκεν,
1711 657 1759 706 εἰ
1793 654 1955 720 μόνον

380 744 570 808 ἰατροῦ
611 745 974 808 κελεύσαντος
1027 747 1123 799 καὶ
1175 749 1274 816 τὴν
1328 747 1681 813 κατασκευὴν
1734 745 1954 797 ἃπασαν

376 837 630 900 ἐκδόντος
665 838 813 907 αὐτῷ
845 837 1132 905 συνέθηκε.
1160 840 1374 891 Γένοιτο
1405 838 1514 906 γὰρ
1550 837 1635 901 ἂν,
1663 836 1724 888 ού
1748 836 1836 888 διὰ
1859 835 1955 904 τὴν

377 927 656 996 ἀμάθειαν
689 928 782 980 τοῦ
815 928 1268 1000 ὑπηρετήσαντος
1298 932 1551 999 μάταιον,
1580 927 1718 982 ἀλλὰ
1749 927 1836 980 διὰ
1859 926 1955 996 τὴν

379 1018 581 1085 τέχνην
631 1018 724 1070 τοῦ
759 1018 1127 1082 ἐκδεδωκότος
1178 1023 1470 1091 σωτήριον.
1524 1019 1659 1072 Ἀπὸ
1705 1019 1802 1087 μὲν
1848 1018 1955 1084 γὰρ

380 1109 476 1160 τοῦ
519 1109 796 1178 ὑπηρέτου
829 1111 1367 1182 ἀνεπιστημοσύνης,
1401 1112 1554 1165 οὐδὲν
1587 1109 1782 1163 ελαδεν
1804 1124 1817 1138 ·
1848 1108 1958 1161 ἀπὸ

380 1199 439 1251 δὲ
462 1203 562 1268 τῆς
597 1200 689 1252 τοῦ
725 1201 913 1271 ἰατροῦ
952 1203 1148 1271 τέχνης
1201 1204 1383 1256 πᾶσαν
1414 1202 1633 1269 ἐδέξατο
1662 1201 1758 1272 τὴν
1792 1216 1960 1254 κατα-

386 1293 612 1358 σκευήν.
649 1292 806 1346 Οὕτω
865 1294 1142 1347 κάνταῦθα
1173 1296 1231 1348 τὸ
1261 1296 1368 1349 πᾶν
1395 1295 1430 1364 ἡ
1451 1295 1610 1366 χάρις
1639 1293 1955 1362 ἐργάζεται·

395 1385 456 1438 '0
497 1385 555 1437 δὲ
591 1386 768 1456 ἱερεὺς
820 1387 1101 1457 ὑπηρέτης
1154 1388 1271 1440 sccl.
1321 1387 1500 1458 μόνον,
1524 1385 1632 1440 οὐδ’
1677 1386 1842 1446 αὐτὸς
1899 1382 1959 1435 τὸ

386 1478 683 1546 ὑπηρετεῖν
733 1477 950 1530 οίκοθεν
998 1478 1161 1548 ἔχων.
1191 1478 1300 1532 Καὶ
1344 1480 1503 1531 τοῦτο
1533 1477 1643 1547 γὰρ
1677 1476 1832 1543 παρά
1862 1473 1958 1543 τῆς

385 1566 612 1633 χάριτος
635 1566 804 1636 αὐτῷ.
842 1567 1014 1621 Τοῦτο
1046 1569 1152 1639 γάρ
1173 1569 1322 1622 ἐστιν
1345 1571 1377 1639 ἡ
1411 1569 1704 1638 ἱερωσύνη,
1730 1566 1962 1633 δύναμις

386 1658 698 1728 ὑπηρετική
753 1678 836 1722 τις
879 1659 989 1714 τῶν
1033 1661 1216 1731 ἱερῶν.
1283 1662 1426 1715 Ἀλλ’
1469 1663 1551 1715 ὄτι
1594 1660 1693 1731 μὲν
1752 1657 1961 1718 πάντας

2057 474 2380 542 composuit,
2417 471 2462 525 si
2499 471 2661 524 modo
2713 469 2937 538 jubenle
2978 466 3189 521 medico
3229 473 3286 520 et
3331 478 3451 518 eam
3484 478 3632 516 corn-

2057 558 2385 633 positioncm
2431 563 2682 616 tradente
2713 561 2763 616 id
2798 559 3126 628 composuit.
3151 555 3499 612 Fueritenim
3525 567 3630 606 non

2058 662 2278 722 propter
2324 653 2442 722 ejus
2478 652 2567 721 qui
2615 651 2850 705 inseruit
2896 647 3227 716 imperitiam
3270 660 3489 709 vanum,
3538 642 3629 696 sed

2058 752 2275 812 propter
2319 751 2488 795 artem
2553 742 2673 810 ejus
2745 741 2834 809 qui
2884 738 3106 793 tradidit
3150 737 3404 790 salutare.
3446 737 3484 788 Α
3535 735 3635 786 mi-

2058 833 2218 888 nistri
2261 833 2406 887 enim
2450 833 2665 885 inscitia
2717 832 2851 884 nihil
2898 829 3127 899 accepit,
3171 829 3237 882 ab
3284 838 3402 882 arte
3448 836 3630 879 autem

2064 926 2261 980 medici
2305 941 2524 980 omnem
2577 925 2819 992 suscepit
2869 921 3343 990 compositionem.
3415 916 3488 971 lta
3547 917 3633 970 hic

2057 1017 2220 1071 etiam
2267 1018 2439 1087 gratia
2484 1017 2862 1070 universorum
2909 1013 3096 1067 etlicit.
3133 1012 3402 1065 Sacerdos
3451 1023 3629 1062 autem

2059 1108 2234 1162 solum
2269 1117 2355 1162 est
2380 1109 2650 1169 minister,
2684 1123 2783 1160 nec
2815 1107 2990 1172 ipsum
3019 1105 3234 1173 quidem
3270 1101 3632 1155 ministerium

2057 1197 2222 1253 domo
2268 1198 2540 1270 prolatum
2584 1198 2813 1251 habens.
2857 1193 2992 1248 Nam
3046 1195 3098 1247 id
3145 1193 3315 1247 etiam
3373 1191 3536 1245 habet
3607 1205 3634 1241 a

2058 1287 2255 1356 gratia.
2297 1287 2409 1341 Hoc
2447 1297 2532 1341 est
2576 1287 2723 1342 enim
2785 1284 3174 1348 sacerdotium,
3207 1291 3450 1352 potestas
3491 1297 3626 1348 quas.

2057 1378 2182 1433 dam
2219 1379 2581 1434 ministratrix
2614 1391 2918 1432 sacrarunt.
2948 1374 3055 1429 Sed
3101 1373 3249 1443 quod
3293 1372 3476 1426 ﬁdeles
3517 1370 3637 1439 qui—

2061 1469 2185 1524 dem
2218 1469 2564 1524 sanctiﬁcant
2609 1469 2794 1522 omnia
2847 1468 2989 1521 dona
3039 1476 3094 1520 et
3138 1478 3368 1531 semper,
3413 1472 3472 1515 ut
3519 1475 3638 1529 qua:

2064 1560 2174 1615 Deo
2209 1578 2422 1632 semper
2472 1570 2696 1630 accepta
2744 1560 2874 1623 sint,
2907 1559 3115 1614 clarum
3160 1568 3246 1611 est
3295 1571 3361 1609 ex
3412 1553 3478 1606 iis
3521 1567 3638 1620 qua:

2063 1651 2207 1708 dicta
2253 1663 2405 1710 sunt.

387 1755 520 1817 τοὺς
550 1757 774 1820 πιστοὺς
809 1757 1025 1826 ἁγιάζει
1054 1757 1224 1812 ταῦτα
1274 1759 1343 1812 τὰ
1385 1759 1556 1829 δῶρα,
1590 1758 1684 1812 καὶ
1723 1756 1981 1818 πάντοτε,
2009 1750 2241 1804 πάντοτε
2268 1751 2399 1805 ὄντα
2428 1752 2594 1806 δεκτά
2622 1750 2700 1820 τῷ
2729 1748 3052 1820 Θεῷηδῆλον
3078 1747 3181 1801 ἀπὸ
3247 1745 3352 1798 τῶν
3411 1741 3636 1814 εἰρημέ-

388 1867 521 1905 νων.

962 1949 1210 2002 ΚΕΦΑΛ.
1255 1949 1385 2004 MZ'.

891 2045 1077 2098 Ὅσον
1116 2045 1235 2098 εἰσὶ
1266 2045 1468 2099 eam.

474 2135 774 2205 Ἐπόμενον
805 2135 862 2189 δὲ
913 2135 1195 2205 θεωρῆσαι
1226 2138 1319 2189 καὶ
1372 2135 1496 2189 ὅσον
1529 2136 1637 2189 eiul
1683 2135 1880 2188 δεκτά·
1911 2132 1965 2186 τί

394 2228 506 2300 γὰρ
533 2229 610 2298 τῷ
641 2230 799 2299 δώρῳ
845 2229 906 2282 τὸ
937 2230 1128 2282 δεκτὸν
1162 2225 1323 2292 εἶναι,
1366 2230 1462 2282 καὶ
1491 2228 1714 2281 ἐπὶτῶν
1751 2225 1965 2296 evapo-

395 2339 516 2374 πων
542 2339 557 2385 ;
577 2321 640 2372 Τί
661 2321 942 2382 ποιοῦντες
962 2321 1030 2372 τὰ
1053 2321 1224 2390 δῶρα,
1245 2322 1496 2391 δέχεσθαι
1518 2320 1657 2373 αύτά
1681 2319 1929 2387 λέγονται
1949 2331 1964 2382 ;

393 2410 523 2486 Ἆρ’
554 2416 636 2469 ὅτι
667 2417 790 2478 ταῖς
843 2415 1000 2485 χερσὶ
1035 2416 1386 2485 λαμῦἀνομεν
1423 2415 1512 2468 καὶ
1555 2415 1753 2467 κόλπον
1787 2412 1966 2475 αὐτοῖς

393 2508 713 2575 ὑπέχο;;εν;
751 2507 1041 2576 Οὐδαμῶς.
1074 2508 1252 2560 Πολλὰ
1283 2508 1410 2578 γὰρ,
1443 2507 1565 2560 οὐδὲ
1592 2505 1813 2574 κομίσαι
1841 2506 1969 2568 τοὺς

393 2600 796 2669 λαμϐάνοντας,
842 2599 963 2652 οὑδὲ
998 2601 1358 2666 ὑποδέξασθαι
1391 2601 1615 2652 δυνατόν
1637 2615 1651 2630 ·
1698 2597 1888 2666 ὥσπερ
1921 2597 1968 2650 εί

395 2692 565 2761 ἀγρὸς
595 2693 680 2762 εἴη
711 2692 770 2744 τὸ
794 2693 1095 2762 διδόμενον,
1125 2691 1156 2762 ἢ
1180 2691 1350 2758 οἰκία,
1375 2693 1409 2760 ἦ
1437 2709 1488 2744 τι
1511 2689 1775 2744 τοιοῦτον.
1810 2687 1970 2741 Ἀλλά

396 2788 449 2840 τί
481 2788 546 2839 ἂν
579 2786 666 2854 εἴη
703 2785 763 2838 τδ
793 2785 1043 2855 δέχεσθαι
1095 2786 1188 2838 ἐπὶ
1231 2783 1453 2839 πάντων
1499 2783 1608 2836 τῶν
1645 2781 1864 2852 δὼρωνς
1897 2778 1971 2831 Τὸ

401 2879 544 2947 μετά
591 2879 702 2931 τῶν
752 2879 898 2933 ἰδίων
952 2880 1132 2946 τάξαι,
1189 2878 1250 2930 τὸ
1309 2873 1738 2937 οἰκειώσασθαι,
1795 2871 1972 2924 ταῦτα

397 2974 566 3027 δεκτά
600 2973 876 3042 λέγονται.
914 2975 975 3027 '0
1006 2975 1060 3027 δὲ
1113 2973 1245 3035 Θεὸς
1287 2970 1463 3024 ταῦτα
1492 2968 1559 3022 τὰ
1602 2969 1752 3038 δῶρα
1799 2965 1972 3028 οὕτως

398 3067 720 3129 οἰκειοῦται,
747 3067 888 3120 ὥστε
921 3067 1061 3119 αὐτὰ
1096 3064 1258 3134 σῶμα
1300 3063 1396 3116 καὶ
1442 3057 1582 3130 αἷμα
1617 3063 1848 3114 ποιεῖται
1877 3055 1970 3110 τοῦ

401 3159 764 3226 Μονογενοῦς.
799 3160 861 3212 El
888 3159 1067 3213 τοίνυν
1113 3157 1211 3223 τῆς
1257 3155 1586 3216 υἰκειώσεως
1630 3153 1854 3220 ταύτης,
1880 3152 1972 3203 οὐ·

400 3251 490 3304 δέν
522 3253 670 3304 ἐστιν
699 3251 815 3304 ἴσον
867 3249 1264 3319 ἐνθυμηθῆναι,
1315 3248 1437 3300 οὐδὲ
1485 3248 1607 3300 ὅσον
1657 3246 1763 3298 εἰσὶ
1812 3243 2045 3334 δεκτέιςιΙ

407 3343 608 3413 μέτρον
639 3343 820 3409 εὑρεῖν
854 3341 1100 3396 δυνατόν.
1146 3342 1264 3392 Ἔτι
1305 3339 1361 3392 δὲ
1399 3341 1491 3392 καὶ
1536 3339 1642 3390 ἀπὸ
1677 3338 1772 3406 τῆς
1825 3338 1974 3388 ἀντι-

397 3435 606 3497 δόσεως
651 3434 813 3501 δῆλον
854 3434 1086 3501 γίνεται,
1126 3431 1251 3484 ὅσον
1301 3430 1628 3500 ἀποδέχεται
1669 3429 1728 3481 τὸ
1772 3427 1923 3480 δοθὲν
1952 3428 1980 3478 ό

400 3525 608 3580 λαϐὼν.
649 3526 744 3589 Τίς
771 3520 864 3579 οὖν
898 3523 1134 3577 ἐνταῦθα
1163 3527 1193 3586 ἡ
1225 3523 1528 3586 ἀντέδοσιςς
1561 3521 1698 3573 Αὐτὸ
1733 3521 1898 3574 πάλιν
1921 3519 1982 3572 τὸ

405 3621 569 3689 σῶμα
621 3618 713 3672 τοῦ
765 3616 1003 3686 Χριστοῦ
1045 3619 1139 3670 καὶ
1191 3617 1250 3668 τὸ
1300 3610 1474 3683 αἷμα·
1530 3614 1825 3682 λαμϐάνων
1874 3614 1980 3682 γὰρ

404 3712 568 3783 ἡμῶν
601 3711 767 3780 ἄρτον
804 3712 894 3762 καὶ
927 3705 1072 3761 οἶνον
1102 3707 1129 3760 ὁ
1170 3707 1324 3770 Θεὸς,
1357 3706 1523 3759 αὑτὸν
1555 3705 1863 3759 ἀντιδίδωσι
1892 3706 1983 3759 τὸν

408 3807 557 3861 Υίόν.
601 3806 711 3856 Kal.
760 3802 923 3854 πόθεν
950 3801 1132 3869 δῆλον,
1179 3801 1366 3868 φησιν,
1409 3800 1492 3852 ὅτι
1521 3797 1596 3862 ὡς
1631 3798 1780 3868 δῶρα
1811 3799 1984 3850 ταῦτα

407 3899 546 3967 ἡμῖν
594 3895 716 3948 ἀντὶ
745 3892 854 3944 τῶν
901 3889 1333 3962 προσαγομένων
1369 3889 1519 3956 παρὰ
1548 3886 1642 3940 τοῦ
1677 3885 1811 3939 Θεοῦ
1845 3883 1984 3936 δίδο-

408 4009 501 4043 ται
529 4005 542 4018 ο
593 3987 682 4050 Ἐξ
711 3979 784 4038 ὧν
815 3984 974 4046 αὐτος
1005 3983 1031 4034 ό
1061 3981 1233 4034 ταῦτα
1268 3977 1652 4050 περικείμενός
1689 3995 1819 4047 φησι
1851 3976 1987 4046 πρός

407 4082 586 4152 ἡμᾶς,
626 4097 643 4129 ι
682 4076 914 4140 Λάϐετε,
956 4094 974 4126 ι
1021 4072 1234 4139 λέγων’
1276 4069 1418 4123 οὕτω
1459 4069 1565 4139 γὰρ
1613 4067 1874 4136 μηνύεται
1928 4066 1988 4117 τὸ

408 4175 606 4243 δῶρον.
630 4170 816 4240 Ταύτῃ
835 4169 901 4237 τῇ
932 4168 1106 4235 φωνῇ,
1136 4164 1232 4217 καὶ
1254 4165 1281 4215 ό
1305 4163 1481 4224 διδοὺς
1510 4162 1606 4214 καὶ
1641 4163 1677 4214 δ’
1699 4160 1989 4229 δεχόμενος

409 4271 510 4321 καὶ
525 4265 583 4317 τὺ
601 4261 874 4330 διδόμενον
894 4259 1222 4327 σημαίνεται
1243 4272 1254 4285 ·
1274 4255 1388 4308 ἔστι
1410 4253 1503 4307 καὶ
1520 4252 1692 4314 ἄλλως
1710 4269 1763 4304 τι
1780 4251 1986 4316 λαϐεῖν,

409 4361 488 4422 ὡς
519 4352 1009 4425 παρακαταθήκην,
1033 4343 1075 4417 ᾧ
1101 4349 1337 4418 χρῆσθαι
1359 4347 1482 4406 τοὺς
1515 4343 1874 4404 λαϐόντας-ὀύ
1902 4343 1992 4395 θέ-

322 4476 326 4477 ν
416 4467 532 4518 μις.
553 4448 626 4499 Σὺ
654 4446 799 4498 δ’ἴνα
822 4446 895 4514 μὴ
916 4444 1075 4496 τοῦτο
1095 4440 1341 4512 νομίσῃς,
1358 4438 1470 4491 ἀλλ’
1495 4438 1612 4509 ἴδῃς
1640 4438 1720 4490 ὅτι
1745 4436 1834 4489 σόν
1852 4437 1989 4503 ἐστι,

412 4541 514 4594 καὶ
560 4534 873 4609 χρήσασθαι
910 4533 1189 4596 ἐκέλευσε,
1226 4549 1244 4580 ι
1292 4530 1524 4598 Φὰγετε,
1559 4548 1577 4578 ι
1609 4529 1806 4597 λέγων.
1835 4527 1993 4580 Οὕτω

2659 1932 2811 1988 CAP.
2844 1930 3053 1986 XLV".

2492 2027 2762 2092 Quatenus
2813 2036 2935 2079 sunt
2986 2034 3217 2089 accepta.

2138 2121 2404 2190 Sequitur
2431 2129 2493 2173 ut
2539 2118 2704 2171 etiam
2748 2116 3165 2170 consideremus
3199 2121 3474 2180 quatenus
3513 2119 3643 2163 sunt.

2067 2221 2312 2283 accepta.
2346 2209 2489 2277 Quid
2524 2208 2668 2263 enim
2710 2208 2816 2262 hoc
2849 2207 2952 2261 sibi
2987 2205 3122 2268 vult,
3154 2219 3280 2256 esse
3315 2202 3520 2255 donum
3553 2215 3643 2255 ac-

2068 2313 2311 2372 ceptum,
2345 2302 2508 2356 etiam
2543 2299 2686 2368 apud
2721 2297 3016 2352 homines?
3055 2295 3321 2361 Quidnam
3358 2293 3640 2352 facientes.

2069 2396 2326 2451 dicuntur
2352 2408 2415 2447 ea
2447 2393 2587 2446 dona
2623 2389 2942 2460 suscipere?
2977 2389 3057 2440 An
3093 2386 3236 2456 quod
3270 2385 3522 2438 manibus
3552 2399 3643 2437 su-

2071 2490 2271 2542 mimus
2293 2499 2345 2542 ct
2378 2502 2440 2542 ea
2473 2486 2524 2539 in
2554 2486 2733 2539 sinum
2760 2482 3014 2551 ponimus
3037 2479 3456 2546 ?Ncqunquam.
3481 2473 3645 2528 Multa

2071 2581 2216 2635 enim
2252 2589 2380 2634 sunt
2409 2591 2532 2648 qua:
2573 2591 2673 2630 nec
2722 2577 2812 2644 qui
2843 2573 3140 2642 accipiunt,
3189 2570 3328 2623 terre
3385 2583 3484 2622 nec
3522 2582 3648 2620 sus-

2071 2676 2255 2746 cipere
2312 2683 2594 2744 possunt:
2633 2669 3097 2742 quemadmodum
3137 2667 3183 2721 si
3226 2667 3298 2720 sit
3341 2680 3467 2733 ager
3501 2665 3647 2734 quod

2073 2769 2258 2831 datur,
2286 2766 2371 2820 vel
2401 2766 2623 2827 domus,
2667 2763 2751 2816 vel
2777 2761 2910 2832 quid
2946 2760 3071 2816 tale.
3103 2757 3206 2812 Sed
3244 2756 3504 2826 quidnam
3533 2755 3652 2809 fuc-

2073 2859 2146 2912 rit
2166 2857 2417 2927 accipere
2441 2856 2494 2908 in
2523 2853 2784 2908 omnibus
2813 2849 3009 2906 donis?
3036 2850 3092 2902 In
3125 2847 3364 2918 propriis
3387 2852 3651 2905 statuere,

2074 2948 2300 3018 pr0pria
2331 2956 2384 3001 et
2417 2944 2720 2999 domestica
2756 2941 2988 3002 clllcere,
3020 2949 3071 2993 et
3107 2954 3168 2992 ea
3213 2936 3422 2991 ratione
3457 2950 3517 2990 ea
3559 2950 3652 2988 ac-

2074 3047 2230 3108 cepta
2261 3053 2383 3093 esse
2410 3037 2689 3091 dicuntur.
2731 3033 2873 3087 Deus
2899 3042 3080 3085 autem
3114 3030 3230 3082 lucc
3259 3027 3400 3081 dona
3431 3029 3505 3081 ita
3531 3042 3657 3096 pro

2077 3132 2192 3201 pria
2229 3140 2283 3185 ct
2320 3129 2610 3186 familiaria
2646 3127 2830 3189 eﬂicit,
2875 3135 2934 3178 ut
2973 3138 3034 3178 ea
3070 3121 3237 3176 faciat
3285 3135 3406 3176 esse
3454 3131 3656 3187 corpus

2081 3234 2134 3278 ct
2163 3223 2487 3292 sanguinem
2521 3217 2826 3289 Unigeuiti.
2870 3216 2927 3270 Si
2961 3229 3093 3286 ergo
3121 3212 3248 3267 huic
3294 3210 3653 3265 familiaritati

2083 3315 2220 3369 nihil
2257 3321 2434 3384 potest
2477 3311 2656 3366 simile
2693 3308 3029 3378 excogitari,
3077 3321 3177 3360 nec
3208 3313 3480 3373 quatenus
3525 3313 3658 3356 sunt

2081 3415 2324 3476 accepta,
2367 3411 2546 3474 potest
2608 3402 2800 3457 modus
2851 3399 3103 3454 inveniri.
3151 3397 3420 3450 Praeterea
3471 3405 3648 3448 autem

2082 3500 2246 3554 etiam
2279 3514 2344 3552 ex
2392 3495 2838 3551 remuneratione
2886 3492 3042 3546 facile
3088 3490 3220 3544 sciri
3267 3497 3448 3558 potest
3495 3503 3655 3555 quam

2083 3599 2366 3660 acceptum
2402 3588 2566 3642 fuerit
2597 3585 2645 3640 ei
2681 3585 2772 3654 qui
2804 3583 3016 3651 accepit
3076 3581 3127 3634 id
3161 3579 3304 3649 quod
3337 3579 3523 3632 datum
3553 3585 3656 3630 est.

2084 3681 2215 3748 Quae
2247 3691 2328 3735 est
2360 3696 2488 3748 ergo
2522 3679 2610 3733 hic
2633 3672 3046 3729 remuneratio?
3075 3671 3256 3740 Ipsum
3289 3683 3474 3722 rursus
3503 3667 3663 3720 Chri-

2085 3777 2150 3828 sti
2184 3788 2382 3841 corpus
2418 3779 2469 3825 et
2500 3769 2746 3836 sanguis.
2777 3765 3067 3834 Accipiens
3101 3761 3246 3815 enim
3277 3776 3306 3814 a
3348 3759 3508 3814 nohis
3541 3773 3656 3826 pa-

2087 3878 2210 3916 nem
2244 3872 2299 3915 et
2331 3863 2517 3914 vinum
2551 3858 2690 3912 Deus
2726 3857 2902 3924 ipsum
2942 3851 3117 3906 reddit
3145 3848 3366 3903 Filium.
3401 3849 3463 3901 Et
3493 3849 3661 3900 mule-

2089 3970 2236 4017 nam,
2269 3952 2466 4022 inquit,
2503 3950 2741 4006 sciemus
2771 3945 2916 4014 quod
2951 3945 3062 3997 haec
3096 3941 3237 3995 dona
3275 3940 3434 3994 nobis
3464 3953 3560 4008 pro
3591 3939 3662 3993 iis

2092 4063 2214 4117 quae
2247 4046 2556 4102 olle-runtur
2585 4058 2615 4097 a
2659 4041 2766 4094 Deo
2800 4037 3042 4092 dantur?
3076 4036 3152 4088 Ex
3190 4035 3274 4088 his
3318 4050 3436 4103 qua:
3478 4034 3523 4086 is
3565 4033 3662 4102 qui

2095 4141 2200 4196 illis
2236 4148 2412 4193 tectus
2457 4145 2561 4200 est,
2620 4133 2769 4198 dicit,
2823 4130 2983 4184 nobis
3029 4128 3240 4190 dicens,
3276 4144 3294 4176 ι
3331 4125 3595 4194 Accipite.
3637 4144 3656 4175 ο

2091 4234 2169 4288 lta
2199 4231 2344 4286 enim
2377 4227 2683 4284 ostenditur
2717 4225 2943 4277 donum.
2977 4221 3091 4276 Hac
3121 4234 3256 4275 voce
3282 4225 3336 4272 ct
3375 4218 3465 4287 qui
3499 4217 3664 4271 donat

2093 4333 2148 4378 et
2175 4324 2268 4392 qui
2297 4321 2514 4390 accipit,
2546 4325 2600 4371 ct
2629 4315 2772 4384 quod
2798 4313 3058 4374 donatur,
3082 4309 3446 4390 significatur.
3483 4307 3665 4360 Potest

2094 4416 2255 4472 etiam
2296 4415 2430 4468 alias
2488 4410 2695 4479 aliquid
2747 4405 2963 4473 accipi,
3004 4416 3262 4471 tanquam
3311 4398 3664 4467 depositum,

2095 4522 2208 4577 quo
2247 4522 2353 4561 non
2387 4505 2469 4558 las
2505 4514 2587 4558 cst
2617 4501 2694 4555 uti
2726 4514 2820 4553 eos
2863 4497 2957 4567 qui
2989 4500 3317 4563 acceperunt
3349 4507 3362 4542 :
3393 4501 3449 4543 tu
3486 4498 3666 4542 autem

411 4585 692 4700 δεκτςςῗτίξ)
720 4628 838 4698 Θεῷ
868 4626 938 4678 τὰ
970 4627 1118 4693 δῶρα
1149 4627 1244 4677 καὶ
1278 4585 1418 4693 μετά
1455 4585 1727 4690 τοσαύτης
1761 4620 1975 4691 ὑπερϐο·

2102 4616 2170 4656 ne
2191 4601 2294 4654 hoc
2323 4596 2624 4659 existimes,
2655 4593 2747 4648 sed
2771 4593 2913 4647 scias
2934 4605 3054 4643 esse
3079 4598 3254 4650 tmun,
3279 4601 3388 4654 quo
3416 4593 3466 4637 te
3502 4585 3665 4635 ctiam

2165 4693 2177 4700 -
2206 4692 2217 4700 -
2327 4689 2339 4700 ο
2433 4689 2471 4700 --
2747 4683 2783 4700 η
2862 4699 2902 4700 η
2925 4683 3021 4700 ιο.-
3085 4698 3094 4700 _
3135 4679 3204 4700 ι.-
3239 4686 3358 4700 --.-..
3397 4677 3532 4700 .ιΑ....
3560 4676 3665 4700 ΠΛ,

411 4723 539 4792 λῆς.
568 4719 667 4771 Διὰ
718 4716 877 4769 τοῦτο
919 4715 1245 4782 ἀγιάςουσιν
1280 4715 1368 4766 ἀεὶ
1422 4712 1604 4774 πάσας
1647 4711 1991 4779 Χριστιανῶν

411 4814 621 4884 duxi;
659 4809 753 4864 καὶ
785 4809 1002 4871 ζώντων
1032 4806 1129 4858 καὶ
1161 4802 1471 4857 τεθνεώτων
1504 4804 1600 4865 τὰς
1639 4804 1870 4869 ἀτελεῖς,
1913 4803 1994 4857 ἔτι

411 4907 680 4976 δεομένας
711 4900 1024 4970 ἀγιασμῶν.
1057 4897 1121 4952 ΟΞ
1149 4897 1258 4966 γὰρ
1277 4895 1656 4957 τελειωθέντες
1682 4894 1829 4962 ἆγιοι
1856 4895 1996 4964 μετά

415 5005 532 5055 τῶν
559 4998 812 5066 ἀγγέλων
845 4993 1106 5055 ἑστῶτες,
1141 4991 1236 5044 καὶ
1270 4992 1348 5052 είς
1382 4989 1480 5059 τὴν
1525 4989 1780 5059 οὐράνιον
1811 4989 1999 5056 ίεραρ-

416 5096 546 5165 χίταν
574 5091 673 5162 ἤδη
724 5087 1066 5149 τελέσαντες,
1099 5085 1200 5138 οὐκ
1238 5083 1318 5135 ἔτι
1368 5081 1572 5134 δέονται
1612 5079 1712 5150 τῆς
1753 5079 1996 5148 ἐπιγείου

419 5184 738 5255 ἱεραρχίας.

993 5443 1246 5497 ΚΕΦΛᾹ.
1288 5443 1340 5494 Μ
1349 5440 1431 5495 H'.

433 5569 528 5632 Τίς
560 5567 592 5619 ὁ
624 5565 810 5631 λόγος
852 5564 981 5632 καθ’
1011 5561 1083 5613 ὃν
1109 5559 1204 5612 καὶ
1241 5558 1383 5623 τοὺς
1419 5559 1630 5632 ἁγίους
1672 5556 1774 5608 τοῦ
1809 5553 1998 5620 δώρου

623 5629 841 5689 τούτου
869 5631 1226 5699 δεξιούμεθιι
1254 5632 1345 5681 καὶ
1377 5629 1804 5693 οεμιιπει’νομεν.

502 5724 691 5795 Τούτῳ
719 5725 775 5778 δὲ
802 5721 1090 5779 ἀκόλουθον
1122 5723 1295 5774 ἐκεῖνο
1322 5721 1586 5789 ζητῆται”
1623 5719 1681 5770 Ei
1705 5718 1810 5787 γὰρ
1840 5717 2006 5770 ταίτα

2101 4693 2180 4748 uti
2201 4689 2387 4761 jussit,
2418 4689 2609 4743 dicens
2647 4701 2661 4739 :
2699 4704 2714 4736 ι
2745 4683 3046 4737 Comedite.
3083 4698 3100 4730 ι
3135 4679 3209 4733 lta
3237 4686 3364 4732 sunt
3393 4677 3534 4728 dona
3560 4676 3670 4726 Deo

2103 4794 2324 4852 accepta
2354 4789 2408 4836 et
2443 4788 2551 4833 tam
2600 4774 2930 4844 insigniter;
2965 4782 3250 4840 propterea
3289 4781 3506 4834 semper
3543 4779 3672 4817 san-

2102 4877 2342 4931 ctiﬁcant
2372 4885 2564 4926 omnes
2594 4866 3034 4922 Christianorum
3070 4862 3304 4924 animas,
3335 4866 3390 4912 et
3420 4861 3669 4911 vivorum

2105 4978 2180 5036 et,
2222 4975 2587 5026 mortuorum,
2652 4973 2773 5029 quae
2819 4965 2947 5011 sunt
3013 4955 3192 5008 adhuc
3245 4951 3574 5020 imper-lecta:
3620 4957 3676 5002 ct

2107 5068 2264 5131 egent
2292 5051 2745 5112 sanctiﬁcatione.
2785 5047 2971 5102 Sancti
3009 5046 3152 5100 enim
3189 5043 3412 5113 perfecti
3445 5056 3508 5092 ac
3545 5055 3676 5093 con-

2109 5149 2385 5215 summati,
2419 5156 2625 5203 stantes
2655 5157 2780 5197 cum
2813 5139 3043 5210 angelis,
3075 5138 3127 5192 in
3160 5136 3436 5190 cceleStcm
3469 5131 3678 5183 hierar-

2108 5245 2288 5299 chiam
2321 5242 2432 5310 jam
2462 5237 2724 5307 adoptati,
2767 5248 2875 5287 non
2906 5239 3068 5300 egent
3099 5227 3333 5297 amplius
3370 5221 3678 5278 hicrarchia

2107 5336 2368 5393 terrestri.

2673 5422 2830 5477 CAP.
2885 5414 3116 5473 XLVIII.

2114 5547 2370 5612 Quantam
2405 5541 2541 5592 ratio
2576 5545 2788 5607 propter
2816 5550 2969 5602 quam
2990 5538 3204 5612 sanctos
3237 5526 3315 5578 Itis
3353 5521 3508 5576 donis
3539 5536 3684 5575 vene-

2628 5601 2810 5660 remur
2829 5601 2885 5657 ret
2921 5601 3159 5653 colimus.

2188 5707 2324 5762 lluic
2365 5714 2544 5758 autem
2580 5713 2924 5768 conscqmns
2961 5699 3041 5748 cst
3086 5689 3220 5744 illud
3272 5700 3515 5760 quaerere
3556 5700 3569 5736 :
3624 5679 3682 5737 Si
