3992 6202
385 262 486 329 ΓΙ

1618 276 1925 339 NICOLAI
1965 279 2359 341 CABASIL.’E
3522 270 3627 333 57?.

381 391 527 433 enim
561 376 676 434 haec
706 391 893 437 sancta
927 381 1041 438 Deo
1093 382 1315 453 quidem
1361 384 1652 450 donantur,
1714 401 1810 441 eos
1859 403 1925 441 au

2060 388 2127 441 τὰ
2152 390 2284 457 ἅγια
2318 387 2632 443 ἀνατίθεται
2686 388 2784 459 μὲν
2820 386 2894 459 τῷ
2926 385 3067 457 Θεῷ,
3101 384 3391 457 ἁγιάζεται
3420 384 3475 437 δὲ
3500 387 3627 445 τούς

385 478 494 525 tem
528 473 876 528 sanetiﬁeant
901 475 993 543 qui
1018 475 1453 530 sanctilicatione
1476 477 1739 547 indigent,
1768 494 1953 547 quam-

382 579 509 617 nam
544 564 616 619 ob
645 580 863 619 causam
896 566 1060 620 etiam
1090 568 1201 637 jam
1229 567 1599 623 sanctiﬁcatos
1629 578 1683 623 et
1707 570 1852 624 omni
1882 584 1948 625 ex

381 668 536 721 parte
569 654 862 725 perfectos,
904 658 1003 719 hac
1044 659 1309 717 (tonorum
1347 660 1620 714 oblatione
1650 662 1750 715 coli
1778 662 1951 716 credi-

388 748 551 799 nus?
584 757 635 801 et
684 750 902 815 quando
940 764 1035 803 eos
1071 751 1276 819 aliquid
1322 762 1561 815 orantes,
1589 754 1643 806 in
1691 754 1949 807 auxilium

381 840 759 894 vocaverimus
786 880 799 903 ,
835 842 1028 895 horum
1071 844 1336 898 donorum
1385 844 1747 898 ministerium
1795 844 1953 914 polli-

381 945 591 994 cemur,
635 939 892 999 tanquam
933 934 1015 987 vel
1072 934 1203 1002 ipsis
1250 949 1314 988 ea
1362 934 1618 990 donaturi
1646 972 1662 997 ,
1711 934 1797 986 vel
1853 948 1952 1001 pro

379 1022 537 1088 ipsis,
578 1033 636 1076 ut
684 1024 811 1077 ﬁant
854 1025 1142 1079 nwliores?
1186 1024 1341 1091 Quod
1391 1026 1609 1095 quidem
1654 1036 1738 1081 est
1784 1025 1948 1079 etiam

379 1114 521 1167 alius
554 1114 755 1168 modus
785 1116 1054 1168 donorum
1086 1115 1384 1170 oblationis
1417 1130 1581 1185 quam
1614 1116 1762 1185 prius
1795 1113 1905 1171 dixi
1933 1154 1947 1179 ,

383 1214 481 1263 per
507 1216 669 1269 quem
697 1202 811 1256 haec
835 1203 976 1257 dona
1003 1204 1140 1256 ﬁunt
1171 1205 1331 1257 etiam
1367 1213 1708 1267 sanctorum,
1732 1205 1950 1273 quando

385 1293 496 1346 Deo
530 1302 792 1363 tanquam
855 1308 954 1363 pro
1009 1295 1309 1363 gratiarum
1366 1295 1578 1350 actione
1624 1295 1948 1360 oﬁeruntnr,

379 1387 525 1454 quod
557 1384 639 1440 eis
663 1384 1055 1454 perfectionem
1081 1395 1133 1441 et
1162 1387 1687 1442 consummationem
1718 1387 1948 1450 dederit;

380 1482 505 1527 sunt
541 1477 688 1527 enim
721 1474 812 1528 Dei
841 1474 1006 1540 dona,
1036 1485 1093 1529 ut
1144 1491 1265 1545 quze
1303 1476 1353 1529 ei
1385 1475 1680 1531 donantur.
1729 1474 1868 1531 Sunt
1896 1485 1951 1531 et

381 1561 652 1625 ﬁdelium,
683 1572 872 1631 utpote
904 1565 977 1619 iis
1032 1566 1126 1635 qui
1159 1566 1363 1620 auxilio
1393 1566 1668 1639 indigent,
1697 1576 1756 1622 ut
1796 1568 1952 1621 auxi-

381 1655 493 1720 lia;
526 1656 847 1711 sunt-etiam
880 1667 1216 1724 sanctorum,
1248 1658 1393 1730 quod
1419 1673 1606 1714 eorum
1635 1659 1806 1729 gratia
1843 1659 1949 1713 Deo

382 1745 680 1799 donantur.
1374 1804 1377 1809 ,

455 1840 610 1905 Quod
655 1839 800 1894 enim
835 1853 950 1894 mea
990 1841 1160 1908 gratia
1206 1841 1395 1896 datum
1432 1851 1534 1904 est,
1582 1856 1684 1910 ego
1717 1843 1947 1911 accipio,

385 1940 699 2007 quicunque
759 1938 806 1992 is
863 1938 935 1992 sit
985 1938 1077 2007 qui
1131 1938 1350 2007 accipit.
1398 1935 1516 1993 Non
1566 1937 1712 1993 enim
1766 1938 1948 1992 omnia

381 2047 504 2102 qua:
533 2031 692 2086 nobis
729 2030 1092 2101 undecunque
1120 2031 1421 2100 donantur,
1457 2032 1663 2088 nostris
1697 2032 1949 2088 manibus

382 2125 702 2194 accipimus,
737 2125 828 2180 sed
856 2126 1018 2181 etiam
1055 2125 1356 2180 amicorum
1386 2134 1441 2179 et
1468 2123 1843 2189 familiarium,
1871 2134 1945 2188 et,

387 2230 444 2272 nt
494 2218 661 2272 semei
695 2218 899 2279 dicam.
948 2220 1192 2273 omnium
1249 2218 1449 2286 quibus
1482 2218 1718 2272 donator
1758 2218 1946 2284 donat,

381 2317 442 2362 nt
503 2309 664 2362 nobis
726 2322 841 2361 rem
906 2318 1114 2375 gratam
1176 2308 1359 2383 faciat.
1426 2310 1744 2380 Pr-Optcrea.
1784 2309 1946 2363 etiam

381 2396 666 2460 Dominus,
720 2398 1048 2467 pauperibus
1096 2398 1510 2467 accipientibus,
1552 2399 1681 2469 quia
1722 2398 1819 2468 qui
1869 2398 1948 2453 eis

380 2489 745 2557 suppeditant,
782 2488 899 2557 ejus
944 2489 1115 2558 gratia
1150 2490 1252 2545 hoc
1298 2489 1524 2554 faciunt,
1570 2490 1685 2558 ipse
1729 2505 1788 2544 se
1820 2490 1949 2544 dicit

381 2581 647 2650 accipere.
696 2577 774 2635 Ita
835 2581 999 2635 etiam
1062 2581 1237 2635 sancti
1287 2580 1404 2635 haec
1450 2580 1593 2634 dona
1646 2579 1945 2648 accipiunt,

378 2671 523 2739 quod
551 2686 738 2727 eorum
772 2672 944 2742 gratia
995 2670 1105 2726 Deo
1141 2671 1435 2725 donantur.
1475 2668 1944 2736 Quemadmodum

378 2761 522 2817 enim
557 2770 778 2831 propter
808 2761 1010 2816 Christi
1064 2761 1413 2816 dilectionem
1451 2755 1582 2814 illud
1624 2762 1704 2825 ﬁt,
1742 2761 1815 2814 ita
1845 2761 1947 2816 hoc

378 2850 545 2905 etiam
583 2858 806 2920 propter
839 2850 1186 2906 dilectionem
1241 2861 1576 2906 sanctorum.
1630 2850 1772 2916 Quia
1800 2851 1944 2905 enim

379 2941 536 2997 valde
569 2956 665 3005 eos
692 2942 988 3013 diligimus,
1028 2943 1213 2998 eadem
1253 2943 1394 2998 bona
1434 2950 1618 2999 nostra
1647 2958 1768 2998 esse
1795 2942 1946 2997 duci-

2057 480 2334 548 ἁγιασμοῦ
2363 480 2672 549 δεομένους,
2709 480 2853 545 τίνος
2886 482 3052 535 ἕνεκα
3079 480 3173 533 καὶ
3198 480 3325 541 τούς
3360 477 3626 548 ἡγιασμέ-

2054 588 2175 632 νους
2205 572 2304 642 ήδη
2358 572 2452 624 καὶ
2477 572 2657 626 πάντα
2683 573 2947 636 τελείους,
2990 572 3165 643 ταύτῃ
3199 572 3265 639 τῇ
3313 570 3626 638 δωροφορίᾳ

2052 663 2356 728 δεξιοῦσθαι
2385 664 2736 733 πιστεύομεν,
2759 664 2852 717 καὶ
2886 664 3107 718 ἐπειδὰν
3127 664 3307 717 αὐτῶν
3331 662 3626 743 τιιδεηθὲνω

2053 772 2165 818 τες,
2217 758 2297 818 είς
2345 757 2668 826 ἐπικουρίαν
2722 756 3066 826 καλέσωμεν,
3110 755 3209 823 τὴν
3264 755 3372 807 τῶν
3431 754 3627 820 δώρων

2055 846 2257 900 τούτων
2310 847 2722 917 ὑπισχνούμεθα
2757 848 3123 917 λειτουργίαν,
3152 846 3340 916 ὥσπερ
3368 844 3399 914 ἦ
3435 845 3626 906 αὐτοῖς

2054 938 2230 993 ταῦτα
2258 937 2553 1009 ἀναθήσειν
2589 939 2899 1008 μέλλοντες,
2928 939 2961 1008 ἢ
2994 938 3134 1007 ὑπὲρ
3162 939 3368 1000 αὐτῶν,
3400 937 3485 989 ἵνα
3530 934 3625 1002 γέ·-

2054 1047 2255 1083 νωνται
2285 1029 2528 1100 βελτίους
2559 1047 2575 1095 ;
2606 1031 2731 1083 Ὅτι
2763 1030 2860 1082 καὶ
2904 1029 3092 1099 ἕτερός
3127 1030 3242 1081 ἐστι
3276 1026 3475 1097 τρόπος
3522 1027 3624 1093 τῆς

2051 1119 2393 1189 δωροφορίας
2440 1120 2668 1189 ταύτης,
2801 1118 3039 1189 πρόσθεν
3071 1119 3231 1187 ἔφην,
3281 1117 3405 1170 καθ’
3451 1115 3510 1168 ὃν
3551 1114 3625 1166 τὰ

2052 1210 2200 1280 δῶρα
2230 1211 2422 1277 ταῦτα,
2452 1212 2547 1264 καὶ
2579 1212 2687 1265 τῶν
2715 1211 2888 1278 ἁγίων
2914 1212 3148 1279 γίνεται,
3194 1210 3325 1263 ὅταν
3351 1208 3427 1268 ῶς
3456 1207 3624 1275 εὐχα-

2055 1303 2310 1372 ριστὴρια
2360 1303 2439 1373 τῷ
2473 1304 2595 1373 Θεῷ
2646 1304 3052 1373 προσάγωνται,
3101 1302 3244 1371 ὑπὲρ
3296 1301 3395 1370 τῆς
3439 1299 3623 1351 αὐτῶν

2052 1392 2234 1463 δόξης,
2262 1387 2331 1465 ἧς
2355 1393 2552 1459 αὐτοὺς
2576 1394 2818 1461 ἐδόξασε,
2842 1395 2939 1448 καὶ
2968 1394 3109 1463 ὑπὲρ
3134 1393 3230 1463 τῆς
3259 1391 3617 1452 τελειώσεως,

2050 1481 2118 1555 ἦς
2161 1486 2358 1549 αὐτοὺς
2387 1485 2725 1539 ἐτελείωσεν.
2763 1484 2920 1537 Ἔστι
2952 1484 3052 1552 μὲν
3096 1483 3205 1552 γὰρ
3248 1480 3342 1535 τοῦ
3372 1480 3508 1533 Θεοῦ
3544 1480 3620 1532 τά

2054 1576 2208 1645 δῶρα
2251 1575 2327 1640 ὡς
2357 1575 2508 1646 αὐτῷ
2537 1574 2905 1645 ἀνατιθέμενα
2929 1592 2944 1607 ο
2979 1574 3097 1628 ἔστι
3141 1574 3196 1627 δὲ
3227 1573 3322 1627 καὶ
3353 1571 3463 1625 τῶν
3498 1570 3615 1624 δεοι

2056 1669 2235 1737 μένων
2265 1667 2516 1740 βοηθείας
2559 1668 2767 1721 πιστῶν
2796 1669 2871 1731 ὼς
2896 1667 3218 1738 βοηθήματα
3244 1681 3259 1696 ·
3298 1665 3413 1716 ἐστι
3440 1662 3495 1717 δὲ
3520 1661 3617 1714 καὶ

2051 1759 2160 1811 τῶν
2187 1759 2380 1827 ἁγίων,
2408 1760 2492 1813 ὅτι
2518 1758 2702 1812 αὐτῶν
2725 1758 2885 1829 χάριν
2913 1755 3225 1811 ἀνατίθεται
3256 1754 3332 1824 τῷ
3366 1753 3505 1823 Θεῷ.

2122 1853 2194 1905 Τὸ
2220 1852 2326 1922 γὰρ
2384 1852 2525 1921 ὲμὴν
2582 1850 2739 1920 χάριν
2787 1849 2961 1913 δοθὲν,
2997 1846 3109 1917 ἐγὼ
3159 1846 3448 1916 λαμϐάνω,
3505 1844 3616 1896 κᾶν

2051 1944 2298 1997 ὁστισοῦν
2332 1946 2359 1998 ό
2386 1943 2674 2013 δεχόμενος
2803 1942 2864 1995 οὐ
2893 1941 3005 2011 γὰρ
3049 1941 3231 1994 πάντα
3260 1938 3327 1991 τὰ
3358 1936 3615 2005 διδόμενα

2050 2036 2184 2105 ἡμῖν
2209 2032 2430 2088 ὁθενοῦν
2459 2036 2579 2097 ταῖς
2610 2033 2766 2104 χερσὶ
2797 2032 3149 2103 λαμϐάνομεν
3171 2033 3292 2092 ταῖς
3315 2030 3615 2100 ἡμετέραις

2054 2129 2234 2197 μόνον,
2265 2125 2403 2179 ἀλλὰ
2434 2123 2529 2178 καὶ
2556 2126 2675 2186 ταῖς
2719 2123 2830 2177 τῶν
2862 2122 3054 2191 φίλων,
3089 2121 3184 2174 καὶ
3220 2119 3331 2171 τῶν
3369 2117 3611 2177 οίκείων,

2051 2221 2146 2273 καὶ
2177 2218 2365 2279 ἁπλῶς
2404 2218 2621 2272 πάντων
2649 2209 2729 2278 οἷς
2760 2216 2788 2268 ὁ
2816 2213 3159 2285 δωρούμενος
3191 2212 3281 2266 ἵνα
3323 2211 3473 2281 ἡμᾶς
3516 2209 3613 2261 εὐ·-

2051 2310 2255 2381 φράνῃ,
2281 2308 2557 2379 δωρεῖται.
2595 2306 2694 2361 Διά
2718 2304 2875 2360 τοῦτο
2904 2307 3001 2360 δαὶ
3023 2306 3051 2357 ὁ
3082 2303 3298 2374 Κύριος,
3330 2300 3438 2354 τῶν
3464 2316 3613 2352 πτω-

2049 2402 2159 2473 χῶν
2191 2401 2598 2471 λαμϐανόντων,
2632 2400 2714 2453 ὅτι
2744 2399 2794 2452 oi
2815 2397 3179 2468 χορηγοῦντες
3210 2395 3416 2456 αὐτοῖς,
3448 2391 3611 2445 αὐτοῦ

2049 2492 2209 2563 χάριν
2240 2493 2399 2546 τοῦτο
2426 2489 2692 2554 ποιοῦσιν,
2717 2489 2880 2551 αὐτὸς
2908 2487 3208 2558 λαμϐάνειν
3231 2485 3414 2557 φησίν.
3454 2482 3616 2537 Οῦτω

2050 2583 2145 2635 καὶ
2175 2583 2224 2634 οἱ
2249 2580 2395 2648 ἅγιοι
2422 2579 2599 2634 ταῦτα
2624 2579 2692 2633 τὰ
2721 2579 2868 2650 δῶρα
2897 2576 3284 2647 λαμϐάνουσιν,
3323 2576 3405 2628 δτι
3434 2566 3613 2628 αὐτῶν

2048 2673 2208 2743 χάριν
2237 2671 2555 2726 ἀνατίθεται
2583 2668 2660 2740 τῷ
2694 2669 2833 2740 Θεῷ.
2873 2670 3084 2739 Ὥσπερ
3125 2667 3235 2739 γὰρ
3271 2666 3359 2721 διὰ
3386 2666 3486 2735 τὴ]
3523 2664 3608 2718 ,οῦ

2047 2762 2287 2834 Χριστοῦ
2314 2763 2536 2835 ἀγάπην
2585 2764 2762 2816 έκεῖνο
2787 2762 3022 2829 γίνεται,
3060 2758 3205 2813 οὕτω
3246 2760 3336 2813 διὰ
3369 2757 3468 2829 τὴν
3499 2755 3613 2809 τῶν

2048 2854 2218 2921 ἀγίων
2248 2854 2472 2925 ἀγάπην
2509 2853 2690 2910 τοῦτο.
2724 2853 2849 2907 Ὅτι
2895 2852 2995 2922 μὲν
3034 2851 3145 2924 γὰρ
3187 2850 3393 2920 σφόδρα
3426 2844 3608 2916 vim}.

2049 2961 2151 3014 μεν
2177 2944 2401 3009 αὐτοὺς,
2426 2943 2496 2997 τά
2546 2942 2727 2997 αὐτῶν
2761 2941 2945 3011 ἀγαθά
2972 2941 3219 3012 ἡμέτερα
3254 2937 3606 3008 λογιζόμεθα,

380 3047 527 3099 mus,
563 3042 618 3089 et
646 3031 724 3091 eis
753 3035 819 3088 de
867 3033 1125 3089 felicitate
1173 3034 1516 3105 gratulamur
1548 3043 1806 3103 tanquam
1843 3031 1940 3102 ipsi

2046 3034 2143 3088 καὶ
2189 3034 2561 3104 συγχαίρομεν
2605 3032 2791 3096 αὐτοῖς
2839 3032 2940 3101 τῆς
2983 3030 3350 3099 εὐδαιμονίας,
3384 3028 3459 3087 ῶς
3514 3026 3610 3080 καὶ

377 3125 649 3179 honorum
710 3124 1023 3195 participes.
1081 3125 1155 3181 Ita
1212 3125 1377 3181 etiam
1429 3125 1728 3195 gaudentes
1780 3125 1940 3181 donis

2045 3123 2200 3175 αὐτοὶ
2232 3122 2552 3192 μετέχοντες
2604 3120 2711 3175 τῶν
2747 3120 2987 3188 ἀγαθῶν.
3026 3119 3182 3172 Οῦτω
3223 3119 3279 3172 δὲ
3326 3118 3609 3188 χαίροντες

377 3215 511 3285 ipsis
543 3231 572 3270 a
609 3216 841 3272 Domino
871 3216 1034 3280 datis,
1076 3217 1280 3286 gratias
1309 3217 1520 3287 agimus
1560 3217 1608 3271 ei
1651 3209 1741 3287 q'ni
1774 3217 1940 3279 dedit,

2043 3216 2164 3277 ταῖς
2200 3212 2351 3282 παρά
2382 3212 2477 3267 τοῦ
2525 3212 2734 3283 Κυρίου
2781 3210 3097 3279 δεδομέναις
3126 3212 3309 3273 αὐτοῖς
3353 3210 3606 3279 δωρεαῖς,

375 3318 430 3363 et
490 3324 589 3378 pro
651 3310 954 3379 gratiarum
1014 3310 1230 3366 actione
1275 3310 1415 3366 dona
1471 3309 1772 3364 olIcrimus.
1822 3307 1940 3362 Nm

2043 3305 2477 3376 εὐχαριστοῦμεν
2536 3302 2615 3374 τῷ
2667 3302 2944 3369 δεδοικότι,
3005 3301 3100 3356 καὶ
3149 3303 3217 3356 τά
3274 3299 3607 3373 χαριστήρια

378 3412 596 3469 propter
628 3401 730 3456 hoc
762 3410 945 3456 autem
983 3402 1156 3457 solum
1208 3401 1246 3455 ii
1278 3401 1420 3456 dona
1467 3400 1765 3469 accipiunt,
1796 3399 1939 3468 quod

2043 3399 2396 3468 προσάγομεν
2423 3396 2594 3465 δῶρα.
2632 3396 2706 3449 Οὐ
2733 3395 2822 3449 διὰ
2854 3394 3014 3449 τοῦτο
3059 3392 3116 3446 δὲ
3161 3393 3326 3463 μόνον
3358 3393 3514 3445 αὐτοὶ
3540 3389 3610 3475 ἐἀ

380 3502 600 3562 propter
657 3508 846 3548 eorum
902 3493 1244 3550 dilectionem
1297 3493 1353 3548 ﬁt
1403 3493 1672 3547 donorum
1715 3492 1939 3556 oblatio,

377 3586 470 3641 sed
503 3588 647 3655 quod
678 3586 783 3641 hoc
806 3587 969 3640 etiam
1001 3595 1086 3641 est
1111 3586 1191 3641 eis
1215 3584 1676 3653 jucundissimum
1700 3593 1754 3639 et
1783 3583 1941 3653 longe

377 3676 771 3746 gratissimum.
803 3676 926 3731 dico
951 3685 1131 3731 autem
1166 3677 1308 3746 quod
1340 3676 1481 3730 Deus
1508 3690 1603 3744 per
1636 3675 1783 3743 ipsos
1814 3691 1938 3744 gra-

378 3771 482 3823 tias
516 3768 734 3839 accipit,
771 3777 826 3822 ct
869 3768 1226 3838 gloriﬁcatur.
1281 3765 1751 3833 Quemadmodum
1794 3766 1938 3820 enim

373 3869 456 3914 est
482 3860 779 3913 maximum
810 3867 1096 3927 peccatum
1129 3859 1413 3913 'malorum
1451 3859 1758 3922 hominum,
1794 3856 1937 3926 quod

373 3951 786 4018 blasphematur
848 3964 1046 4004 nomen
1099 3948 1190 4003 Dei
1240 3964 1332 4017 per
1383 3949 1554 4018 ipsos,
1585 3949 1679 4002 ‘ita
1734 3948 1940 4003 sanctis

370 4051 453 4093 est
492 4054 745 4108 magnum
796 4038 1143 4099 beneﬁcium.
1194 4048 1249 4093 et
1300 4052 1496 4107 magno
1549 4038 1731 4092 studio
1775 4053 1938 4106 appe-

375 4133 620 4195 tendum,
652 4130 799 4199 quod
831 4146 926 4198 per
980 4132 1128 4200 ipsos
1162 4131 1303 4185 Deus
1350 4130 1707 4199 gloriﬁcatur.
1744 4127 1857 4182 Hoc
1886 4138 1939 4182 et

371 4239 496 4276 cum
532 4236 759 4289 corpore
787 4220 1095 4273 viventibus
1142 4229 1254 4273 erat
1284 4229 1603 4289 perpetuum
1634 4227 1932 4283 certamen,

371 4323 657 4382 postquam
715 4313 767 4364 in
833 4310 1029 4363 ccelnm
1086 4311 1411 4378 migrarunt.
1471 4313 1788 4365 continuum
1850 4320 1937 4365 est

2041 3489 2190 3559 δῶρα
2240 3486 2636 3558 λαμϐάνουσιν,
2680 3487 2765 3540 ὅτι
2798 3485 2886 3538 διὰ
2934 3486 3035 3554 τὴν
3084 3483 3264 3537 αὐτῶν
3317 3482 3540 3551 ἀγάπην
3571 3481 3604 3545 ἠ

2040 3580 2349 3651 δωροφορία
2404 3580 2638 3648 γίνεται,
2690 3577 2807 3631 ἀλλ’
2849 3579 2934 3631 ὅτι
2983 3579 3079 3631 καὶ
3130 3576 3263 3631 αὐτὸ
3305 3574 3467 3628 τοῦτο
3496 3572 3604 3626 τῶν

2040 3672 2274 3743 ἡδίστων
2313 3671 2408 3724 καὶ⁵
2433 3669 2640 3739 σφόδρα
2672 3670 3089 3740 κεχαρισμένων
3124 3668 3327 3734 αὐτοῖς,
3368 3665 3512 3733 λέγω
3539 3664 3604 3731 δὴ

2040 3764 2125 3822 τὸ,
2156 3763 2245 3817 τὸν
2274 3762 2408 3817 Θεὸν
2434 3761 2501 3815 δι’
2527 3760 2725 3824 αὐτοὺς
2751 3760 2977 3831 χάριτας
3008 3760 3283 3831 δέχεσθαι,
3316 3759 3411 3811 καὶ
3453 3756 3606 3822 δοξά-

2041 3856 2251 3924 ζεσθαι.
2287 3856 2499 3923 Ὥσπερ
2537 3855 2648 3924 γὰρ
2677 3853 2932 3923 μέγιστον
2963 3854 3266 3921 ἁμάρτημα
3294 3849 3403 3902 τῶν
3436 3865 3600 3917 πονη-

2043 3950 2154 4017 ρῶν
2182 3945 2485 4016 ἀνθρώπων
2513 3945 2574 3997 τὸ
2603 3942 3038 4012 βλασφημεῖσοαι
3065 3944 3125 3996 τὸ
3149 3943 3320 4018 ὄνομα
3348 3940 3438 3994 τοῦ
3463 3937 3600 3991 Θεοῦ

2038 4040 2106 4093 δι’
2134 4039 2360 4101 αὐτούς·
2403 4036 2544 4091 οὕτω
2594 4036 2737 4106 μέγα
2774 4034 3128 4104 κατόρθωμα,
3168 4035 3259 4086 καὶ
3302 4027 3599 4101 περισπού-

2037 4131 2233 4184 δαστον
2270 4132 2382 4193 τοῖς
2406 4128 2602 4197 ἁγίοις,
2648 4129 2710 4179 τὸ
2750 4125 2821 4177 δι’
2854 4128 3051 4189 αὐτοὺς
3102 4127 3189 4180 τὸν
3233 4126 3365 4177 Θεὸν
3392 4124 3598 4190 δοξάζε-

2042 4223 2188 4275 σθαι.
2223 4221 2391 4274 Τοῦτο
2418 4223 2511 4274 καὶ
2544 4221 2682 4288 μετὰ
2715 4223 2969 4290 σώματος
2997 4221 3131 4283 ζῶσι
3169 4218 3423 4288 διηνεκὴς
3448 4220 3600 4285 ἁγὼν

2037 4308 2127 4385 ἦν,
2182 4316 2275 4366 καὶ
2309 4314 2640 4383 μεταστᾶσιν
2689 4315 2769 4377 εἰς
2813 4315 2905 4367 τὸν
2965 4312 3193 4385 οὐρανὸν
3251 4311 3409 4382 ἔργον
3451 4313 3599 4364 ἐστὶν

368 4419 529 4468 opus,
574 4412 625 4455 et
661 4401 934 4464 vofnptas,
974 4406 1028 4450 et
1077 4398 1222 4454 illius
1258 4399 1607 4454 beatitudinis
1642 4410 1823 4470 caput.
1875 4400 1929 4455 Si

2043 4405 2271 4475 ἄληκτον
2303 4405 2397 4459 καὶ
2425 4406 2629 4476 τρυφὴ,
2668 4407 2762 4459 καὶ
2795 4407 2895 4476 τῆς
2951 4405 3354 4475 μακαριότητος
3383 4404 3598 4472 ἐκείνης

366 4494 511 4547 enim
558 4490 776 4560 quando
806 4489 945 4543 bona
996 4489 1077 4544 eis
1124 4491 1177 4546 in
1223 4506 1317 4561 spe
1356 4491 1530 4547 solum
1580 4502 1769 4555 erant,
1818 4494 1930 4547 Deo

370 4584 571 4654 gratias
622 4591 882 4651 perpetuo
924 4583 1176 4652 agebant,
1226 4593 1279 4639 et
1324 4587 1509 4638 omnia
1546 4584 1612 4639 ad
1647 4586 1768 4656 ejus
1813 4585 1930 4655 glo-

368 4679 504 4730 riam
564 4675 873 4741 faciebant;
917 4676 1226 4745 cujusmodi
1254 4686 1467 4745 oportet
1514 4693 1606 4732 eos
1648 4678 1699 4731 in
1732 4678 1932 4732 talibus

367 4767 703 4828 existimare.
758 4767 978 4834 quando
1013 4767 1182 4822 multo
1233 4768 1408 4837 major
1454 4768 1671 4838 quidem
1722 4780 1805 4825 est
1852 4770 1931 4824 eis

367 4859 643 4924 gratitudo
688 4869 742 4914 et
786 4860 1033 4915 beneﬁcii
1081 4860 1408 4921 recordatio,
1462 4876 1582 4915 cum
1634 4861 1781 4914 omni
1817 4860 1929 4929 jam

368 4952 570 5004 virtute
629 4950 854 5020 perfecti
906 4960 1053 5016 sunt,
1107 4951 1251 5006 bona
1311 4962 1492 5006 autem
1547 4967 1651 5005 non
1710 4959 1931 5020 sperant

368 5044 639 5111 amplius,
703 5043 797 5098 sed
865 5043 978 5111 ipsa
1043 5043 1372 5111 experientia
1436 5043 1653 5097 discunt
1713 5042 1932 5097 Domini

368 5134 793 5201 benignitatem:
848 5134 1067 5201 quando
1117 5133 1303 5187 vident
1347 5134 1537 5202 quales
1576 5150 1638 5188 ex
1672 5134 1927 5203 qualibus

365 5224 491 5278 facti
524 5232 673 5287 sunt,
706 5237 804 5293 pro
832 5224 1071 5277 terrenis
1097 5223 1259 5287 soles,
1311 5238 1409 5292 pro
1436 5228 1610 5280 servis
1640 5236 1924 5293 eontempo

362 5315 432 5367 tis
483 5313 738 5367 honorati
793 5311 884 5365 ﬁlii
930 5322 982 5365 et
1032 5313 1179 5381 regni
1232 5313 1467 5369 caelestis
1516 5313 1779 5378 hreredes,
1828 5330 1931 5378 ιιτο-

362 5404 469 5456 reis
508 5411 755 5472 potentes
801 5401 882 5455 vel
929 5401 1066 5456 alios
1113 5418 1142 5456 c
1188 5403 1297 5458 reis
1344 5405 1602 5467 eximere,
1658 5420 1753 5473 per
1800 5420 1920 5459 eam

359 5510 523 5560 quam
576 5495 776 5549 habent
816 5494 958 5561 apud
1010 5492 1257 5548 .ludicem
1310 5494 1525 5549 dicendi
1576 5495 1927 5550 libertatem?

362 5585 651 5651 Propterea
688 5584 837 5638 nulla
888 5592 992 5649 est,
1029 5584 1271 5652 inquam,
1321 5585 1401 5639 eis
1450 5585 1616 5639 Deum
1665 5586 1928 5640 laudandi

363 5673 604 5731 satietas.
638 5674 788 5731 Unde
823 5690 920 5731 nec
968 5676 1282 5732 existimant
1334 5677 1547 5747 scipsos
1597 5678 1742 5734 solos
1771 5677 1921 5734 sufﬁ-

2038 4499 2350 4567 κεφάλαιον.
2385 4500 2446 4553 Ei
2478 4500 2586 4569 γὰρ
2631 4503 2720 4553 ὅτε
2758 4501 2825 4553 τά
2859 4500 3037 4567 ἀγαθὰ
3064 4502 3120 4551 ἐν
3168 4497 3380 4550 ἐλπίσιν
3403 4492 3471 4567 ἦν
3499 4496 3597 4564 μό-

2038 4605 2126 4640 νον
2174 4590 2376 4652 αὐτοῖς,
2416 4589 2685 4643 διετέλουν
2714 4590 2772 4642 ὲν
2816 4591 2975 4643 παντὶ
3022 4589 3472 4660 εὐχαριστοῦντες
3518 4586 3601 4655 τῷ

2034 4680 2174 4748 Θεῷ,
2207 4680 2303 4732 καὶ
2344 4681 2518 4733 πάντα
2546 4681 2626 4742 είς
2657 4680 2813 4745 δόξαν
2838 4680 3005 4735 αὐτοῦ
3038 4680 3318 4744 ποιοῦντες
3342 4697 3356 4711 ·
3380 4680 3596 4738 ὁποίους

2034 4767 2225 4829 αὐτοὺς
2257 4766 2510 4834 γενέσθαι
2538 4768 2605 4820 τὰ
2635 4769 2870 4836 ,τοιαῦτα
2900 4770 3004 4841 χρὴ
3038 4771 3303 4840 νομίζειν,
3354 4771 3443 4824 ὅτε
3475 4769 3596 4839 μεί-

2033 4854 2143 4920 ζων
2178 4858 2276 4924 μὲν
2326 4859 2511 4922 αὐτοῖς
2565 4862 3025 4931 ἠεύγνωμοσύνη
3079 4863 3259 4932 πολλῷ
3293 4862 3368 4931 τῷ
3419 4864 3592 4931 μέσῳ,

2029 4948 2256 5011 τελείοις
2287 4950 2390 5020 ἤδη
2422 4953 2601 5004 πᾶσαν
2633 4953 2833 5022 ἀρετὴν
2862 4955 3200 5022 γενομένοις,
3236 4955 3303 5008 τὰ
3334 4954 3389 5008 δὲ
3414 4955 3595 5022 ἀγαθά

2029 5039 2213 5092 οὐκέτι
2241 5040 2553 5104 ἐλπίζουσιν
2573 5059 2586 5074 °
2624 5042 2738 5095 ἀλλ’
2764 5044 2899 5112 αὐτῇ
2926 5045 3093 5115 πείρᾳ
3126 5044 3457 5113 μανθάνουσι
3495 5047 3595 5113 τὴν

2030 5130 2122 5182 τοῦ
2149 5132 2419 5184 Δεσπὸτου
2453 5133 2784 5202 φιλοτιμίαν,
2811 5136 2897 5187 ὅτε
2918 5134 3117 5199 ὁρῶσιν
3138 5136 3361 5199 ἑαυτοὺς
3383 5136 3442 5200 ἐξ
3463 5137 3592 5189 οἴων

2030 5218 2131 5273 οἷοι
2160 5224 2449 5290 γεγόνασιν
2482 5225 2603 5278 ἀντὶ
2641 5226 2880 5296 πηλίνων
2910 5229 3073 5297 ἣλιοι,
3100 5229 3218 5281 ἀντὶ
3250 5229 3455 5282 δούλων
3477 5216 3595 5298 ἡτι-

2032 5313 2300 5382 μωμένων
2369 5316 2478 5367 υἱοὶ
2506 5317 2694 5383 τίμιοι,
2730 5318 2822 5371 καὶ
2857 5317 3135 5388 βασιλείας
3175 5322 3421 5391 οὐρανῶν
3458 5322 3594 5395 κλη-

2030 5405 2250 5471 ρονόμοι
2277 5420 2290 5435 ·
2316 5404 2434 5457 ἀντὶ
2468 5407 2807 5474 ὑπευθύνων,
2834 5410 3052 5464 δυνατοὶ
3094 5414 3187 5465 καὶ
3211 5412 3405 5475 ἄλλους
3444 5411 3592 5464 λύειν

2027 5494 2285 5565 εὐθύνης,
2341 5498 2406 5566 τῇ
2462 5498 2602 5567 πρὸς
2645 5501 2736 5554 τὸν
2789 5504 3062 5571 Δικαστὴν
3114 5504 3430 5574 παρρησίας
3489 5503 3591 5557 Διά

2027 5585 2185 5637 τοῦτο
2230 5588 2351 5640 οὐδὲ
2398 5590 2559 5658 κόρος
2607 5592 2755 5646 ἐστὶν
2783 5595 2968 5658 αὐτοῖς
2996 5595 3169 5660 οὐδεὶς
3199 5596 3309 5650 τῶν
3341 5598 3422 5658 εἰς
3452 5595 3588 5647 Θεὸν

2028 5678 2250 5747 ὓμνων·
2294 5682 2413 5737 οὐδὲ
2454 5684 2765 5756 νομίζουσιν
2791 5688 2941 5742 αὐτοὶ
2988 5688 3139 5759 μόνοι
3170 5687 3309 5759 πρὸς
3356 5687 3454 5759 τὴν
3495 5687 3589 5741 εὐ-
